2000 3045
906 184 907 187 η
940 184 980 190 .._
994 181 1133 189 Α..-
1156 179 1704 188 __......_..~__..-,_._.___.___
1752 184 1755 185 ,

498 301 845 360 EPISTOLA
882 298 1443 359 NUNCUPATORIA

685 447 836 477 EDITlONl
856 447 1008 476 vesana
1027 446 1191 477 PRAEFIXA
1210 449 1259 485 (α).

962 543 997 559 .;.

251 661 532 694 SANCTISSIMO
551 661 720 694 ΒΟΜΙΝΟ
738 662 902 695 NOSTRO
918 662 992 695 P10
1015 664 1066 701 Vl,
1082 663 1303 695 PONTIFICI
1322 663 1484 696 0PTIMO
1505 663 1691 701 MAXIMO,

484 777 642 805 NICOLAUS
659 779 820 806 ANTONIUS
837 780 1015 806 JL'STINIANI
1033 781 1207 807 EPISCOPUS
1226 781 1406 807 PATAVINL'S
1423 781 1451 807 F.

200 947 279 980 Cum
295 946 498 978 verissimum
514 947 567 985 sit,
590 947 676 987 quod
702 948 858 980 asserilur
872 948 912 979 ab
927 948 1111 985 Ambrosio,
1129 947 1208 978 nihil
1230 955 1302 978 esse
1320 947 1476 985 religione
1503 947 1619 987 majus,
1638 946 1719 978 nihil
1733 956 1787 978 su-

156 997 292 1029 blimius
309 998 381 1031 ﬁde.
397 1006 507 1029 eorum
522 998 693 1029 consilium
711 999 867 1038 Optimum
883 1008 1010 1038 semper
1033 998 1124 1034 duxi,
1142 997 1211 1038 qui,
1238 1006 1432 1038 quacunque
1451 997 1574 1030 ratione
1599 1002 1787 1038 potuerunt,

158 1051 199 1081 ad
222 1049 364 1090 ejusdem
381 1049 454 1081 ﬁdei
482 1058 517 1080 ac
536 1049 702 1089 religionis
725 1051 957 1081 incrementum
976 1055 1071 1090 alque
1096 1050 1358 1089 propagationem
1383 1049 1600 1082 elaborarunt.
1617 1051 1740 1082 Horum
1756 1053 1788 1082 et

159 1103 230 1143 ipse
247 1103 426 1134 imitatione
439 1111 615 1135 succensus
633 1104 741 1142 Magni
757 1103 923 1135 Athanasii
938 1104 1042 1144 Opera
1058 1103 1221 1135 seminarii
1237 1103 1299 1135 mei
1314 1104 1399 1143 typis
1413 1102 1534 1134 edenda
1553 1104 1681 1140 curavi;
1699 1102 1788 1135 illius

160 1154 283 1185 scilicet
300 1154 481 1190 Athanasii,
503 1154 595 1194 cujus
622 1155 883 1186 ardentissimum
899 1155 931 1186 in
957 1155 1146 1195 religionem
1163 1155 1321 1190 studium,
1338 1160 1435 1194 atque
1452 1155 1630 1187 doctrinam
1647 1155 1789 1186 hmretici

157 1207 231 1247 ejus
246 1207 419 1246 praesertim
443 1206 556 1243 aetatis,
573 1210 669 1246 atque
685 1207 765 1239 adeo
782 1207 902 1239 ethnici
929 1207 991 1247 ipsi
1015 1207 1264 1247 pertimuerunt.
1287 1208 1324 1238 In
1354 1215 1419 1247 quo
1435 1207 1565 1248 quidem
1583 1208 1790 1239 vehementer

160 1257 252 1288 laetor
265 1257 407 1288 oblatum
419 1257 499 1288 mihi
517 1257 549 1288 in
568 1258 736 1296 praesentia
755 1261 895 1297 tempus,
910 1257 1047 1289 testandi
1062 1257 1190 1298 publice
1206 1257 1345 1289 ofﬁcium
1361 1266 1482 1294 meum,
1499 1262 1529 1290 et
1541 1267 1697 1289 summam
1716 1267 1788 1297 erga

159 1310 202 1346 te,
223 1307 408 1339 beatissime
426 1309 525 1345 Pater,
546 1309 802 1345 venerationem,
820 1314 910 1340 tuum
945 1309 1024 1340 illud
1048 1312 1220 1349 augustum
1242 1317 1374 1346 nomen,
1391 1318 1456 1350 quo
1483 1309 1607 1340 nullum
1630 1310 1663 1340 in
1695 1310 1791 1340 terris
1825 1318 1829 1329 ί

160 1358 277 1397 majus,
294 1360 332 1390 ad
349 1360 446 1400 hujus
462 1359 570 1399 operis
587 1359 772 1399 praesidium
788 1369 824 1391 ac
843 1359 1055 1399 patrocinium
1074 1369 1244 1399 usurpans.
1265 1359 1325 1391 Cui
1348 1359 1436 1391 enim
1454 1360 1534 1395 hinc,
1554 1369 1626 1400 quae
1646 1359 1718 1391 ﬁdei
1736 1359 1793 1391 de-

157 1408 341 1442 fensionem
356 1415 514 1450 spectant,
532 1411 741 1451 potiorejure
757 1410 891 1442 dicanda
910 1415 997 1447 sunt,
1015 1420 1110 1451 quam
1130 1411 1189 1446 illi.
1201 1420 1297 1452 quem
1323 1410 1462 1450 primum
1478 1411 1625 1442 omnium
1646 1410 1792 1450 ejusdem

160 1461 234 1491 ﬁdei
250 1465 441 1492 assertorem
458 1470 495 1492 ac
514 1461 676 1492 vindicem
694 1462 781 1492 Deus
802 1461 995 1492 constituit?
1008 1461 1127 1501 Accipe
1143 1461 1243 1500 igitur
1259 1470 1338 1492 meae
1357 1461 1443 1492 hunc
1469 1460 1701 1492 sollicitudinis
1721 1460 1792 1493 fru-

160 1514 258 1547 ctum,
275 1512 477 1543 sanctissime
490 1512 592 1549 Pater,
609 1512 684 1544 ﬁdei
702 1511 798 1552 hujus
817 1515 849 1543 et
872 1512 1088 1543 confessionis
1105 1511 1205 1544 literas
1236 1512 1392 1552 legitime,
1408 1521 1470 1552 qua
1486 1513 1669 1544 ﬁrmissime
1687 1513 1794 1544 Eccle-

158 1562 207 1592 sia
226 1563 355 1600 nititur,
372 1566 406 1594 ut
418 1568 526 1594 contra
543 1564 645 1602 ipsam
664 1563 843 1595 inferorum
866 1567 963 1603 portae
980 1563 1151 1602 praevalere
1168 1572 1234 1595 non
1251 1564 1390 1604 possint.
1412 1564 1523 1603 Neque
1540 1572 1615 1594 vero
1631 1563 1668 1594 ad
1688 1563 1716 1601 id
1731 1572 1795 1594 au-

159 1613 303 1644 dendum
325 1621 375 1644 me
390 1613 686 1653 impellitsummus
703 1616 826 1645 tantum
842 1612 1217 1657 illedignilatisgradus,
1229 1613 1270 1644 ad
1285 1621 1382 1653 quem
1400 1612 1512 1642 divino
1531 1611 1654 1642 aitlanle
1670 1611 1794 1651 Spiritu

160 1667 294 1694 eVCctus
313 1672 360 1698 es,
379 1664 436 1694 sed
465 1663 558 1695 etiam
576 1664 695 1695 eximia
711 1666 765 1695 tua
782 1664 838 1695 illa
867 1665 970 1704 pietas
988 1668 1086 1703 atque
1111 1663 1270 1700 doctrina,
1287 1664 1375 1695 unde
1392 1663 1452 1694 tibi
1476 1671 1597 1694 novum
1611 1662 1795 1702 splendoris

161 1714 260 1744 decus
277 1714 414 1745 accedit.
432 1709 557 1745 Norunt
573 1715 735 1755 siquidem
754 1723 867 1746 omnes
887 1718 972 1746 tuam
988 1715 1023 1746 in
1042 1714 1185 1746 civilium
1205 1718 1302 1754 atque
1328 1721 1490 1758 sacrarum
1511 1721 1616 1744 rerum
1645 1720 1796 1751 procura-

162 1766 248 1796 tione
263 1765 425 1797 solertiam
441 1771 471 1798 et
486 1767 717 1806 integritatem,
734 1767 960 1799 ecclesiasticae
974 1768 1158 1807 disciplina)
1173 1766 1331 1804 studium,
1344 1766 1378 1796 in
1404 1773 1529 1797 summa
1552 1769 1710 1806 potestate
1726 1773 1796 1796 mo-

162 1816 250 1854 dum,
281 1819 444 1858 pietatem,
471 1820 666 1859 aequitatem,
685 1819 967 1850 muniﬁcentiam:
989 1823 1110 1850 norunt
1135 1825 1226 1850 tuum
1250 1819 1284 1849 in
1315 1818 1436 1849 litteras
1455 1826 1631 1857 earumque
1656 1817 1796 1850 cultores

163 1876 304 1901 amorem
321 1879 356 1901 ac
369 1872 626 1911 propensionem,
646 1875 676 1902 et
695 1879 791 1910 quam
816 1871 992 1902 honoriﬁce
1001 1871 1041 1902 de
1058 1875 1088 1901 te
1103 1870 1241 1902 senserit
1264 1869 1467 1908 ingeniorum
1483 1869 1658 1899 aestimator
1676 1870 1796 1900 acerri-

162 1928 235 1951 mus
248 1920 438 1953 Benedictus
458 1922 545 1958 XIV,
569 1922 625 1961 qui
642 1926 672 1954 te
695 1922 728 1953 in
745 1922 922 1962 adjutorem
949 1921 1129 1952 studiorum
1156 1919 1379 1952 asciscandum
1405 1918 1467 1950 sibi
1487 1927 1544 1958 pro
1570 1918 1727 1957 singulari
1747 1928 1798 1950 sa-

163 1969 284 2008 pientia
307 1979 365 2002 sua
390 1972 560 2012 judicavit.
584 1972 670 2009 Haec,
686 1981 757 2011 quae
787 1980 902 2004 omnes
922 1978 1066 2011 norunt,
1095 1971 1181 2003 adid
1202 1970 1282 2002 mihi
1312 1973 1387 2001 sunt
1417 1969 1558 2000 maximo
1574 1968 1796 2000 incitamento.

160 2021 352 2062 Quanquam
369 2024 407 2055 ad
427 2027 457 2055 te
475 2024 673 2067 Athanasius
692 2025 761 2064 ipse
777 2024 887 2055 venire
905 2015 1013 2063 gestit,
1031 2024 1152 2064 quique
1166 2023 1242 2055 olim
1262 2022 1339 2054 dum
1355 2023 1477 2053 viveret
1494 2020 1723 2052 validissimam
1741 2021 1798 2051 de-

162 2079 325 2106 cessorum
339 2079 467 2106 tuorum
480 2084 572 2115 opem
585 2079 737 2116 expertus
754 2079 815 2110 est,
835 2075 919 2106 idem
944 2083 1031 2106 nunc
1047 2084 1083 2106 se
1104 2074 1163 2105 tibi
1186 2075 1284 2111 sistit,
1302 2077 1332 2104 et
1355 2073 1389 2103 in
1414 2072 1596 2103 clientelam
1614 2074 1700 2102 tuam
1725 2079 1794 2103 sese

162 2124 297 2160 confert,
311 2133 366 2155 sua
388 2126 446 2156 tibi
462 2126 568 2157 omnia
582 2127 615 2157 in
631 2134 729 2157 unum
742 2126 834 2164 quasi
852 2133 970 2164 corpus
986 2125 1115 2156 collecta
1132 2125 1383 2164 exhibens,quac
1399 2131 1471 2154 cum
1487 2127 1578 2154 antea
1596 2123 1658 2154 late
1675 2131 1783 2162 sparsa

163 2177 193 2204 et
207 2174 304 2205 variis
317 2174 439 2206 fuerint
452 2175 582 2206 inventa
596 2175 809 2214 temporibus,
823 2175 1079 2206 clarissimorum
1094 2175 1234 2206 virorum
1248 2175 1418 2206 sedulitate
1435 2174 1647 2214 recuperavit.
1661 2175 1793 2213 Magnus

162 2223 427 2264 archiepiscopus
443 2227 624 2265 pontiﬁcem
638 2227 811 2257 maximum
827 2229 856 2257 te
868 2226 1050 2266 compellat.
1068 2226 1125 2257 tibi
1143 2226 1329 2265 plurimum,
1342 2226 1399 2256 ubi
1416 2226 1578 2256 admissus
1597 2225 1706 2262 fuerit,
1722 2235 1779 2265 pro

163 2273 304 2306 futurus.
321 2275 462 2306 Habebis
479 2284 595 2316 nempe
611 2277 856 2314 sagacissimum
870 2277 974 2306 virum
992 2276 1024 2305 in
1036 2279 1081 2306 tot
1097 2276 1259 2315 tantisque
1271 2274 1357 2305 curis
1367 2274 1643 2313 amplissimisque
1658 2274 1797 2313 negotiis

162 2325 319 2364 optimum
339 2325 579 2364 consiliarium;
598 2326 731 2358 habebis
752 2328 1024 2367 sapientissimum
1050 2327 1200 2358 Ecclesia;
1223 2327 1400 2361 Doctorem,
1416 2324 1471 2364 qui
1487 2328 1517 2356 te
1532 2324 1633 2363 possit
1651 2322 1684 2353 in
1711 2328 1796 2355 tanta

167 2381 344 2414 temporum
362 2377 516 2416 pravitate
530 2377 639 2413 solari.
656 2383 687 2409 et
710 2387 779 2416 eos,
796 2379 852 2418 qui
880 2379 1119 2415 contradicunt,
1146 2387 1280 2417 arguere
1299 2381 1505 2418 erumpentes
1528 2386 1568 2408 ex
1584 2377 1745 2417 Aquilone
1765 2381 1796 2408 et

166 2427 266 2456 mari:
285 2426 418 2458 habebis
445 2427 572 2458 tandem
596 2428 846 2467 pulcherrimum
880 2431 1033 2460 virtutum
1055 2430 1201 2460 omnium
1232 2429 1408 2468 exemplar,
1427 2430 1460 2460 in
1483 2429 1571 2468 quod
1593 2428 1704 2459 oculos
1725 2428 1796 2459 ani-

164 2484 317 2515 mumque
334 2478 482 2518 quotidie
498 2478 659 2510 intendas.
675 2479 802 2510 Utinam
822 2479 1004 2511 diutissime
1021 2480 1173 2511 Ecclesiae
1185 2480 1294 2511 vivasl
1311 2480 1441 2511 Interim
1456 2479 1652 2510 Athanasius
1668 2487 1708 2509 ex
1723 2487 1796 2518 pro-

164 2527 295 2558 cellosis
316 2532 375 2561 tam
406 2531 554 2562 diuturni
570 2535 601 2563 et
615 2532 706 2564 ardui
731 2532 938 2572 episcOpatus
954 2533 1045 2573 quasi
1064 2533 1216 2565 fluctibus
1243 2533 1276 2564 in
1307 2533 1502 2573 plenissimae
1526 2530 1646 2571 quietis
1665 2534 1695 2561 et
1713 2534 1795 2562 tran-

192 2632 229 2671 (ιε)
244 2633 367 2671 Athanasii
385 2636 464 2667 Opera
475 2635 625 2671 οῃηιιὶαθιιᾳξ
643 2640 737 2671 exstant
749 2636 844 2671 ρει-διώ
856 2637 908 2671 ejus
920 2638 1015 2671 nomine
1037 2638 1255 2671 circumferuntur,
1275 2645 1349 2671 opera
1360 2642 1382 2665 et
1402 2638 1482 2671 studio
1502 2641 1676 2667 monachorum
1697 2642 1794 2668 ordinis

161 2665 189 2703 Su.
339 2673 352 2691 e
363 2665 545 2703 congregatim:
558 2665 586 2693 8'.
594 2668 682 2703 Mauri
689 2668 844 2703 ;_rtoviasintis
863 2665 926 2703 {tunc
938 2669 1004 2703 atris
1016 2665 1180 2703 emendatiora
1197 2673 1221 2695 et
1233 2665 1544 2703 qimr'tohuolztminaauctrr.
1556 2665 1686 2698 Crisaeo:
1698 2665 1790 2699 ῖηῖἱῆᾇῖ

161 2696 258 2731 ἶΡιιιςψήὶ
267 2696 341 2731 _l_7_77,
350 2696 563 2731 curruite'Nicolao
573 2696 844 2731 iAutmtio’Giuslinianir
851 2700 964 2731 episcopo
975 2700 1107 2729 Patavina,
1121 2707 1220 2731 operam
1232 2696 1373 2726 riavantibus
1384 2702 1416 2726 Η.
1431 2701 1567 2727 Gradonico
1585 2696 1793 2730 έῖᾏήἇγεῖάῆίέ

160 2725 371 2766 ιξπῃι
382 2729 408 2764 in
417 2728 447 2766 ἐν
456 2730 590 2766 ,βυτ-τοι.
606 2729 662 2766 Tria
677 2731 803 2766 v_oltp_nina_
810 2725 895 2766 priora
905 2725 1010 2766 reddunt
1020 2725 1406 2766 ,θίίἱιίοἰιὲὲηήηευεόὶειὶῃογρξηᾗ.
1415 2725 1528 2766 quartum
1617 2725 1725 2766 (iﬁlli;
1736 2725 1792 2764 38in

161 2757 233 2794 illam.
241 2758 338 2794 publici
342 2759 405 2789 juris
415 2759 475 2794 fecit.
485 2761 513 2794 ι),
527 2761 667 2794 ἰξεηιᾳιςᾲηε
676 2757 876 2794 dejlontfa'ucon
890 2764 914 2786 in
928 2761 1142 2794 Coltectione‘nova
1154 2763 1258 2794 Patrum
1270 2767 1297 2787 et
1306 2762 1330 2787 in
1343 2757 1490 2788 Biblioiheca
1500 2757 1663 2794 Coislinriann',
1672 2757 1726 2790 illi;
1737 2757 1792 2790 aia;

161 2788 274 2825 pluribus
293 2788 397 2825 locis‘ex
413 2789 663 2825 Epistoliafestalibus
676 2799 689 2825 ξι
701 2793 786 2825 C_osma
797 2793 821 2817 in
836 2791 1008 2825 Topogijapltiu
1018 2792 1155 2825 Christiana
1166 2792 1281 2821 servatis.
1291 2800 1338 2818 nec
1350 2801 1397 2819 non
1407 2795 1487 2819 omnia
1499 2788 1554 2825 (iuni
1567 2788 1671 2821 wair'ah
1681 2788 1793 2821 uinea];

162 2820 302 2856 fﬂliSf‘PUQl
315 2820 340 2856 ’[n
353 2820 451 2856 ὶυεὲωης
466 2824 516 2845 lum
525 2822 861 2856 jgterpretatiorl’salmorum
873 2820 1089 2856 ἐιίΜόηιτθιιεᾳηϋ
1104 2824 1254 2856 (inuectione,
1267 2828 1291 2848 et
1303 2826 1348 2849 alia
1357 2844 1363 2856 ,
1377 2827 1429 2851 sive
1448 2827 1478 2850 de
1492 2820 1570 2852 titulis
1591 2820 1741 2852 Psattnorum
1762 2827 1792 2852 ab

162 2848 263 2874 Nicolao
275 2851 414 2877 Antonelli.
429 2852 511 2876 Romte
523 2848 657 2883 1156,'fol.,
669 2854 744 2885 edita,
756 2858 842 2885 postea
858 2854 932 2879 variis
942 2854 1091 2880 lectionibus
1102 2855 1155 2879 cod.
1171 2848 1254 2879 Vatic:
1263 2848 1342 2881 aucta.

290 2892 424 2923 PATltt)l..
446 2894 504 2924 Gn.
530 2895 632 2927 XXV.
1616 2910 1636 2928 (ι
