2000 3045
212 166 237 186 VI
895 154 1157 183 PROLEGOMENA.

211 216 379 257 quillitatis
395 219 520 255 portum
537 218 682 255 receptus
701 215 769 252 tibi,
796 215 996 245 sanctissime
1014 215 1121 252 Pater,
1140 214 1173 245 in
1189 214 1287 245 totius
1303 213 1452 246 Ecclesim
1470 213 1743 246 administratione
1757 214 1830 247 feli-

213 269 339 300 citatem
352 268 504 299 obtineat.
522 267 600 298 Tuis
619 267 688 307 ipse
708 267 833 298 tandem
850 266 1067 297 sanctissimis
1078 266 1212 306 pedibus
1228 266 1415 306 provolutus
1431 274 1447 296 a
1461 269 1490 297 te
1503 265 1583 297 illud
1599 266 1695 297 enixe
1705 266 1826 305 ﬂagito,

212 324 247 353 ut
265 320 358 357 mihi,
380 320 552 352 seminario
572 328 654 357 meo,
672 320 795 359 totique
810 319 897 358 gregi
914 318 993 349 mihi
1010 318 1191 350 concredito
1203 317 1410 357 apostolicam
1428 317 1686 348 benedictionem
1703 319 1827 357 imper-

209 373 280 404 tias.
296 371 386 403 Vale.

782 544 855 589 AD
902 543 1244 590 LECTOREM.

881 652 940 687 (Ed.
953 652 1052 681 Venet.
1070 627 1175 689 i777.)—
1368 656 1385 670 ο

247 809 322 840 Divi
339 808 505 840 Athanasii
520 808 624 848 Opera
643 816 715 840 cum
730 802 920 847 jampridem
935 817 952 838 a
979 806 1089 838 multis
1113 806 1349 843 desiderentur,
1369 815 1433 838 non
1455 806 1581 847 exiguis
1595 807 1648 839 illa
1665 807 1827 840 laboribus

207 865 237 891 et
255 861 410 900 impensis
426 861 464 891 ad
482 861 644 900 publicam
663 860 833 892 utilitatem
850 863 881 890 et
898 859 1101 890 commodum
1131 858 1308 898 evulganda
1339 859 1543 896 curavimus,
1565 859 1752 899 eademque,
1769 861 1826 892 be-

208 913 303 952 nigne
319 913 430 951 lector,
449 913 507 944 tibi
533 913 567 944 in
584 913 751 952 praesentia
769 911 928 943 sistimus.
948 911 1083 942 Minime
1100 919 1186 942 nunc
1200 911 1418 943 necessarium
1446 916 1594 951 putamus
1616 912 1764 952 pluribus
1791 914 1826 945 id

209 965 376 996 ostendere
387 987 396 1002 ,
411 965 516 1004 qualis
535 973 649 1004 nempe
668 967 875 1003 quantusque
890 961 1086 993 Athanasius
1099 961 1195 993 fuerit
1211 963 1295 993 inter
1309 965 1432 994 veteres
1448 963 1521 995 illos
1541 964 1826 1006 sanctissimosque

205 1016 333 1046 Graeciae
351 1015 510 1052 doctores,
525 1023 597 1045 cum
618 1014 766 1045 unanimi
792 1021 955 1044 consensu
971 1012 1010 1043 ab
1026 1011 1178 1043 omnibus
1197 1011 1268 1051 ipse
1294 1015 1326 1043 et
1353 1013 1469 1050 dictus,
1488 1016 1520 1044 et
1543 1013 1671 1045 habitus
1690 1016 1826 1054 Magnus

205 1066 259 1095 sit.
276 1065 371 1095 Illum
386 1069 471 1096 certe
487 1065 594 1096 Patres
607 1064 752 1096 certatim
769 1063 909 1099 laudant,
925 1071 961 1094 ac
979 1063 1044 1095 duo
1061 1062 1239 1102 praesertim
1256 1062 1517 1102 splendidissima
1534 1064 1702 1096 Catholicae
1716 1065 1826 1098 Eccle-

204 1115 261 1146 sia;
277 1116 397 1147 lumina
408 1116 548 1147 Basilius
565 1120 595 1148 et
612 1116 787 1155 Gregorius
817 1115 1040 1147 Nazianzenus
1056 1118 1091 1146 ut
1108 1114 1182 1146 fidei
1207 1114 1393 1154 magistrum
1416 1119 1623 1153 venerantur,
1645 1125 1704 1147 nec
1723 1116 1826 1148 defuit

204 1166 260 1206 qui
272 1167 379 1207 ipsum
396 1168 518 1199 caeteris
533 1167 680 1198 Patribus
697 1170 919 1206 anteponeret.
934 1166 1018 1197 Hinc
1034 1166 1176 1197 maximo
1202 1174 1329 1204 semper
1346 1165 1379 1196 in
1392 1165 1514 1197 honore
1530 1166 1661 1197 fuerunt
1677 1167 1822 1207 ejusdem

203 1216 320 1256 Opera,
336 1225 407 1256 qua:
420 1217 482 1248 sibi
499 1216 604 1248 adhuc
619 1223 791 1256 superesse
807 1215 846 1246 ad
867 1214 918 1246 Sui
934 1215 1038 1254 ipsius
1055 1215 1155 1246 decus
1171 1218 1267 1255 atque
1283 1214 1466 1253 praesidium
1482 1215 1691 1248 vehementer
1705 1218 1825 1256 gaudet

204 1267 384 1299 Christiana
400 1267 592 1308 respublica.
620 1267 766 1298 Meminit
782 1267 868 1298 enim
884 1266 939 1297 illa
954 1274 989 1296 se
1006 1265 1076 1303 his,
1100 1265 1199 1297 veluti
1217 1265 1411 1305 quibusdam
1440 1266 1536 1297 armis
1551 1266 1751 1305 instructam,
1771 1268 1822 1299 in~

206 1320 315 1358 signes
331 1319 483 1350 victorias
497 1319 537 1351 de
552 1319 620 1350 suis
636 1318 784 1350 hostibus
800 1317 962 1349 retulisse.
975 1317 1123 1349 Meminit
1134 1316 1186 1347 his
1204 1316 1381 1348 convictam
1400 1317 1475 1348 olim
1490 1316 1593 1349 fuisse
1609 1318 1825 1357 perniciosam

206 1369 273 1399 Arii
295 1368 515 1406 dialecticam,
541 1368 593 1399 his
623 1367 757 1399 Eusebii
782 1367 989 1399 Caesariensis
1020 1367 1225 1399 calliditatem
1246 1365 1491 1406 deprehensam,
1515 1367 1566 1399 his
1601 1368 1826 1401 haareticorum

204 1419 348 1449 omnium
372 1418 432 1450 tela
450 1418 597 1458 depulsa.
614 1419 740 1450 Utinam
762 1426 839 1450 vero
866 1417 993 1449 nullum
1011 1417 1122 1450 lateret
1138 1416 1242 1449 adhuc
1265 1426 1305 1448 ex
1334 1418 1410 1448 tanti
1429 1420 1574 1451 Doctoris
1600 1420 1728 1460 scriptis
1744 1421 1826 1452 adeo

201 1469 366 1509 pretiosis,
380 1474 413 1501 ut
429 1469 457 1500 si
471 1468 550 1508 quid
567 1469 641 1500 novi
658 1478 697 1501 ex
711 1469 828 1500 iisdem
842 1476 953 1499 rursus
971 1468 1202 1504 occurrat,'nec
1217 1467 1278 1498 alia
1296 1469 1419 1497 ratione
1433 1468 1555 1499 servari
1572 1469 1685 1506 possit,
1700 1469 1732 1500 id
1748 1479 1822 1501 eru-

203 1515 290 1552 ditus
305 1521 352 1551 vir
367 1520 416 1552 vel
432 1521 465 1551 in
482 1520 684 1552 vestimentis
698 1519 903 1560 ipsisjubeat
920 1519 1069 1551 inscribi.
1087 1519 1136 1549 Ad
1152 1519 1339 1559 hujusmodi
1357 1518 1498 1558 Operum
1520 1519 1737 1551 celebritatem
1753 1529 1825 1551 ma-

202 1573 251 1613 gis
267 1573 457 1612 augendam,
474 1581 508 1603 ac
523 1572 759 1612 propagandam
777 1571 950 1602 utilitatem
971 1570 1180 1610 plurimorum
1198 1570 1341 1601 virorum
1367 1571 1524 1602 industria
1541 1573 1748 1611 conspiravit,
1767 1574 1826 1613 qui

203 1623 299 1654 variis
316 1623 518 1661 temporibus
535 1624 645 1653 eadem
671 1622 766 1653 modo
782 1622 893 1653 Latine
911 1623 1045 1657 tantum,
1061 1621 1158 1652 modo
1174 1620 1270 1651 etiam
1287 1621 1396 1652 Graece
1411 1622 1594 1653 ediderunt.
1611 1623 1761 1654 Nondum
1781 1627 1826 1655 ta-

202 1683 276 1705 men
303 1673 521 1706 satisfecerant
545 1673 692 1710 eruditis,
709 1674 764 1704 sed
793 1681 874 1705 nova
892 1673 964 1710 alia,
985 1672 1162 1713 eademque
1185 1672 1365 1704 accuratior
1392 1674 1602 1712 expetebatur
1623 1675 1734 1713 editio,
1750 1684 1824 1716 quae

204 1729 306 1757 errata
321 1729 467 1757 veterum
485 1725 682 1756 emendaret.
702 1725 793 1756 Hanc
808 1724 1060 1756 concinnandam
1076 1732 1244 1763 aggressus
1256 1727 1304 1754 est
1319 1725 1353 1756 P.
1370 1724 1552 1756 Bernardus
1564 1725 1604 1756 de
1615 1725 1824 1757 Montfaucon

203 1777 300 1807 totius
316 1777 517 1816 antiquitatis
535 1776 764 1816 peritissimus,
778 1784 813 1806 ac
829 1783 936 1807 rerum
953 1774 1138 1814 hujusmodi
1155 1774 1385 1813 sagacissimus
1403 1776 1598 1815 explorator,
1610 1777 1824 1816 eamdemque

205 1833 333 1858 summo
349 1835 421 1858 cum
440 1827 548 1858 labore
568 1836 604 1858 ac
619 1827 712 1858 laude
729 1826 900 1866 perfectam
915 1835 950 1857 ac
961 1826 1063 1857 tribus
1079 1826 1203 1865 magnis
1220 1825 1440 1857 voluminibus
1458 1824 1720 1858 comprehensam
1737 1828 1826 1859 Pari-

201 1877 259 1909 siis
275 1886 360 1909 anno
373 1879 451 1909 1698
468 1879 585 1917 publici
597 1878 680 1918 juris
692 1878 779 1909 fecit.

245 1928 342 1959 Multa
367 1932 519 1968 praeterea
538 1929 598 1960 alia
615 1929 652 1959 D.
670 1928 839 1960 Athanasii
860 1928 977 1967 scripta
992 1928 1115 1961 detexit
1129 1928 1407 1968 subsequentibus
1423 1929 1516 1960 annis
1539 1929 1622 1960 idem
1639 1931 1672 1962 P.
1690 1931 1826 1963 Bernar-

200 1979 261 2010 dus
278 1978 318 2009 de
334 1978 553 2015 Montfaucon,
578 1986 649 2018 quae
665 1979 704 2010 ab
721 1979 834 2010 eodem
862 1979 992 2010 Parisiis
1023 1979 1057 2010 in
1083 1979 1186 2011 lucem
1203 1980 1285 2010 edita
1311 1987 1397 2010 anno
1414 1980 1492 2010 1707
1516 1980 1661 2012 obtinent
1684 1982 1823 2020 primum

202 2029 310 2060 locum
327 2028 361 2059 in
380 2028 544 2059 volumine
556 2029 658 2060 altero
671 2038 710 2059 ex
727 2029 768 2059 iis
783 2028 910 2060 duobus
926 2038 1000 2069 quae
1013 2031 1052 2060 ab
1068 2030 1238 2069 ipsoNova
1251 2029 1383 2060 Patrum
1395 2035 1423 2060 et
1435 2030 1616 2064 Grecorum
1630 2033 1824 2071 scriptorum

201 2078 352 2110 Collectio
369 2080 604 2111 inscribuntur.
620 2081 726 2120 Atque
751 2079 818 2111 haec
840 2081 1000 2120 appendix
1021 2082 1258 2122 quodammodo
1277 2080 1341 2112 dici
1358 2085 1495 2120 possunt
1512 2085 1542 2112 et
1565 2081 1823 2117 additamentum

200 2131 354 2162 editionis
383 2130 497 2170 primae
523 2132 663 2170 Operum
681 2132 712 2161 S.
739 2131 919 2168 Athanasii,
947 2132 982 2163 in
999 2132 1121 2172 quibus
1145 2132 1299 2163 eruendis
1324 2140 1361 2162 ac
1386 2132 1606 2170 secernendis,
1622 2133 1822 2174 digerendis,

199 2180 406 2220 castigandis,
425 2180 627 2212 illustrandis
641 2181 695 2212 ille
711 2181 887 2221 plurimum
905 2181 1075 2214 laboravit.
1095 2182 1208 2221 Neque
1223 2181 1308 2213 enim
1325 2181 1431 2213 solum
1450 2183 1601 2222 epistolas
1617 2183 1771 2223 plurimas
1788 2185 1823 2217 in

195 2232 305 2265 1varias
322 2233 457 2271 Europa:
479 2235 584 2272 partes
615 2232 654 2264 ad
685 2241 768 2264 nova
783 2233 959 2271 detegenda
990 2234 1179 2271 transmisit,
1203 2233 1260 2264 sed
1287 2234 1383 2265 etiam
1414 2235 1525 2273 longas
1549 2236 1823 2274 peregrinationes

176 2298 180 2305 ν
199 2283 354 2322 suscepit,
377 2282 510 2314 Galliam
530 2283 696 2314 etitaliam
714 2285 912 2324 peragravit,
930 2285 1142 2317 bibliothecas
1156 2285 1328 2326 utrobique
1345 2286 1513 2323 lustravit,
1532 2291 1690 2327 quotquot
1709 2296 1825 2319 occur-

200 2336 311 2364 rerunt
326 2333 453 2364 codices
470 2333 722 2372 diligentissime
733 2335 866 2372 evolvit,
883 2340 1092 2367 monumenta
1109 2335 1278 2376 percurrit,
1295 2335 1424 2376 aliaque
1446 2336 1591 2375 perfecit,
1610 2340 1643 2368 ut
1656 2337 1725 2376 ipse
1741 2337 1825 2369 fate—

199 2387 250 2415 tur
269 2383 302 2414 in
321 2383 504 2423 praefatione
528 2385 655 2424 utrique
671 2386 805 2417 editioni
825 2387 1001 2426 praemissa.
1026 2387 1091 2418 Nos
1109 2388 1244 2427 primam
1267 2387 1441 2419 editionem
1473 2387 1577 2419 secuti
1604 2390 1734 2428 qualem
1750 2388 1820 2428 ipse

198 2435 343 2474 protulit,
362 2434 456 2466 talem
475 2437 588 2467 damus
606 2447 613 2467 :
630 2446 701 2477 quae
727 2446 802 2469 vero
819 2442 928 2478 postea
955 2439 1076 2476 edidit,
1099 2448 1135 2470 ea
1151 2448 1223 2470 cum
1240 2439 1387 2479 pluribus
1405 2439 1476 2470 aliis
1494 2440 1526 2470 in
1544 2440 1674 2471 tertium
1701 2444 1823 2471 tomum

198 2484 409 2526 eonjecimus,
426 2487 512 2527 quod
529 2497 569 2518 ex
587 2488 733 2528 ejusdem
751 2490 939 2529 praefatione
955 2498 1129 2529 cognosces
1147 2491 1200 2531 (α).
1216 2491 1267 2521 Sic
1286 2491 1342 2531 qui
1363 2491 1494 2530 primam
1524 2491 1692 2531 postulant
1707 2492 1823 2523 horum

198 2536 338 2576 Operum
354 2538 544 2578 editionem,
561 2541 705 2572 eamdem
725 2550 742 2571 a
759 2541 854 2572 nobis
872 2541 1003 2579 habent,
1024 2550 1083 2573 nec
1097 2542 1182 2578 aliis,
1203 2551 1274 2582 qua:
1295 2546 1404 2581 postea
1426 2542 1548 2573 detecta
1566 2546 1654 2579 sunt,
1670 2542 1824 2575 fraudan-

199 2594 262 2619 tur.
278 2588 445 2629 Ouidquid
463 2590 585 2622 interea
605 2592 658 2630 sit,
675 2591 737 2624 hoc
752 2595 836 2623 certe
867 2593 976 2623 testari
1007 2602 1196 2632 possumus,
1225 2594 1400 2624 editionem
1419 2593 1500 2624 hanc
1529 2598 1670 2626 nostram
1687 2596 1823 2634 primam

199 2647 271 2670 esse
299 2643 370 2678 post
386 2640 598 2672 Parisiensem
615 2642 702 2673 illam
719 2652 736 2674 a
762 2643 798 2672 B.
815 2643 854 2674 de
874 2643 1081 2675 Montfaucon
1107 2644 1343 2680 concinnatum,
1363 2644 1539 2684 cadentque
1558 2645 1659 2677 multo
1682 2646 1826 2685 locuple-

197 2691 328 2721 tiorem.
345 2691 458 2722 Adhuc
475 2692 610 2725 fortasse
620 2694 790 2726 latenta‘lia
805 2695 836 2726 S.
854 2696 1000 2726 Doctoris
1016 2696 1146 2736 scripta.
1164 2696 1209 2727 Ne
1228 2695 1357 2726 litterati
1376 2695 1486 2727 eadem
1504 2696 1717 2736 investigandi
1736 2697 1824 2727 labo-

198 2749 263 2771 rem
279 2740 414 2779 i‘ugiant.
433 2742 577 2780 Interim,
601 2745 702 2776 amice
719 2745 828 2783 lector,
847 2745 991 2777 oblatum
1019 2755 1138 2778 munus
1162 2755 1201 2777 ne
1221 2751 1375 2785 res‘puas,
1394 2755 1429 2777 ac
1456 2738 1601 2777 nos-trum
1631 2745 1690 2776 tibi
1721 2746 1824 2777 inser-

198 2791 305 2823 vicndi
325 2791 522 2825 desiderium
537 2795 697 2830 benevolo
713 2798 821 2831 animo
836 2797 885 2830 fac
903 2798 1094 2830 inllammes.
1110 2797 1198 2829 Vale.
1617 2808 1625 2810 ί

232 2872 270 2910 (α)
285 2873 342 2902 Mox
361 2874 491 2910 sequitur.
