  <div class='ocr_page' id='page_1' title='image "/cluster/home/n/w/nwhite01/storage/ocr_20150623/25/njp.32101010944591/012.png"; bbox 0 0 2000 3045; ppageno 0'>
   <div class='ocr_carea' id='block_1_1' title="bbox 746 163 959 194">
    <p class='ocr_par' dir='ltr' id='par_1_1' title="bbox 746 164 959 194">
     <span class='ocr_line' id='line_1_1' title="bbox 746 164 959 194; baseline -0.005 0"><span class='ocrx_word' id='word_1_1' title='bbox 746 164 959 194; x_wconf 69' lang='grc' dir='ltr'><strong>ΡΒᾹΣΕΑΤΙΟΝ]</strong></span> 
     </span>
    </p>
   </div>
   <div class='ocr_carea' id='block_1_2' title="bbox 1010 163 1780 194">
    <p class='ocr_par' dir='ltr' id='par_1_2' title="bbox 1016 163 1780 193">
     <span class='ocr_line' id='line_1_2' title="bbox 1016 163 1780 193; baseline -0.005 -1"><span class='ocrx_word' id='word_1_2' title='bbox 1016 164 1069 193; x_wconf 83' lang='lat' dir='ltr'><strong>ED.</strong></span> <span class='ocrx_word' id='word_1_3' title='bbox 1089 163 1212 193; x_wconf 73' lang='lat' dir='ltr'><strong>VENET.</strong></span> <span class='ocrx_word' id='word_1_4' title='bbox 1744 169 1780 190; x_wconf 86' lang='lat' dir='ltr'><strong>vu</strong></span> 
     </span>
    </p>
   </div>
   <div class='ocr_carea' id='block_1_3' title="bbox 195 247 934 260">
    <p class='ocr_par' dir='ltr' id='par_1_3' title="bbox 195 247 934 260">
     <span class='ocr_line' id='line_1_3' title="bbox 195 247 934 260; baseline -0.005 -2"><span class='ocrx_word' id='word_1_5' title='bbox 195 247 934 260; x_wconf 82' lang='lat'><strong>_—.____.——-——————-</strong></span> 
     </span>
    </p>
   </div>
   <div class='ocr_carea' id='block_1_4' title="bbox 821 327 1138 373">
    <p class='ocr_par' dir='ltr' id='par_1_4' title="bbox 821 327 1138 373">
     <span class='ocr_line' id='line_1_4' title="bbox 821 327 1138 373; baseline 0.003 -1"><span class='ocrx_word' id='word_1_6' title='bbox 821 327 1138 373; x_wconf 66' lang='lat' dir='ltr'><strong>PREFA&#39;I‘IO</strong></span> 
     </span>
    </p>
   </div>
   <div class='ocr_carea' id='block_1_5' title="bbox 560 421 1395 459">
    <p class='ocr_par' dir='ltr' id='par_1_5' title="bbox 560 421 1395 459">
     <span class='ocr_line' id='line_1_5' title="bbox 560 421 1395 459; baseline 0.004 -10"><span class='ocrx_word' id='word_1_7' title='bbox 560 422 728 451; x_wconf 73' lang='lat' dir='ltr'><strong>EDITIONIS</strong></span> <span class='ocrx_word' id='word_1_8' title='bbox 746 422 896 450; x_wconf 67' lang='grc' dir='ltr'><strong>ῩΕΝΕΤᾸΕ</strong></span> <span class='ocrx_word' id='word_1_9' title='bbox 915 421 1009 451; x_wconf 74' lang='grc' dir='ltr'>ΤΟΜΟ</span> <span class='ocrx_word' id='word_1_10' title='bbox 1027 422 1202 459; x_wconf 83' lang='lat' dir='ltr'><strong>TERTIO(u)</strong></span> <span class='ocrx_word' id='word_1_11' title='bbox 1222 423 1395 452; x_wconf 65' lang='lat' dir='ltr'><strong>PREFIXA.</strong></span> 
     </span>
    </p>
   </div>
   <div class='ocr_carea' id='block_1_6' title="bbox 204 568 1783 604">
    <p class='ocr_par' dir='ltr' id='par_1_6' title="bbox 204 568 1783 604">
     <span class='ocr_line' id='line_1_6' title="bbox 204 568 1783 604; baseline 0.001 -5"><span class='ocrx_word' id='word_1_12' title='bbox 204 572 343 600; x_wconf 81' lang='lat' dir='ltr'><strong>Hactenus</strong></span> <span class='ocrx_word' id='word_1_13' title='bbox 353 570 383 597; x_wconf 84' lang='grc' dir='ltr'><strong>ι).</strong></span> <span class='ocrx_word' id='word_1_14' title='bbox 400 568 540 596; x_wconf 70' lang='lat' dir='ltr'><strong>Athanasii</strong></span> <span class='ocrx_word' id='word_1_15' title='bbox 557 569 701 596; x_wconf 80' lang='lat' dir='ltr'><strong>editionem</strong></span> <span class='ocrx_word' id='word_1_16' title='bbox 718 575 800 602; x_wconf 84' lang='lat' dir='ltr'><strong>opera</strong></span> <span class='ocrx_word' id='word_1_17' title='bbox 814 573 845 596; x_wconf 81' lang='lat' dir='ltr'><strong>et</strong></span> <span class='ocrx_word' id='word_1_18' title='bbox 859 568 949 596; x_wconf 86' lang='lat' dir='ltr'><strong>studio</strong></span> <span class='ocrx_word' id='word_1_19' title='bbox 964 572 986 600; x_wconf 75' lang='grc' dir='ltr'>Α</span> <span class='ocrx_word' id='word_1_20' title='bbox 1001 569 1183 604; x_wconf 83' lang='lat' dir='ltr'><strong>typographus</strong></span> <span class='ocrx_word' id='word_1_21' title='bbox 1195 573 1286 596; x_wconf 87' lang='lat' dir='ltr'><strong>noster</strong></span> <span class='ocrx_word' id='word_1_22' title='bbox 1299 570 1443 603; x_wconf 81' lang='lat' dir='ltr'><strong>indicavit;</strong></span> <span class='ocrx_word' id='word_1_23' title='bbox 1458 577 1543 604; x_wconf 84' lang='lat' dir='ltr'><strong>neque</strong></span> <span class='ocrx_word' id='word_1_24' title='bbox 1551 572 1623 599; x_wconf 89' lang='lat' dir='ltr'><strong>enim</strong></span> <span class='ocrx_word' id='word_1_25' title='bbox 1641 571 1674 599; x_wconf 90' lang='lat' dir='ltr'><strong>ad</strong></span> <span class='ocrx_word' id='word_1_26' title='bbox 1690 571 1715 599; x_wconf 92' lang='lat' dir='ltr'><strong>id</strong></span> <span class='ocrx_word' id='word_1_27' title='bbox 1732 572 1783 600; x_wconf 83' lang='lat' dir='ltr'><strong>ﬁde</strong></span> 
     </span>
    </p>
   </div>
   <div class='ocr_carea' id='block_1_7' title="bbox 172 615 953 649">
    <p class='ocr_par' dir='ltr' id='par_1_7' title="bbox 172 615 953 649">
     <span class='ocr_line' id='line_1_7' title="bbox 172 615 953 649; baseline -0.006 -2"><span class='ocrx_word' id='word_1_28' title='bbox 172 620 366 648; x_wconf 80' lang='lat' dir='ltr'><strong>monachorum</strong></span> <span class='ocrx_word' id='word_1_29' title='bbox 383 617 487 644; x_wconf 91' lang='lat' dir='ltr'><strong>ordinis</strong></span> <span class='ocrx_word' id='word_1_30' title='bbox 505 616 535 642; x_wconf 89' lang='lat' dir='ltr'><strong>S.</strong></span> <span class='ocrx_word' id='word_1_31' title='bbox 554 615 690 642; x_wconf 86' lang='lat' dir='ltr'><strong>Benedicti</strong></span> <span class='ocrx_word' id='word_1_32' title='bbox 712 621 728 641; x_wconf 91' lang='lat' dir='ltr'><strong>e</strong></span> <span class='ocrx_word' id='word_1_33' title='bbox 744 615 953 649; x_wconf 69' lang='lat' dir='ltr'><strong>congregatione</strong></span> 
     </span>
    </p>
   </div>
   <div class='ocr_carea' id='block_1_8' title="bbox 173 661 954 696">
    <p class='ocr_par' dir='ltr' id='par_1_8' title="bbox 173 661 954 696">
     <span class='ocr_line' id='line_1_8' title="bbox 173 661 954 696; baseline -0.008 -2"><span class='ocrx_word' id='word_1_34' title='bbox 173 668 204 694; x_wconf 68' lang='grc' dir='ltr'><strong>ὃ.</strong></span> <span class='ocrx_word' id='word_1_35' title='bbox 222 665 307 692; x_wconf 67' lang='lat' dir='ltr'><strong>Mauri</strong></span> <span class='ocrx_word' id='word_1_36' title='bbox 322 663 492 694; x_wconf 87' lang='lat' dir='ltr'><strong>adornatam,</strong></span> <span class='ocrx_word' id='word_1_37' title='bbox 506 669 538 688; x_wconf 90' lang='lat' dir='ltr'><strong>ac</strong></span> <span class='ocrx_word' id='word_1_38' title='bbox 553 661 663 688; x_wconf 75' lang='lat' dir='ltr'><strong>Parisiis</strong></span> <span class='ocrx_word' id='word_1_39' title='bbox 677 669 720 688; x_wconf 84' lang='lat' dir='ltr'><strong>an.</strong></span> <span class='ocrx_word' id='word_1_40' title='bbox 745 661 812 688; x_wconf 79' lang='grc'><strong>1698</strong></span> <span class='ocrx_word' id='word_1_41' title='bbox 828 661 896 696; x_wconf 88' lang='lat' dir='ltr'><strong>typis</strong></span> <span class='ocrx_word' id='word_1_42' title='bbox 907 668 954 688; x_wconf 83' lang='lat' dir='ltr'><strong>ex-</strong></span> 
     </span>
    </p>
   </div>
   <div class='ocr_carea' id='block_1_9' title="bbox 172 707 953 741">
    <p class='ocr_par' dir='ltr' id='par_1_9' title="bbox 172 707 953 741">
     <span class='ocr_line' id='line_1_9' title="bbox 172 707 953 741; baseline -0.008 -2"><span class='ocrx_word' id='word_1_43' title='bbox 172 720 265 739; x_wconf 85' lang='lat' dir='ltr'><strong>cusam</strong></span> <span class='ocrx_word' id='word_1_44' title='bbox 281 710 397 738; x_wconf 74' lang='lat' dir='ltr'><strong>fideliter</strong></span> <span class='ocrx_word' id='word_1_45' title='bbox 410 710 436 736; x_wconf 92' lang='lat' dir='ltr'><strong>in</strong></span> <span class='ocrx_word' id='word_1_46' title='bbox 449 709 574 736; x_wconf 87' lang='lat' dir='ltr'><strong>omnibus</strong></span> <span class='ocrx_word' id='word_1_47' title='bbox 593 707 679 734; x_wconf 89' lang='lat' dir='ltr'><strong>secuti</strong></span> <span class='ocrx_word' id='word_1_48' title='bbox 702 714 808 734; x_wconf 86' lang='lat' dir='ltr'><strong>sumus.</strong></span> <span class='ocrx_word' id='word_1_49' title='bbox 826 708 913 741; x_wconf 85' lang='lat' dir='ltr'><strong>Atque</strong></span> <span class='ocrx_word' id='word_1_50' title='bbox 927 707 953 734; x_wconf 95' lang='lat' dir='ltr'><strong>in</strong></span> 
     </span>
    </p>
   </div>
   <div class='ocr_carea' id='block_1_10' title="bbox 173 753 953 792">
    <p class='ocr_par' dir='ltr' id='par_1_10' title="bbox 173 753 953 792">
     <span class='ocr_line' id='line_1_10' title="bbox 173 753 953 792; baseline -0.008 -7"><span class='ocrx_word' id='word_1_51' title='bbox 173 758 226 785; x_wconf 84' lang='lat' dir='ltr'><strong>hoc</strong></span> <span class='ocrx_word' id='word_1_52' title='bbox 240 758 351 792; x_wconf 84' lang='lat' dir='ltr'><strong>quidem</strong></span> <span class='ocrx_word' id='word_1_53' title='bbox 374 756 410 783; x_wconf 86' lang='lat' dir='ltr'><strong>ita</strong></span> <span class='ocrx_word' id='word_1_54' title='bbox 430 755 506 782; x_wconf 90' lang='lat' dir='ltr'><strong>nobis</strong></span> <span class='ocrx_word' id='word_1_55' title='bbox 533 754 599 781; x_wconf 86' lang='lat' dir='ltr'><strong>nihil</strong></span> <span class='ocrx_word' id='word_1_56' title='bbox 625 754 708 781; x_wconf 90' lang='lat' dir='ltr'><strong>licere</strong></span> <span class='ocrx_word' id='word_1_57' title='bbox 725 753 953 786; x_wconf 74' lang='lat' dir='ltr'><strong>existimavimus,</strong></span> 
     </span>
    </p>
   </div>
   <div class='ocr_carea' id='block_1_11' title="bbox 172 798 954 838">
    <p class='ocr_par' dir='ltr' id='par_1_11' title="bbox 172 798 954 838">
     <span class='ocr_line' id='line_1_11' title="bbox 172 798 954 838; baseline -0.006 -9"><span class='ocrx_word' id='word_1_58' title='bbox 172 809 203 830; x_wconf 93' lang='lat' dir='ltr'><strong>nt</strong></span> <span class='ocrx_word' id='word_1_59' title='bbox 219 803 291 838; x_wconf 88' lang='lat' dir='ltr'><strong>ipsas</strong></span> <span class='ocrx_word' id='word_1_60' title='bbox 305 801 387 828; x_wconf 79' lang='lat' dir='ltr'><strong>etiam</strong></span> <span class='ocrx_word' id='word_1_61' title='bbox 403 799 615 830; x_wconf 81' lang='lat' dir='ltr'><strong>cmendatioues,</strong></span> <span class='ocrx_word' id='word_1_62' title='bbox 625 806 691 833; x_wconf 91' lang='lat' dir='ltr'><strong>quas</strong></span> <span class='ocrx_word' id='word_1_63' title='bbox 709 798 745 825; x_wconf 90' lang='lat' dir='ltr'><strong>illi</strong></span> <span class='ocrx_word' id='word_1_64' title='bbox 761 798 882 826; x_wconf 83' lang='lat' dir='ltr'><strong>absoluto</strong></span> <span class='ocrx_word' id='word_1_65' title='bbox 898 798 954 832; x_wconf 87' lang='lat' dir='ltr'><strong>jam</strong></span> 
     </span>
    </p>
   </div>
   <div class='ocr_carea' id='block_1_12' title="bbox 172 844 954 884">
    <p class='ocr_par' dir='ltr' id='par_1_12' title="bbox 172 844 954 884">
     <span class='ocr_line' id='line_1_12' title="bbox 172 844 954 884; baseline -0.008 -8"><span class='ocrx_word' id='word_1_66' title='bbox 172 849 249 884; x_wconf 84' lang='lat' dir='ltr'><strong>operi</strong></span> <span class='ocrx_word' id='word_1_67' title='bbox 267 851 460 883; x_wconf 88' lang='lat' dir='ltr'><strong>apposuerunt,</strong></span> <span class='ocrx_word' id='word_1_68' title='bbox 477 846 534 873; x_wconf 88' lang='lat' dir='ltr'><strong>suis</strong></span> <span class='ocrx_word' id='word_1_69' title='bbox 549 846 615 873; x_wconf 89' lang='lat' dir='ltr'><strong>locis</strong></span> <span class='ocrx_word' id='word_1_70' title='bbox 629 846 748 872; x_wconf 85' lang='lat' dir='ltr'><strong>insertas</strong></span> <span class='ocrx_word' id='word_1_71' title='bbox 764 844 887 872; x_wconf 83' lang='lat' dir='ltr'><strong>exhiberi</strong></span> <span class='ocrx_word' id='word_1_72' title='bbox 906 851 954 870; x_wconf 87' lang='lat' dir='ltr'><strong>no-</strong></span> 
     </span>
    </p>
   </div>
   <div class='ocr_carea' id='block_1_13' title="bbox 173 889 955 926">
    <p class='ocr_par' dir='ltr' id='par_1_13' title="bbox 173 889 955 926">
     <span class='ocr_line' id='line_1_13' title="bbox 173 889 955 926; baseline -0.008 -4"><span class='ocrx_word' id='word_1_73' title='bbox 173 895 315 926; x_wconf 86' lang='lat' dir='ltr'><strong>luerimus,</strong></span> <span class='ocrx_word' id='word_1_74' title='bbox 331 897 360 920; x_wconf 82' lang='lat' dir='ltr'><strong>ut</strong></span> <span class='ocrx_word' id='word_1_75' title='bbox 375 899 466 920; x_wconf 91' lang='lat' dir='ltr'><strong>nostra</strong></span> <span class='ocrx_word' id='word_1_76' title='bbox 489 892 546 919; x_wconf 77' lang='lat' dir='ltr'><strong>hrec</strong></span> <span class='ocrx_word' id='word_1_77' title='bbox 566 891 701 918; x_wconf 80' lang='lat' dir='ltr'><strong>volumina</strong></span> <span class='ocrx_word' id='word_1_78' title='bbox 720 890 870 925; x_wconf 71' lang='lat' dir='ltr'><strong>legentibus</strong></span> <span class='ocrx_word' id='word_1_79' title='bbox 891 889 955 917; x_wconf 90' lang='lat' dir='ltr'><strong>illud</strong></span> 
     </span>
    </p>
   </div>
   <div class='ocr_carea' id='block_1_14' title="bbox 172 935 956 975">
    <p class='ocr_par' dir='ltr' id='par_1_14' title="bbox 172 935 956 975">
     <span class='ocr_line' id='line_1_14' title="bbox 172 935 956 975; baseline -0.009 -7"><span class='ocrx_word' id='word_1_80' title='bbox 172 941 256 968; x_wconf 87' lang='lat' dir='ltr'><strong>etiam</strong></span> <span class='ocrx_word' id='word_1_81' title='bbox 272 943 410 975; x_wconf 79' lang='lat' dir='ltr'><strong>appareat,</strong></span> <span class='ocrx_word' id='word_1_82' title='bbox 422 938 486 972; x_wconf 90' lang='lat' dir='ltr'><strong>quid</strong></span> <span class='ocrx_word' id='word_1_83' title='bbox 501 938 539 964; x_wconf 91' lang='lat' dir='ltr'><strong>illi</strong></span> <span class='ocrx_word' id='word_1_84' title='bbox 554 937 684 972; x_wconf 86' lang='lat' dir='ltr'><strong>primum,</strong></span> <span class='ocrx_word' id='word_1_85' title='bbox 699 936 762 970; x_wconf 92' lang='lat' dir='ltr'><strong>quid</strong></span> <span class='ocrx_word' id='word_1_86' title='bbox 776 941 868 970; x_wconf 87' lang='lat' dir='ltr'><strong>postea</strong></span> <span class='ocrx_word' id='word_1_87' title='bbox 881 935 956 970; x_wconf 80' lang='lat' dir='ltr'><strong>cogi-</strong></span> 
     </span>
    </p>
   </div>
   <div class='ocr_carea' id='block_1_15' title="bbox 172 982 957 1017">
    <p class='ocr_par' dir='ltr' id='par_1_15' title="bbox 172 982 957 1017">
     <span class='ocr_line' id='line_1_15' title="bbox 172 982 957 1017; baseline -0.006 -4"><span class='ocrx_word' id='word_1_88' title='bbox 172 986 301 1017; x_wconf 87' lang='lat' dir='ltr'><strong>taverint,</strong></span> <span class='ocrx_word' id='word_1_89' title='bbox 316 989 342 1012; x_wconf 87' lang='lat' dir='ltr'><strong>et</strong></span> <span class='ocrx_word' id='word_1_90' title='bbox 363 992 396 1012; x_wconf 93' lang='lat' dir='ltr'><strong>ne</strong></span> <span class='ocrx_word' id='word_1_91' title='bbox 411 984 477 1010; x_wconf 82' lang='lat' dir='ltr'><strong>viris</strong></span> <span class='ocrx_word' id='word_1_92' title='bbox 494 983 659 1010; x_wconf 83' lang='lat' dir='ltr'><strong>doctissimis</strong></span> <span class='ocrx_word' id='word_1_93' title='bbox 677 989 736 1009; x_wconf 85' lang='lat' dir='ltr'><strong>eam</strong></span> <span class='ocrx_word' id='word_1_94' title='bbox 762 982 868 1008; x_wconf 89' lang='lat' dir='ltr'><strong>laudem</strong></span> <span class='ocrx_word' id='word_1_95' title='bbox 889 988 957 1015; x_wconf 89' lang='lat' dir='ltr'><strong>quo-</strong></span> 
     </span>
    </p>
   </div>
   <div class='ocr_carea' id='block_1_16' title="bbox 173 1026 957 1064">
    <p class='ocr_par' dir='ltr' id='par_1_16' title="bbox 173 1026 957 1064">
     <span class='ocr_line' id='line_1_16' title="bbox 173 1026 957 1064; baseline -0.006 -5"><span class='ocrx_word' id='word_1_96' title='bbox 173 1033 316 1059; x_wconf 88' lang='lat' dir='ltr'><strong>dammodo</strong></span> <span class='ocrx_word' id='word_1_97' title='bbox 331 1031 510 1064; x_wconf 81' lang='lat' dir='ltr'><strong>eriperemus,</strong></span> <span class='ocrx_word' id='word_1_98' title='bbox 529 1036 589 1062; x_wconf 64' lang='lat' dir='ltr'><strong>quae</strong></span> <span class='ocrx_word' id='word_1_99' title='bbox 611 1036 644 1055; x_wconf 88' lang='lat' dir='ltr'><strong>ex</strong></span> <span class='ocrx_word' id='word_1_100' title='bbox 670 1027 868 1062; x_wconf 80' lang='lat' dir='ltr'><strong>posterioribus</strong></span> <span class='ocrx_word' id='word_1_101' title='bbox 883 1026 957 1054; x_wconf 81' lang='lat' dir='ltr'><strong>curis</strong></span> 
     </span>
    </p>
   </div>
   <div class='ocr_carea' id='block_1_17' title="bbox 171 1071 955 1112">
    <p class='ocr_par' dir='ltr' id='par_1_17' title="bbox 171 1071 955 1112">
     <span class='ocr_line' id='line_1_17' title="bbox 171 1071 955 1112; baseline -0.008 -8"><span class='ocrx_word' id='word_1_102' title='bbox 171 1079 244 1112; x_wconf 72' lang='lat' dir='ltr'><strong>(qua:</strong></span> <span class='ocrx_word' id='word_1_103' title='bbox 264 1076 441 1111; x_wconf 82' lang='lat' dir='ltr'><strong>sapientiores</strong></span> <span class='ocrx_word' id='word_1_104' title='bbox 465 1082 526 1101; x_wconf 89' lang='lat' dir='ltr'><strong>esse</strong></span> <span class='ocrx_word' id='word_1_105' title='bbox 551 1073 650 1108; x_wconf 86' lang='lat' dir='ltr'><strong>solent)</strong></span> <span class='ocrx_word' id='word_1_106' title='bbox 670 1072 862 1107; x_wconf 78' lang='lat' dir='ltr'><strong>proﬁciscitur.</strong></span> <span class='ocrx_word' id='word_1_107' title='bbox 889 1071 955 1098; x_wconf 84' lang='lat' dir='ltr'><strong>Cum</strong></span> 
     </span>
    </p>
   </div>
   <div class='ocr_carea' id='block_1_18' title="bbox 171 1116 957 1158">
    <p class='ocr_par' dir='ltr' id='par_1_18' title="bbox 171 1116 957 1158">
     <span class='ocr_line' id='line_1_18' title="bbox 171 1116 957 1158; baseline -0.011 -6"><span class='ocrx_word' id='word_1_108' title='bbox 171 1132 239 1152; x_wconf 83' lang='lat' dir='ltr'><strong>vero</strong></span> <span class='ocrx_word' id='word_1_109' title='bbox 253 1131 287 1151; x_wconf 89' lang='lat' dir='ltr'><strong>ex</strong></span> <span class='ocrx_word' id='word_1_110' title='bbox 301 1130 355 1158; x_wconf 93' lang='lat' dir='ltr'><strong>quo</strong></span> <span class='ocrx_word' id='word_1_111' title='bbox 371 1121 465 1149; x_wconf 71' lang='lat' dir='ltr'><strong>eadem</strong></span> <span class='ocrx_word' id='word_1_112' title='bbox 481 1120 566 1148; x_wconf 88' lang='lat' dir='ltr'><strong>editio</strong></span> <span class='ocrx_word' id='word_1_113' title='bbox 583 1119 742 1146; x_wconf 80' lang='lat' dir='ltr'><strong>felicissime</strong></span> <span class='ocrx_word' id='word_1_114' title='bbox 762 1117 885 1145; x_wconf 87' lang='lat' dir='ltr'><strong>absoluta</strong></span> <span class='ocrx_word' id='word_1_115' title='bbox 906 1116 957 1144; x_wconf 79' lang='lat' dir='ltr'><strong>fuit</strong></span> 
     </span>
    </p>
   </div>
   <div class='ocr_carea' id='block_1_19' title="bbox 173 1163 958 1202">
    <p class='ocr_par' dir='ltr' id='par_1_19' title="bbox 173 1163 958 1202">
     <span class='ocr_line' id='line_1_19' title="bbox 173 1163 958 1202; baseline -0.013 -3"><span class='ocrx_word' id='word_1_116' title='bbox 173 1172 208 1198; x_wconf 84' lang='lat' dir='ltr'><strong>ad</strong></span> <span class='ocrx_word' id='word_1_117' title='bbox 221 1175 341 1198; x_wconf 86' lang='lat' dir='ltr'><strong>nostram</strong></span> <span class='ocrx_word' id='word_1_118' title='bbox 357 1175 443 1202; x_wconf 89' lang='lat' dir='ltr'><strong>usque</strong></span> <span class='ocrx_word' id='word_1_119' title='bbox 456 1172 562 1194; x_wconf 65' lang='lat' dir='ltr'><strong>aetatem</strong></span> <span class='ocrx_word' id='word_1_120' title='bbox 576 1173 624 1200; x_wconf 80' lang='lat' dir='ltr'><strong>per</strong></span> <span class='ocrx_word' id='word_1_121' title='bbox 642 1165 791 1192; x_wconf 82' lang='lat' dir='ltr'><strong>industrios</strong></span> <span class='ocrx_word' id='word_1_122' title='bbox 813 1163 958 1198; x_wconf 83' lang='lat' dir='ltr'><strong>antiquita-</strong></span> 
     </span>
    </p>
   </div>
   <div class='ocr_carea' id='block_1_20' title="bbox 174 1211 956 1251">
    <p class='ocr_par' dir='ltr' id='par_1_20' title="bbox 174 1211 956 1251">
     <span class='ocr_line' id='line_1_20' title="bbox 174 1211 956 1251; baseline -0.01 -7"><span class='ocrx_word' id='word_1_123' title='bbox 174 1217 392 1251; x_wconf 20' lang='lat' dir='ltr'><strong>tis‘indagatores</strong></span> <span class='ocrx_word' id='word_1_124' title='bbox 405 1221 458 1241; x_wconf 93' lang='lat' dir='ltr'><strong>non</strong></span> <span class='ocrx_word' id='word_1_125' title='bbox 481 1220 567 1248; x_wconf 85' lang='lat' dir='ltr'><strong>pauca</strong></span> <span class='ocrx_word' id='word_1_126' title='bbox 590 1212 619 1239; x_wconf 87' lang='lat' dir='ltr'><strong>S.</strong></span> <span class='ocrx_word' id='word_1_127' title='bbox 640 1211 765 1239; x_wconf 88' lang='lat' dir='ltr'><strong>Doctoris</strong></span> <span class='ocrx_word' id='word_1_128' title='bbox 785 1214 956 1238; x_wconf 84' lang='lat' dir='ltr'><strong>monumenta</strong></span> 
     </span>
    </p>
   </div>
   <div class='ocr_carea' id='block_1_21' title="bbox 172 1249 992 1291">
    <p class='ocr_par' dir='ltr' id='par_1_21' title="bbox 172 1249 992 1291">
     <span class='ocr_line' id='line_1_21' title="bbox 172 1249 992 1291; baseline -0.012 0"><span class='ocrx_word' id='word_1_129' title='bbox 172 1272 190 1291; x_wconf 83' lang='lat' dir='ltr'><strong>e</strong></span> <span class='ocrx_word' id='word_1_130' title='bbox 202 1249 427 1291; x_wconf 69' lang='lat' dir='ltr'><strong>bibliothecarum</strong></span> <span class='ocrx_word' id='word_1_131' title='bbox 443 1259 561 1287; x_wconf 83' lang='lat' dir='ltr'><strong>tenebris</strong></span> <span class='ocrx_word' id='word_1_132' title='bbox 574 1263 652 1286; x_wconf 86' lang='lat' dir='ltr'><strong>eruta</strong></span> <span class='ocrx_word' id='word_1_133' title='bbox 669 1258 694 1285; x_wconf 91' lang='lat' dir='ltr'><strong>iu</strong></span> <span class='ocrx_word' id='word_1_134' title='bbox 712 1257 802 1285; x_wconf 87' lang='lat' dir='ltr'><strong>lucem</strong></span> <span class='ocrx_word' id='word_1_135' title='bbox 817 1257 954 1289; x_wconf 90' lang='lat' dir='ltr'><strong>venerint,</strong></span> <span class='ocrx_word' id='word_1_136' title='bbox 971 1249 992 1276; x_wconf 77' lang='grc' dir='ltr'>Β</span> 
     </span>
    </p>
   </div>
   <div class='ocr_carea' id='block_1_22' title="bbox 175 1303 956 1344">
    <p class='ocr_par' dir='ltr' id='par_1_22' title="bbox 175 1303 956 1344">
     <span class='ocr_line' id='line_1_22' title="bbox 175 1303 956 1344; baseline -0.009 -8"><span class='ocrx_word' id='word_1_137' title='bbox 175 1310 289 1344; x_wconf 86' lang='lat' dir='ltr'><strong>plurima</strong></span> <span class='ocrx_word' id='word_1_138' title='bbox 303 1315 366 1336; x_wconf 90' lang='lat' dir='ltr'><strong>vero</strong></span> <span class='ocrx_word' id='word_1_139' title='bbox 382 1308 414 1334; x_wconf 91' lang='lat' dir='ltr'><strong>ad</strong></span> <span class='ocrx_word' id='word_1_140' title='bbox 428 1306 487 1340; x_wconf 87' lang='lat' dir='ltr'><strong>ejus</strong></span> <span class='ocrx_word' id='word_1_141' title='bbox 503 1306 604 1340; x_wconf 84' lang='lat' dir='ltr'><strong>scripta</strong></span> <span class='ocrx_word' id='word_1_142' title='bbox 627 1312 660 1332; x_wconf 89' lang='lat' dir='ltr'><strong>ac</strong></span> <span class='ocrx_word' id='word_1_143' title='bbox 684 1309 761 1340; x_wconf 81' lang='lat' dir='ltr'><strong>gesta</strong></span> <span class='ocrx_word' id='word_1_144' title='bbox 785 1303 956 1334; x_wconf 86' lang='lat' dir='ltr'><strong>illustranda,</strong></span> 
     </span>
    </p>
   </div>
   <div class='ocr_carea' id='block_1_23' title="bbox 174 1349 957 1390">
    <p class='ocr_par' dir='ltr' id='par_1_23' title="bbox 174 1349 957 1390">
     <span class='ocr_line' id='line_1_23' title="bbox 174 1349 957 1390; baseline -0.011 -6"><span class='ocrx_word' id='word_1_145' title='bbox 174 1365 207 1384; x_wconf 84' lang='lat' dir='ltr'><strong>ac</strong></span> <span class='ocrx_word' id='word_1_146' title='bbox 219 1356 304 1390; x_wconf 80' lang='lat' dir='ltr'><strong>majus</strong></span> <span class='ocrx_word' id='word_1_147' title='bbox 319 1355 346 1382; x_wconf 86' lang='lat' dir='ltr'><strong>i-n</strong></span> <span class='ocrx_word' id='word_1_148' title='bbox 360 1355 450 1382; x_wconf 88' lang='lat' dir='ltr'><strong>lumen</strong></span> <span class='ocrx_word' id='word_1_149' title='bbox 465 1352 621 1380; x_wconf 83' lang='lat' dir='ltr'><strong>collocanda</strong></span> <span class='ocrx_word' id='word_1_150' title='bbox 639 1351 672 1378; x_wconf 86' lang='lat' dir='ltr'><strong>ab</strong></span> <span class='ocrx_word' id='word_1_151' title='bbox 687 1349 880 1378; x_wconf 87' lang='lat' dir='ltr'><strong>eruditissimis</strong></span> <span class='ocrx_word' id='word_1_152' title='bbox 892 1349 957 1384; x_wconf 71' lang='lat' dir='ltr'><strong>viris</strong></span> 
     </span>
    </p>
   </div>
   <div class='ocr_carea' id='block_1_24' title="bbox 175 1396 958 1431">
    <p class='ocr_par' dir='ltr' id='par_1_24' title="bbox 175 1396 958 1431">
     <span class='ocr_line' id='line_1_24' title="bbox 175 1396 958 1431; baseline -0.01 -1"><span class='ocrx_word' id='word_1_153' title='bbox 175 1403 291 1430; x_wconf 83' lang='lat' dir='ltr'><strong>subinde</strong></span> <span class='ocrx_word' id='word_1_154' title='bbox 302 1401 407 1428; x_wconf 66' lang='lat' dir='ltr'><strong>fuerint</strong></span> <span class='ocrx_word' id='word_1_155' title='bbox 424 1399 591 1430; x_wconf 81' lang='lat' dir='ltr'><strong>elucubrata,</strong></span> <span class='ocrx_word' id='word_1_156' title='bbox 606 1397 666 1424; x_wconf 89' lang='lat' dir='ltr'><strong>ideo</strong></span> <span class='ocrx_word' id='word_1_157' title='bbox 681 1405 740 1429; x_wconf 90' lang='lat' dir='ltr'><strong>nos,</strong></span> <span class='ocrx_word' id='word_1_158' title='bbox 757 1397 802 1431; x_wconf 87' lang='lat' dir='ltr'><strong>qui</strong></span> <span class='ocrx_word' id='word_1_159' title='bbox 822 1396 847 1423; x_wconf 93' lang='lat' dir='ltr'><strong>in</strong></span> <span class='ocrx_word' id='word_1_160' title='bbox 862 1396 888 1423; x_wconf 90' lang='lat' dir='ltr'><strong>id</strong></span> <span class='ocrx_word' id='word_1_161' title='bbox 902 1399 958 1422; x_wconf 76' lang='lat' dir='ltr'><strong>stu-</strong></span> 
     </span>
    </p>
   </div>
   <div class='ocr_carea' id='block_1_25' title="bbox 175 1443 957 1480">
    <p class='ocr_par' dir='ltr' id='par_1_25' title="bbox 175 1443 957 1480">
     <span class='ocr_line' id='line_1_25' title="bbox 175 1443 957 1480; baseline -0.01 -4"><span class='ocrx_word' id='word_1_162' title='bbox 175 1450 249 1476; x_wconf 84' lang='lat' dir='ltr'><strong>dium</strong></span> <span class='ocrx_word' id='word_1_163' title='bbox 266 1455 346 1475; x_wconf 83' lang='lat' dir='ltr'><strong>omne</strong></span> <span class='ocrx_word' id='word_1_164' title='bbox 367 1454 400 1474; x_wconf 91' lang='lat' dir='ltr'><strong>ac</strong></span> <span class='ocrx_word' id='word_1_165' title='bbox 419 1445 586 1480; x_wconf 76' lang='lat' dir='ltr'><strong>diligentiam</strong></span> <span class='ocrx_word' id='word_1_166' title='bbox 610 1443 802 1478; x_wconf 88' lang='lat' dir='ltr'><strong>impendimus,</strong></span> <span class='ocrx_word' id='word_1_167' title='bbox 819 1447 848 1469; x_wconf 91' lang='lat' dir='ltr'><strong>ut</strong></span> <span class='ocrx_word' id='word_1_168' title='bbox 866 1446 957 1469; x_wconf 88' lang='lat' dir='ltr'><strong>nostra</strong></span> 
     </span>
    </p>
   </div>
   <div class='ocr_carea' id='block_1_26' title="bbox 176 1488 957 1532">
    <p class='ocr_par' dir='ltr' id='par_1_26' title="bbox 176 1488 957 1532">
     <span class='ocr_line' id='line_1_26' title="bbox 176 1488 957 1532; baseline -0.01 -9"><span class='ocrx_word' id='word_1_169' title='bbox 176 1496 274 1532; x_wconf 46' lang='lat' dir='ltr'><strong>haec-et</strong></span> <span class='ocrx_word' id='word_1_170' title='bbox 291 1498 387 1522; x_wconf 90' lang='lat' dir='ltr'><strong>exacte</strong></span> <span class='ocrx_word' id='word_1_171' title='bbox 405 1492 515 1520; x_wconf 90' lang='lat' dir='ltr'><strong>omnino</strong></span> <span class='ocrx_word' id='word_1_172' title='bbox 534 1491 687 1522; x_wconf 84' lang='lat' dir='ltr'><strong>elaborata,</strong></span> <span class='ocrx_word' id='word_1_173' title='bbox 710 1494 749 1522; x_wconf 90' lang='lat' dir='ltr'><strong>et,</strong></span> <span class='ocrx_word' id='word_1_174' title='bbox 773 1493 903 1524; x_wconf 88' lang='lat' dir='ltr'><strong>quantum</strong></span> <span class='ocrx_word' id='word_1_175' title='bbox 931 1488 957 1515; x_wconf 80' lang='lat' dir='ltr'><strong>in</strong></span> 
     </span>
    </p>
   </div>
   <div class='ocr_carea' id='block_1_27' title="bbox 176 1536 958 1572">
    <p class='ocr_par' dir='ltr' id='par_1_27' title="bbox 176 1536 958 1572">
     <span class='ocr_line' id='line_1_27' title="bbox 176 1536 958 1572; baseline -0.009 -4"><span class='ocrx_word' id='word_1_176' title='bbox 176 1541 255 1568; x_wconf 86' lang='lat' dir='ltr'><strong>nobis</strong></span> <span class='ocrx_word' id='word_1_177' title='bbox 268 1544 319 1572; x_wconf 89' lang='lat' dir='ltr'><strong>est,</strong></span> <span class='ocrx_word' id='word_1_178' title='bbox 332 1539 454 1566; x_wconf 85' lang='lat' dir='ltr'><strong>numeris</strong></span> <span class='ocrx_word' id='word_1_179' title='bbox 466 1537 592 1565; x_wconf 87' lang='lat' dir='ltr'><strong>omnibus</strong></span> <span class='ocrx_word' id='word_1_180' title='bbox 609 1536 732 1564; x_wconf 82' lang='lat' dir='ltr'><strong>absoluta</strong></span> <span class='ocrx_word' id='word_1_181' title='bbox 746 1536 869 1571; x_wconf 78' lang='lat' dir='ltr'><strong>prodeat,</strong></span> <span class='ocrx_word' id='word_1_182' title='bbox 882 1542 958 1570; x_wconf 65' lang='lat' dir='ltr'><strong>qua!-</strong></span> 
     </span>
    </p>
   </div>
   <div class='ocr_carea' id='block_1_28' title="bbox 175 1582 958 1622">
    <p class='ocr_par' dir='ltr' id='par_1_28' title="bbox 175 1582 958 1622">
     <span class='ocr_line' id='line_1_28' title="bbox 175 1582 958 1622; baseline -0.006 -8"><span class='ocrx_word' id='word_1_183' title='bbox 175 1590 283 1622; x_wconf 82' lang='lat' dir='ltr'><strong>cu‘nque</strong></span> <span class='ocrx_word' id='word_1_184' title='bbox 301 1589 360 1620; x_wconf 89' lang='lat' dir='ltr'><strong>post</strong></span> <span class='ocrx_word' id='word_1_185' title='bbox 371 1592 403 1612; x_wconf 89' lang='lat' dir='ltr'><strong>ca</strong></span> <span class='ocrx_word' id='word_1_186' title='bbox 420 1590 539 1618; x_wconf 89' lang='lat' dir='ltr'><strong>tempora</strong></span> <span class='ocrx_word' id='word_1_187' title='bbox 555 1583 644 1618; x_wconf 79' lang='lat' dir='ltr'><strong>Magni</strong></span> <span class='ocrx_word' id='word_1_188' title='bbox 657 1582 800 1610; x_wconf 83' lang='lat' dir='ltr'><strong>Athanasii</strong></span> <span class='ocrx_word' id='word_1_189' title='bbox 817 1582 917 1616; x_wconf 89' lang='lat' dir='ltr'><strong>scripta</strong></span> <span class='ocrx_word' id='word_1_190' title='bbox 931 1587 958 1609; x_wconf 85' lang='lat' dir='ltr'><strong>et</strong></span> 
     </span>
    </p>
   </div>
   <div class='ocr_carea' id='block_1_29' title="bbox 172 1628 959 1666">
    <p class='ocr_par' dir='ltr' id='par_1_29' title="bbox 172 1628 959 1666">
     <span class='ocr_line' id='line_1_29' title="bbox 172 1628 959 1666; baseline -0.006 -7"><span class='ocrx_word' id='word_1_191' title='bbox 172 1631 389 1666; x_wconf 63' lang='grc' dir='ltr'><strong>ἀπωσπασμάτια</strong></span> <span class='ocrx_word' id='word_1_192' title='bbox 406 1630 513 1664; x_wconf 80' lang='lat' dir='ltr'><strong>vulgata</strong></span> <span class='ocrx_word' id='word_1_193' title='bbox 539 1635 612 1661; x_wconf 90' lang='lat' dir='ltr'><strong>sunt,</strong></span> <span class='ocrx_word' id='word_1_194' title='bbox 629 1629 835 1656; x_wconf 81' lang='lat' dir='ltr'><strong>accuratissime</strong></span> <span class='ocrx_word' id='word_1_195' title='bbox 847 1628 959 1662; x_wconf 86' lang='lat' dir='ltr'><strong>collegi-</strong></span> 
     </span>
    </p>
   </div>
   <div class='ocr_carea' id='block_1_30' title="bbox 177 1675 958 1710">
    <p class='ocr_par' dir='ltr' id='par_1_30' title="bbox 177 1675 958 1710">
     <span class='ocr_line' id='line_1_30' title="bbox 177 1675 958 1710; baseline -0.003 -7"><span class='ocrx_word' id='word_1_196' title='bbox 177 1685 247 1708; x_wconf 86' lang='lat' dir='ltr'><strong>mus,</strong></span> <span class='ocrx_word' id='word_1_197' title='bbox 270 1682 298 1704; x_wconf 85' lang='lat' dir='ltr'><strong>et</strong></span> <span class='ocrx_word' id='word_1_198' title='bbox 318 1677 345 1703; x_wconf 90' lang='lat' dir='ltr'><strong>in</strong></span> <span class='ocrx_word' id='word_1_199' title='bbox 371 1684 453 1703; x_wconf 90' lang='lat' dir='ltr'><strong>unum</strong></span> <span class='ocrx_word' id='word_1_200' title='bbox 473 1677 551 1710; x_wconf 90' lang='lat' dir='ltr'><strong>quasi</strong></span> <span class='ocrx_word' id='word_1_201' title='bbox 574 1683 674 1710; x_wconf 87' lang='lat' dir='ltr'><strong>corpus</strong></span> <span class='ocrx_word' id='word_1_202' title='bbox 698 1675 901 1710; x_wconf 79' lang='lat' dir='ltr'><strong>congessimus;</strong></span> <span class='ocrx_word' id='word_1_203' title='bbox 924 1682 958 1702; x_wconf 79' lang='lat' dir='ltr'><strong>ex</strong></span> 
     </span>
    </p>
   </div>
   <div class='ocr_carea' id='block_1_31' title="bbox 175 1721 958 1757">
    <p class='ocr_par' dir='ltr' id='par_1_31' title="bbox 175 1721 958 1757">
     <span class='ocr_line' id='line_1_31' title="bbox 175 1721 958 1757; baseline -0.004 -7"><span class='ocrx_word' id='word_1_204' title='bbox 175 1723 344 1750; x_wconf 83' lang='lat' dir='ltr'><strong>eruditorum</strong></span> <span class='ocrx_word' id='word_1_205' title='bbox 361 1728 450 1750; x_wconf 91' lang='lat' dir='ltr'><strong>autem</strong></span> <span class='ocrx_word' id='word_1_206' title='bbox 467 1722 606 1757; x_wconf 85' lang='lat' dir='ltr'><strong>opusculis</strong></span> <span class='ocrx_word' id='word_1_207' title='bbox 626 1730 658 1749; x_wconf 89' lang='lat' dir='ltr'><strong>ac</strong></span> <span class='ocrx_word' id='word_1_208' title='bbox 673 1721 911 1748; x_wconf 84' lang='lat' dir='ltr'><strong>dissertationibus</strong></span> <span class='ocrx_word' id='word_1_209' title='bbox 925 1728 958 1748; x_wconf 86' lang='lat' dir='ltr'><strong>ea</strong></span> 
     </span>
    </p>
   </div>
   <div class='ocr_carea' id='block_1_32' title="bbox 177 1767 957 1804">
    <p class='ocr_par' dir='ltr' id='par_1_32' title="bbox 177 1767 957 1804">
     <span class='ocr_line' id='line_1_32' title="bbox 177 1767 957 1804; baseline -0.005 -8"><span class='ocrx_word' id='word_1_210' title='bbox 177 1769 363 1797; x_wconf 87' lang='lat' dir='ltr'><strong>tantummodo</strong></span> <span class='ocrx_word' id='word_1_211' title='bbox 382 1769 539 1804; x_wconf 82' lang='lat' dir='ltr'><strong>selegimus,</strong></span> <span class='ocrx_word' id='word_1_212' title='bbox 568 1776 628 1802; x_wconf 72' lang='lat' dir='ltr'><strong>qua:</strong></span> <span class='ocrx_word' id='word_1_213' title='bbox 646 1772 673 1795; x_wconf 90' lang='lat' dir='ltr'><strong>et</strong></span> <span class='ocrx_word' id='word_1_214' title='bbox 695 1767 781 1803; x_wconf 80' lang='lat' dir='ltr'><strong>magis</strong></span> <span class='ocrx_word' id='word_1_215' title='bbox 805 1767 957 1794; x_wconf 86' lang='lat' dir='ltr'><strong>necessaria</strong></span> 
     </span>
    </p>
   </div>
   <div class='ocr_carea' id='block_1_33' title="bbox 176 1813 958 1852">
    <p class='ocr_par' dir='ltr' id='par_1_33' title="bbox 176 1813 958 1852">
     <span class='ocr_line' id='line_1_33' title="bbox 176 1813 958 1852; baseline -0.006 -9"><span class='ocrx_word' id='word_1_216' title='bbox 176 1820 205 1844; x_wconf 92' lang='lat' dir='ltr'><strong>et</strong></span> <span class='ocrx_word' id='word_1_217' title='bbox 227 1816 346 1852; x_wconf 79' lang='lat' dir='ltr'><strong>gratiora</strong></span> <span class='ocrx_word' id='word_1_218' title='bbox 363 1815 513 1848; x_wconf 76' lang='lat' dir='ltr'><strong>legentibus</strong></span> <span class='ocrx_word' id='word_1_219' title='bbox 537 1815 732 1850; x_wconf 89' lang='lat' dir='ltr'><strong>judicavimus,</strong></span> <span class='ocrx_word' id='word_1_220' title='bbox 755 1821 790 1840; x_wconf 86' lang='lat' dir='ltr'><strong>ne</strong></span> <span class='ocrx_word' id='word_1_221' title='bbox 817 1813 839 1840; x_wconf 88' lang='lat' dir='ltr'><strong>si</strong></span> <span class='ocrx_word' id='word_1_222' title='bbox 867 1813 958 1839; x_wconf 87' lang='lat' dir='ltr'><strong>omnia</strong></span> 
     </span>
    </p>
   </div>
   <div class='ocr_carea' id='block_1_34' title="bbox 177 1858 958 1893">
    <p class='ocr_par' dir='ltr' id='par_1_34' title="bbox 177 1858 958 1893">
     <span class='ocr_line' id='line_1_34' title="bbox 177 1858 958 1893; baseline -0.006 -4"><span class='ocrx_word' id='word_1_223' title='bbox 177 1869 418 1893; x_wconf 86' lang='lat' dir='ltr'><strong>coacervaremus,</strong></span> <span class='ocrx_word' id='word_1_224' title='bbox 435 1865 463 1888; x_wconf 85' lang='lat' dir='ltr'><strong>et</strong></span> <span class='ocrx_word' id='word_1_225' title='bbox 479 1860 626 1888; x_wconf 86' lang='lat' dir='ltr'><strong>levioribus</strong></span> <span class='ocrx_word' id='word_1_226' title='bbox 650 1860 725 1888; x_wconf 87' lang='lat' dir='ltr'><strong>locus</strong></span> <span class='ocrx_word' id='word_1_227' title='bbox 740 1865 824 1891; x_wconf 88' lang='lat' dir='ltr'><strong>esset,</strong></span> <span class='ocrx_word' id='word_1_228' title='bbox 842 1863 869 1885; x_wconf 89' lang='lat' dir='ltr'><strong>et</strong></span> <span class='ocrx_word' id='word_1_229' title='bbox 884 1858 958 1885; x_wconf 91' lang='lat' dir='ltr'><strong>volu-</strong></span> 
     </span>
    </p>
   </div>
   <div class='ocr_carea' id='block_1_35' title="bbox 179 1907 994 1943">
    <p class='ocr_par' dir='ltr' id='par_1_35' title="bbox 179 1907 994 1943">
     <span class='ocr_line' id='line_1_35' title="bbox 179 1907 994 1943; baseline -0.002 -9"><span class='ocrx_word' id='word_1_230' title='bbox 179 1915 243 1935; x_wconf 90' lang='lat' dir='ltr'><strong>men</strong></span> <span class='ocrx_word' id='word_1_231' title='bbox 261 1907 347 1942; x_wconf 90' lang='lat' dir='ltr'><strong>ipsum</strong></span> <span class='ocrx_word' id='word_1_232' title='bbox 363 1907 390 1934; x_wconf 92' lang='lat' dir='ltr'><strong>in</strong></span> <span class='ocrx_word' id='word_1_233' title='bbox 405 1907 514 1934; x_wconf 82' lang='lat' dir='ltr'><strong>nimiam</strong></span> <span class='ocrx_word' id='word_1_234' title='bbox 539 1907 753 1941; x_wconf 77' lang='lat' dir='ltr'><strong>magnitudinem</strong></span> <span class='ocrx_word' id='word_1_235' title='bbox 774 1911 956 1933; x_wconf 89' lang='lat' dir='ltr'><strong>excresceret.</strong></span> <span class='ocrx_word' id='word_1_236' title='bbox 972 1915 994 1943; x_wconf 67' lang='grc' dir='ltr'><strong>ο</strong></span> 
     </span>
    </p>
   </div>
   <div class='ocr_carea' id='block_1_36' title="bbox 179 1952 957 1989">
    <p class='ocr_par' dir='ltr' id='par_1_36' title="bbox 179 1952 957 1989">
     <span class='ocr_line' id='line_1_36' title="bbox 179 1952 957 1989; baseline -0.005 -8"><span class='ocrx_word' id='word_1_237' title='bbox 179 1954 273 1989; x_wconf 71' lang='lat' dir='ltr'><strong>Neque</strong></span> <span class='ocrx_word' id='word_1_238' title='bbox 289 1961 352 1981; x_wconf 88' lang='lat' dir='ltr'><strong>vero</strong></span> <span class='ocrx_word' id='word_1_239' title='bbox 376 1953 528 1988; x_wconf 84' lang='lat' dir='ltr'><strong>hujusmodi</strong></span> <span class='ocrx_word' id='word_1_240' title='bbox 555 1953 584 1980; x_wconf 86' lang='lat' dir='ltr'><strong>S.</strong></span> <span class='ocrx_word' id='word_1_241' title='bbox 606 1952 747 1980; x_wconf 78' lang='lat' dir='ltr'><strong>Athanasii</strong></span> <span class='ocrx_word' id='word_1_242' title='bbox 769 1955 957 1978; x_wconf 89' lang='lat' dir='ltr'><strong>monumento-</strong></span> 
     </span>
    </p>
   </div>
   <div class='ocr_carea' id='block_1_37' title="bbox 180 1996 960 2036">
    <p class='ocr_par' dir='ltr' id='par_1_37' title="bbox 180 1996 960 2036">
     <span class='ocr_line' id='line_1_37' title="bbox 180 1996 960 2036; baseline -0.009 -7"><span class='ocrx_word' id='word_1_243' title='bbox 180 2010 251 2034; x_wconf 90' lang='lat' dir='ltr'><strong>rum,</strong></span> <span class='ocrx_word' id='word_1_244' title='bbox 269 2008 328 2035; x_wconf 71' lang='lat' dir='ltr'><strong>qua:</strong></span> <span class='ocrx_word' id='word_1_245' title='bbox 353 2000 423 2036; x_wconf 83' lang='lat' dir='ltr'><strong>typis</strong></span> <span class='ocrx_word' id='word_1_246' title='bbox 445 1999 545 2026; x_wconf 88' lang='lat' dir='ltr'><strong>nostris</strong></span> <span class='ocrx_word' id='word_1_247' title='bbox 571 1998 768 2030; x_wconf 83' lang='lat' dir='ltr'><strong>commisimus,</strong></span> <span class='ocrx_word' id='word_1_248' title='bbox 793 1996 960 2025; x_wconf 73' lang='lat' dir='ltr'><strong>collectiorris</strong></span> 
     </span>
    </p>
   </div>
   <div class='ocr_carea' id='block_1_38' title="bbox 179 2041 960 2076">
    <p class='ocr_par' dir='ltr' id='par_1_38' title="bbox 179 2041 960 2076">
     <span class='ocr_line' id='line_1_38' title="bbox 179 2041 960 2076; baseline -0.009 -1"><span class='ocrx_word' id='word_1_249' title='bbox 179 2049 285 2075; x_wconf 83' lang='lat' dir='ltr'><strong>laudem</strong></span> <span class='ocrx_word' id='word_1_250' title='bbox 313 2047 390 2074; x_wconf 87' lang='lat' dir='ltr'><strong>nobis</strong></span> <span class='ocrx_word' id='word_1_251' title='bbox 420 2046 550 2073; x_wconf 77' lang='lat' dir='ltr'><strong>tributam</strong></span> <span class='ocrx_word' id='word_1_252' title='bbox 575 2044 717 2076; x_wconf 89' lang='lat' dir='ltr'><strong>volumus;</strong></span> <span class='ocrx_word' id='word_1_253' title='bbox 746 2043 780 2070; x_wconf 88' lang='lat' dir='ltr'><strong>iis</strong></span> <span class='ocrx_word' id='word_1_254' title='bbox 804 2043 877 2070; x_wconf 88' lang='lat' dir='ltr'><strong>enim</strong></span> <span class='ocrx_word' id='word_1_255' title='bbox 899 2041 960 2076; x_wconf 82' lang='lat' dir='ltr'><strong>jure</strong></span> 
     </span>
    </p>
   </div>
   <div class='ocr_carea' id='block_1_39' title="bbox 179 2086 960 2130">
    <p class='ocr_par' dir='ltr' id='par_1_39' title="bbox 179 2086 960 2130">
     <span class='ocr_line' id='line_1_39' title="bbox 179 2086 960 2130; baseline -0.012 -8"><span class='ocrx_word' id='word_1_256' title='bbox 179 2095 282 2130; x_wconf 88' lang='lat' dir='ltr'><strong>optimo</strong></span> <span class='ocrx_word' id='word_1_257' title='bbox 308 2093 431 2126; x_wconf 84' lang='lat' dir='ltr'><strong>debetur,</strong></span> <span class='ocrx_word' id='word_1_258' title='bbox 453 2099 568 2126; x_wconf 86' lang='lat' dir='ltr'><strong>quorum</strong></span> <span class='ocrx_word' id='word_1_259' title='bbox 596 2090 720 2118; x_wconf 88' lang='lat' dir='ltr'><strong>doctrina</strong></span> <span class='ocrx_word' id='word_1_260' title='bbox 742 2094 770 2117; x_wconf 91' lang='lat' dir='ltr'><strong>et</strong></span> <span class='ocrx_word' id='word_1_261' title='bbox 793 2087 906 2116; x_wconf 91' lang='lat' dir='ltr'><strong>consilio</strong></span> <span class='ocrx_word' id='word_1_262' title='bbox 934 2086 960 2113; x_wconf 88' lang='lat' dir='ltr'><strong>id</strong></span> 
     </span>
    </p>
   </div>
   <div class='ocr_carea' id='block_1_40' title="bbox 178 2134 960 2178">
    <p class='ocr_par' dir='ltr' id='par_1_40' title="bbox 178 2134 960 2178">
     <span class='ocr_line' id='line_1_40' title="bbox 178 2134 960 2178; baseline -0.01 -9"><span class='ocrx_word' id='word_1_263' title='bbox 178 2141 363 2178; x_wconf 74' lang='lat' dir='ltr'><strong>praestitimus.</strong></span> <span class='ocrx_word' id='word_1_264' title='bbox 392 2140 431 2167; x_wconf 87' lang='lat' dir='ltr'><strong>Ea</strong></span> <span class='ocrx_word' id='word_1_265' title='bbox 455 2146 521 2166; x_wconf 89' lang='lat' dir='ltr'><strong>vero</strong></span> <span class='ocrx_word' id='word_1_266' title='bbox 543 2138 612 2170; x_wconf 86' lang='lat' dir='ltr'><strong>laus,</strong></span> <span class='ocrx_word' id='word_1_267' title='bbox 635 2144 667 2166; x_wconf 90' lang='lat' dir='ltr'><strong>ac</strong></span> <span class='ocrx_word' id='word_1_268' title='bbox 691 2137 775 2171; x_wconf 82' lang='lat' dir='ltr'><strong>gloria</strong></span> <span class='ocrx_word' id='word_1_269' title='bbox 801 2135 908 2171; x_wconf 83' lang='lat' dir='ltr'><strong>propria</strong></span> <span class='ocrx_word' id='word_1_270' title='bbox 933 2134 960 2161; x_wconf 87' lang='lat' dir='ltr'><strong>in</strong></span> 
     </span>
    </p>
   </div>
   <div class='ocr_carea' id='block_1_41' title="bbox 179 2181 960 2222">
    <p class='ocr_par' dir='ltr' id='par_1_41' title="bbox 179 2181 960 2222">
     <span class='ocr_line' id='line_1_41' title="bbox 179 2181 960 2222; baseline -0.012 -7"><span class='ocrx_word' id='word_1_271' title='bbox 179 2188 275 2222; x_wconf 87' lang='lat' dir='ltr'><strong>primis</strong></span> <span class='ocrx_word' id='word_1_272' title='bbox 298 2187 378 2215; x_wconf 83' lang='lat' dir='ltr'><strong>Joan.</strong></span> <span class='ocrx_word' id='word_1_273' title='bbox 404 2185 561 2220; x_wconf 77' lang='lat' dir='ltr'><strong>Hieronymi</strong></span> <span class='ocrx_word' id='word_1_274' title='bbox 585 2183 744 2215; x_wconf 85' lang='lat' dir='ltr'><strong>Gradouici,</strong></span> <span class='ocrx_word' id='word_1_275' title='bbox 762 2181 960 2216; x_wconf 77' lang='lat' dir='ltr'><strong>archiepiscopi</strong></span> 
     </span>
    </p>
   </div>
   <div class='ocr_carea' id='block_1_42' title="bbox 180 2226 958 2268">
    <p class='ocr_par' dir='ltr' id='par_1_42' title="bbox 180 2226 958 2268">
     <span class='ocr_line' id='line_1_42' title="bbox 180 2226 958 2268; baseline -0.013 -6"><span class='ocrx_word' id='word_1_276' title='bbox 180 2234 329 2266; x_wconf 74' lang='lat' dir='ltr'><strong>Utineusis,</strong></span> <span class='ocrx_word' id='word_1_277' title='bbox 346 2232 391 2268; x_wconf 92' lang='lat' dir='ltr'><strong>qui</strong></span> <span class='ocrx_word' id='word_1_278' title='bbox 407 2233 441 2260; x_wconf 90' lang='lat' dir='ltr'><strong>ad</strong></span> <span class='ocrx_word' id='word_1_279' title='bbox 458 2231 652 2259; x_wconf 73' lang='lat' dir='ltr'><strong>ecclesiastica:</strong></span> <span class='ocrx_word' id='word_1_280' title='bbox 672 2229 810 2264; x_wconf 79' lang='lat' dir='ltr'><strong>dignitatis</strong></span> <span class='ocrx_word' id='word_1_281' title='bbox 833 2226 958 2260; x_wconf 83' lang='lat' dir='ltr'><strong>amplitu-</strong></span> 
     </span>
    </p>
   </div>
   <div class='ocr_carea' id='block_1_43' title="bbox 180 2276 963 2314">
    <p class='ocr_par' dir='ltr' id='par_1_43' title="bbox 180 2276 963 2314">
     <span class='ocr_line' id='line_1_43' title="bbox 180 2276 963 2314; baseline -0.014 -6"><span class='ocrx_word' id='word_1_282' title='bbox 180 2281 270 2308; x_wconf 88' lang='lat' dir='ltr'><strong>dinem</strong></span> <span class='ocrx_word' id='word_1_283' title='bbox 284 2280 310 2307; x_wconf 92' lang='lat' dir='ltr'><strong>in</strong></span> <span class='ocrx_word' id='word_1_284' title='bbox 325 2280 376 2307; x_wconf 91' lang='lat' dir='ltr'><strong>hoc</strong></span> <span class='ocrx_word' id='word_1_285' title='bbox 388 2278 522 2314; x_wconf 67' lang='lat' dir='ltr'><strong>prxecipue</strong></span> <span class='ocrx_word' id='word_1_286' title='bbox 536 2276 686 2304; x_wconf 89' lang='lat' dir='ltr'><strong>studiorum</strong></span> <span class='ocrx_word' id='word_1_287' title='bbox 704 2281 843 2302; x_wconf 87' lang='lat' dir='ltr'><strong>sacrorqu</strong></span> <span class='ocrx_word' id='word_1_288' title='bbox 862 2278 963 2306; x_wconf 79' lang='lat' dir='ltr'><strong>genere</strong></span> 
     </span>
    </p>
   </div>
   <div class='ocr_carea' id='block_1_44' title="bbox 181 2318 962 2359">
    <p class='ocr_par' dir='ltr' id='par_1_44' title="bbox 181 2318 962 2359">
     <span class='ocr_line' id='line_1_44' title="bbox 181 2318 962 2359; baseline -0.01 -8"><span class='ocrx_word' id='word_1_289' title='bbox 181 2325 345 2359; x_wconf 71' lang='lat' dir='ltr'><strong>singularem</strong></span> <span class='ocrx_word' id='word_1_290' title='bbox 364 2323 508 2358; x_wconf 87' lang='lat' dir='ltr'><strong>quamdam</strong></span> <span class='ocrx_word' id='word_1_291' title='bbox 532 2325 560 2348; x_wconf 90' lang='lat' dir='ltr'><strong>et</strong></span> <span class='ocrx_word' id='word_1_292' title='bbox 585 2320 749 2355; x_wconf 78' lang='lat' dir='ltr'><strong>exquisitam</strong></span> <span class='ocrx_word' id='word_1_293' title='bbox 779 2318 962 2345; x_wconf 89' lang='lat' dir='ltr'><strong>eruditionem</strong></span> 
     </span>
    </p>
   </div>
   <div class='ocr_carea' id='block_1_45' title="bbox 180 2365 963 2404">
    <p class='ocr_par' dir='ltr' id='par_1_45' title="bbox 180 2365 963 2404">
     <span class='ocr_line' id='line_1_45' title="bbox 180 2365 963 2404; baseline -0.009 -8"><span class='ocrx_word' id='word_1_294' title='bbox 180 2370 310 2404; x_wconf 68' lang='lat' dir='ltr'><strong>adiungit.</strong></span> <span class='ocrx_word' id='word_1_295' title='bbox 332 2369 361 2396; x_wconf 93' lang='lat' dir='ltr'><strong>ln</strong></span> <span class='ocrx_word' id='word_1_296' title='bbox 386 2370 464 2404; x_wconf 80' lang='lat' dir='ltr'><strong>hujus</strong></span> <span class='ocrx_word' id='word_1_297' title='bbox 480 2369 562 2395; x_wconf 88' lang='lat' dir='ltr'><strong>etiam</strong></span> <span class='ocrx_word' id='word_1_298' title='bbox 577 2368 736 2394; x_wconf 87' lang='lat' dir='ltr'><strong>societatem</strong></span> <span class='ocrx_word' id='word_1_299' title='bbox 752 2365 827 2391; x_wconf 87' lang='lat' dir='ltr'><strong>venit</strong></span> <span class='ocrx_word' id='word_1_300' title='bbox 849 2370 963 2397; x_wconf 84' lang='lat' dir='ltr'><strong>congre-</strong></span> 
     </span>
    </p>
   </div>
   <div class='ocr_carea' id='block_1_46' title="bbox 180 2409 961 2451">
    <p class='ocr_par' dir='ltr' id='par_1_46' title="bbox 180 2409 961 2451">
     <span class='ocr_line' id='line_1_46' title="bbox 180 2409 961 2451; baseline -0.01 -8"><span class='ocrx_word' id='word_1_301' title='bbox 180 2417 297 2451; x_wconf 83' lang='lat' dir='ltr'><strong>gationis</strong></span> <span class='ocrx_word' id='word_1_302' title='bbox 312 2415 429 2443; x_wconf 86' lang='lat' dir='ltr'><strong>Oratorii</strong></span> <span class='ocrx_word' id='word_1_303' title='bbox 445 2415 600 2450; x_wconf 85' lang='lat' dir='ltr'><strong>presbyter,</strong></span> <span class='ocrx_word' id='word_1_304' title='bbox 615 2412 737 2439; x_wconf 81' lang='lat' dir='ltr'><strong>Andreas</strong></span> <span class='ocrx_word' id='word_1_305' title='bbox 760 2410 885 2440; x_wconf 84' lang='lat' dir='ltr'><strong>Gallaud,</strong></span> <span class='ocrx_word' id='word_1_306' title='bbox 903 2409 961 2444; x_wconf 91' lang='lat' dir='ltr'><strong>qui,</strong></span> 
     </span>
    </p>
   </div>
   <div class='ocr_carea' id='block_1_47' title="bbox 181 2455 964 2497">
    <p class='ocr_par' dir='ltr' id='par_1_47' title="bbox 181 2455 964 2497">
     <span class='ocr_line' id='line_1_47' title="bbox 181 2455 964 2497; baseline -0.011 -7"><span class='ocrx_word' id='word_1_307' title='bbox 181 2467 310 2497; x_wconf 85' lang='lat' dir='ltr'><strong>quantum</strong></span> <span class='ocrx_word' id='word_1_308' title='bbox 329 2462 428 2494; x_wconf 87' lang='lat' dir='ltr'><strong>studio,</strong></span> <span class='ocrx_word' id='word_1_309' title='bbox 448 2461 585 2491; x_wconf 76' lang='lat' dir='ltr'><strong>doctrinm,</strong></span> <span class='ocrx_word' id='word_1_310' title='bbox 600 2458 702 2497; x_wconf 73' lang='lat' dir='ltr'><strong>critica:</strong></span> <span class='ocrx_word' id='word_1_311' title='bbox 720 2457 786 2484; x_wconf 88' lang='lat' dir='ltr'><strong>artis</strong></span> <span class='ocrx_word' id='word_1_312' title='bbox 807 2455 914 2491; x_wconf 86' lang='lat' dir='ltr'><strong>peritia.</strong></span> <span class='ocrx_word' id='word_1_313' title='bbox 931 2461 964 2481; x_wconf 90' lang='lat' dir='ltr'><strong>ac</strong></span> 
     </span>
    </p>
   </div>
   <div class='ocr_carea' id='block_1_48' title="bbox 183 2494 964 2539">
    <p class='ocr_par' dir='ltr' id='par_1_48' title="bbox 183 2494 964 2539">
     <span class='ocr_line' id='line_1_48' title="bbox 183 2494 964 2539; baseline -0.012 -4"><span class='ocrx_word' id='word_1_314' title='bbox 183 2515 275 2535; x_wconf 85' lang='lat' dir='ltr'><strong>rerum</strong></span> <span class='ocrx_word' id='word_1_315' title='bbox 294 2507 538 2534; x_wconf 87' lang='lat' dir='ltr'><strong>ecclesiasticarum</strong></span> <span class='ocrx_word' id='word_1_316' title='bbox 561 2494 717 2539; x_wconf 69' lang='lat' dir='ltr'><strong>cognitione</strong></span> <span class='ocrx_word' id='word_1_317' title='bbox 739 2505 860 2536; x_wconf 68' lang='lat' dir='ltr'><strong>praestat,</strong></span> <span class='ocrx_word' id='word_1_318' title='bbox 888 2499 964 2526; x_wconf 84' lang='lat' dir='ltr'><strong>Nova</strong></span> 
     </span>
    </p>
   </div>
   <div class='ocr_carea' id='block_1_49' title="bbox 183 2545 964 2585">
    <p class='ocr_par' dir='ltr' id='par_1_49' title="bbox 183 2545 964 2585">
     <span class='ocr_line' id='line_1_49' title="bbox 183 2545 964 2585; baseline -0.012 -4"><span class='ocrx_word' id='word_1_319' title='bbox 183 2555 294 2582; x_wconf 80' lang='lat' dir='ltr'><strong>Patrum</strong></span> <span class='ocrx_word' id='word_1_320' title='bbox 307 2553 466 2580; x_wconf 80' lang='lat' dir='ltr'><strong>Bibliotheca</strong></span> <span class='ocrx_word' id='word_1_321' title='bbox 485 2552 519 2578; x_wconf 88' lang='lat' dir='ltr'><strong>ab</strong></span> <span class='ocrx_word' id='word_1_322' title='bbox 536 2551 595 2585; x_wconf 91' lang='lat' dir='ltr'><strong>ipso</strong></span> <span class='ocrx_word' id='word_1_323' title='bbox 612 2549 730 2577; x_wconf 86' lang='lat' dir='ltr'><strong>Venetiis</strong></span> <span class='ocrx_word' id='word_1_324' title='bbox 748 2548 820 2575; x_wconf 88' lang='lat' dir='ltr'><strong>edita</strong></span> <span class='ocrx_word' id='word_1_325' title='bbox 835 2546 903 2574; x_wconf 84' lang='lat' dir='ltr'><strong>satis</strong></span> <span class='ocrx_word' id='word_1_326' title='bbox 923 2545 964 2572; x_wconf 86' lang='lat' dir='ltr'><strong>lu-</strong></span> 
     </span>
    </p>
   </div>
   <div class='ocr_carea' id='block_1_50' title="bbox 1004 615 1782 648">
    <p class='ocr_par' dir='ltr' id='par_1_50' title="bbox 1004 615 1782 648">
     <span class='ocr_line' id='line_1_50' title="bbox 1004 615 1782 648; baseline 0.004 -7"><span class='ocrx_word' id='word_1_327' title='bbox 1004 616 1150 643; x_wconf 89' lang='lat' dir='ltr'><strong>obstrictos</strong></span> <span class='ocrx_word' id='word_1_328' title='bbox 1169 623 1217 642; x_wconf 90' lang='lat' dir='ltr'><strong>nos</strong></span> <span class='ocrx_word' id='word_1_329' title='bbox 1230 615 1370 648; x_wconf 84' lang='lat' dir='ltr'><strong>duximus;</strong></span> <span class='ocrx_word' id='word_1_330' title='bbox 1389 621 1417 643; x_wconf 90' lang='lat' dir='ltr'><strong>et</strong></span> <span class='ocrx_word' id='word_1_331' title='bbox 1429 624 1491 644; x_wconf 86' lang='lat' dir='ltr'><strong>cum</strong></span> <span class='ocrx_word' id='word_1_332' title='bbox 1507 617 1553 644; x_wconf 83' lang='lat' dir='ltr'><strong>hic</strong></span> <span class='ocrx_word' id='word_1_333' title='bbox 1566 618 1632 645; x_wconf 91' lang='lat' dir='ltr'><strong>ordo</strong></span> <span class='ocrx_word' id='word_1_334' title='bbox 1646 625 1678 644; x_wconf 89' lang='lat' dir='ltr'><strong>ex</strong></span> <span class='ocrx_word' id='word_1_335' title='bbox 1696 619 1782 646; x_wconf 89' lang='lat' dir='ltr'><strong>libero</strong></span> 
     </span>
    </p>
   </div>
   <div class='ocr_carea' id='block_1_51' title="bbox 1004 661 1781 698">
    <p class='ocr_par' dir='ltr' id='par_1_51' title="bbox 1004 661 1781 698">
     <span class='ocr_line' id='line_1_51' title="bbox 1004 661 1781 698; baseline 0.006 -11"><span class='ocrx_word' id='word_1_336' title='bbox 1004 661 1133 696; x_wconf 87' lang='lat' dir='ltr'><strong>cujusque</strong></span> <span class='ocrx_word' id='word_1_337' title='bbox 1153 661 1286 689; x_wconf 88' lang='lat' dir='ltr'><strong>arbitratu</strong></span> <span class='ocrx_word' id='word_1_338' title='bbox 1303 661 1393 696; x_wconf 83' lang='lat' dir='ltr'><strong>potius</strong></span> <span class='ocrx_word' id='word_1_339' title='bbox 1407 663 1533 697; x_wconf 86' lang='lat' dir='ltr'><strong>pendeat,</strong></span> <span class='ocrx_word' id='word_1_340' title='bbox 1549 671 1628 698; x_wconf 86' lang='lat' dir='ltr'><strong>quam</strong></span> <span class='ocrx_word' id='word_1_341' title='bbox 1643 671 1677 691; x_wconf 84' lang='lat' dir='ltr'><strong>ex</strong></span> <span class='ocrx_word' id='word_1_342' title='bbox 1692 672 1781 692; x_wconf 91' lang='lat' dir='ltr'><strong>rerum</strong></span> 
     </span>
    </p>
   </div>
   <div class='ocr_carea' id='block_1_52' title="bbox 1006 707 1784 744">
    <p class='ocr_par' dir='ltr' id='par_1_52' title="bbox 1006 707 1784 744">
     <span class='ocr_line' id='line_1_52' title="bbox 1006 707 1784 744; baseline 0.006 -11"><span class='ocrx_word' id='word_1_343' title='bbox 1006 707 1124 742; x_wconf 90' lang='lat' dir='ltr'><strong>ipsarum</strong></span> <span class='ocrx_word' id='word_1_344' title='bbox 1143 708 1341 741; x_wconf 80' lang='lat' dir='ltr'><strong>convenientia,</strong></span> <span class='ocrx_word' id='word_1_345' title='bbox 1357 716 1418 735; x_wconf 83' lang='lat' dir='ltr'><strong>cum</strong></span> <span class='ocrx_word' id='word_1_346' title='bbox 1432 709 1540 736; x_wconf 90' lang='lat' dir='ltr'><strong>demum</strong></span> <span class='ocrx_word' id='word_1_347' title='bbox 1557 710 1723 744; x_wconf 72' lang='lat' dir='ltr'><strong>praetulituus</strong></span> <span class='ocrx_word' id='word_1_348' title='bbox 1737 711 1784 744; x_wconf 90' lang='lat' dir='ltr'><strong>qni</strong></span> 
     </span>
    </p>
   </div>
   <div class='ocr_carea' id='block_1_53' title="bbox 1005 752 1785 790">
    <p class='ocr_par' dir='ltr' id='par_1_53' title="bbox 1005 752 1785 790">
     <span class='ocr_line' id='line_1_53' title="bbox 1005 752 1785 790; baseline 0.005 -11"><span class='ocrx_word' id='word_1_349' title='bbox 1005 752 1091 787; x_wconf 82' lang='lat' dir='ltr'><strong>magis</strong></span> <span class='ocrx_word' id='word_1_350' title='bbox 1106 753 1210 781; x_wconf 81' lang='lat' dir='ltr'><strong>arrisit.</strong></span> <span class='ocrx_word' id='word_1_351' title='bbox 1226 753 1295 787; x_wconf 86' lang='lat' dir='ltr'><strong>Quid</strong></span> <span class='ocrx_word' id='word_1_352' title='bbox 1309 755 1392 789; x_wconf 78' lang='lat' dir='ltr'><strong>igitur</strong></span> <span class='ocrx_word' id='word_1_353' title='bbox 1406 762 1420 782; x_wconf 91' lang='lat' dir='ltr'><strong>a</strong></span> <span class='ocrx_word' id='word_1_354' title='bbox 1436 753 1513 782; x_wconf 89' lang='lat' dir='ltr'><strong>nobis</strong></span> <span class='ocrx_word' id='word_1_355' title='bbox 1526 755 1676 789; x_wconf 78' lang='lat' dir='ltr'><strong>praestitum</strong></span> <span class='ocrx_word' id='word_1_356' title='bbox 1691 756 1785 790; x_wconf 83' lang='lat' dir='ltr'><strong>luerit,</strong></span> 
     </span>
    </p>
   </div>
   <div class='ocr_carea' id='block_1_54' title="bbox 1004 799 1785 836">
    <p class='ocr_par' dir='ltr' id='par_1_54' title="bbox 1004 799 1785 836">
     <span class='ocr_line' id='line_1_54' title="bbox 1004 799 1785 836; baseline 0.003 -10"><span class='ocrx_word' id='word_1_357' title='bbox 1004 799 1123 826; x_wconf 78' lang='lat' dir='ltr'><strong>breviter</strong></span> <span class='ocrx_word' id='word_1_358' title='bbox 1139 799 1298 831; x_wconf 86' lang='lat' dir='ltr'><strong>indicemus,</strong></span> <span class='ocrx_word' id='word_1_359' title='bbox 1319 807 1350 827; x_wconf 90' lang='lat' dir='ltr'><strong>ac</strong></span> <span class='ocrx_word' id='word_1_360' title='bbox 1370 800 1475 836; x_wconf 77' lang='lat' dir='ltr'><strong>singula</strong></span> <span class='ocrx_word' id='word_1_361' title='bbox 1496 808 1556 834; x_wconf 65' lang='lat' dir='ltr'><strong>quae</strong></span> <span class='ocrx_word' id='word_1_362' title='bbox 1575 806 1712 836; x_wconf 90' lang='lat' dir='ltr'><strong>postremo</strong></span> <span class='ocrx_word' id='word_1_363' title='bbox 1734 801 1785 829; x_wconf 89' lang='lat' dir='ltr'><strong>hoc</strong></span> 
     </span>
    </p>
   </div>
   <div class='ocr_carea' id='block_1_55' title="bbox 1005 845 1784 884">
    <p class='ocr_par' dir='ltr' id='par_1_55' title="bbox 1005 845 1784 884">
     <span class='ocr_line' id='line_1_55' title="bbox 1005 845 1784 884; baseline 0.004 -13"><span class='ocrx_word' id='word_1_364' title='bbox 1005 845 1141 873; x_wconf 88' lang='lat' dir='ltr'><strong>volumine</strong></span> <span class='ocrx_word' id='word_1_365' title='bbox 1157 846 1350 879; x_wconf 87' lang='lat' dir='ltr'><strong>comprehensa</strong></span> <span class='ocrx_word' id='word_1_366' title='bbox 1369 851 1443 878; x_wconf 89' lang='lat' dir='ltr'><strong>sunt,</strong></span> <span class='ocrx_word' id='word_1_367' title='bbox 1460 847 1510 874; x_wconf 86' lang='lat' dir='ltr'><strong>sub</strong></span> <span class='ocrx_word' id='word_1_368' title='bbox 1526 855 1609 874; x_wconf 92' lang='lat' dir='ltr'><strong>unum</strong></span> <span class='ocrx_word' id='word_1_369' title='bbox 1622 847 1700 882; x_wconf 89' lang='lat' dir='ltr'><strong>quasi</strong></span> <span class='ocrx_word' id='word_1_370' title='bbox 1717 855 1784 884; x_wconf 74' lang='lat' dir='ltr'><strong>con-</strong></span> 
     </span>
    </p>
   </div>
   <div class='ocr_carea' id='block_1_56' title="bbox 1006 891 1786 930">
    <p class='ocr_par' dir='ltr' id='par_1_56' title="bbox 1006 891 1786 930">
     <span class='ocr_line' id='line_1_56' title="bbox 1006 891 1786 930; baseline 0.008 -14"><span class='ocrx_word' id='word_1_371' title='bbox 1006 895 1127 924; x_wconf 86' lang='lat' dir='ltr'><strong>spectum</strong></span> <span class='ocrx_word' id='word_1_372' title='bbox 1144 891 1225 926; x_wconf 93' lang='lat' dir='ltr'><strong>(quod</strong></span> <span class='ocrx_word' id='word_1_373' title='bbox 1247 899 1345 919; x_wconf 90' lang='lat' dir='ltr'><strong>munus</strong></span> <span class='ocrx_word' id='word_1_374' title='bbox 1365 899 1457 920; x_wconf 88' lang='lat' dir='ltr'><strong>eorum</strong></span> <span class='ocrx_word' id='word_1_375' title='bbox 1480 897 1521 921; x_wconf 93' lang='lat' dir='ltr'><strong>est</strong></span> <span class='ocrx_word' id='word_1_376' title='bbox 1544 893 1589 928; x_wconf 89' lang='lat' dir='ltr'><strong>qui</strong></span> <span class='ocrx_word' id='word_1_377' title='bbox 1618 893 1786 930; x_wconf 73' lang='lat' dir='ltr'><strong>praefantur)</strong></span> 
     </span>
    </p>
   </div>
   <div class='ocr_carea' id='block_1_57' title="bbox 1006 935 1192 970">
    <p class='ocr_par' dir='ltr' id='par_1_57' title="bbox 1006 935 1192 970">
     <span class='ocr_line' id='line_1_57' title="bbox 1006 935 1192 970; baseline 0.005 -7"><span class='ocrx_word' id='word_1_378' title='bbox 1006 935 1192 970; x_wconf 81' lang='lat' dir='ltr'><strong>subjiciamus.</strong></span> 
     </span>
    </p>
   </div>
   <div class='ocr_carea' id='block_1_58' title="bbox 1041 981 1788 1019">
    <p class='ocr_par' dir='ltr' id='par_1_58' title="bbox 1041 981 1788 1019">
     <span class='ocr_line' id='line_1_58' title="bbox 1041 981 1788 1019; baseline 0.008 -11"><span class='ocrx_word' id='word_1_379' title='bbox 1041 981 1060 1008; x_wconf 93' lang='grc' dir='ltr'><strong>Ι.</strong></span> <span class='ocrx_word' id='word_1_380' title='bbox 1075 981 1225 1017; x_wconf 87' lang='lat' dir='ltr'><strong>Principem</strong></span> <span class='ocrx_word' id='word_1_381' title='bbox 1239 983 1333 1019; x_wconf 83' lang='lat' dir='ltr'><strong>itaque</strong></span> <span class='ocrx_word' id='word_1_382' title='bbox 1348 984 1437 1012; x_wconf 89' lang='lat' dir='ltr'><strong>locum</strong></span> <span class='ocrx_word' id='word_1_383' title='bbox 1450 984 1534 1013; x_wconf 81' lang='lat' dir='ltr'><strong>XXII</strong></span> <span class='ocrx_word' id='word_1_384' title='bbox 1547 985 1788 1014; x_wconf 75' lang='lat' dir='ltr'><strong>Animadversiani-</strong></span> 
     </span>
    </p>
   </div>
   <div class='ocr_carea' id='block_1_59' title="bbox 1007 1027 1786 1071">
    <p class='ocr_par' dir='ltr' id='par_1_59' title="bbox 1007 1027 1786 1071">
     <span class='ocr_line' id='line_1_59' title="bbox 1007 1027 1786 1071; baseline 0.01 -18"><span class='ocrx_word' id='word_1_385' title='bbox 1007 1027 1053 1054; x_wconf 71' lang='lat' dir='ltr'><strong>bus</strong></span> <span class='ocrx_word' id='word_1_386' title='bbox 1070 1027 1147 1071; x_wconf 28' lang='lat' dir='ltr'><strong>inti).</strong></span> <span class='ocrx_word' id='word_1_387' title='bbox 1163 1029 1302 1057; x_wconf 76' lang='lat' dir='ltr'><strong>Athanasii</strong></span> <span class='ocrx_word' id='word_1_388' title='bbox 1327 1031 1407 1058; x_wconf 74' lang='lat' dir='ltr'><strong>vitam</strong></span> <span class='ocrx_word' id='word_1_389' title='bbox 1431 1036 1456 1059; x_wconf 86' lang='lat' dir='ltr'><strong>et</strong></span> <span class='ocrx_word' id='word_1_390' title='bbox 1477 1033 1576 1067; x_wconf 81' lang='lat' dir='ltr'><strong>scripta</strong></span> <span class='ocrx_word' id='word_1_391' title='bbox 1600 1033 1786 1067; x_wconf 87' lang='lat' dir='ltr'><strong>attribuimus,</strong></span> 
     </span>
    </p>
   </div>
   <div class='ocr_carea' id='block_1_60' title="bbox 1007 1074 1789 1111">
    <p class='ocr_par' dir='ltr' id='par_1_60' title="bbox 1007 1074 1789 1111">
     <span class='ocr_line' id='line_1_60' title="bbox 1007 1074 1789 1111; baseline 0.008 -11"><span class='ocrx_word' id='word_1_392' title='bbox 1007 1081 1074 1108; x_wconf 88' lang='lat' dir='ltr'><strong>quas</strong></span> <span class='ocrx_word' id='word_1_393' title='bbox 1089 1074 1179 1102; x_wconf 88' lang='lat' dir='ltr'><strong>statim</strong></span> <span class='ocrx_word' id='word_1_394' title='bbox 1191 1076 1308 1111; x_wconf 77' lang='lat' dir='ltr'><strong>excipiet</strong></span> <span class='ocrx_word' id='word_1_395' title='bbox 1322 1076 1442 1104; x_wconf 81' lang='lat' dir='ltr'><strong>Diatriba</strong></span> <span class='ocrx_word' id='word_1_396' title='bbox 1453 1078 1484 1105; x_wconf 77' lang='lat' dir='ltr'><strong>de</strong></span> <span class='ocrx_word' id='word_1_397' title='bbox 1497 1086 1577 1105; x_wconf 74' lang='lat' dir='ltr'><strong>causa</strong></span> <span class='ocrx_word' id='word_1_398' title='bbox 1596 1078 1718 1106; x_wconf 78' lang='lat' dir='ltr'><strong>Marcelli</strong></span> <span class='ocrx_word' id='word_1_399' title='bbox 1732 1079 1789 1106; x_wconf 74' lang='lat' dir='ltr'><strong>An-</strong></span> 
     </span>
    </p>
   </div>
   <div class='ocr_carea' id='block_1_61' title="bbox 1007 1120 1788 1159">
    <p class='ocr_par' dir='ltr' id='par_1_61' title="bbox 1007 1120 1788 1159">
     <span class='ocr_line' id='line_1_61' title="bbox 1007 1120 1788 1159; baseline 0.009 -14"><span class='ocrx_word' id='word_1_400' title='bbox 1007 1120 1098 1155; x_wconf 71' lang='lat' dir='ltr'><strong>tyrani</strong></span> <span class='ocrx_word' id='word_1_401' title='bbox 1117 1127 1126 1146; x_wconf 86' lang='lat'><strong><em>:</em></strong></span> <span class='ocrx_word' id='word_1_402' title='bbox 1142 1122 1281 1155; x_wconf 76' lang='lat' dir='ltr'><strong>egregium</strong></span> <span class='ocrx_word' id='word_1_403' title='bbox 1309 1127 1452 1157; x_wconf 88' lang='lat' dir='ltr'><strong>utrumque</strong></span> <span class='ocrx_word' id='word_1_404' title='bbox 1480 1131 1549 1159; x_wconf 87' lang='lat' dir='ltr'><strong>opus</strong></span> <span class='ocrx_word' id='word_1_405' title='bbox 1572 1124 1788 1158; x_wconf 74' lang='lat' dir='ltr'><strong>prtestantissimi</strong></span> 
     </span>
    </p>
   </div>
   <div class='ocr_carea' id='block_1_62' title="bbox 1008 1167 1790 1204">
    <p class='ocr_par' dir='ltr' id='par_1_62' title="bbox 1008 1167 1790 1204">
     <span class='ocr_line' id='line_1_62' title="bbox 1008 1167 1790 1204; baseline 0.006 -10"><span class='ocrx_word' id='word_1_406' title='bbox 1008 1167 1038 1194; x_wconf 83' lang='grc' dir='ltr'><strong>Ρ.</strong></span> <span class='ocrx_word' id='word_1_407' title='bbox 1061 1167 1266 1199; x_wconf 80' lang='lat' dir='ltr'><strong>Montfauconii.</strong></span> <span class='ocrx_word' id='word_1_408' title='bbox 1282 1176 1336 1204; x_wconf 87' lang='lat' dir='ltr'><strong>quo</strong></span> <span class='ocrx_word' id='word_1_409' title='bbox 1351 1177 1429 1198; x_wconf 88' lang='lat' dir='ltr'><strong>nemo</strong></span> <span class='ocrx_word' id='word_1_410' title='bbox 1444 1171 1470 1197; x_wconf 91' lang='lat' dir='ltr'><strong>in</strong></span> <span class='ocrx_word' id='word_1_411' title='bbox 1487 1171 1658 1198; x_wconf 84' lang='lat' dir='ltr'><strong>excutiendis</strong></span> <span class='ocrx_word' id='word_1_412' title='bbox 1679 1175 1708 1199; x_wconf 86' lang='lat' dir='ltr'><strong>et</strong></span> <span class='ocrx_word' id='word_1_413' title='bbox 1730 1171 1790 1199; x_wconf 85' lang='lat' dir='ltr'><strong>illu-</strong></span> 
     </span>
    </p>
   </div>
   <div class='ocr_carea' id='block_1_63' title="bbox 1009 1213 1789 1251">
    <p class='ocr_par' dir='ltr' id='par_1_63' title="bbox 1009 1213 1789 1251">
     <span class='ocr_line' id='line_1_63' title="bbox 1009 1213 1789 1251; baseline 0.005 -11"><span class='ocrx_word' id='word_1_414' title='bbox 1009 1213 1128 1240; x_wconf 88' lang='lat' dir='ltr'><strong>strandis</strong></span> <span class='ocrx_word' id='word_1_415' title='bbox 1154 1213 1184 1241; x_wconf 88' lang='lat' dir='ltr'><strong>D.</strong></span> <span class='ocrx_word' id='word_1_416' title='bbox 1206 1214 1347 1242; x_wconf 82' lang='lat' dir='ltr'><strong>Athanasii</strong></span> <span class='ocrx_word' id='word_1_417' title='bbox 1368 1215 1505 1250; x_wconf 74' lang='lat' dir='ltr'><strong>operibus,</strong></span> <span class='ocrx_word' id='word_1_418' title='bbox 1527 1223 1559 1243; x_wconf 86' lang='lat' dir='ltr'><strong>ac</strong></span> <span class='ocrx_word' id='word_1_419' title='bbox 1576 1216 1656 1244; x_wconf 84' lang='lat' dir='ltr'><strong>rebus</strong></span> <span class='ocrx_word' id='word_1_420' title='bbox 1677 1217 1710 1244; x_wconf 91' lang='lat' dir='ltr'><strong>ad</strong></span> <span class='ocrx_word' id='word_1_421' title='bbox 1731 1217 1789 1251; x_wconf 83' lang='lat' dir='ltr'><strong>ejus</strong></span> 
     </span>
    </p>
   </div>
   <div class='ocr_carea' id='block_1_64' title="bbox 1009 1258 1790 1296">
    <p class='ocr_par' dir='ltr' id='par_1_64' title="bbox 1009 1258 1790 1296">
     <span class='ocr_line' id='line_1_64' title="bbox 1009 1258 1790 1296; baseline 0.006 -12"><span class='ocrx_word' id='word_1_422' title='bbox 1009 1258 1090 1285; x_wconf 92' lang='lat' dir='ltr'><strong>vitam</strong></span> <span class='ocrx_word' id='word_1_423' title='bbox 1104 1262 1132 1286; x_wconf 84' lang='lat' dir='ltr'><strong>et</strong></span> <span class='ocrx_word' id='word_1_424' title='bbox 1149 1259 1249 1293; x_wconf 86' lang='lat' dir='ltr'><strong>scripta</strong></span> <span class='ocrx_word' id='word_1_425' title='bbox 1268 1260 1466 1294; x_wconf 86' lang='lat' dir='ltr'><strong>pertinentibus</strong></span> <span class='ocrx_word' id='word_1_426' title='bbox 1480 1261 1628 1296; x_wconf 86' lang='lat' dir='ltr'><strong>impensius</strong></span> <span class='ocrx_word' id='word_1_427' title='bbox 1642 1269 1673 1289; x_wconf 85' lang='lat' dir='ltr'><strong>ac</strong></span> <span class='ocrx_word' id='word_1_428' title='bbox 1683 1262 1790 1290; x_wconf 78' lang='lat' dir='ltr'><strong>felicius</strong></span> 
     </span>
    </p>
   </div>
   <div class='ocr_carea' id='block_1_65' title="bbox 1008 1304 1789 1341">
    <p class='ocr_par' dir='ltr' id='par_1_65' title="bbox 1008 1304 1789 1341">
     <span class='ocr_line' id='line_1_65' title="bbox 1008 1304 1789 1341; baseline 0.006 -11"><span class='ocrx_word' id='word_1_429' title='bbox 1008 1304 1154 1331; x_wconf 91' lang='lat' dir='ltr'><strong>insudavit.</strong></span> <span class='ocrx_word' id='word_1_430' title='bbox 1178 1305 1267 1340; x_wconf 88' lang='lat' dir='ltr'><strong>Atque</strong></span> <span class='ocrx_word' id='word_1_431' title='bbox 1290 1305 1317 1333; x_wconf 95' lang='lat' dir='ltr'><strong>in</strong></span> <span class='ocrx_word' id='word_1_432' title='bbox 1339 1306 1430 1341; x_wconf 84' lang='lat' dir='ltr'><strong>priore</strong></span> <span class='ocrx_word' id='word_1_433' title='bbox 1449 1306 1557 1341; x_wconf 91' lang='lat' dir='ltr'><strong>quidem</strong></span> <span class='ocrx_word' id='word_1_434' title='bbox 1577 1315 1637 1334; x_wconf 91' lang='lat' dir='ltr'><strong>cum</strong></span> <span class='ocrx_word' id='word_1_435' title='bbox 1660 1308 1789 1335; x_wconf 92' lang='lat' dir='ltr'><strong>nonnulla</strong></span> 
     </span>
    </p>
   </div>
   <div class='ocr_carea' id='block_1_66' title="bbox 1009 1349 1790 1388">
    <p class='ocr_par' dir='ltr' id='par_1_66' title="bbox 1009 1349 1790 1388">
     <span class='ocr_line' id='line_1_66' title="bbox 1009 1349 1790 1388; baseline 0.006 -12"><span class='ocrx_word' id='word_1_436' title='bbox 1009 1350 1035 1377; x_wconf 94' lang='lat' dir='ltr'><strong>in</strong></span> <span class='ocrx_word' id='word_1_437' title='bbox 1050 1349 1197 1378; x_wconf 85' lang='lat' dir='ltr'><strong>Parisiensi</strong></span> <span class='ocrx_word' id='word_1_438' title='bbox 1211 1351 1329 1379; x_wconf 87' lang='lat' dir='ltr'><strong>editione</strong></span> <span class='ocrx_word' id='word_1_439' title='bbox 1345 1351 1371 1378; x_wconf 92' lang='lat' dir='ltr'><strong>in</strong></span> <span class='ocrx_word' id='word_1_440' title='bbox 1394 1357 1550 1380; x_wconf 85' lang='lat' dir='ltr'><strong>transcursu</strong></span> <span class='ocrx_word' id='word_1_441' title='bbox 1564 1354 1664 1388; x_wconf 89' lang='lat' dir='ltr'><strong>agitata</strong></span> <span class='ocrx_word' id='word_1_442' title='bbox 1679 1361 1790 1381; x_wconf 87' lang='lat' dir='ltr'><strong>accura-</strong></span> 
     </span>
    </p>
   </div>
   <div class='ocr_carea' id='block_1_67' title="bbox 1011 1395 1788 1433">
    <p class='ocr_par' dir='ltr' id='par_1_67' title="bbox 1011 1395 1788 1433">
     <span class='ocr_line' id='line_1_67' title="bbox 1011 1395 1788 1433; baseline 0.008 -12"><span class='ocrx_word' id='word_1_443' title='bbox 1011 1395 1072 1427; x_wconf 88' lang='lat' dir='ltr'><strong>tius,</strong></span> <span class='ocrx_word' id='word_1_444' title='bbox 1089 1401 1117 1422; x_wconf 89' lang='lat' dir='ltr'><strong>ut</strong></span> <span class='ocrx_word' id='word_1_445' title='bbox 1137 1395 1194 1429; x_wconf 87' lang='lat' dir='ltr'><strong>ipse</strong></span> <span class='ocrx_word' id='word_1_446' title='bbox 1216 1395 1327 1430; x_wconf 79' lang='lat' dir='ltr'><strong>fatetur,</strong></span> <span class='ocrx_word' id='word_1_447' title='bbox 1351 1397 1490 1430; x_wconf 78' lang='lat' dir='ltr'><strong>excussit;</strong></span> <span class='ocrx_word' id='word_1_448' title='bbox 1515 1403 1570 1425; x_wconf 90' lang='lat' dir='ltr'><strong>tum</strong></span> <span class='ocrx_word' id='word_1_449' title='bbox 1597 1399 1731 1433; x_wconf 57' lang='lat' dir='ltr'><strong>praecipue</strong></span> <span class='ocrx_word' id='word_1_450' title='bbox 1751 1400 1788 1427; x_wconf 88' lang='lat' dir='ltr'><strong>cl.</strong></span> 
     </span>
    </p>
   </div>
   <div class='ocr_carea' id='block_1_68' title="bbox 1009 1440 1789 1479">
    <p class='ocr_par' dir='ltr' id='par_1_68' title="bbox 1009 1440 1789 1479">
     <span class='ocr_line' id='line_1_68' title="bbox 1009 1440 1789 1479; baseline 0.008 -12"><span class='ocrx_word' id='word_1_451' title='bbox 1009 1440 1210 1468; x_wconf 88' lang='lat' dir='ltr'><strong>Tillemontium</strong></span> <span class='ocrx_word' id='word_1_452' title='bbox 1226 1446 1335 1470; x_wconf 88' lang='lat' dir='ltr'><strong>strenue</strong></span> <span class='ocrx_word' id='word_1_453' title='bbox 1351 1443 1459 1476; x_wconf 76' lang='lat' dir='ltr'><strong>refellit,</strong></span> <span class='ocrx_word' id='word_1_454' title='bbox 1477 1443 1630 1479; x_wconf 88' lang='lat' dir='ltr'><strong>ubicunque</strong></span> <span class='ocrx_word' id='word_1_455' title='bbox 1643 1445 1687 1472; x_wconf 82' lang='lat' dir='ltr'><strong>ille</strong></span> <span class='ocrx_word' id='word_1_456' title='bbox 1703 1451 1749 1473; x_wconf 87' lang='lat' dir='ltr'><strong>aut</strong></span> <span class='ocrx_word' id='word_1_457' title='bbox 1762 1446 1789 1473; x_wconf 93' lang='lat' dir='ltr'><strong>in</strong></span> 
     </span>
    </p>
   </div>
   <div class='ocr_carea' id='block_1_69' title="bbox 1009 1489 1791 1526">
    <p class='ocr_par' dir='ltr' id='par_1_69' title="bbox 1009 1489 1791 1526">
     <span class='ocr_line' id='line_1_69' title="bbox 1009 1489 1791 1526; baseline 0.006 -12"><span class='ocrx_word' id='word_1_458' title='bbox 1009 1492 1143 1522; x_wconf 81' lang='lat' dir='ltr'><strong>gestorum</strong></span> <span class='ocrx_word' id='word_1_459' title='bbox 1169 1489 1336 1524; x_wconf 79' lang='lat' dir='ltr'><strong>recensione,</strong></span> <span class='ocrx_word' id='word_1_460' title='bbox 1366 1494 1411 1516; x_wconf 79' lang='lat' dir='ltr'><strong>aut</strong></span> <span class='ocrx_word' id='word_1_461' title='bbox 1434 1490 1460 1517; x_wconf 93' lang='lat' dir='ltr'><strong>in</strong></span> <span class='ocrx_word' id='word_1_462' title='bbox 1488 1495 1637 1526; x_wconf 86' lang='lat' dir='ltr'><strong>temporum</strong></span> <span class='ocrx_word' id='word_1_463' title='bbox 1661 1496 1791 1526; x_wconf 82' lang='lat' dir='ltr'><strong>supputa-</strong></span> 
     </span>
    </p>
   </div>
   <div class='ocr_carea' id='block_1_70' title="bbox 1011 1534 1790 1571">
    <p class='ocr_par' dir='ltr' id='par_1_70' title="bbox 1011 1534 1790 1571">
     <span class='ocr_line' id='line_1_70' title="bbox 1011 1534 1790 1571; baseline 0.006 -11"><span class='ocrx_word' id='word_1_464' title='bbox 1011 1534 1081 1561; x_wconf 87' lang='lat' dir='ltr'><strong>tione</strong></span> <span class='ocrx_word' id='word_1_465' title='bbox 1102 1534 1154 1562; x_wconf 84' lang='lat' dir='ltr'><strong>sibi</strong></span> <span class='ocrx_word' id='word_1_466' title='bbox 1175 1534 1345 1563; x_wconf 88' lang='lat' dir='ltr'><strong>adversatur.</strong></span> <span class='ocrx_word' id='word_1_467' title='bbox 1371 1535 1400 1563; x_wconf 94' lang='lat' dir='ltr'><strong>ln</strong></span> <span class='ocrx_word' id='word_1_468' title='bbox 1424 1536 1575 1571; x_wconf 87' lang='lat' dir='ltr'><strong>posteriore</strong></span> <span class='ocrx_word' id='word_1_469' title='bbox 1600 1545 1664 1565; x_wconf 86' lang='lat' dir='ltr'><strong>vero</strong></span> <span class='ocrx_word' id='word_1_470' title='bbox 1684 1545 1741 1565; x_wconf 91' lang='lat' dir='ltr'><strong>rem</strong></span> <span class='ocrx_word' id='word_1_471' title='bbox 1763 1539 1790 1565; x_wconf 95' lang='lat' dir='ltr'><strong>in</strong></span> 
     </span>
    </p>
   </div>
   <div class='ocr_carea' id='block_1_71' title="bbox 1009 1580 1790 1617">
    <p class='ocr_par' dir='ltr' id='par_1_71' title="bbox 1009 1580 1790 1617">
     <span class='ocr_line' id='line_1_71' title="bbox 1009 1580 1790 1617; baseline 0.005 -10"><span class='ocrx_word' id='word_1_472' title='bbox 1009 1580 1194 1609; x_wconf 88' lang='lat' dir='ltr'><strong>ecclesiastica</strong></span> <span class='ocrx_word' id='word_1_473' title='bbox 1221 1582 1335 1610; x_wconf 84' lang='lat' dir='ltr'><strong>historia</strong></span> <span class='ocrx_word' id='word_1_474' title='bbox 1357 1583 1562 1617; x_wconf 84' lang='lat' dir='ltr'><strong>pcrobscuram,</strong></span> <span class='ocrx_word' id='word_1_475' title='bbox 1583 1588 1609 1610; x_wconf 88' lang='lat' dir='ltr'><strong>et</strong></span> <span class='ocrx_word' id='word_1_476' title='bbox 1625 1584 1660 1611; x_wconf 90' lang='lat' dir='ltr'><strong>ab</strong></span> <span class='ocrx_word' id='word_1_477' title='bbox 1676 1584 1790 1611; x_wconf 83' lang='lat' dir='ltr'><strong>eruditis</strong></span> 
     </span>
    </p>
   </div>
   <div class='ocr_carea' id='block_1_72' title="bbox 1010 1627 1791 1664">
    <p class='ocr_par' dir='ltr' id='par_1_72' title="bbox 1010 1627 1791 1664">
     <span class='ocr_line' id='line_1_72' title="bbox 1010 1627 1791 1664; baseline 0.005 -11"><span class='ocrx_word' id='word_1_478' title='bbox 1010 1635 1104 1661; x_wconf 84' lang='lat' dir='ltr'><strong>magna</strong></span> <span class='ocrx_word' id='word_1_479' title='bbox 1118 1627 1269 1655; x_wconf 88' lang='lat' dir='ltr'><strong>animorum</strong></span> <span class='ocrx_word' id='word_1_480' title='bbox 1289 1628 1462 1656; x_wconf 88' lang='lat' dir='ltr'><strong>contentione</strong></span> <span class='ocrx_word' id='word_1_481' title='bbox 1482 1628 1509 1655; x_wconf 92' lang='lat' dir='ltr'><strong>in</strong></span> <span class='ocrx_word' id='word_1_482' title='bbox 1528 1633 1671 1664; x_wconf 89' lang='lat' dir='ltr'><strong>utramque</strong></span> <span class='ocrx_word' id='word_1_483' title='bbox 1685 1634 1791 1664; x_wconf 84' lang='lat' dir='ltr'><strong>partem</strong></span> 
     </span>
    </p>
   </div>
   <div class='ocr_carea' id='block_1_73' title="bbox 1010 1672 1791 1708">
    <p class='ocr_par' dir='ltr' id='par_1_73' title="bbox 1010 1672 1791 1708">
     <span class='ocr_line' id='line_1_73' title="bbox 1010 1672 1791 1708; baseline 0.005 -10"><span class='ocrx_word' id='word_1_484' title='bbox 1010 1672 1148 1705; x_wconf 80' lang='lat' dir='ltr'><strong>agitatam,</strong></span> <span class='ocrx_word' id='word_1_485' title='bbox 1173 1673 1207 1700; x_wconf 87' lang='lat' dir='ltr'><strong>de</strong></span> <span class='ocrx_word' id='word_1_486' title='bbox 1230 1672 1346 1700; x_wconf 68' lang='lat' dir='ltr'><strong>Marcelli</strong></span> <span class='ocrx_word' id='word_1_487' title='bbox 1373 1680 1469 1707; x_wconf 86' lang='lat' dir='ltr'><strong>nempe</strong></span> <span class='ocrx_word' id='word_1_488' title='bbox 1493 1674 1633 1708; x_wconf 75' lang='lat' dir='ltr'><strong>Ancyrani</strong></span> <span class='ocrx_word' id='word_1_489' title='bbox 1655 1674 1791 1705; x_wconf 67' lang='lat' dir='ltr'><strong>doctrina.</strong></span> 
     </span>
    </p>
   </div>
   <div class='ocr_carea' id='block_1_74' title="bbox 1010 1718 1792 1755">
    <p class='ocr_par' dir='ltr' id='par_1_74' title="bbox 1010 1718 1792 1755">
     <span class='ocr_line' id='line_1_74' title="bbox 1010 1718 1792 1755; baseline 0.003 -10"><span class='ocrx_word' id='word_1_490' title='bbox 1010 1718 1212 1753; x_wconf 87' lang='lat' dir='ltr'><strong>disquirendam</strong></span> <span class='ocrx_word' id='word_1_491' title='bbox 1236 1719 1406 1754; x_wconf 78' lang='lat' dir='ltr'><strong>aggreditur,</strong></span> <span class='ocrx_word' id='word_1_492' title='bbox 1423 1727 1508 1754; x_wconf 89' lang='lat' dir='ltr'><strong>eaque</strong></span> <span class='ocrx_word' id='word_1_493' title='bbox 1532 1719 1620 1752; x_wconf 77' lang='lat' dir='ltr'><strong>alien,</strong></span> <span class='ocrx_word' id='word_1_494' title='bbox 1640 1727 1673 1747; x_wconf 82' lang='lat' dir='ltr'><strong>ex</strong></span> <span class='ocrx_word' id='word_1_495' title='bbox 1693 1721 1792 1755; x_wconf 87' lang='lat' dir='ltr'><strong>quibus</strong></span> 
     </span>
    </p>
   </div>
   <div class='ocr_carea' id='block_1_75' title="bbox 1011 1762 1792 1798">
    <p class='ocr_par' dir='ltr' id='par_1_75' title="bbox 1011 1762 1792 1798">
     <span class='ocr_line' id='line_1_75' title="bbox 1011 1762 1792 1798; baseline 0.005 -9"><span class='ocrx_word' id='word_1_496' title='bbox 1011 1771 1079 1790; x_wconf 90' lang='lat' dir='ltr'><strong>nova</strong></span> <span class='ocrx_word' id='word_1_497' title='bbox 1092 1763 1273 1790; x_wconf 84' lang='lat' dir='ltr'><strong>Marcellianis</strong></span> <span class='ocrx_word' id='word_1_498' title='bbox 1293 1762 1374 1790; x_wconf 89' lang='lat' dir='ltr'><strong>rebus</strong></span> <span class='ocrx_word' id='word_1_499' title='bbox 1395 1763 1441 1790; x_wconf 93' lang='lat' dir='ltr'><strong>lux</strong></span> <span class='ocrx_word' id='word_1_500' title='bbox 1460 1764 1610 1798; x_wconf 90' lang='lat' dir='ltr'><strong>oboriatur,</strong></span> <span class='ocrx_word' id='word_1_501' title='bbox 1624 1769 1654 1792; x_wconf 93' lang='lat' dir='ltr'><strong>ut</strong></span> <span class='ocrx_word' id='word_1_502' title='bbox 1675 1765 1717 1793; x_wconf 80' lang='lat' dir='ltr'><strong>sin</strong></span> <span class='ocrx_word' id='word_1_503' title='bbox 1740 1766 1792 1793; x_wconf 91' lang='lat' dir='ltr'><strong>mi—</strong></span> 
     </span>
    </p>
   </div>
   <div class='ocr_carea' id='block_1_76' title="bbox 1011 1808 1792 1845">
    <p class='ocr_par' dir='ltr' id='par_1_76' title="bbox 1011 1808 1792 1845">
     <span class='ocr_line' id='line_1_76' title="bbox 1011 1808 1792 1845; baseline 0.008 -11"><span class='ocrx_word' id='word_1_504' title='bbox 1011 1816 1061 1835; x_wconf 91' lang='lat' dir='ltr'><strong>nus</strong></span> <span class='ocrx_word' id='word_1_505' title='bbox 1078 1809 1104 1835; x_wconf 94' lang='lat' dir='ltr'><strong>in</strong></span> <span class='ocrx_word' id='word_1_506' title='bbox 1117 1809 1252 1841; x_wconf 86' lang='lat' dir='ltr'><strong>omnibus,</strong></span> <span class='ocrx_word' id='word_1_507' title='bbox 1270 1809 1297 1836; x_wconf 91' lang='lat' dir='ltr'><strong>in</strong></span> <span class='ocrx_word' id='word_1_508' title='bbox 1312 1808 1404 1836; x_wconf 91' lang='lat' dir='ltr'><strong>multis</strong></span> <span class='ocrx_word' id='word_1_509' title='bbox 1415 1809 1510 1837; x_wconf 81' lang='lat' dir='ltr'><strong>saltem</strong></span> <span class='ocrx_word' id='word_1_510' title='bbox 1525 1811 1684 1845; x_wconf 62' lang='lat' dir='ltr'><strong>quaestionis</strong></span> <span class='ocrx_word' id='word_1_511' title='bbox 1699 1811 1792 1840; x_wconf 83' lang='lat' dir='ltr'><strong>admo-</strong></span> 
     </span>
    </p>
   </div>
   <div class='ocr_carea' id='block_1_77' title="bbox 1011 1853 1547 1888">
    <p class='ocr_par' dir='ltr' id='par_1_77' title="bbox 1011 1853 1547 1888">
     <span class='ocr_line' id='line_1_77' title="bbox 1011 1853 1547 1888; baseline 0.006 -9"><span class='ocrx_word' id='word_1_512' title='bbox 1011 1854 1074 1879; x_wconf 92' lang='lat' dir='ltr'><strong>dum</strong></span> <span class='ocrx_word' id='word_1_513' title='bbox 1090 1853 1233 1888; x_wconf 72' lang='lat' dir='ltr'><strong>implicatte</strong></span> <span class='ocrx_word' id='word_1_514' title='bbox 1250 1853 1394 1882; x_wconf 80' lang='lat' dir='ltr'><strong>dillicultas</strong></span> <span class='ocrx_word' id='word_1_515' title='bbox 1406 1855 1547 1882; x_wconf 87' lang='lat' dir='ltr'><strong>cnodetur.</strong></span> 
     </span>
    </p>
   </div>
   <div class='ocr_carea' id='block_1_78' title="bbox 1047 1897 1795 1937">
    <p class='ocr_par' dir='ltr' id='par_1_78' title="bbox 1047 1897 1795 1937">
     <span class='ocr_line' id='line_1_78' title="bbox 1047 1897 1795 1937; baseline 0.008 -13"><span class='ocrx_word' id='word_1_516' title='bbox 1047 1898 1077 1925; x_wconf 93' lang='lat' dir='ltr'><strong>Il.</strong></span> <span class='ocrx_word' id='word_1_517' title='bbox 1092 1897 1185 1933; x_wconf 85' lang='lat' dir='ltr'><strong>Neque</strong></span> <span class='ocrx_word' id='word_1_518' title='bbox 1200 1899 1289 1926; x_wconf 90' lang='lat' dir='ltr'><strong>minus</strong></span> <span class='ocrx_word' id='word_1_519' title='bbox 1310 1899 1426 1927; x_wconf 85' lang='lat' dir='ltr'><strong>obscura</strong></span> <span class='ocrx_word' id='word_1_520' title='bbox 1443 1904 1526 1935; x_wconf 89' lang='lat' dir='ltr'><strong>atque</strong></span> <span class='ocrx_word' id='word_1_521' title='bbox 1550 1900 1666 1929; x_wconf 77' lang='lat' dir='ltr'><strong>diliicilis</strong></span> <span class='ocrx_word' id='word_1_522' title='bbox 1680 1902 1795 1937; x_wconf 62' lang='lat' dir='ltr'><strong>quaestio</strong></span> 
     </span>
    </p>
   </div>
   <div class='ocr_carea' id='block_1_79' title="bbox 1010 1944 1793 1979">
    <p class='ocr_par' dir='ltr' id='par_1_79' title="bbox 1010 1944 1793 1979">
     <span class='ocr_line' id='line_1_79' title="bbox 1010 1944 1793 1979; baseline 0.005 -8"><span class='ocrx_word' id='word_1_523' title='bbox 1010 1947 1053 1971; x_wconf 91' lang='lat' dir='ltr'><strong>est</strong></span> <span class='ocrx_word' id='word_1_524' title='bbox 1073 1944 1106 1971; x_wconf 85' lang='lat' dir='ltr'><strong>de</strong></span> <span class='ocrx_word' id='word_1_525' title='bbox 1121 1951 1203 1977; x_wconf 82' lang='lat' dir='ltr'><strong>anno,</strong></span> <span class='ocrx_word' id='word_1_526' title='bbox 1220 1952 1273 1979; x_wconf 89' lang='lat' dir='ltr'><strong>quo</strong></span> <span class='ocrx_word' id='word_1_527' title='bbox 1288 1945 1319 1972; x_wconf 92' lang='lat' dir='ltr'><strong>D.</strong></span> <span class='ocrx_word' id='word_1_528' title='bbox 1337 1945 1504 1973; x_wconf 88' lang='lat' dir='ltr'><strong>Athanasius</strong></span> <span class='ocrx_word' id='word_1_529' title='bbox 1520 1950 1655 1974; x_wconf 91' lang='lat' dir='ltr'><strong>tantorum</strong></span> <span class='ocrx_word' id='word_1_530' title='bbox 1671 1946 1793 1975; x_wconf 89' lang='lat' dir='ltr'><strong>laborum</strong></span> 
     </span>
    </p>
   </div>
   <div class='ocr_carea' id='block_1_80' title="bbox 1010 1988 1795 2028">
    <p class='ocr_par' dir='ltr' id='par_1_80' title="bbox 1010 1988 1795 2028">
     <span class='ocr_line' id='line_1_80' title="bbox 1010 1988 1795 2028; baseline 0.006 -14"><span class='ocrx_word' id='word_1_531' title='bbox 1010 1995 1060 2024; x_wconf 88' lang='lat' dir='ltr'><strong>pro</strong></span> <span class='ocrx_word' id='word_1_532' title='bbox 1068 1988 1197 2016; x_wconf 65' lang='lat' dir='ltr'><strong>Ecclesiae</strong></span> <span class='ocrx_word' id='word_1_533' title='bbox 1210 1989 1326 2017; x_wconf 90' lang='lat' dir='ltr'><strong>utilitate</strong></span> <span class='ocrx_word' id='word_1_534' title='bbox 1338 1990 1537 2017; x_wconf 85' lang='lat' dir='ltr'><strong>exantlatorum</strong></span> <span class='ocrx_word' id='word_1_535' title='bbox 1549 1993 1658 2026; x_wconf 61' lang='lat' dir='ltr'><strong>praemia</strong></span> <span class='ocrx_word' id='word_1_536' title='bbox 1670 1998 1795 2028; x_wconf 86' lang='lat' dir='ltr'><strong>receptu-</strong></span> 
     </span>
    </p>
   </div>
   <div class='ocr_carea' id='block_1_81' title="bbox 1011 2035 1797 2074">
    <p class='ocr_par' dir='ltr' id='par_1_81' title="bbox 1011 2035 1797 2074">
     <span class='ocr_line' id='line_1_81' title="bbox 1011 2035 1797 2074; baseline 0.005 -12"><span class='ocrx_word' id='word_1_537' title='bbox 1011 2042 1059 2063; x_wconf 86' lang='lat' dir='ltr'><strong>rus</strong></span> <span class='ocrx_word' id='word_1_538' title='bbox 1074 2042 1089 2062; x_wconf 91' lang='lat' dir='ltr'><strong>e</strong></span> <span class='ocrx_word' id='word_1_539' title='bbox 1108 2035 1177 2063; x_wconf 82' lang='lat' dir='ltr'><strong>vivis</strong></span> <span class='ocrx_word' id='word_1_540' title='bbox 1192 2036 1319 2063; x_wconf 79' lang='lat' dir='ltr'><strong>excessit.</strong></span> <span class='ocrx_word' id='word_1_541' title='bbox 1333 2035 1368 2063; x_wconf 90' lang='lat' dir='ltr'><strong>Ut</strong></span> <span class='ocrx_word' id='word_1_542' title='bbox 1381 2035 1453 2063; x_wconf 86' lang='lat' dir='ltr'><strong>enim</strong></span> <span class='ocrx_word' id='word_1_543' title='bbox 1467 2037 1499 2065; x_wconf 89' lang='lat' dir='ltr'><strong>de</strong></span> <span class='ocrx_word' id='word_1_544' title='bbox 1512 2037 1544 2064; x_wconf 88' lang='lat' dir='ltr'><strong>iis</strong></span> <span class='ocrx_word' id='word_1_545' title='bbox 1558 2043 1662 2066; x_wconf 86' lang='lat' dir='ltr'><strong>taceam</strong></span> <span class='ocrx_word' id='word_1_546' title='bbox 1677 2039 1722 2074; x_wconf 88' lang='lat' dir='ltr'><strong>qui</strong></span> <span class='ocrx_word' id='word_1_547' title='bbox 1734 2039 1797 2073; x_wconf 78' lang='lat' dir='ltr'><strong>ejus</strong></span> 
     </span>
    </p>
   </div>
   <div class='ocr_carea' id='block_1_82' title="bbox 1012 2081 1792 2116">
    <p class='ocr_par' dir='ltr' id='par_1_82' title="bbox 1012 2081 1792 2116">
     <span class='ocr_line' id='line_1_82' title="bbox 1012 2081 1792 2116; baseline 0.003 -8"><span class='ocrx_word' id='word_1_548' title='bbox 1012 2081 1152 2108; x_wconf 88' lang='lat' dir='ltr'><strong>interitum</strong></span> <span class='ocrx_word' id='word_1_549' title='bbox 1175 2081 1208 2108; x_wconf 85' lang='lat' dir='ltr'><strong>ad</strong></span> <span class='ocrx_word' id='word_1_550' title='bbox 1224 2089 1269 2109; x_wconf 92' lang='lat' dir='ltr'><strong>an.</strong></span> <span class='ocrx_word' id='word_1_551' title='bbox 1283 2081 1336 2108; x_wconf 79' lang='grc'><strong>575</strong></span> <span class='ocrx_word' id='word_1_552' title='bbox 1350 2081 1522 2109; x_wconf 81' lang='lat' dir='ltr'><strong>referendum</strong></span> <span class='ocrx_word' id='word_1_553' title='bbox 1539 2087 1647 2116; x_wconf 87' lang='lat' dir='ltr'><strong>putant,</strong></span> <span class='ocrx_word' id='word_1_554' title='bbox 1669 2084 1792 2111; x_wconf 90' lang='lat' dir='ltr'><strong>nonnulli</strong></span> 
     </span>
    </p>
   </div>
   <div class='ocr_carea' id='block_1_83' title="bbox 1012 2127 1796 2163">
    <p class='ocr_par' dir='ltr' id='par_1_83' title="bbox 1012 2127 1796 2163">
     <span class='ocr_line' id='line_1_83' title="bbox 1012 2127 1796 2163; baseline 0.003 -9"><span class='ocrx_word' id='word_1_555' title='bbox 1012 2128 1101 2163; x_wconf 87' lang='lat' dir='ltr'><strong>magni</strong></span> <span class='ocrx_word' id='word_1_556' title='bbox 1117 2127 1236 2154; x_wconf 87' lang='lat' dir='ltr'><strong>nominis</strong></span> <span class='ocrx_word' id='word_1_557' title='bbox 1258 2127 1406 2162; x_wconf 88' lang='lat' dir='ltr'><strong>scriptores</strong></span> <span class='ocrx_word' id='word_1_558' title='bbox 1420 2132 1448 2154; x_wconf 92' lang='lat' dir='ltr'><strong>et</strong></span> <span class='ocrx_word' id='word_1_559' title='bbox 1464 2128 1662 2163; x_wconf 80' lang='lat' dir='ltr'><strong>chronographi</strong></span> <span class='ocrx_word' id='word_1_560' title='bbox 1681 2129 1796 2156; x_wconf 86' lang='lat' dir='ltr'><strong>sanctis-</strong></span> 
     </span>
    </p>
   </div>
   <div class='ocr_carea' id='block_1_84' title="bbox 1013 2173 1794 2208">
    <p class='ocr_par' dir='ltr' id='par_1_84' title="bbox 1013 2173 1794 2208">
     <span class='ocr_line' id='line_1_84' title="bbox 1013 2173 1794 2208; baseline 0.001 -8"><span class='ocrx_word' id='word_1_561' title='bbox 1013 2174 1111 2200; x_wconf 87' lang='lat' dir='ltr'><strong>simutn</strong></span> <span class='ocrx_word' id='word_1_562' title='bbox 1126 2173 1309 2208; x_wconf 87' lang='lat' dir='ltr'><strong>patriarcham</strong></span> <span class='ocrx_word' id='word_1_563' title='bbox 1322 2181 1366 2200; x_wconf 91' lang='lat' dir='ltr'><strong>an.</strong></span> <span class='ocrx_word' id='word_1_564' title='bbox 1378 2173 1428 2200; x_wconf 85' lang='grc'><strong>571</strong></span> <span class='ocrx_word' id='word_1_565' title='bbox 1442 2173 1593 2201; x_wconf 86' lang='lat' dir='ltr'><strong>decessisse</strong></span> <span class='ocrx_word' id='word_1_566' title='bbox 1607 2174 1794 2201; x_wconf 87' lang='lat' dir='ltr'><strong>arbitrantur:</strong></span> 
     </span>
    </p>
   </div>
   <div class='ocr_carea' id='block_1_85' title="bbox 1013 2219 1795 2254">
    <p class='ocr_par' dir='ltr' id='par_1_85' title="bbox 1013 2219 1795 2254">
     <span class='ocr_line' id='line_1_85' title="bbox 1013 2219 1795 2254; baseline 0 -8"><span class='ocrx_word' id='word_1_567' title='bbox 1013 2225 1109 2247; x_wconf 88' lang='lat' dir='ltr'><strong>contra</strong></span> <span class='ocrx_word' id='word_1_568' title='bbox 1125 2227 1189 2247; x_wconf 90' lang='lat' dir='ltr'><strong>vero</strong></span> <span class='ocrx_word' id='word_1_569' title='bbox 1204 2219 1457 2247; x_wconf 79' lang='lat' dir='ltr'><strong>ecclesiasticorum‘</strong></span> <span class='ocrx_word' id='word_1_570' title='bbox 1468 2219 1607 2247; x_wconf 90' lang='lat' dir='ltr'><strong>annalium</strong></span> <span class='ocrx_word' id='word_1_571' title='bbox 1627 2226 1726 2254; x_wconf 88' lang='lat' dir='ltr'><strong>parens</strong></span> <span class='ocrx_word' id='word_1_572' title='bbox 1743 2219 1795 2246; x_wconf 88' lang='lat' dir='ltr'><strong>Ba-</strong></span> 
     </span>
    </p>
   </div>
   <div class='ocr_carea' id='block_1_86' title="bbox 1013 2266 1794 2301">
    <p class='ocr_par' dir='ltr' id='par_1_86' title="bbox 1013 2266 1794 2301">
     <span class='ocr_line' id='line_1_86' title="bbox 1013 2266 1794 2301; baseline -0.003 -7"><span class='ocrx_word' id='word_1_573' title='bbox 1013 2267 1106 2294; x_wconf 87' lang='lat' dir='ltr'><strong>rouius</strong></span> <span class='ocrx_word' id='word_1_574' title='bbox 1119 2273 1167 2301; x_wconf 89' lang='lat' dir='ltr'><strong>pro</strong></span> <span class='ocrx_word' id='word_1_575' title='bbox 1182 2274 1226 2293; x_wconf 90' lang='lat' dir='ltr'><strong>an.</strong></span> <span class='ocrx_word' id='word_1_576' title='bbox 1244 2266 1297 2294; x_wconf 70' lang='lat'><strong>372</strong></span> <span class='ocrx_word' id='word_1_577' title='bbox 1313 2266 1412 2294; x_wconf 89' lang='lat' dir='ltr'><strong>acriter</strong></span> <span class='ocrx_word' id='word_1_578' title='bbox 1423 2271 1524 2301; x_wconf 74' lang='lat' dir='ltr'><strong>pugnat</strong></span> <span class='ocrx_word' id='word_1_579' title='bbox 1537 2275 1543 2293; x_wconf 90' lang='lat'><strong>:</strong></span> <span class='ocrx_word' id='word_1_580' title='bbox 1557 2266 1674 2293; x_wconf 79' lang='lat' dir='ltr'><strong>maxima</strong></span> <span class='ocrx_word' id='word_1_581' title='bbox 1689 2266 1794 2293; x_wconf 90' lang='lat' dir='ltr'><strong>tandem</strong></span> 
     </span>
    </p>
   </div>
   <div class='ocr_carea' id='block_1_87' title="bbox 1013 2311 1794 2346">
    <p class='ocr_par' dir='ltr' id='par_1_87' title="bbox 1013 2311 1794 2346">
     <span class='ocr_line' id='line_1_87' title="bbox 1013 2311 1794 2346; baseline -0.001 -7"><span class='ocrx_word' id='word_1_582' title='bbox 1013 2312 1180 2339; x_wconf 87' lang='lat' dir='ltr'><strong>eruditorum</strong></span> <span class='ocrx_word' id='word_1_583' title='bbox 1201 2320 1264 2346; x_wconf 87' lang='lat' dir='ltr'><strong>pars</strong></span> <span class='ocrx_word' id='word_1_584' title='bbox 1281 2312 1441 2346; x_wconf 86' lang='lat' dir='ltr'><strong>insequente</strong></span> <span class='ocrx_word' id='word_1_585' title='bbox 1455 2320 1514 2345; x_wconf 90' lang='lat' dir='ltr'><strong>an.,</strong></span> <span class='ocrx_word' id='word_1_586' title='bbox 1531 2320 1627 2346; x_wconf 89' lang='lat' dir='ltr'><strong>nempe</strong></span> <span class='ocrx_word' id='word_1_587' title='bbox 1641 2311 1703 2345; x_wconf 76' lang='lat'><strong>575,</strong></span> <span class='ocrx_word' id='word_1_588' title='bbox 1718 2319 1794 2338; x_wconf 89' lang='lat' dir='ltr'><strong>eum-</strong></span> 
     </span>
    </p>
   </div>
   <div class='ocr_carea' id='block_1_88' title="bbox 1014 2357 1795 2392">
    <p class='ocr_par' dir='ltr' id='par_1_88' title="bbox 1014 2357 1795 2392">
     <span class='ocr_line' id='line_1_88' title="bbox 1014 2357 1795 2392; baseline 0 -6"><span class='ocrx_word' id='word_1_589' title='bbox 1014 2360 1075 2386; x_wconf 89' lang='lat' dir='ltr'><strong>dem</strong></span> <span class='ocrx_word' id='word_1_590' title='bbox 1097 2358 1197 2386; x_wconf 89' lang='lat' dir='ltr'><strong>obiisse</strong></span> <span class='ocrx_word' id='word_1_591' title='bbox 1217 2358 1366 2385; x_wconf 88' lang='lat' dir='ltr'><strong>contendit.</strong></span> <span class='ocrx_word' id='word_1_592' title='bbox 1386 2357 1525 2385; x_wconf 81' lang='lat' dir='ltr'><strong>Postrema</strong></span> <span class='ocrx_word' id='word_1_593' title='bbox 1543 2358 1600 2385; x_wconf 82' lang='lat' dir='ltr'><strong>haec</strong></span> <span class='ocrx_word' id='word_1_594' title='bbox 1619 2357 1711 2392; x_wconf 91' lang='lat' dir='ltr'><strong>opinio</strong></span> <span class='ocrx_word' id='word_1_595' title='bbox 1733 2364 1795 2386; x_wconf 85' lang='lat' dir='ltr'><strong>cum</strong></span> 
     </span>
    </p>
   </div>
   <div class='ocr_carea' id='block_1_89' title="bbox 1011 2403 1795 2439">
    <p class='ocr_par' dir='ltr' id='par_1_89' title="bbox 1011 2403 1795 2439">
     <span class='ocr_line' id='line_1_89' title="bbox 1011 2403 1795 2439; baseline -0.001 -8"><span class='ocrx_word' id='word_1_596' title='bbox 1011 2404 1067 2439; x_wconf 90' lang='lat' dir='ltr'><strong>jam</strong></span> <span class='ocrx_word' id='word_1_597' title='bbox 1081 2404 1160 2439; x_wconf 84' lang='lat' dir='ltr'><strong>vulgo</strong></span> <span class='ocrx_word' id='word_1_598' title='bbox 1177 2409 1283 2438; x_wconf 85' lang='lat' dir='ltr'><strong>recepta</strong></span> <span class='ocrx_word' id='word_1_599' title='bbox 1296 2409 1377 2437; x_wconf 82' lang='lat' dir='ltr'><strong>esset,</strong></span> <span class='ocrx_word' id='word_1_600' title='bbox 1390 2404 1471 2431; x_wconf 90' lang='lat' dir='ltr'><strong>totius</strong></span> <span class='ocrx_word' id='word_1_601' title='bbox 1482 2404 1652 2438; x_wconf 85' lang='lat' dir='ltr'><strong>antiquitatis</strong></span> <span class='ocrx_word' id='word_1_602' title='bbox 1663 2403 1795 2438; x_wconf 89' lang='lat' dir='ltr'><strong>peritissi-</strong></span> 
     </span>
    </p>
   </div>
   <div class='ocr_carea' id='block_1_90' title="bbox 1015 2449 1797 2485">
    <p class='ocr_par' dir='ltr' id='par_1_90' title="bbox 1015 2449 1797 2485">
     <span class='ocr_line' id='line_1_90' title="bbox 1015 2449 1797 2485; baseline -0.003 -7"><span class='ocrx_word' id='word_1_603' title='bbox 1015 2458 1075 2478; x_wconf 90' lang='lat' dir='ltr'><strong>mus</strong></span> <span class='ocrx_word' id='word_1_604' title='bbox 1088 2451 1130 2478; x_wconf 88' lang='lat' dir='ltr'><strong>vir</strong></span> <span class='ocrx_word' id='word_1_605' title='bbox 1150 2449 1242 2478; x_wconf 85' lang='lat' dir='ltr'><strong>Justus</strong></span> <span class='ocrx_word' id='word_1_606' title='bbox 1263 2450 1441 2482; x_wconf 88' lang='lat' dir='ltr'><strong>Fontaninus,</strong></span> <span class='ocrx_word' id='word_1_607' title='bbox 1457 2449 1685 2484; x_wconf 76' lang='lat' dir='ltr'><strong>‘_archiepiscopus</strong></span> <span class='ocrx_word' id='word_1_608' title='bbox 1705 2450 1797 2485; x_wconf 80' lang='lat' dir='ltr'><strong>Ancy-</strong></span> 
     </span>
    </p>
   </div>
   <div class='ocr_carea' id='block_1_91' title="bbox 1015 2495 1795 2530">
    <p class='ocr_par' dir='ltr' id='par_1_91' title="bbox 1015 2495 1795 2530">
     <span class='ocr_line' id='line_1_91' title="bbox 1015 2495 1795 2530; baseline -0.001 -7"><span class='ocrx_word' id='word_1_609' title='bbox 1015 2503 1107 2528; x_wconf 88' lang='lat' dir='ltr'><strong>ranus,</strong></span> <span class='ocrx_word' id='word_1_610' title='bbox 1124 2495 1273 2523; x_wconf 83' lang='lat' dir='ltr'><strong>Historiam</strong></span> <span class='ocrx_word' id='word_1_611' title='bbox 1295 2496 1452 2522; x_wconf 79' lang='lat' dir='ltr'><strong>litterariam</strong></span> <span class='ocrx_word' id='word_1_612' title='bbox 1466 2495 1659 2530; x_wconf 76' lang='lat' dir='ltr'><strong>Aquileiemem</strong></span> <span class='ocrx_word' id='word_1_613' title='bbox 1671 2496 1795 2523; x_wconf 86' lang='lat' dir='ltr'><strong>conscri-</strong></span> 
     </span>
    </p>
   </div>
   <div class='ocr_carea' id='block_1_92' title="bbox 1015 2541 1796 2576">
    <p class='ocr_par' dir='ltr' id='par_1_92' title="bbox 1015 2541 1796 2576">
     <span class='ocr_line' id='line_1_92' title="bbox 1015 2541 1796 2576; baseline -0.004 -6"><span class='ocrx_word' id='word_1_614' title='bbox 1015 2543 1094 2574; x_wconf 87' lang='lat' dir='ltr'><strong>bens,</strong></span> <span class='ocrx_word' id='word_1_615' title='bbox 1107 2547 1136 2569; x_wconf 91' lang='lat' dir='ltr'><strong>ut</strong></span> <span class='ocrx_word' id='word_1_616' title='bbox 1147 2547 1223 2569; x_wconf 90' lang='lat' dir='ltr'><strong>certo</strong></span> <span class='ocrx_word' id='word_1_617' title='bbox 1233 2547 1363 2569; x_wconf 87' lang='lat' dir='ltr'><strong>statueret</strong></span> <span class='ocrx_word' id='word_1_618' title='bbox 1376 2548 1429 2576; x_wconf 93' lang='lat' dir='ltr'><strong>quo</strong></span> <span class='ocrx_word' id='word_1_619' title='bbox 1440 2549 1513 2568; x_wconf 90' lang='lat' dir='ltr'><strong>anno</strong></span> <span class='ocrx_word' id='word_1_620' title='bbox 1526 2541 1637 2568; x_wconf 77' lang='lat' dir='ltr'><strong>Ruﬁnus</strong></span> <span class='ocrx_word' id='word_1_621' title='bbox 1645 2545 1672 2568; x_wconf 89' lang='lat' dir='ltr'><strong>et</strong></span> <span class='ocrx_word' id='word_1_622' title='bbox 1683 2541 1796 2568; x_wconf 82' lang='lat' dir='ltr'><strong>Melania</strong></span> 
     </span>
    </p>
   </div>
   <div class='ocr_carea' id='block_1_93' title="bbox 181 2586 1799 2630">
    <p class='ocr_par' dir='ltr' id='par_1_93' title="bbox 181 2586 1799 2630">
     <span class='ocr_line' id='line_1_93' title="bbox 181 2586 1799 2630; baseline -0.011 -3"><span class='ocrx_word' id='word_1_623' title='bbox 181 2600 302 2627; x_wconf 88' lang='lat' dir='ltr'><strong>culenter</strong></span> <span class='ocrx_word' id='word_1_624' title='bbox 316 2600 445 2627; x_wconf 85' lang='lat' dir='ltr'><strong>ostendit.</strong></span> <span class='ocrx_word' id='word_1_625' title='bbox 468 2597 498 2624; x_wconf 90' lang='lat' dir='ltr'><strong>In</strong></span> <span class='ocrx_word' id='word_1_626' title='bbox 520 2598 555 2624; x_wconf 91' lang='lat' dir='ltr'><strong>iis</strong></span> <span class='ocrx_word' id='word_1_627' title='bbox 568 2603 633 2623; x_wconf 88' lang='lat' dir='ltr'><strong>vero</strong></span> <span class='ocrx_word' id='word_1_628' title='bbox 657 2603 717 2630; x_wconf 72' lang='lat' dir='ltr'><strong>qua:</strong></span> <span class='ocrx_word' id='word_1_629' title='bbox 738 2595 832 2622; x_wconf 90' lang='lat' dir='ltr'><strong>horum</strong></span> <span class='ocrx_word' id='word_1_630' title='bbox 850 2593 965 2621; x_wconf 90' lang='lat' dir='ltr'><strong>consilio</strong></span> <span class='ocrx_word' id='word_1_631' title='bbox 979 2586 1004 2616; x_wconf 76' lang='grc' dir='ltr'>υ</span> <span class='ocrx_word' id='word_1_632' title='bbox 1018 2589 1043 2616; x_wconf 86' lang='lat' dir='ltr'><strong>in</strong></span> <span class='ocrx_word' id='word_1_633' title='bbox 1058 2588 1203 2624; x_wconf 65' lang='lat' dir='ltr'><strong>Egyptum</strong></span> <span class='ocrx_word' id='word_1_634' title='bbox 1228 2595 1326 2616; x_wconf 85' lang='lat' dir='ltr'><strong>venere</strong></span> <span class='ocrx_word' id='word_1_635' title='bbox 1350 2588 1456 2622; x_wconf 85' lang='lat' dir='ltr'><strong>(eodem</strong></span> <span class='ocrx_word' id='word_1_636' title='bbox 1483 2591 1574 2612; x_wconf 86' lang='lat' dir='ltr'><strong>autem</strong></span> <span class='ocrx_word' id='word_1_637' title='bbox 1598 2593 1670 2630; x_wconf 87' lang='lat' dir='ltr'><strong>anno</strong></span> <span class='ocrx_word' id='word_1_638' title='bbox 1691 2586 1799 2614; x_wconf 67' lang='lat' dir='ltr'><strong>venisse</strong></span> 
     </span>
    </p>
   </div>
   <div class='ocr_carea' id='block_1_94' title="bbox 181 2640 962 2680">
    <p class='ocr_par' dir='ltr' id='par_1_94' title="bbox 181 2640 962 2680">
     <span class='ocr_line' id='line_1_94' title="bbox 181 2640 962 2680; baseline -0.009 -8"><span class='ocrx_word' id='word_1_639' title='bbox 181 2645 337 2680; x_wconf 85' lang='lat' dir='ltr'><strong>collegimus</strong></span> <span class='ocrx_word' id='word_1_640' title='bbox 352 2652 405 2671; x_wconf 92' lang='lat' dir='ltr'><strong>non</strong></span> <span class='ocrx_word' id='word_1_641' title='bbox 424 2652 486 2671; x_wconf 88' lang='lat' dir='ltr'><strong>eum</strong></span> <span class='ocrx_word' id='word_1_642' title='bbox 507 2642 630 2671; x_wconf 85' lang='lat' dir='ltr'><strong>ordinem</strong></span> <span class='ocrx_word' id='word_1_643' title='bbox 655 2640 740 2669; x_wconf 87' lang='lat' dir='ltr'><strong>secuti</strong></span> <span class='ocrx_word' id='word_1_644' title='bbox 763 2647 868 2680; x_wconf 45' lang='lat' dir='ltr'><strong>suptus,</strong></span> <span class='ocrx_word' id='word_1_645' title='bbox 882 2647 962 2673; x_wconf 84' lang='lat' dir='ltr'><strong>quem</strong></span> 
     </span>
    </p>
   </div>
   <div class='ocr_carea' id='block_1_95' title="bbox 182 2685 962 2722">
    <p class='ocr_par' dir='ltr' id='par_1_95' title="bbox 182 2685 962 2722">
     <span class='ocr_line' id='line_1_95' title="bbox 182 2685 962 2722; baseline -0.01 -3"><span class='ocrx_word' id='word_1_646' title='bbox 182 2692 208 2719; x_wconf 91' lang='lat' dir='ltr'><strong>in</strong></span> <span class='ocrx_word' id='word_1_647' title='bbox 224 2700 271 2719; x_wconf 90' lang='lat' dir='ltr'><strong>sua</strong></span> <span class='ocrx_word' id='word_1_648' title='bbox 292 2691 325 2718; x_wconf 91' lang='lat' dir='ltr'><strong>ad</strong></span> <span class='ocrx_word' id='word_1_649' title='bbox 351 2698 440 2717; x_wconf 89' lang='lat' dir='ltr'><strong>rerum</strong></span> <span class='ocrx_word' id='word_1_650' title='bbox 464 2697 614 2721; x_wconf 84' lang='lat' dir='ltr'><strong>sacrarum,</strong></span> <span class='ocrx_word' id='word_1_651' title='bbox 629 2687 764 2722; x_wconf 64' lang='lat' dir='ltr'><strong>praecipue</strong></span> <span class='ocrx_word' id='word_1_652' title='bbox 784 2685 834 2713; x_wconf 86' lang='lat' dir='ltr'><strong>SS.</strong></span> <span class='ocrx_word' id='word_1_653' title='bbox 850 2685 962 2712; x_wconf 87' lang='lat' dir='ltr'><strong>Patrum</strong></span> 
     </span>
    </p>
   </div>
   <div class='ocr_carea' id='block_1_96' title="bbox 183 2731 962 2768">
    <p class='ocr_par' dir='ltr' id='par_1_96' title="bbox 183 2731 962 2768">
     <span class='ocr_line' id='line_1_96' title="bbox 183 2731 962 2768; baseline -0.013 -2"><span class='ocrx_word' id='word_1_654' title='bbox 183 2739 320 2766; x_wconf 83' lang='lat' dir='ltr'><strong>studiosos</strong></span> <span class='ocrx_word' id='word_1_655' title='bbox 341 2736 526 2764; x_wconf 85' lang='lat' dir='ltr'><strong>admonitione</strong></span> <span class='ocrx_word' id='word_1_656' title='bbox 548 2742 619 2762; x_wconf 85' lang='lat' dir='ltr'><strong>anno</strong></span> <span class='ocrx_word' id='word_1_657' title='bbox 643 2733 764 2768; x_wconf 86' lang='lat' dir='ltr'><strong>proxime</strong></span> <span class='ocrx_word' id='word_1_658' title='bbox 783 2732 875 2766; x_wconf 86' lang='lat' dir='ltr'><strong>elapso</strong></span> <span class='ocrx_word' id='word_1_659' title='bbox 891 2731 962 2757; x_wconf 89' lang='lat' dir='ltr'><strong>edita</strong></span> 
     </span>
    </p>
   </div>
   <div class='ocr_carea' id='block_1_97' title="bbox 218 2801 965 2843">
    <p class='ocr_par' dir='ltr' id='par_1_97' title="bbox 218 2801 965 2843">
     <span class='ocr_line' id='line_1_97' title="bbox 218 2801 965 2843; baseline -0.013 -7"><span class='ocrx_word' id='word_1_660' title='bbox 218 2811 256 2843; x_wconf 79' lang='grc' dir='ltr'><strong>(η)</strong></span> <span class='ocrx_word' id='word_1_661' title='bbox 271 2810 338 2838; x_wconf 84' lang='lat' dir='ltr'><strong>Cum</strong></span> <span class='ocrx_word' id='word_1_662' title='bbox 357 2808 456 2842; x_wconf 88' lang='lat' dir='ltr'><strong>scripta</strong></span> <span class='ocrx_word' id='word_1_663' title='bbox 472 2807 500 2843; x_wconf 85' lang='lat' dir='ltr'><strong>in</strong></span> <span class='ocrx_word' id='word_1_664' title='bbox 514 2806 566 2832; x_wconf 91' lang='lat' dir='ltr'><strong>hoc</strong></span> <span class='ocrx_word' id='word_1_665' title='bbox 581 2804 716 2832; x_wconf 87' lang='lat' dir='ltr'><strong>volumine</strong></span> <span class='ocrx_word' id='word_1_666' title='bbox 729 2801 965 2843; x_wconf 26' lang='lat' dir='ltr'><strong>contentaudispo-</strong></span> 
     </span>
    </p>
   </div>
   <div class='ocr_carea' id='block_1_98' title="bbox 184 2838 964 2878">
    <p class='ocr_par' dir='ltr' id='par_1_98' title="bbox 184 2838 964 2878">
     <span class='ocr_line' id='line_1_98' title="bbox 184 2838 964 2878; baseline -0.014 -6"><span class='ocrx_word' id='word_1_667' title='bbox 184 2838 317 2873; x_wconf 75' lang='lat' dir='ltr'><strong>suerimus</strong></span> <span class='ocrx_word' id='word_1_668' title='bbox 328 2845 402 2878; x_wconf 81' lang='lat' dir='ltr'><strong>juxta</strong></span> <span class='ocrx_word' id='word_1_669' title='bbox 414 2838 540 2878; x_wconf 62' lang='lat' dir='ltr'><strong>&#39;ortlinem</strong></span> <span class='ocrx_word' id='word_1_670' title='bbox 556 2847 652 2878; x_wconf 69' lang='lat' dir='ltr'><strong>novum</strong></span> <span class='ocrx_word' id='word_1_671' title='bbox 671 2847 689 2878; x_wconf 84' lang='lat' dir='ltr'><strong>a_</strong></span> <span class='ocrx_word' id='word_1_672' title='bbox 705 2838 780 2878; x_wconf 76' lang='lat' dir='ltr'><strong>nobis</strong></span> <span class='ocrx_word' id='word_1_673' title='bbox 801 2838 964 2875; x_wconf 82' lang='lat' dir='ltr'><strong>institutum,</strong></span> 
     </span>
    </p>
   </div>
   <div class='ocr_carea' id='block_1_99' title="bbox 186 2873 965 2916">
    <p class='ocr_par' dir='ltr' id='par_1_99' title="bbox 186 2873 965 2916">
     <span class='ocr_line' id='line_1_99' title="bbox 186 2873 965 2916; baseline -0.014 -8"><span class='ocrx_word' id='word_1_674' title='bbox 186 2873 356 2916; x_wconf 66' lang='lat' dir='ltr'><strong>praefationes</strong></span> <span class='ocrx_word' id='word_1_675' title='bbox 374 2878 462 2905; x_wconf 80' lang='lat' dir='ltr'><strong>eidem</strong></span> <span class='ocrx_word' id='word_1_676' title='bbox 476 2875 602 2903; x_wconf 88' lang='lat' dir='ltr'><strong>volumini</strong></span> <span class='ocrx_word' id='word_1_677' title='bbox 620 2874 742 2909; x_wconf 82' lang='lat' dir='ltr'><strong>pnelixas</strong></span> <span class='ocrx_word' id='word_1_678' title='bbox 758 2873 808 2900; x_wconf 91' lang='lat' dir='ltr'><strong>huc</strong></span> <span class='ocrx_word' id='word_1_679' title='bbox 827 2873 965 2899; x_wconf 84' lang='lat' dir='ltr'><strong>revocavi-</strong></span> 
     </span>
    </p>
   </div>
   <div class='ocr_carea' id='block_1_100' title="bbox 1017 2628 1798 2670">
    <p class='ocr_par' dir='ltr' id='par_1_100' title="bbox 1017 2628 1798 2670">
     <span class='ocr_line' id='line_1_100' title="bbox 1017 2628 1798 2670; baseline -0.009 -6"><span class='ocrx_word' id='word_1_680' title='bbox 1017 2640 1133 2668; x_wconf 84' lang='lat' dir='ltr'><strong>coustat,</strong></span> <span class='ocrx_word' id='word_1_681' title='bbox 1149 2643 1201 2670; x_wconf 92' lang='lat' dir='ltr'><strong>quo</strong></span> <span class='ocrx_word' id='word_1_682' title='bbox 1221 2634 1253 2662; x_wconf 91' lang='lat' dir='ltr'><strong>D.</strong></span> <span class='ocrx_word' id='word_1_683' title='bbox 1274 2633 1415 2661; x_wconf 81' lang='lat' dir='ltr'><strong>Athanasii</strong></span> <span class='ocrx_word' id='word_1_684' title='bbox 1433 2633 1558 2659; x_wconf 79' lang='lat' dir='ltr'><strong>interitus</strong></span> <span class='ocrx_word' id='word_1_685' title='bbox 1575 2628 1710 2667; x_wconf 89' lang='lat' dir='ltr'><strong>contigit),</strong></span> <span class='ocrx_word' id='word_1_686' title='bbox 1726 2639 1798 2666; x_wconf 81' lang='lat' dir='ltr'><strong>quae-</strong></span> 
     </span>
    </p>
   </div>
   <div class='ocr_carea' id='block_1_101' title="bbox 1017 2677 1797 2711">
    <p class='ocr_par' dir='ltr' id='par_1_101' title="bbox 1017 2677 1797 2711">
     <span class='ocr_line' id='line_1_101' title="bbox 1017 2677 1797 2711; baseline -0.009 -1"><span class='ocrx_word' id='word_1_687' title='bbox 1017 2683 1132 2711; x_wconf 87' lang='lat' dir='ltr'><strong>stionem</strong></span> <span class='ocrx_word' id='word_1_688' title='bbox 1157 2683 1190 2709; x_wconf 89' lang='lat' dir='ltr'><strong>de</strong></span> <span class='ocrx_word' id='word_1_689' title='bbox 1215 2688 1286 2708; x_wconf 84' lang='lat' dir='ltr'><strong>anno</strong></span> <span class='ocrx_word' id='word_1_690' title='bbox 1299 2679 1440 2707; x_wconf 88' lang='lat' dir='ltr'><strong>emortuali</strong></span> <span class='ocrx_word' id='word_1_691' title='bbox 1459 2678 1487 2706; x_wconf 90' lang='lat' dir='ltr'><strong>S.</strong></span> <span class='ocrx_word' id='word_1_692' title='bbox 1509 2677 1632 2706; x_wconf 87' lang='lat' dir='ltr'><strong>Doctoris</strong></span> <span class='ocrx_word' id='word_1_693' title='bbox 1649 2679 1745 2705; x_wconf 90' lang='lat' dir='ltr'><strong>iterum</strong></span> <span class='ocrx_word' id='word_1_694' title='bbox 1763 2678 1797 2704; x_wconf 81' lang='lat' dir='ltr'><strong>ad</strong></span> 
     </span>
    </p>
   </div>
   <div class='ocr_carea' id='block_1_102' title="bbox 1017 2723 1798 2761">
    <p class='ocr_par' dir='ltr' id='par_1_102' title="bbox 1017 2723 1798 2761">
     <span class='ocr_line' id='line_1_102' title="bbox 1017 2723 1798 2761; baseline -0.008 -6"><span class='ocrx_word' id='word_1_695' title='bbox 1017 2736 1130 2755; x_wconf 82' lang='lat' dir='ltr'><strong>examen</strong></span> <span class='ocrx_word' id='word_1_696' title='bbox 1145 2727 1281 2755; x_wconf 87' lang='lat' dir='ltr'><strong>revocavit</strong></span> <span class='ocrx_word' id='word_1_697' title='bbox 1294 2725 1423 2761; x_wconf 86' lang='lat' dir='ltr'><strong>peculiari</strong></span> <span class='ocrx_word' id='word_1_698' title='bbox 1440 2724 1631 2752; x_wconf 85' lang='lat' dir='ltr'><strong>dissertatione</strong></span> <span class='ocrx_word' id='word_1_699' title='bbox 1646 2724 1678 2752; x_wconf 81' lang='lat' dir='ltr'><strong>ad</strong></span> <span class='ocrx_word' id='word_1_700' title='bbox 1696 2723 1798 2752; x_wconf 87' lang='lat' dir='ltr'><strong>calcent</strong></span> 
     </span>
    </p>
   </div>
   <div class='ocr_carea' id='block_1_103' title="bbox 1019 2793 1799 2831">
    <p class='ocr_par' dir='ltr' id='par_1_103' title="bbox 1019 2793 1799 2831">
     <span class='ocr_line' id='line_1_103' title="bbox 1019 2793 1799 2831; baseline -0.009 -5"><span class='ocrx_word' id='word_1_701' title='bbox 1019 2807 1089 2826; x_wconf 87' lang='lat' dir='ltr'><strong>mus.</strong></span> <span class='ocrx_word' id='word_1_702' title='bbox 1097 2798 1233 2831; x_wconf 66' lang='lat' dir='ltr'><strong>_Caaterum</strong></span> <span class='ocrx_word' id='word_1_703' title='bbox 1247 2796 1368 2823; x_wconf 75' lang='lat' dir='ltr'><strong>ordinem</strong></span> <span class='ocrx_word' id='word_1_704' title='bbox 1385 2803 1482 2822; x_wconf 91' lang='lat' dir='ltr'><strong>novum</strong></span> <span class='ocrx_word' id='word_1_705' title='bbox 1499 2801 1559 2831; x_wconf 87' lang='lat' dir='ltr'><strong>cu_m</strong></span> <span class='ocrx_word' id='word_1_706' title='bbox 1573 2794 1655 2825; x_wconf 73' lang='lat' dir='ltr'><strong>veter&#39;</strong></span> <span class='ocrx_word' id='word_1_707' title='bbox 1673 2793 1799 2821; x_wconf 88' lang='lat' dir='ltr'><strong>collatum</strong></span> 
     </span>
    </p>
   </div>
   <div class='ocr_carea' id='block_1_104' title="bbox 1019 2829 1602 2862">
    <p class='ocr_par' dir='ltr' id='par_1_104' title="bbox 1019 2829 1602 2862">
     <span class='ocr_line' id='line_1_104' title="bbox 1019 2829 1602 2862; baseline -0.012 0"><span class='ocrx_word' id='word_1_708' title='bbox 1019 2835 1051 2862; x_wconf 85' lang='lat' dir='ltr'><strong>ad</strong></span> <span class='ocrx_word' id='word_1_709' title='bbox 1065 2829 1164 2862; x_wconf 86' lang='lat' dir='ltr'><strong>calcem</strong></span> <span class='ocrx_word' id='word_1_710' title='bbox 1181 2832 1245 2860; x_wconf 86' lang='lat' dir='ltr'><strong>tomi</strong></span> <span class='ocrx_word' id='word_1_711' title='bbox 1261 2831 1294 2858; x_wconf 77' lang='lat' dir='ltr'><strong>iV</strong></span> <span class='ocrx_word' id='word_1_712' title='bbox 1310 2831 1506 2859; x_wconf 83' lang='lat' dir='ltr'><strong>exhibebimus.</strong></span> <span class='ocrx_word' id='word_1_713' title='bbox 1527 2829 1602 2856; x_wconf 79' lang='lat' dir='ltr'><strong>Eutr.</strong></span> 
     </span>
    </p>
   </div>
  </div>
