2000 3045
226 155 271 174 VIII

226 204 349 232 Historia:
363 205 499 232 litterarii:
514 206 686 242 Aquileiensis
703 205 818 241 adjecta.
833 206 860 234 In
874 215 905 234 ea
921 208 962 234 vir
976 212 1003 235 et
1017 215 1038 238 Α

224 251 331 286 ingenio
346 256 372 279 et
391 253 546 280 eruditione
566 260 685 281 summus
701 253 783 280 multa
804 260 889 290 eaque
910 254 1002 287 gravia

223 304 256 324 ex
278 297 351 324 omni
374 296 459 325 ferme
486 298 649 332 antiquitate
677 298 828 326 testimonia
859 299 1001 334 congerit,

222 342 319 377 quibus
333 342 439 370 Baronii
457 344 575 372 calculos
591 344 668 379 longe
684 345 906 372 accuratissimos
918 350 1000 372 caete-

222 389 261 416 ris
278 389 411 417 lldeliores
425 391 680 418 ostendat.Gratum
698 391 780 427 igitur
797 391 940 419 lectoribus
952 399 1001 420 nos

222 433 339 461 facturos
353 435 516 469 putavimus,
529 436 551 463 si
565 440 623 470 post
634 435 874 464 Animadumicnes
891 445 922 464 ac
936 437 1000 464 Dia-

221 481 316 507 m'bam
330 481 363 508 cl.
376 481 565 510 Montfauconii
581 483 649 510 hanc
662 491 770 518 quoque
781 484 999 513 dissertationem

221 525 439 561 adjungeremus,
459 532 488 554 ut
508 527 534 555 in
565 535 594 555 re
618 529 686 556 adeo
710 529 737 556 in
763 530 874 565 ancipiti
901 531 999 564 posita,

221 578 269 605 pro
283 579 334 606 qua
349 579 454 600 summa
470 573 577 609 ingenia
593 574 663 602 haud
683 576 802 610 segniter
818 577 892 612 inter
907 583 936 604 se
953 578 1000 605 de-

220 622 367 650 certarunt,
384 618 448 652 quid
468 620 501 646 ad
518 620 658 647 veritatem
675 621 804 649 accedere
826 622 937 657 propius
959 623 1000 650 vi-

220 664 340 697 deretur,
367 664 467 692 clarius
491 665 622 700 dispicere
642 674 674 694 ac
697 667 855 703 dignoscere
877 674 997 703 possent.

219 708 282 736 Haec
302 709 429 736 nimirum
451 711 618 738 solummodo
633 719 665 739 ex
682 713 848 741 eruditorum
873 715 998 742 lucubra-

219 755 337 783 tionibus
348 756 381 783 ad
394 756 504 792 scripta,
519 762 593 792 gesta
607 758 766 794 obitumque
780 760 922 788 Athanasii
937 769 997 796 spe-

218 800 355 828 ctantibus
370 800 447 828 nobis
471 801 584 835 seligere
605 803 690 830 visum
715 809 770 838 est;
795 805 827 832 de
848 805 885 833 cl.
907 811 997 834 autem

219 843 353 880 Scipionis
369 845 466 874 MalIeii
493 848 772 877 animadversionibus
791 850 818 877 in
839 851 942 888 insigne
960 853 998 880 hi-

217 892 309 919 storia‘.
321 892 512 920 ecclesiasticae
523 901 585 921 saec.
603 902 629 921 IV
642 895 822 929 fragmentum
838 898 871 925 ab
893 906 926 926 eo
942 898 994 926 Ve-
1012 891 1033 918 Β

218 945 291 965 ronac
307 942 441 972 repertum
455 939 609 974 editumque
622 941 699 975 paulo
715 942 784 969 intra
797 943 928 972 dicemus.

251 982 294 1012 Ill.
310 983 357 1011 llis
372 984 398 1011 in
411 990 579 1012 antecessum
596 987 741 1020 prmmissis
760 987 793 1015 ad
811 989 893 1023 ipsius
910 989 996 1017 Atha-

217 1030 286 1057 nasii
302 1029 388 1065 Opera
404 1031 573 1063 devenimus,
588 1038 648 1066 qute
664 1041 733 1060 nunc
751 1034 867 1068 primum
884 1035 996 1063 collecta

218 1075 289 1111 typis
308 1076 409 1104 nostris
428 1077 594 1111 evulgamus.
621 1078 660 1105 Ex
684 1079 736 1112 his,
755 1087 814 1114 qua:
830 1081 917 1115 primo
938 1081 996 1110 loco

216 1127 374 1154 occurrunt,
390 1124 503 1158 quique
525 1123 644 1151 secundo
667 1132 747 1160 supra
768 1126 925 1154 vicesimum
944 1136 995 1155 nu-

216 1174 292 1194 mero
307 1172 462 1201 censentur,
485 1176 501 1196 e
521 1169 744 1198 bibliothecarum
761 1171 873 1200 latebris
891 1174 996 1208 primus

215 1213 309 1241 eduxit
321 1221 353 1242 ac
370 1215 468 1249 publici
480 1215 551 1250 juris
563 1215 628 1243 fecit
641 1216 676 1244 cl.
689 1217 913 1252 Montfauconins,
928 1220 996 1248 duo-

217 1259 268 1286 bus
281 1264 376 1287 contra
391 1259 555 1289 Novatianos
569 1261 728 1296 fragmentis
741 1264 871 1298 exceptis,
890 1264 995 1292 decimo

215 1309 310 1332 octavo
327 1312 438 1332 numero
453 1306 664 1340 comprehensis,
680 1314 740 1342 qua:
761 1314 795 1335 ex
809 1308 902 1336 codice
916 1308 995 1338 LVIII

215 1350 384 1378 bibliothecn
401 1351 506 1386 collegii
529 1351 596 1380 Novi
620 1352 816 1381 Oxoniensium
834 1355 995 1390 prodierunt

215 1402 280 1422 cura
305 1403 338 1423 ac
362 1397 498 1432 diligentia
520 1396 599 1426 Joan.
624 1397 812 1434 Christophori
837 1401 927 1428 Woltli
944 1402 992 1438 (α).

214 1441 329 1477 Insignis
347 1442 478 1477 siquidem
503 1443 548 1470 ille
573 1443 753 1472 Benedictinze
772 1445 879 1473 familiae
898 1455 993 1474 mona-

213 1487 290 1521 chus,
317 1491 399 1523 atque
418 1488 566 1516 indefessus
590 1490 759 1525 antiquitatis
785 1492 992 1528 pet-vestigator,

212 1533 335 1561 lustratis
349 1534 521 1569 excussisque
542 1529 648 1563 summa
661 1544 727 1564 cura
748 1544 780 1565 ac
794 1539 884 1566 studio
899 1538 993 1567 Gallia:

212 1584 239 1607 et
254 1580 333 1607 Italiae
347 1580 526 1612 bibliothecis,
542 1586 676 1616 quotquot
687 1583 720 1610 ad
735 1591 843 1610 manum
861 1590 992 1613 venerunt

212 1625 319 1654 codices
334 1626 442 1660 evolvit,
460 1632 488 1654 ut
505 1628 528 1654 si
547 1636 599 1663 qua
612 1628 699 1657 adhuc
716 1629 831 1657 laterent
847 1631 991 1659 Athanasii

211 1672 311 1707 scripta
325 1672 351 1699 in
369 1671 454 1700 lucem
478 1673 630 1707 emitteret;
650 1675 772 1709 tantique
790 1675 890 1704 laboris
903 1684 934 1704 ac
948 1685 992 1704 so-

211 1717 295 1745 lertiae
307 1717 410 1746 fructus
424 1717 502 1746 fuere
518 1727 578 1754 quae
590 1727 672 1756 supra
684 1721 822 1750 innuimus
841 1729 934 1758 opera.
954 1724 992 1751 Ac

211 1763 391 1798 fragmentum
411 1765 518 1798 quidem
543 1773 577 1793 ex
596 1773 714 1794 sermone
730 1768 761 1794 de
778 1767 830 1802 [ide
847 1768 873 1795 in
895 1768 992 1796 σοὶειὶ-

211 1810 290 1837 niana
305 1809 469 1838 Bibliotheca
485 1811 580 1844 edidit,
597 1812 701 1847 reliqua
715 1820 779 1840 vero
803 1814 830 1841 in
845 1813 920 1841 Nora
938 1813 992 1841 Pa-

211 1859 280 1882 trum
301 1860 325 1882 et
346 1857 502 1890 scriptorum
525 1856 676 1885 Gra'corum
705 1858 873 1888 Collectione.
900 1860 991 1896 Neque

211 1908 274 1929 vero
287 1902 376 1929 omnia
396 1907 425 1930 ut
446 1903 578 1937 genuinos
592 1904 756 1932 sanctissimi
773 1906 905 1934 antistitis
920 1907 990 1935 fetus

211 1946 341 1978 Venditat,
355 1947 387 1974 de
400 1947 522 1981 pluribus
538 1952 627 1976 tamen
642 1949 711 1976 nihil
724 1957 783 1978 esse
799 1951 989 1986 ambigendum

210 1992 314 2018 statuit.
331 1991 398 2025 Quid
415 1999 478 2020 vero
495 1993 528 2020 de
546 1993 598 2021 illis
618 1995 788 2022 sentiendum
803 1997 849 2029 sit,
863 2004 895 2024 ex
915 1997 989 2032 ejus-

209 2038 269 2065 dem
286 2038 440 2073 prmfatione
461 2039 562 2074 potius,
583 2045 610 2067 et
626 2048 658 2067 ex
675 2039 786 2068 Manilia
799 2042 911 2077 singulis
924 2051 990 2078 ope-
1020 2078 1023 2079 ν

209 2083 283 2112 ribus
298 2084 424 2119 praeﬁxis,
447 2093 526 2119 quam
552 2092 586 2113 ex
611 2086 689 2114 nobis
713 2087 898 2115 ediscendum.
915 2089 989 2117 Nihil

209 2129 280 2156 enim
295 2136 344 2163 pro
363 2137 405 2162 ea,
429 2137 481 2164 qua
500 2129 629 2164 pollebat,
650 2131 805 2159 eruditione
822 2141 853 2160 ac
867 2134 988 2162 doctrina

209 2175 391 2210 praetermisit,
415 2176 485 2210 quod
501 2176 535 2202 ad
554 2181 654 2203 rectam
670 2184 763 2204 eorum
781 2177 986 2214 intelligentiam

208 2226 288 2256 atque
300 2222 430 2256 judicium
447 2223 630 2249 necessarium
643 2222 789 2251 videretur.

241 2267 287 2294 IV.
299 2267 372 2296 Inter
382 2267 565 2295 Athanasiana
579 2275 654 2302 vero,
669 2276 729 2304 quas
742 2270 908 2306 collegimus,
919 2273 988 2300 scri-

206 2318 251 2348 pta
274 2321 352 2340 suum
371 2314 452 2341 etiam
478 2313 578 2341 habere
600 2314 687 2342 locum
710 2317 866 2350 putavimus
889 2326 986 2345 mouu.

207 2363 296 2385 menta
311 2357 412 2393 aliquot
431 2358 613 2386 ecclesiastica
634 2368 648 2386 a
664 2359 698 2387 cl.
721 2359 827 2388 Maffeio
850 2362 876 2388 in
898 2362 986 2391 lucem

206 2403 303 2431 emissa
329 2408 383 2430 tum
406 2408 470 2431 tom.
494 2403 525 2430 Ill
549 2405 740 2439 opusculorum
767 2406 866 2441 quibus
890 2409 986 2437 titulus

206 2447 388 2476 Onervaziom‘
403 2449 543 2482 letterarie,
558 2455 613 2477 tum
630 2450 655 2477 in
671 2451 723 2478 line
739 2451 795 2485 ejus
809 2454 900 2488 operis
913 2455 985 2489 quod

205 2495 342 2529 inscripsit
365 2494 453 2523 Storia
476 2497 612 2530 teologt'ca.
643 2495 701 2523 Non
725 2498 815 2524 omnia
839 2499 947 2533 quidem
970 2509 984 2527 a

205 2540 301 2576 Magno
314 2542 464 2570 Athanasio
479 2543 630 2578 conscripta
646 2544 788 2577 sunt,_sed
805 2545 864 2571 dua:
880 2551 984 2573 tantum

205 2587 336 2621 epistolas,
358 2596 470 2623 quarum
498 2589 581 2616 altera
604 2588 637 2615 ad
661 2587 824 2616 Marcolicas
849 2589 986 2618 Ecclesias

204 2633 287 2660 missa
300 2633 361 2667 fuit,
385 2635 418 2660 ad
434 2634 534 2662 clerum
553 2635 638 2662 altera
655 2634 868 2663 Alexandrinum
884 2644 916 2664 ac
932 2636 984 2664 Pa-

205 2680 364 2707 rembolam.
380 2679 476 2707 Verum
491 2688 552 2708 cum
568 2689 600 2708 ex
617 2681 668 2708 illis
688 2689 806 2716 quoque,
824 2689 884 2716 quae
900 2681 985 2709 Atha-

204 2727 308 2753 nasium
325 2730 463 2752 auctorem
481 2733 534 2753 non
551 2727 667 2760 jactant,
686 2735 738 2754 non
762 2734 845 2764 pauca
864 2727 983 2761 ejusdem

203 2771 285 2799 vitam
297 2778 330 2799 ac
344 2770 444 2806 scripta
458 2771 567 2805 propius
583 2772 729 2807 attingant,
743 2772 844 2800 uuUuin
859 2773 984 2801 duximus

1001 2225 1024 2253 D

237 2861 277 2896 (α)
292 2860 350 2890 Vid.
365 2859 485 2895 ejusdem
497 2859 577 2888 Praef.
593 2861 625 2888 ad
640 2865 705 2889 tom.
722 2860 752 2888 ΙΙΙ
766 2861 865 2889 Αηεεά.
882 2860 967 2888 Cra'c.

886 147 1152 176 PROLEGOSIENA.

1054 208 1241 236 omittendum.
1260 208 1297 236 Ac
1322 208 1438 244 primum
1463 209 1572 244 quidem
1587 217 1619 237 ex
1644 210 1719 238 hisce
1740 218 1836 238 monu-

1056 254 1154 279 mentis
1180 253 1338 280 historicum
1369 254 1502 289 quodilam
1532 255 1713 289 fragmentum
1733 261 1774 283 est
1802 258 1836 283 ad

1054 297 1188 325 Meletiani
1213 299 1368 326 schismatis
1393 300 1540 333 primordia
1565 302 1711 335 pertinens,
1736 302 1762 328 in
1779 309 1834 336 quo

1054 344 1121 370 duas
1137 344 1268 371 habemus
1288 345 1414 379 epistolas
1428 353 1555 380 perraras
1570 354 1663 374 eorum
1684 353 1834 382 temporum

1054 389 1191 424 reliquias,
1221 398 1280 424 qua:
1303 390 1438 418 Nicaenam
1465 392 1596 426 synodum
1622 398 1830 427 prmeesseruut.

1054 434 1182 469 Sequitur
1195 434 1292 462 deinde
1309 435 1477 471 Sardicensis
1493 437 1599 464 concilii
1624 437 1657 465 ad
1674 438 1834 465 Mareoticus

1053 479 1187 506 Ecclesias
1203 480 1326 514 epistola,
1341 479 1458 514 itemque
1478 480 1508 508 D.
1522 481 1663 508 Athanasii
1682 482 1751 512 duae,
1765 489 1834 516 quas

1054 526 1134 560 paulo
1155 531 1216 553 ante
1235 527 1514 554 commemoravimus.
1531 527 1568 553 Ac
1585 526 1754 554 Sardicensis
1771 528 1833 561 qni-

1052 571 1112 598 dem
1136 571 1243 598 concilii
1265 571 1378 606 epistola
1406 578 1438 598 eo
1462 571 1547 605 magis
1569 579 1675 598 summo
1700 571 1725 598 in
1746 571 1833 606 pretio

1051 623 1132 652 atque
1149 618 1250 644 honore
1267 617 1389 644 habenda
1405 622 1456 650 est,
1474 618 1557 652 quod,
1576 622 1604 643 ut
1620 623 1692 645 recte
1708 618 1833 645 animad-

1051 664 1133 691 vertit
1146 663 1179 691 el.
1195 662 1325 696 Mall‘eius,
1338 663 1400 691 licet
1416 663 1507 691 multa:
1520 663 1553 691 ab
1566 664 1660 691 eodem
1673 664 1833 699 conscripta:

1051 709 1162 742 fuerint,
1177 717 1268 744 paucae
1286 710 1430 736 admodum
1451 709 1548 744 injuria
1565 715 1715 745 temporum
1731 710 1764 737 ad
1781 718 1833 737 nos

1051 761 1248 791 pervenerunt;
1267 763 1298 783 ex
1317 755 1407 790 priore
1424 763 1488 783 vero
1504 756 1533 784 ι).
1553 756 1706 788 Athanasii,
1727 756 1778 783 etsi
1804 757 1831 782 in

1050 809 1081 829 ea
1092 802 1302 837 subscriptiones
1315 802 1385 829 ftede
1399 802 1497 829 alicubi
1510 801 1660 837 depravata:
1671 805 1831 836 appareant,

1049 847 1241 881 episcopalium
1267 852 1355 874 tamen
1381 847 1483 882 aliquot
1509 847 1690 876 Eccleslarum
1720 848 1829 876 nomina

1048 891 1200 924 ediscimus,
1230 900 1296 926 quas
1320 893 1390 928 apud
1416 900 1507 921 sacros
1532 894 1702 928 geOgraphos
1730 893 1831 921 frustra

1047 938 1186 973 requiras;
1201 938 1330 966 nonnulla
1345 939 1428 966 etiam
1443 940 1564 966 virorum
1588 947 1619 967 ac
1645 939 1764 967 locorum
1781 947 1831 967 no-

1047 983 1117 1009 mina
1129 983 1245 1010 nondum
1259 983 1403 1011 emendata
1417 988 1497 1011 recta!
1510 984 1620 1012 lectioni
1637 985 1829 1018 restituuntur,

1046 1035 1077 1055 ex
1091 1029 1238 1064 posteriore
1253 1029 1359 1057 demum
1380 1030 1576 1065 pmoipuarum
1605 1031 1630 1058 in
1652 1030 1767 1058 historia
1782 1039 1830 1058 ec-

1047 1072 1194 1100 clesiastica
1218 1077 1357 1108 gestarum
1382 1081 1473 1102 rerum
1499 1075 1598 1102 veritas
1613 1075 1764 1104 evidentius
1778 1076 1829 1103 dc—

1047 1123 1213 1146 moustratur
1235 1119 1395 1154 firmiusque
1419 1121 1564 1148 stabilitur.
1587 1121 1744 1157 Hujusmodi
1772 1127 1828 1150 tres

1046 1164 1172 1198 epistolas
1187 1164 1310 1191 Historia
1325 1165 1452 1198 acephala
1471 1167 1645 1200 consequitur
1658 1167 1690 1194 ad
1706 1167 1829 1195 Athana-

1045 1211 1112 1237 sium
1128 1211 1295 1244 potissimum
1313 1219 1346 1239 ac
1365 1220 1408 1238 res
1423 1212 1621 1240 Alexandrinas
1635 1214 1783 1248 pertinens,
1800 1214 1828 1241 in

1045 1264 1097 1291 qua
1111 1256 1244 1283 nonnullae
1257 1264 1346 1284 rerum
1365 1257 1539 1293 περιστάσεις
1555 1259 1629 1293 prius
1648 1258 1747 1294 ignota:
1760 1259 1827 1286 alle-

1045 1307 1151 1336 runtur,
1168 1303 1288 1337 quzcdam
1312 1303 1480 1337 explicantur
1503 1304 1680 1336 enucleatius,
1702 1305 1824 1343 quadam

1045 1347 1125 1374 etiam
1147 1348 1225 1374 aliter
1244 1354 1420 1381 enarrantur,
1445 1349 1549 1384 singula
1570 1357 1634 1376 vero
1659 1351 1827 1384 temporibus

1045 1398 1140 1420 exacte
1164 1401 1274 1428 prorsus
1299 1394 1425 1421 distincta
1447 1400 1524 1427 sunt;
1543 1402 1603 1430 quae
1627 1396 1730 1422 utinam
1747 1403 1825 1422 ama-

1045 1439 1186 1466 nuensium
1211 1439 1313 1466 incuria
1337 1447 1389 1466 non
1407 1440 1543 1468 vitiasset!
1569 1441 1680 1473 Verum,
1695 1441 1766 1475 quod
1785 1446 1827 1468 est

1045 1488 1138 1511 notatu
1161 1484 1296 1518 praecipue
1324 1485 1454 1519 dignum,
1483 1493 1570 1513 annus
1598 1491 1640 1513 est
1668 1486 1828 1513 emortualis

1044 1529 1073 1557 S.
1088 1530 1238 1563 Athanasii,
1256 1537 1347 1566 quem,
1362 1531 1384 1557 si
1405 1531 1483 1564 hujus
1498 1532 1619 1560 historiae
1633 1533 1757 1567 scriptori
1775 1532 1827 1560 ha-

1044 1576 1128 1603 benda
1143 1581 1184 1604 est
1199 1576 1275 1608 ﬂdes,
1289 1584 1333 1603 an.
1348 1577 1400 1604 575
1417 1578 1565 1606 decessisse
1580 1579 1774 1614 comperimus;
1791 1587 1824 1606 ex

1042 1630 1095 1656 quo
1107 1622 1273 1650 celeberrimi
1289 1622 1481 1650 Montfauconii
1498 1629 1711 1660 caeterorumque
1728 1626 1777 1652 hac
1792 1625 1827 1652 de

1043 1676 1073 1695 re
1087 1669 1227 1695 sententia:
1243 1675 1294 1695 non
1310 1676 1408 1703 parum
1425 1669 1531 1697 roboris
1546 1677 1578 1697 ac
1594 1670 1731 1698 ﬁrmitatis
1747 1678 1825 1698 acce-

1042 1714 1090 1741 dit.
1106 1714 1155 1747 Qui
1175 1722 1239 1741 vero
1254 1715 1402 1749 pleniorem
1419 1715 1453 1742 de
1476 1715 1536 1743 istis
1551 1716 1746 1745 ecclesiasticis
1764 1725 1823 1744 mo-

1042 1759 1176 1787 numentis
1202 1760 1382 1795 cognitionem
1401 1761 1547 1794 desiderat,
1564 1762 1587 1788 is
1603 1762 1681 1798 legat,
1705 1771 1771 1798 quas
1784 1764 1824 1791 si-

1041 1805 1095 1832 mul
1114 1806 1231 1834 edendas
1256 1806 1421 1840 curavimus,
1445 1807 1481 1834 cl.
1510 1807 1644 1843 Scipionis
1672 1808 1770 1836 Mall'eii
1796 1810 1824 1837 in

1042 1852 1133 1879 eadem
1151 1853 1408 1885 animadversiones,
1432 1860 1480 1881 seu
1503 1854 1591 1888 potius
1615 1855 1825 1888 commentaria,

1041 1897 1067 1924 in
1084 1898 1181 1932 quibus
1202 1899 1291 1926 omnia
1307 1906 1358 1934 pro
1373 1900 1441 1926 mira
1458 1899 1558 1934 ingenii
1574 1900 1615 1927 sui
1631 1899 1762 1928 felicitate
1776 1908 1822 1927 sa-

1040 1944 1142 1979 gaciter
1155 1945 1265 1977 evolvit,
1285 1950 1313 1973 et
1334 1945 1478 1980 exquisitae
1500 1946 1662 1974 eruditionis
1687 1946 1746 1974 luce
1761 1954 1823 1981 per-

1039 1989 1139 2022 fundit,
1154 1992 1217 2025 quin
1233 1991 1315 2019 etiam
1329 1991 1420 2019 obiter
1433 1992 1523 2027 aliqua
1539 1992 1708 2020 eruditorum
1729 1997 1819 2020 errata

1039 2036 1162 2070 castigat.

1073 2103 1105 2131 V.
1123 2103 1232 2130 Graecus
1251 2110 1358 2138 quoque
1383 2107 1473 2131 textus
1496 2103 1620 2138 Ερὲιιοιω
1633 2105 1668 2132 ad
1683 2113 1776 2140 papam
1798 2110 1823 2133 et

1039 2149 1135 2176 clerum
1145 2148 1286 2176 Persarum
1294 2151 1540 2184 przetermittendus
1548 2158 1600 2177 non
1611 2151 1670 2183 fuit,
1681 2159 1714 2179 ne
1722 2152 1784 2186 quid
1795 2152 1821 2178 in

1039 2196 1089 2223 hac
1103 2203 1170 2223 nova
1185 2195 1302 2230 Operam
1318 2196 1456 2223 Athanasii
1470 2196 1627 2224 collectione
1641 2198 1755 2224 deesset.
1769 2197 1822 2224 La-

1040 2242 1123 2268 tinum
1142 2241 1212 2276 typis
1235 2241 1392 2268 excudimus
1408 2245 1472 2269 tom.
1487 2240 1519 2273 ll,
1536 2249 1596 2276 pag.
1615 2241 1822 2274 649;Gra:cum

1039 2288 1143 2322 primus
1169 2287 1243 2314 dedit
1265 2287 1299 2314 cl.
1325 2285 1541 2315 Montfauconius
1565 2287 1592 2314 in
1607 2287 1677 2314 Bibl.
1698 2286 1820 2320 Coislt'n.,

1039 2341 1100 2368 pag.
1117 2332 1180 2366 269,
1191 2333 1261 2360 unde
1276 2340 1324 2360 nos
1344 2333 1417 2360 illum
1430 2334 1636 2368 desumpsimus.
1651 2333 1688 2361 De
1702 2333 1752 2361 hac
1765 2334 1822 2368 epi-

1038 2379 1106 2406 stola
1122 2379 1188 2406 nihil
1200 2378 1350 2406 adtlendum
1365 2378 1466 2406 Manilo
1478 2380 1548 2414 quod
1561 2378 1656 2406 Latino
1669 2380 1727 2413 ejus
1736 2380 1820 2407 textui

1039 2424 1204 2451 Benedictini
1221 2424 1346 2451 monachi
1361 2425 1560 2459 praemiscrunt.

1074 2496 1118 2523 Vl.
1131 2497 1227 2524 Exstat
1241 2501 1307 2525 tom.
1323 2497 1377 2530 VII,
1392 2505 1453 2533 pag.
1467 2497 1529 2530 846,
1553 2496 1634 2524 Navae
1649 2497 1820 2524 conciliorum

1039 2542 1218 2577 Collectionir,
1243 2552 1324 2579 quam
1340 2544 1460 2571 Venetus
1485 2543 1665 2578 typographus
1688 2544 1822 2570 Antonius

1038 2589 1114 2615 Zatta
1139 2590 1220 2617 edere
1246 2589 1341 2624 pergit,
1354 2589 1494 2616 Athanasii
1518 2588 1551 2616 de
1574 2589 1683 2616 Christo
1701 2589 1820 2616 testimo-

1038 2636 1124 2669 nium,
1137 2635 1301 2671 allerturque
1314 2643 1329 2663 a
1345 2635 1455 2663 Leontio
1475 2635 1623 2670 Byzantiuo
1640 2635 1770 2662 monacho
1794 2636 1819 2661 in

1037 2689 1118 2716 opere
1132 2683 1248 2709 nondum
1265 2682 1338 2711 edito
1357 2687 1447 2708 contra
1464 2681 1635 2708 Nestoriauos
1652 2687 1675 2708 et
1688 2681 1823 2708 Emit-hia.

1037 2735 1094 2756 nos.
1112 2728 1236 2755 Vetustus
1251 2728 1328 2763 hujus
1351 2728 1441 2762 aperis
1459 2728 1541 2754 codex
1558 2733 1713 2754 asservatur
1734 2726 1822 2753 Vene-

1038 2774 1082 2802 tiis
1100 2775 1125 2802 in
1138 2774 1231 2803 Graeca
1249 2775 1278 2802 ο.
1298 2775 1380 2802 Marci
1404 2774 1577 2802 bibliotheca.
1593 2774 1630 2801 lix
1651 2782 1682 2800 co
1698 2773 1818 2808 quaedam
