2000 3045
751 181 948 211 PH/EFATIOB

998 197 1001 208 ›
1020 184 1072 212 ΕΙ).
1096 185 1218 215 V'ENET.
1760 203 1785 222 ιιι

174 232 329 267 exscripsit,
348 234 445 263 Latine
471 236 597 269 reddidit,
611 237 682 265 notis
706 238 851 268 illustravit
869 241 903 269 cl.
917 242 959 268 vir
971 258 995 285 Α
1010 251 1093 277 pauca
1113 244 1242 272 dicamus.
1266 245 1375 273 Librum
1393 246 1484 282 itaque
1502 247 1540 276 De
1563 250 1645 277 titulis
1667 249 1788 278 l‘salmo-

173 278 306 306 Antonius
318 279 512 316 Bongiovanni.
529 281 654 317 misitque
668 283 700 310 ad
720 284 903 313 doctissimum
918 287 958 313 vi-

175 331 231 350 rmn
248 320 327 352 .ioan.
340 326 507 355 Dominicum
520 327 614 362 Mansi,
623 329 853 366 archiepiscopum
865 337 957 367 postea

174 369 335 405 anensem,
351 373 449 406 quibus
464 382 558 402 novam
573 381 599 403 et
615 376 808 411 ampliSsintam
827 378 958 406 concilio-

172 422 230 441 rum
243 415 442 452 Collectionem,
454 421 529 455 cujus
547 422 626 456 paulo
646 427 708 450 attte
723 424 902 457 meminimus,
918 425 959 456 lo-é

172 462 328 496 cupit-taret.
345 464 399 493 Hoc
418 466 558 494 Athanasii
583 468 616 496 de
641 468 749 496 Christo
774 471 955 499 testimonium

173 507 236 534 illud
255 509 341 543 ipsum
368 516 417 544 est,
436 513 505 545 quod
529 514 555 540 in
575 514 693 549 ejusdem
713 515 752 543 De
771 515 957 544 Incarnatione

179 551 254 580 Verbi
267 554 316 582 Dei
329 557 456 590 opusculo
478 558 592 593 legimus
609 560 678 587 inter
690 568 770 595 opera
786 561 866 589 dubia
878 563 955 591 initio

173 602 237 624 tom.
249 597 268 625 ll
285 599 322 634 (α)
338 607 353 628 a
369 602 507 630 monachis
519 602 700 632 Benedictinis
712 605 806 633 relato.
821 606 953 640 Quoniam

173 649 235 669 vero
252 643 278 670 in
301 652 334 671 eo
355 646 468 680 paucula
491 648 614 682 quzedam
639 649 717 677 aliter
732 650 858 685 leguntur
874 657 954 686 atque

171 689 207 716 ihi
224 690 324 718 editum
339 691 407 726 fuit,
423 700 456 720 ne
479 695 543 729 quid
561 695 700 723 videamur
717 698 852 731 omittere,
866 698 954 732 placet

171 735 233 762 illud
258 737 309 764 hoc
331 737 389 766 loco
415 740 547 774 proferre.
566 741 634 768 ΤΟΥ
649 741 812 769 ΜΕΓΑΛΟΥ
825 744 954 771 ΑΘΔΝΑ-

170 781 257 809 ator.
282 783 478 820 Ὀμολογοῧμεν
493 786 539 813 καὶ
559 785 627 813 εἷναι
643 788 722 815 αὑτὸν
741 788 804 815 Υιὸν
815 789 861 816 τοῦ
873 790 950 824 Θεοῦ,

169 829 216 856 καὶ
230 829 295 856 Θεὸν
310 831 381 858 κατὰ
397 832 515 868 πνεῦμα,
537 833 594 860 υἱὸν
607 834 749 869 ἀνθρώπου
767 836 836 864 κατὰ
852 837 950 872 σάρκα,

168 875 197 900 οὐ
214 875 260 901 δύο
275 876 370 910 φύσεις
390 878 435 904 τὸν
451 878 499 905 ἕνα
513 879 587 912 Υῐὸν,
610 880 674 915 μίαν
689 883 889 918 προσκυνητὴν,
904 884 950 910 καὶ

1010 297 1067 315 rum
1084 297 1099 316 a
1119 290 1287 318 sanctissimo
1305 291 1418 319 Doctore
1437 292 1519 321 fuisse
1542 296 1722 331 conscriptum
1739 305 1787 324 nos

1009 335 1132 362 dubitare
1151 343 1203 364 non
1218 337 1323 364 sinitD.
1335 337 1512 374 Hieronymus
1530 340 1567 367 De
1582 341 1670 376 script.
1693 343 1784 370 ecclu.

1008 387 1066 415 cap.
1082 380 1126 408 87.
1143 381 1173 408 ὃ.
1188 382 1329 410 Athanasii
1345 383 1441 410 librum
1468 384 1696 420 interpretationis
1711 387 1785 415 Psal-

1008 432 1111 452 morum
1124 427 1242 462 synodus
1254 434 1360 462 quoque
1374 435 1392 455 ll
1405 427 1510 456 Nicatna
1525 437 1718 459 commentorat
1730 439 1783 460 act.

1007 470 1033 498 6.
1053 470 1212 506 Fragmenta
1232 473 1352 508 quaedam
1377 473 1556 503 Athanasiana
1583 476 1784 511 Exparitt‘omtm

1007 517 1034 544 in
1048 516 1167 544 Psolmoa
1181 517 1275 545 Latina
1292 519 1516 555 interpretatione
1540 523 1686 550 donaverat
1712 523 1784 551 Poli-

1007 563 1092 590 tianus
1105 572 1112 597 ;
1129 565 1248 598 quaedam
1263 565 1344 592 etiam
1364 566 1456 594 Daniel
1470 567 1615 600 Barbarus,
1628 573 1653 596 et
1662 568 1784 596 Balthas-

1005 616 1049 636 sar
1059 609 1202 638 Corderius
1217 611 1243 637 in
1255 610 1362 639 Catenis
1375 611 1484 640 Patrum
1500 614 1532 640 ad
1553 612 1672 641 Psalmos
1692 619 1784 648 protu-

1004 654 1109 687 lerant;
1125 655 1219 683 Petrus
1232 656 1294 683 item
1307 656 1504 686 Felckmannus
1517 666 1549 686 ex
1566 658 1665 686 Catena
1683 659 1783 687 Niceta:

1004 699 1167 727 Heracleoue
1199 699 1346 736 fragmenta
1364 701 1617 730 Commentariorum
1642 703 1782 731 Athanasii

1003 745 1031 772 in
1044 743 1162 774 Pealmos
1179 746 1360 782 evulgaverat.
1377 747 1474 775 Postea
1491 749 1683 777 monachorum
1695 749 1781 776 Bene-

1002 791 1162 819 dictinorum
1175 793 1264 820 studio
1276 801 1308 821 ac
1320 793 1457 828 diligentia
1467 794 1653 828 locupletiores
1665 796 1691 823 in
1706 796 1783 823 Psal-

1001 846 1057 864 moe
1069 837 1251 872 Expositione:
1268 838 1298 867 D.
1311 839 1454 867 Athanasii
1470 841 1638 874 prodierunt,
1656 846 1683 869 et
1695 849 1782 876 quan-

1001 891 1081 918 quam
1104 884 1306 919 inscriptionem
1331 893 1383 912 non
1400 886 1467 912 satis
1489 887 1628 914 commode
1648 887 1717 915 libro
1743 888 1784 916 De

169 921 234 956 μίαν
244 922 459 959 ἀπροσκύνητον,
473 925 540 952 ἀλλὰ
555 926 618 960 μίαν
630 927 709 961 φύσιν
724 927 770 955 τοῦ
786 928 852 955 Θεοῦ
865 929 948 963 Λόγου

1001 929 1084 956 titulis
1101 929 1270 957 Psalmorum
1287 931 1320 958 ab
1333 930 1497 967 Hieronymo
1510 932 1619 960 laudato
1636 934 1783 962 convenire

167 969 410 1003 σεσαρκωμένην,
434 971 480 997 καὶ
493 974 731 1009 προσκυνουμένην
742 973 811 1009 μετὰ
822 975 871 1010 τῆς
887 983 951 1011 σαρ-

168 1013 216 1044 κὸς
238 1014 319 1040 αὐτοῦ
347 1017 396 1052 μιᾷ
424 1019 615 1053 προσκυνήσει.
636 1019 700 1052 Qua:
724 1025 759 1047 tta
782 1021 860 1048 vertit
886 1022 949 1049 Ant.

169 1059 349 1095 Bongiovanni
362 1071 368 1088 :
381 1061 502 1089 MAGNI
518 1063 735 1092 ATHANASII.
752 1065 912 1100 Cou/itemur
926 1073 950 1094 et

167 1105 251 1139 ipsum
264 1114 319 1133 ene
336 1107 382 1134 Dei
398 1107 510 1142 Filium,
529 1115 607 1144 atque
629 1110 713 1138 Deum
729 1114 868 1140 secundum
887 1113 949 1146 Spi-

167 1151 286 1184 ritum,et
298 1153 382 1186 ﬁliuni
393 1155 504 1182 hominis
519 1158 659 1185 secundum
676 1166 789 1191 carnem,
802 1168 853 1187 non
864 1166 949 1188 autem

165 1196 232 1224 duo:
251 1203 359 1225 natura:
372 1208 452 1227 unum
465 1200 576 1233 Filium,
589 1211 668 1230 unum
683 1205 858 1238 adorandum,
869 1206 948 1232 aliam

167 1251 218 1270 non
234 1244 317 1278 item;
330 1246 374 1272 sed
389 1255 468 1274 unam
490 1248 517 1274 in
533 1248 588 1281 ipso
604 1248 652 1276 Dei
673 1249 753 1277 Verbo
769 1256 890 1278 naturam
905 1251 948 1278 in-

166 1295 314 1322 cantatam,
332 1296 409 1326 atque
425 1301 475 1319 uno
495 1294 634 1328 eodemque
647 1295 718 1322 cultu
732 1298 946 1330 prosequendum.

165 1334 260 1363 Exstat
274 1337 375 1370 pariter
388 1342 453 1364 tom.
468 1338 488 1371 1,
506 1347 565 1374 pag.
578 1340 622 1374 54,
634 1339 753 1376 Catalogi
761 1343 877 1370 codicum
891 1352 949 1371 ma—

165 1381 357 1415 nuscriptorum
365 1382 525 1411 bibliotheca:
531 1384 655 1412 Medicam
662 1385 858 1421 Laurentiante,
868 1397 948 1424 quem

165 1426 386 1462 diligentissimus
402 1436 477 1464 aeque
490 1437 522 1458 ac
537 1431 736 1459 eruditissimus
748 1434 789 1460 vir
798 1434 866 1470 Aug.
881 1435 947 1463 Mar.

165 1471 310 1500 iiandinius
318 1473 460 1503 Florentiae
472 1476 555 1504 edidit
570 1484 613 1505 an.
624 1477 707 1510 i764;
719 1483 816 1511 exstat,
827 1479 946 1515 inquam,

165 1518 350 1554 interpretatio
366 1521 433 1548 tituli
448 1522 514 1556 psal.
532 1531 635 1557 uuvtt,
652 1532 712 1559 qua:
725 1524 813 1560 Magni
828 1525 948 1553 Athana—

164 1564 196 1591 sii
207 1572 304 1593 nomen
321 1573 377 1601 prae
387 1574 416 1594 se
427 1567 487 1595 fert.
503 1567 647 1604 Desumpta
661 1575 702 1598 est
716 1578 748 1598 ex
761 1571 828 1606 plut.
841 1571 874 1606 V,
884 1574 943 1600 cod.

165 1609 233 1641 XIV,
250 1611 277 1638 in
294 1619 347 1648 quo
365 1611 479 1641 habetur
489 1618 584 1642 catena
599 1617 776 1649 quorumdam
791 1617 901 1645 Patrum
919 1619 945 1646 in

166 1654 307 1691 Psalmos;
336 1666 452 1693 cumque
479 1659 536 1694 ipsa
565 1662 646 1689 etiam
666 1662 701 1690 ab
726 1662 796 1690 edita
816 1662 852 1699 (b)
878 1664 947 1691 tituli

164 1702 284 1735 ejusdem
304 1703 400 1738 psalmi
416 1706 638 1740 interpretatione
654 1707 777 1741 differat,
793 1709 836 1737 hic
850 1710 946 1737 saltem

166 1753 225 1782 post
239 1748 399 1778 Bandinium
419 1752 517 1779 merito
538 1753 716 1781 recudendam
731 1756 892 1789 putavimus.
909 1756 946 1783 Ea

164 1800 253 1821 autem
272 1800 314 1822 est
338 1796 509 1832 hujusmodi:
528 1798 650 1833 Ψιιλμὸς
670 1799 718 1830 οζθ.
739 1801 894 1834 Συνέσεως
907 1801 946 1834 τῷ

170 1840 270 1874 Ἀσάφ.
295 1840 425 1869 Ἐνταῦθα
437 1843 472 1869 τὰ
483 1844 532 1879 τῆς
554 1844 667 1878 Ἐξόὸου,
677 1845 712 1872 τὰ
724 1847 778 1873 τῶν
799 1846 944 1883 Ἀριθμῶν,

164 1887 212 1912 καὶ
235 1886 269 1913 τὰ
293 1887 339 1913 τοῦ
361 1889 566 1924 Δευτερωομίου
588 1890 702 1925 ψάλλει,
719 1892 764 1918 τὸν
782 1892 810 1919 δὲ
839 1893 944 1928 ψαλμὸν

163 1931 222 1966 ᾄδει
237 1931 276 1967 τῷ
298 1932 350 1968 νέῳ
366 1933 431 1966 λαῶ,
445 1935 582 1971 παραινῶν
596 1936 634 1972 τῷ
654 1937 729 1973 νόμῳ
749 1939 891 1974 προσέχειν
906 1939 945 1975 τῷ

162 1977 333 2013 εὐαγγελικῷ
351 1987 358 1994 ο
379 1979 424 2006 τοῦ
447 1979 475 2006 δὲ
497 1981 612 2008 παλαιοῦ
628 1982 681 2010 τῶν
709 1984 841 2011 Ἰουδαίων
857 1985 943 2020 δήμου

163 2023 379 2059 κατηγορῶν,ώς
394 2025 558 2061 ἀγνώμονος,
577 2028 622 2054 καὶ
636 2028 783 2064 ἀχαριστίᾳ
797 2029 846 2061 τὰς
867 2030 944 2066 εὐερ-

163 2069 254 2102 γεσίας
264 2070 461 2106 ἀμειψαμένου,
470 2073 618 2109 παρορμῶν
634 2074 661 2100 δὲ
677 2075 749 2110 ἡμᾶς
763 2075 809 2102 ἐπὶ
818 2076 867 2111 τὴν
880 2076 944 2103 σύν-

163 2122 218 2140 εσιν
236 2114 290 2141 τῶν
308 2117 510 2152 ἐπιφερομένων
521 2137 529 2149 ,
544 2119 698 2152 Συνέσεως
722 2119 770 2156 τὴν
792 2121 944 2157 ἐπιγραφὴν

163 2159 316 2195 ἐποιήσατο.
347 2161 412 2194 Quae
436 2169 485 2189 nos
510 2163 545 2189 ita
571 2163 782 2198 interpretamur
801 2175 806 2192 :
823 2166 944 2195 PsALlus

163 2213 261 2234 turn.
274 2207 454 2235 lN'l'l-ZLLECTUS
462 2207 558 2236 ASAPH.
573 2209 659 2244 Refert
672 2211 698 2237 in
709 2211 757 2238 hoc
772 2212 874 2246 psalmo
886 2222 944 2248 qua

163 2251 190 2277 in
208 2251 283 2279 libris
307 2251 403 2286 Exodi,
417 2253 591 2282 Numerorum
613 2263 637 2283 et
660 2257 853 2285 Deuteronomii
881 2267 942 2285 nar-
956 2270 981 2299 ο

164 2302 264 2329 rantur,
283 2298 413 2332 psalmum
432 2307 491 2326 vero
508 2301 578 2327 canit
595 2309 661 2328 novo
680 2302 785 2337 populo,
798 2303 941 2331 admonens

163 2348 189 2368 ut
204 2343 254 2377 legi
271 2344 426 2378 evangelicte
449 2347 577 2373 attendat.
596 2346 662 2373 Cum
678 2352 764 2374 autem
776 2353 884 2376 veterem
895 2349 943 2376 Ju-

163 2387 277 2414 dteorum
299 2389 422 2422 populum
444 2393 566 2425 tanquam
582 2391 746 2425 insipientem
768 2399 882 2426 accuset,
896 2396 941 2428 qui

164 2433 286 2466 beneﬁcio
304 2434 378 2461 nulla
400 2436 546 2470 gratiarum
560 2438 663 2464 actione
676 2439 831 2472 rependam.
845 2447 942 2474 nosque

163 2479 254 2505 excitet
269 2480 303 2506 ad
316 2481 514 2516 intelligentiam
527 2490 616 2509 eorum
636 2491 695 2518 qute
712 2484 867 2519 u/feruntur,
883 2487 941 2517 ideo

163 2523 311 2553 intellectus
322 2526 426 2553 titulum
441 2529 591 2562 prcposuit.

197 2569 250 2599 VH.
268 2570 408 2607 Reliquum
433 2573 541 2600 tandem
561 2579 612 2608 est,
626 2579 655 2601 ut
676 2574 709 2602 de
723 2574 942 2610 interpretatione

163 2616 339 2651 Psalmorum,
356 2619 412 2647 sive
433 2618 501 2647 libro
512 2619 549 2647 De
566 2620 648 2647 titulis
669 2620 846 2654 Paalmorum,
861 2629 939 2657 quem

163 2668 190 2690 ut
207 2664 351 2699 genuinum
366 2664 397 2691 D.
417 2665 554 2693 Athanasii
571 2674 639 2701 opus
654 2667 737 2694 edidit
750 2667 874 2695 Nicolaus
888 2668 941 2695 An-

163 2710 274 2737 tonellus
288 2710 379 2737 Roma:
400 2718 445 2738 an.
468 2711 545 2745 1746,
563 2713 671 2747 quique.
684 2713 747 2740 licet
763 2717 936 2747 postremam,

162 2755 305 2782 maximam
316 2760 405 2783 tamen
417 2756 527 2791 hujusce
537 2758 676 2786 voluminis
689 2763 792 2793 partem
804 2760 936 2794 conﬁciet,

200 2865 235 2902 (ξι)
254 2865 363 2902 Hostiae
377 2867 541 2902 recensionis
556 2869 653 2902 quarti.
667 2870 745 2898 Eutr.

1002 975 1073 1002 ultro
1091 976 1206 1003 fateatur
1221 975 1445 1010 Montfauconius.
1467 985 1496 1005 ea
1519 982 1607 1005 tamen
1635 979 1780 1014 genuinum

1002 1020 1031 1048 S.
1048 1019 1170 1048 Doctoris
1185 1020 1269 1049 fetum
1292 1027 1437 1050 asseverat.
1458 1023 1556 1051 Verum
1572 1025 1709 1052 enimvero
1727 1032 1779 1052 non

1001 1065 1144 1094 defuerunt
1163 1067 1213 1094 viri
1231 1068 1338 1102 eruditi,
1351 1069 1407 1103 qui,
1426 1075 1454 1096 re
1474 1069 1603 1096 attentius
1627 1070 1778 1104 explorata.

1000 1112 1106 1139 easdem
1135 1112 1230 1148 Magno
1257 1113 1405 1142 Athanasio
1435 1114 1632 1148 ahjudicarnnt.
1659 1115 1778 1143 Tandem

1000 1158 1069 1192 quod
1085 1158 1119 1185 cl.
1135 1158 1348 1187 Montfauconius
1366 1160 1392 1186 in
1413 1159 1576 1187 Prtefatione
1596 1161 1628 1187 ad
1650 1168 1731 1195 opera
1748 1161 1778 1188 S.

999 1204 1140 1231 Athanasii
1156 1204 1189 1232 ab
1206 1211 1235 1232 se
1257 1204 1284 1231 in
1307 1204 1383 1232 Nova
1400 1203 1510 1232 Patrum
1533 1205 1690 1232 Collectione
1703 1206 1778 1233 evul-

999 1253 1059 1284 gata
1091 1255 1250 1284 persuasum
1276 1249 1327 1277 sibi
1350 1257 1410 1277 esse
1432 1250 1630 1285 afﬁrmaverat,
1649 1251 1777 1278 nimirum

999 1300 1096 1329 prmter
1112 1302 1153 1325 ea,
1173 1302 1233 1329 quae
1258 1299 1321 1322 tunc
1345 1296 1473 1329 temporis
1491 1296 1517 1323 in
1541 1296 1635 1332 vulgus
1660 1297 1776 1331 primum

999 1339 1121 1367 mittebat
1145 1339 1174 1367 S.
1190 1339 1311 1367 Doctoris
1336 1340 1452 1374 scripta,
1468 1341 1519 1367 alia
1546 1341 1654 1376 insuper
1678 1343 1777 1370 inedita

998 1385 1301 1417 delitescere,eruditns
1325 1386 1366 1412 vir
1388 1385 1512 1413 Nicolaus
1529 1387 1686 1415 Antonellus
1708 1388 1778 1417 inter

997 1439 1076 1459 manu
1101 1437 1228 1459 exaratos
1252 1431 1421 1460 bibliotheca
1445 1432 1652 1461 Barberinorum
1669 1435 1776 1463 codices

997 1476 1193 1510 Expositionem
1216 1476 1383 1504 Psalmorum
1397 1497 1405 1510 ,
1428 1477 1484 1505 sive
1510 1478 1606 1506 librum
1634 1479 1672 1506 De
1692 1481 1776 1508 titulis

998 1522 1175 1556 Pralmorum,
1188 1523 1221 1551 de
1232 1531 1285 1558 quo
1299 1523 1413 1558 agimus,
1427 1523 1542 1551 feliciter
1549 1525 1659 1552 detexit.
1672 1524 1700 1552 ld
1714 1533 1775 1560 ger-

998 1573 1105 1593 manum
1120 1573 1180 1594 esse
1194 1566 1371 1594 D.Athanasii
1384 1574 1450 1602 opus
1463 1569 1573 1595 omnino
1589 1577 1640 1597 non
1653 1570 1775 1605 ambigit,

999 1611 1122 1645 idetnque
1138 1619 1198 1639 esse
1214 1619 1245 1639 ac
1264 1612 1360 1639 librum
1380 1612 1418 1639 De
1437 1613 1520 1640 titulis
1537 1613 1702 1641 Paulinorum
1714 1614 1775 1641 at).

997 1657 1160 1694 Hieronymo
1186 1659 1357 1686 recensitum.
1379 1659 1454 1692 Quod
1484 1664 1513 1686 ut
1540 1659 1590 1687 sibi
1606 1661 1775 1694 persuadeat,

997 1705 1109 1731 duorum
1128 1704 1343 1732 doctissimorum
1367 1705 1486 1732 virorum
1502 1705 1616 1734 Andrei;
1633 1706 1730 1739 Scotti,
1748 1712 1776 1734 et

998 1749 1074 1777 Luca:
1083 1749 1211 1777 Holstenii
1225 1751 1384 1778 auctoritate
1395 1751 1530 1786 praecipue
1541 1756 1681 1785 movetur;
1692 1753 1774 1779 multa

996 1799 1136 1830 prmterea,
1149 1803 1233 1830 eaque
1249 1803 1301 1822 non
1319 1796 1386 1823 levia
1402 1800 1559 1831 argumenta
1574 1796 1662 1830 affert,
1678 1798 1775 1833 quibus

997 1841 1110 1876 idipsum
1127 1841 1267 1869 manifeste
1280 1842 1407 1875 evincat;
1420 1843 1543 1876 quaedam
1566 1843 1658 1875 etiam,
1676 1851 1734 1878 quae
1749 1845 1774 1871 in

996 1887 1160 1914 contrariam
1189 1891 1292 1921 partem
1307 1886 1387 1921 objici
1411 1892 1531 1922 possent,
1555 1889 1694 1924 ingeniOSe
1721 1897 1774 1918 non

995 1933 1083 1960 minus
1094 1941 1173 1968 quam
1191 1933 1295 1961 erudite
1317 1933 1423 1962 refellit.
1439 1934 1560 1970 Legenda
1576 1937 1686 1964 omnino
1701 1937 1774 1970 ejus-

994 1979 1054 2007 dem
1063 1979 1199 2013 Praafatio,
1207 1987 1286 2015 quam
1295 1981 1390 2015 operia
1397 1987 1425 2008 se
1435 1981 1506 2008 edito
1516 1982 1653 2015 praemisit,
1663 1982 1706 2010 ubi
1718 1990 1774 2009 rem

996 2030 1077 2054 totam
1093 2026 1170 2054 docte
1184 2027 1326 2054 admodum
1341 2034 1373 2054 ac
1394 2027 1486 2054 fusiori
1501 2027 1570 2063 stylo
1592 2029 1773 2063 persequitur.

996 2072 1060 2101 Utra
1077 2073 1187 2100 istarum
1198 2073 1226 2100 in
1238 2072 1357 2100 Psalmos
1370 2067 1612 2106 interpretationum
1628 2074 1774 2102 Athanasio

995 2118 1135 2146 tribuenda
1152 2118 1197 2149 sit,
1212 2125 1279 2145 eane
1301 2117 1468 2145 Benedictini
1493 2118 1625 2149 monachi.
1650 2127 1684 2145 an
1709 2127 1774 2146 vero

994 2171 1074 2199 quam
1099 2163 1257 2191 Antonellus
1271 2164 1382 2196 detexit,
1402 2163 1514 2191 delinire
1530 2164 1578 2198 ipsi
1599 2171 1647 2192 nos
1660 2171 1713 2191 non
1728 2172 1775 2192 aur

993 2211 1088 2237 demus
1105 2218 1111 2236 :
1125 2210 1199 2237 litem
1211 2209 1279 2237 hanc
1291 2210 1456 2237 eruditorum
1471 2210 1572 2245 judicio
1596 2210 1773 2238 dirimendam

995 2255 1179 2290 relinquimus.
1196 2256 1232 2283 De
1246 2256 1297 2283 hoc
1319 2263 1382 2286 uno.
1399 2255 1469 2290 quod
1486 2256 1518 2282 ad
1540 2263 1589 2283 nos
1609 2255 1715 2288 attinet,
1727 2257 1775 2283 ad-

994 2301 1141 2328 monendus
1157 2305 1198 2328 est
1214 2301 1306 2333 lector,
1329 2306 1388 2335 post
1406 2301 1508 2328 editum
1532 2309 1626 2336 nempe
1644 2301 1678 2329 ab
1689 2302 1774 2328 Anto-

995 2348 1064 2375 nello
1076 2347 1243 2375 Psalmarum
1262 2347 1484 2375 Commentarium
1504 2348 1642 2376 Athanasii
1666 2348 1774 2375 nomine

993 2393 1147 2429 insignitum
1164 2394 1191 2421 in
1213 2394 1372 2422 bibliotheca
1391 2394 1518 2421 Vaticana
1536 2399 1669 2429 repertum
1691 2393 1774 2421 fuisse

991 2441 1108 2469 codicem
1129 2441 1198 2468 inter
1219 2440 1354 2468 Palatinos
1376 2449 1401 2468 n.
1427 2440 1524 2474 XLIV,
1545 2442 1571 2468 in
1591 2448 1644 2475 quo
1662 2440 1771 2473 Psalmi,

992 2487 1116 2521 idemque
1128 2486 1355 2514 Commentariunt
1368 2487 1565 2519 continebatur,
1575 2486 1646 2513 unde
1656 2485 1700 2512 ille
1714 2485 1772 2520 plu-

993 2533 1074 2559 rimas
1098 2533 1234 2559 variantes
1247 2532 1377 2559 lectiones
1397 2540 1428 2558 ac
1443 2530 1627 2565 supplementa
1643 2530 1770 2565 deprom-

991 2578 1055 2612 psit,
1080 2585 1164 2613 eaque
1188 2577 1278 2610 omni
1301 2576 1454 2612 appendicis
1485 2576 1543 2603 loco
1575 2583 1630 2603 suae
1661 2575 1772 2603 editioni

991 2623 1099 2658 adjecit.
1130 2623 1165 2651 Ut
1188 2623 1269 2658 igitur
1299 2622 1436 2649 Barberini
1465 2629 1497 2649 ac
1523 2621 1645 2649 Vaticani
1671 2621 1772 2649 codicis

991 2669 1135 2696 identidem
1149 2669 1302 2697 conferendi
1318 2669 1393 2696 labor
1406 2676 1438 2696 ac
1452 2667 1559 2695 ttedium
1575 2668 1667 2695 lectori
1680 2668 1771 2695 immi-

991 2721 1130 2748 nueretur,
1146 2716 1281 2742 variantes
1298 2714 1425 2742 lectiones
1435 2719 1462 2741 et
1472 2713 1623 2741 addimenta
1635 2714 1692 2741 suis
1704 2713 1771 2740 locis

992 2761 1164 2794 inseruiinus‘,
1183 2761 1282 2789 codicis
1304 2764 1405 2788 tantum
1424 2761 1527 2796 adjecto
1548 2760 1666 2794 nomine,
1682 2759 1722 2786 vel
1741 2763 1772 2785 ut

198 2901 234 2935 (lt)
253 2901 328 2930 Tom.
343 2901 364 2929 ll
378 2902 442 2929 edit.
458 2901 544 2931 Paris.
558 2901 677 2932 iin.l698
688 2910 714 2933 et
727 2904 831 2934 Veneta:
844 2905 920 2941 1777,
939 2910 1035 2934 nostra:
1048 2910 1112 2933 tom.
1129 2903 1169 2932 lli.
1187 2904 1224 2932 in.
