2000 3045
205 158 242 178 XII

877 149 1013 177 PROLEG
1017 148 1134 176 ΟΜΕΝΑ
1139 170 1145 176 .

205 211 305 238 dictum
322 210 441 245 explicat
457 210 487 237 S.
506 210 615 241 Doctor,
631 217 683 236 non
694 209 765 244 quod
783 209 919 237 inlicietur
932 210 990 236 sin-
1010 217 1029 242 Α
1047 214 1075 235 ut
1086 209 1216 244 aﬁirmant
1232 210 1293 244 ipsi,
1309 209 1367 238 Noe
1384 219 1447 238 sane
1458 219 1496 238 nr
1507 217 1598 246 Justus
1612 211 1754 238 damnatus
1767 211 1829 245 fuit,

205 257 282 291 gulos
300 257 424 284 homines
439 264 500 284 cum
517 256 620 290 peccati
647 256 789 290 originalis
814 256 939 284 sordibus
965 256 991 282 in

204 304 292 331 lucem
306 304 349 331 edi
363 313 370 331 :
386 311 446 331 eam
460 303 560 338 quippe
585 303 629 330 ille
648 303 811 330 sententiam
840 302 992 330 clarissime

206 349 365 383 proﬁtetur;
392 349 439 377 sed
463 357 525 377 cutn
550 349 670 376 lucretici
690 349 735 376 illo
750 348 811 376 .lobi
840 351 898 376 loco
923 349 991 382 nixi,

206 396 322 422 actualia
339 401 450 430 peccata
470 396 496 423 in
513 396 633 431 parvulis
656 396 853 423 constituerent
869 404 876 422 :
891 404 924 423 ex
942 396 986 422 ad-

203 449 283 470 verso
297 450 419 478 pugnans
434 442 480 470 ille
496 450 510 470 a
529 443 657 470 sordibus
680 443 762 470 animi
785 443 819 470 ad
845 450 991 478 corporeus

204 489 325 516 maculas
340 489 399 524 ejus
419 489 470 516 loci
497 489 751 524 interpretationem
767 490 907 518 transfert.
922 489 990 523 Quia

202 542 267 562 vero
280 535 355 563 locus
369 536 413 563 ille
426 535 581 567 Athanasii,
595 535 672 563 initio
690 541 718 563 et
733 535 786 563 line
800 536 920 568 mutilus,
936 543 988 563 non

201 587 285 609 totum
302 582 378 609 illius
392 582 442 609 hac
456 581 489 609 de
503 589 533 609 re
549 581 711 609 sententiam
732 582 871 616 exprimit,
888 582 936 609 abs
961 589 990 609 re

202 633 276 656 esset
291 629 335 656 bis
348 628 517 663 explicandis
534 628 637 655 diutius
657 622 807 659 immorari,
825 636 885 655 cum
904 628 990 655 maxi-

200 682 246 703 me
258 675 363 710 peccati
377 674 516 709 originalis
531 673 686 701 doctrinam
700 674 844 708 perspicue
864 674 989 701 Athana-

198 722 266 752 sius,
276 720 454 755 siquisquam
468 720 549 752 alius,
562 720 696 747 enuntiet.
719 719 764 747 Sic
785 728 813 754 p.
829 720 883 747 866
898 729 905 747 :
922 720 988 747 0m-

197 775 243 794 nes
258 767 346 802 itaque
357 767 402 802 qui
419 774 452 793 ea:
474 766 576 793 Adamo
595 766 730 799 oriuntur,
753 767 780 793 in
801 767 987 801 iniquitatibus

198 814 390 848 concutiuntur,
404 815 431 840 in
441 813 531 848 proavi
545 813 588 840 sui
605 812 804 840 damnationem
816 813 925 847 collapsi
933 821 942 842 .'
960 819 988 841 et

196 860 260 887 alibi
278 860 369 887 multis
384 859 410 887 in
427 859 504 891 locis,
519 866 581 894 qua:
596 859 705 895 longum
726 864 799 887 esset
813 867 984 887 enumerare.

232 905 377 937 Sinaulare
392 905 537 933 admodum
550 909 592 932 est
607 907 679 940 quod
697 906 779 934 habet
796 907 825 934 S.
843 906 945 934 Doctor
957 907 983 934 in

195 949 254 978 haec
267 950 385 978 Matthxi
398 951 492 984 verba,
507 951 539 979 Si
552 952 644 980 oculus
664 957 725 979 tuus
741 953 833 980 dexter
852 953 985 980 scandali-

194 1003 237 1024 zat
250 1002 288 1029 te,
300 1005 362 1024 erue
371 1005 430 1024 eum
444 998 467 1031 ',
485 1002 551 1031 etc.,
564 998 634 1033 quod
648 998 826 1026 Athanasiani
843 999 892 1026 aevi
916 1007 983 1026 con-

197 1044 292 1071 ditioni
306 1044 428 1079 apprime
438 1045 577 1072 convenit.
590 1045 636 1072 Ait
649 1045 749 1080 quippe
774 1045 831 1078 ille,
850 1045 917 1073 dicti
931 1045 982 1072 hu-

192 1091 237 1125 jus
251 1091 425 1125 explicationi
439 1091 576 1124 insistens.
587 1091 617 1119 Si
635 1092 777 1127 episcopus
789 1096 816 1119 et
829 1092 982 1128 presbyter.

193 1136 239 1170 qui
261 1142 323 1163 sunt
338 1137 464 1172 corporis
481 1137 609 1165 Ecclesiae
621 1137 704 1172 oculi,
725 1138 768 1166 vel
793 1139 815 1166 si
839 1138 981 1171 diaconus,

191 1183 236 1216 qui
249 1190 299 1218 pro
315 1190 395 1210 manu
406 1184 531 1216 habetur,
545 1189 592 1211 aut
602 1184 710 1212 demum
723 1184 859 1218 minister,
873 1186 919 1220 qui
934 1193 981 1220 pes

196 1235 259 1256 esse
273 1228 442 1264 intelligitur,
465 1229 590 1264 improbe
609 1235 765 1263 versentur,
777 1235 804 1258 et
822 1232 921 1266 populo
940 1231 980 1258 la-

195 1281 261 1308 psus
273 1274 381 1301 occasio
394 1275 461 1308 sint,
483 1275 648 1309 abiiciendos
661 1281 787 1311 oportere
800 1284 833 1304 ex
848 1277 978 1312 Ecclesia,

193 1317 428 1352 praestabiliusque
443 1326 502 1346 esse
515 1319 629 1353 abiectis
644 1320 701 1348 illis
724 1325 874 1348 conventus
887 1329 978 1357 agerc,

192 1371 272 1397 qustu
288 1371 350 1390 cum
366 1364 432 1399 ipsis
451 1365 653 1393 damnationem
673 1366 816 1394 incurrere
833 1375 841 1394 :
860 1375 920 1402 quae
935 1375 980 1396 res

191 1416 225 1435 4-0
241 1413 362 1444 tempore
372 1417 424 1437 non
439 1411 559 1438 insolens
571 1415 639 1439 erat.
655 1412 722 1440 Nam
734 1411 892 1441 Theodorus
907 1413 980 1450 Oxy-

193 1456 280 1483 rinchi
310 1457 454 1492 episcopus
471 1458 506 1485 ab
526 1458 645 1494 Georgio
660 1460 764 1487 Ariano
785 1460 937 1493 ordinatus,
963 1469 977 1488 a

195 1501 268 1528 clero
283 1505 311 1529 et
321 1502 422 1537 populo
434 1503 556 1537 abiectus
565 1509 617 1532 est.
634 1504 785 1533 Ecclesiam
801 1513 867 1534 vero
881 1506 979 1534 deinde

191 1546 353 1582 interposito
368 1549 500 1583 temporis
513 1551 602 1584 spatio
624 1551 756 1586 regebant
773 1552 925 1588 presbyteri
951 1557 978 1581 et

190 1592 306 1620 diaconi.
340 1593 528 1630 Similiterque
560 1596 694 1633 Georgius
729 1597 930 1626 Alexandrinus
961 1607 976 1626 a

190 1638 269 1672 plebe
282 1640 377 1674 pulsus
392 1647 540 1676 narratur;
572 1642 695 1679 aliosque
711 1644 811 1672 multos
833 1645 946 1679 perinde
963 1653 977 1672 a

188 1685 285 1720 populo
300 1686 454 1715 eliminatos
470 1688 541 1715 haud
558 1688 664 1717 ditl'icile
676 1694 748 1718 esset
759 1698 909 1718 recensere.
926 1691 978 1718 νο-

188 1739 258 1765 rum,
273 1733 324 1760 etsi
340 1733 507 1762 Athanasius
526 1735 584 1763 haec
607 1736 708 1764 monita
730 1735 855 1769 dederit,
871 1738 978 1765 cavesis

188 1783 266 1812 putes
278 1780 388 1808 licuisse
397 1781 506 1816 populis
523 1783 654 1817 praesules
677 1791 751 1815 suos,
766 1783 818 1810 etsi
834 1789 926 1811 sontes
950 1787 978 1811 et

188 1825 337 1860 improbos,
352 1827 588 1856 indiscriminatim
598 1837 630 1855 ex
644 1829 765 1857 Ecclesia
777 1830 876 1864 pellere
893 1838 900 1856 :
915 1837 976 1856 nam

188 1873 214 1899 id
227 1874 350 1901 muneris
377 1875 409 1901 ad
434 1875 552 1910 synodos
566 1876 756 1910 episcOporum
771 1877 923 1911 spectabat.
941 1877 977 1902 At

188 1926 249 1945 cum
271 1919 316 1946 illo
326 1927 383 1947 :evo
396 1920 559 1947 Arianorum
569 1920 828 1955 Meletianorumque
839 1921 975 1955 protervia

188 1964 280 1991 omnia
292 1965 455 1999 miscuisset,
469 1973 500 1992 ac
515 1965 698 1994 ecclesiastica
712 1967 906 2001 synodaliaque
921 1971 977 1994 sta-

189 2015 246 2037 tuta
258 2011 458 2045 pessumdaret,
475 2019 535 2039 cum
557 2011 662 2039 venalia
683 2013 774 2039 omnia
796 2013 975 2040 conscelerali

192 2056 231 2082 illi
258 2061 450 2091 proponerent,
479 2058 621 2092 episcopos
659 2057 820 2092 plerumque
844 2059 970 2085 ethnicus

188 2103 366 2137 simoniacos,
383 2104 504 2139 aliosque
514 2104 651 2132 sexcentis
670 2104 819 2132 sceleribus
840 2104 973 2132 obnoxios

186 2154 362 2186 coeptarent;
379 2155 434 2178 tum
447 2151 552 2178 scilicet
571 2158 633 2179 cum
657 2150 761 2178 nullum
784 2158 798 2178 a
823 2149 974 2178 Catholicis

184 2196 344 2231 praesulibus
356 2197 504 2225 subsidium
520 2197 623 2233 sperari
637 2201 739 2232 posset,
754 2196 891 2232 oppressis
899 2203 976 2223 nem-

184 2249 229 2276 pe,
238 2242 264 2269 in
277 2242 373 2270 exsilio
381 2243 541 2276 degentibus
549 2243 665 2278 sedeque
673 2243 767 2275 motis;
778 2242 882 2269 licitum
890 2249 974 2277 popu-

183 2287 216 2314 lis
231 2292 291 2314 erat
300 2288 451 2323 episcopos,
460 2289 505 2323 qui
516 2287 640 2322 luporum
651 2288 739 2315 instar
748 2287 883 2316 Ecclesias
890 2295 973 2315 occu-

183 2338 325 2368 paverant,
340 2333 441 2367 pellere
452 2336 474 2360 si
484 2337 605 2368 possent,
613 2333 774 2361 ctEcclesiaa
783 2333 855 2361 aditu
864 2341 970 2361 arcere.

217 2378 245 2406 In
265 2379 340 2412 illud,
356 2377 447 2405 Nolite
456 2378 628 2413 judicare,”
645 2388 696 2406 non
707 2379 864 2414 judicemini
876 2379 900 2412 ³,
915 2379 971 2406 bte-

182 2424 328 2451 reticorum
345 2424 387 2452 sui
413 2425 545 2459 temporis
561 2426 785 2452 consuetudinem
813 2425 911 2459 carpit.
931 2424 968 2451 lli

182 2477 304 2505 namque,
318 2470 358 2498 sic
373 2469 428 2504 ille,
443 2478 489 2504 per
503 2471 611 2498 insanas
633 2475 711 2506 atque
735 2471 897 2504 perniciosos
911 2477 965 2504 pa-

183 2517 300 2543 nitentiw
317 2518 385 2544 ritus
399 2517 517 2551 pecuniw
541 2522 671 2552 questum
702 2521 875 2549 aucupantes,
891 2516 967 2542 aiunt

183 2569 235 2587 non
250 2561 425 2596 judicandum
441 2562 493 2590 sive
506 2563 685 2589 damnandum
695 2570 750 2588 esse
762 2569 831 2593 eam,
849 2562 893 2596 qui
909 2569 969 2595 pec-

182 2610 242 2632 cata
261 2606 382 2634 mortalia
398 2611 545 2642 perpetrat;
561 2607 598 2633 ait
613 2607 706 2641 quippe
724 2606 862 2638 Dominus,
877 2605 967 2633 Nolite

175 2647 313 2685 judicare,
324 2656 418 2680 utnon
430 2652 597 2687 judicemiui.
613 2653 720 2685 Quodsi
733 2653 773 2679 ita
783 2661 810 2679 se
825 2661 865 2680 res
879 2653 965 2685 habet,

216 2734 227 2748 ²
244 2731 338 2758 Matth.
355 2739 382 2765 v,
393 2730 438 2759 ‘29.
476 2733 486 2749 ³
500 2732 595 2761 Matth.
612 2741 660 2766 vn,
677 2733 701 2761 l.
740 2733 751 2749 ⁸
763 2733 828 2761 ibid.
844 2733 871 2762 6.

217 2791 254 2825 (a)
274 2790 440 2826 Spectminis
460 2792 520 2819 loco
548 2793 605 2819 haec
624 2793 680 2820 sint
697 2800 757 2825 quae
776 2793 803 2820 in
819 2798 913 2821 catena
933 2793 960 2820 in

181 2826 284 2854 Novum
299 2827 501 2854 Testamentum
513 2828 610 2855 Osonii
622 2835 693 2855 anno
706 2828 785 2859 1844,
800 2833 913 2856 curante
924 2828 963 2856 ι.-

180 2863 212 2888 A.
226 2861 340 2898 Cramer
352 2862 481 2898 etlita,ad
498 2864 554 2890 haec
567 2871 628 2898 cap.
640 2871 665 2889 γι
677 2871 748 2890 vers.
764 2863 798 2890 18
809 2863 894 2898 Epist.
910 2863 917 2890 I
931 2865 963 2891 ad

181 2897 256 2931 Con,
272 2898 285 2924 ὁ
299 2897 328 2924 δὲ
344 2896 481 2933 πορνεύων
505 2900 545 2931 εἰς
566 2896 682 2926 τθίῖδιον
704 2898 782 2934 σῶμα.
801 2896 964 2935 ἁμαρτάνει,

989 2256 1011 2284 D

1015 2794 1160 2829 leguntur:
1177 2793 1233 2820 Τοῦ
1253 2793 1340 2828 ἁγίου
1360 2794 1548 2821 Ἀθανασιου.
1568 2795 1648 2821 Ἐστι
1662 2794 1715 2829 πρὸ

1016 2828 1191 2866 τξιςῗᾷπᾳσιν
1209 2829 1253 2856 xa‘
1276 2828 1606 2866 VcoﬁbyiouiAOavaalou
1626 2828 1760 2866 ἑρμηνεία
1781 2830 1810 2855 ἐν

1042 257 1112 292 quod
1126 256 1267 285 derisorem
1284 258 1411 285 Chamum
1429 259 1589 293 judicaverit
1614 264 1638 286 et
1653 257 1827 287 damnaverit.

1043 308 1074 331 ut
1090 309 1155 331 esset
1170 304 1284 339 fratrum
1301 313 1399 333 servus.
1414 305 1546 332 Nimirum
1560 305 1598 332 illl
1608 305 1733 339 pactione
1748 312 1829 339 pecu-

1043 350 1095 377 niae
1111 350 1235 377 homines
1250 351 1418 385 gravissimis
1441 352 1560 386 peccatis
1576 351 1719 384 obnoxios,
1734 352 1828 386 poeni-

1043 397 1134 424 tentize
1151 397 1256 430 legibus
1269 401 1296 424 et
1308 396 1492 424 satisfactione
1504 397 1638 425 immttnes
1646 397 1826 424 dimittebant.

1042 445 1118 477 Quod
1136 444 1245 471 Arianis
1260 448 1288 471 et
1314 443 1466 471 Meletianis
1480 445 1602 479 apprime
1625 443 1762 476 convenit,
1779 445 1825 479 qui

1041 490 1241 518 ecclesiasticos
1256 491 1325 518 ritus
1337 490 1558 526 pessumdabant,
1572 491 1639 518 nihil
1648 498 1700 518 non
1708 494 1826 526 quaistus

1040 544 1121 564 causa
1141 543 1221 571 agerc
1237 537 1337 571 parati.

1075 582 1103 610 lu
1119 582 1195 613 illud.
1215 582 1306 610 Nolite
1317 587 1410 610 sancta
1435 582 1498 610 dare
1514 583 1633 614 canibus,
1655 591 1737 618 neque
1762 583 1825 610 mlt-

1039 629 1102 655 tatis
1118 629 1277 664 margaritas
1294 633 1393 656 vestras
1407 634 1468 656 ante
1496 637 1588 663 porcas
1603 629 1624 660 ⁸,
1641 629 1698 656 haec
1714 629 1826 664 pulchre

1040 673 1121 701 tradit
1134 675 1300 703 Athanasius
1313 684 1320 702 :
1339 674 1566 708 Quemadmodum
1575 675 1644 702 enim
1660 676 1683 702 si
1693 676 1752 710 quis
1764 683 1826 709 por-

1037 729 1096 747 cum
1110 729 1124 747 e
1139 729 1210 747 cano
1226 721 1357 754 eduxerit,
1370 721 1396 747 id
1413 721 1463 747 sibi
1481 729 1576 754 parcus
1597 722 1694 748 damno
1712 729 1767 748 esse
1780 729 1826 747 ar-

1038 767 1170 799 bitratur;
1189 767 1227 794 ita
1244 767 1267 794 si
1280 767 1336 802 quis
1354 766 1524 794 libidinosum
1547 775 1580 794 es;
1598 775 1669 794 como
1684 767 1824 800 voluptatis

1037 816 1149 844 avertat,
1167 813 1189 839 is
1210 813 1388 847 temperantia:
1403 813 1584 839 consiliarium
1601 821 1652 839 non
1669 814 1758 845 amici,
1778 813 1823 839 sed

1037 858 1183 884 adversarii
1196 857 1252 884 loco
1269 858 1356 884 habet.
1374 857 1415 885 Ne
1439 858 1609 893 prajiciamus
1635 867 1694 893 ergo
1720 855 1823 886 nostras

1038 904 1307 931 incontaminatorum
1326 905 1512 940 mysteriorum
1532 905 1690 939 margaritas
1706 910 1765 932 ante
1776 907 1824 932 ho-

1038 950 1119 976 mines
1131 951 1215 984 porcis
1229 951 1337 978 similes.
1361 951 1394 978 At
1420 951 1486 978 dicet
1513 952 1654 986 quispiam,
1681 950 1823 978 Sacrorum

1036 997 1175 1032 participes
1186 1004 1241 1024 esse
1254 997 1356 1029 volunt,
1373 1003 1397 1024 et
1413 1003 1474 1024 sunt
1489 1002 1575 1024 tamen
1589 1006 1667 1025 canes
1686 998 1825 1032 impuden-

1037 1047 1084 1075 tes,
1095 1047 1121 1069 et
1132 1044 1206 1077 porci
1219 1043 1328 1070 volutati
1343 1044 1372 1070 in
1389 1051 1461 1070 εαιηο
1483 1043 1632 1077 voluptatis.
1663 1043 1701 1070 Tu
1715 1052 1773 1071 vero
1791 1052 1823 1070 ne

1036 1089 1139 1116 dederis
1154 1097 1164 1116 :
1184 1097 1245 1116 nam
1269 1089 1333 1124 atqri
1352 1098 1455 1124 quoque
1482 1097 1578 1125 aquam
1608 1089 1753 1124 postulant,
1776 1090 1821 1116 sed

1036 1136 1131 1162 medici
1154 1139 1241 1162 vetant
1257 1144 1267 1162 :
1283 1136 1390 1170 tyranni
1404 1136 1504 1170 regiam
1529 1132 1672 1170 purpuram
1687 1141 1820 1170 expetunt,

1036 1181 1081 1208 sed
1090 1180 1161 1207 illius
1173 1181 1303 1213 custodes,
1316 1181 1462 1215 perieulum
1474 1181 1648 1212 suspicantes,
1662 1188 1715 1207 non
1729 1189 1821 1208 conce-

1035 1227 1108 1253 dunt.
1129 1226 1191 1253 Vide
1201 1235 1262 1261 ergo
1279 1231 1307 1253 tu
1320 1235 1431 1262 quoque,
1446 1227 1566 1260 diacone,
1586 1229 1617 1254 te
1631 1227 1745 1262 indignis
1759 1235 1823 1260 pur-

1033 1280 1129 1306 puram
1139 1273 1314 1307 impeccabilis
1327 1274 1443 1305 corporis
1456 1274 1572 1307 prwbeas
1582 1293 1591 1306 ,
1603 1281 1635 1300 ne
1649 1274 1745 1300 rationi
1760 1274 1822 1300 red-

1033 1319 1137 1350 dendae,
1152 1327 1203 1345 non
1218 1319 1360 1345 secundum
1381 1318 1515 1346 Romanas
1529 1319 1608 1354 leges,
1619 1319 1663 1346 sed
1677 1319 1825 1346 secundum»

1033 1364 1141 1391 Domini
1155 1365 1225 1391 dicta
1237 1365 1365 1392 obnoxius
1382 1365 1429 1392 sis.

1069 1409 1097 1436 lu
1114 1410 1170 1437 hate
1186 1410 1279 1442 verba,
1291 1409 1435 1445 Propterea
1454 1410 1512 1437 dico
1525 1411 1598 1438 vobis
1609 1418 1619 1437 :
1633 1411 1717 1438 Omne
1727 1419 1822 1445 pecca-

1034 1460 1088 1483 tum
1098 1461 1121 1483 et
1135 1456 1296 1490 blasphemia
1307 1457 1456 1484 remittetur
1468 1458 1629 1490 hominibus,
1641 1459 1687 1485 sed
1698 1459 1820 1492 blasphe—

1031 1503 1086 1529 mia
1100 1503 1128 1529 in
1152 1501 1278 1536 Spiritum
1296 1511 1348 1530 non
1362 1504 1511 1530 remittetur
1525 1503 1590 1531 illis.
1613 1504 1648 1531 Et
1673 1505 1821 1540 quicunque

1032 1549 1128 1576 dixerit
1139 1551 1243 1576 verbum
1260 1555 1351 1576 contra
1363 1548 1464 1576 Filium
1484 1549 1607 1583 hominis,
1620 1551 1764 1578 remittetur
1777 1551 1818 1583 ei;

1029 1596 1073 1630 qui
1089 1601 1176 1622 autem
1187 1596 1286 1623 dixerit
1298 1595 1406 1623 verbum
1422 1601 1514 1622 contra
1538 1595 1670 1631 Spiritum
1685 1603 1818 1630 sanctum,

1030 1650 1081 1668 non
1095 1642 1242 1669 remittetur
1253 1643 1290 1674 ei,
1302 1650 1385 1676 neque
1398 1643 1425 1668 in
1438 1642 1487 1669 hoc
1501 1642 1609 1674 saeculo,
1624 1651 1705 1677 neque
1725 1644 1753 1670 in
1775 1643 1818 1678 [u-

1030 1693 1088 1715 tura
1108 1689 1119 1704 ⁸
1138 1697 1144 1715 :
1164 1689 1286 1715 eamdem
1303 1687 1464 1722 compendio
1477 1687 1686 1722 explicationem
1703 1688 1818 1723 profert,

1028 1741 1110 1768 quam
1132 1734 1159 1760 in
1184 1734 1238 1761 line
1266 1732 1382 1768 epistola:
1403 1732 1421 1759 4
1437 1733 1472 1759 ad
1499 1732 1670 1768 Serapionem
1696 1733 1818 1768 pluribus

1028 1780 1196 1813 adduxerat;
1215 1779 1253 1806 ita
1274 1783 1305 1806 ut
1323 1779 1474 1806 sententias
1497 1786 1582 1814 prope
1608 1779 1705 1807 iisdem
1726 1780 1820 1807 verbis

1030 1829 1160 1860 usurpet;
1185 1830 1214 1852 ut
1230 1825 1271 1852 vel
1296 1824 1360 1852 inde
1376 1825 1435 1852 haec
1446 1824 1648 1852 Commentaria
1665 1825 1818 1853 certissime

1027 1872 1170 1899 Athanasii
1190 1878 1251 1900 esse
1275 1871 1444 1906 pronuntiet,
1466 1871 1591 1906 quisquis
1605 1871 1663 1898 haec
1690 1876 1817 1898 accurate

1027 1922 1120 1945 mutuo
1134 1917 1270 1945 conferat.
1282 1917 1331 1944 Hic
1343 1917 1388 1944 ille
1401 1916 1558 1952 Origenem,
1574 1921 1602 1943 ut
1616 1917 1745 1948 diximus,
1757 1925 1817 1944 car-

1027 1964 1076 1999 pit,
1089 1964 1160 1999 quod
1175 1971 1316 1998 pinnarum
1331 1963 1411 1991 tinem
1433 1962 1551 1997 aliquem
1566 1962 1593 1990 in
1610 1962 1702 1990 futuro
1715 1962 1816 1990 saeculo

1026 2009 1234 2044 prtescripserit,
1250 2013 1277 2036 et
1291 2008 1435 2040 Novatum,
1454 2009 1526 2044 quod
1543 2009 1730 2042 pcenitentiam
1745 2009 1818 2043 reje-

1025 2054 1104 2082 cerit.
1119 2054 1220 2081 Caetera
1235 2054 1357 2082 studioso
1375 2054 1471 2082 lectori
1487 2054 1621 2082 mittimus
1636 2054 1814 2088 exploranda.

1062 2099 1127 2127 Vill.
1145 2099 1339 2126 Commentario
1355 2101 1382 2128 in
1398 2099 1516 2134 Lucam,
1530 2107 1560 2128 ut
1582 2101 1609 2128 in
1627 2100 1728 2128 Monito
1743 2101 1818 2128 dixi-

1026 2154 1096 2178 mus,
1114 2153 1179 2173 vere
1196 2146 1375 2174 Athanasium
1392 2147 1590 2182 edidisse,ipsa
1608 2154 1651 2174 res
1674 2147 1816 2182 perspicue

1025 2197 1237 2225 commonstrat;
1264 2197 1359 2219 contra
1384 2199 1464 2227 quam
1495 2193 1560 2220 olim
1595 2193 1813 2228 suspicabamur,

1026 2237 1152 2265 videlicet
1164 2237 1315 2273 fragmenta
1329 2237 1373 2265 illa
1386 2237 1529 2265 Athanasii
1546 2237 1575 2264 in
1589 2237 1701 2270 Lucam,
1715 2245 1774 2272 qua;
1786 2239 1814 2265 in

1025 2285 1130 2312 catenis
1145 2293 1206 2312 cum
1228 2285 1421 2319 manuscriptis
1445 2288 1500 2311 tum
1517 2284 1598 2311 editis
1619 2284 1815 2312 circumferun-

1026 2335 1077 2362 tur,
1093 2338 1125 2358 ex
1143 2331 1224 2358 variis
1240 2331 1270 2359 S.
1288 2331 1423 2366 Doctoris,
1433 2330 1520 2366 iisque
1531 2330 1588 2364 jam
1604 2330 1711 2358 amissis
1726 2331 1814 2365 operi-

1024 2376 1074 2404 bus
1086 2382 1213 2412 excerpta
1228 2377 1322 2405 i'uisse.
1336 2378 1444 2405 Etenim
1457 2377 1594 2405 monuisse
1604 2377 1710 2413 juvabit
1725 2377 1752 2405 in
1767 2385 1814 2404 ca-

1024 2424 1093 2451 tenis
1110 2425 1313 2460 manuscriptis,
1331 2425 1376 2452 ubi
1392 2432 1445 2452 non
1463 2432 1495 2452 ex
1506 2424 1589 2460 justis
1600 2424 1812 2457 commentariis,

1022 2470 1069 2497 sud
1085 2477 1117 2497 ex
1133 2471 1217 2498 variis
1241 2471 1305 2498 hinc
1329 2471 1392 2499 inde
1415 2472 1553 2506 operibus,
1576 2471 1813 2506 interpretationes

1022 2515 1181 2549 afferuntur,
1199 2521 1295 2544 notare
1311 2524 1420 2552 semper
1433 2523 1590 2546 catenarum
1604 2518 1762 2546 collectores
1778 2526 1811 2546 ex

1021 2562 1066 2588 tali
1082 2563 1122 2590 vel
1138 2563 1272 2598 taliopere
1287 2563 1325 2599 (a)
1338 2565 1499 2600 exscriptam
1509 2564 1707 2599 expositionem
1718 2565 1812 2591 fuisse.

1019 2607 1058 2634 Ad
1072 2608 1129 2635 haec
1146 2616 1221 2641 vero,
1237 2610 1280 2637 hic
1300 2609 1381 2637 Lucae
1398 2611 1549 2638 versiculos
1577 2611 1672 2637 ordine
1692 2611 1769 2637 aﬂ‘ert
1784 2615 1812 2637 ct

1019 2654 1135 2689 explicat
1148 2656 1313 2683 Athanasius
1322 2677 1329 2689 ,
1342 2657 1582 2692 quo‘perspicuum
1593 2657 1629 2685 sit
1645 2657 1731 2692 ipsum
1753 2657 1812 2692 ple-

912 2733 923 2750 '
939 2733 1031 2763 Matth.
1049 2742 1096 2766 xu,
1112 2734 1156 2767 5i,
1170 2734 1214 2761 5‘2.

1718 2803 1731 2825 ς
1745 2793 1809 2819 τού-

1016 2863 1055 2927 ἶῴ
1078 2863 1148 2899 Περὶ
1173 2865 1286 2899 σεμνοῦ
1303 2864 1410 2899 γάμου.
1433 2864 1496 2893 Iltnc
1516 2870 1624 2898 catena,
1643 2863 1698 2893 nec
1720 2865 1810 2900 plura.

1028 2907 1099 2927 LDIT.

1028 2907 1099 2927 LDIT.
