2000 3045
731 159 983 189 ΡΒᾸΞΙΤΑἹΊΟΝΕΞ
1002 161 1055 189 ED.
1078 162 1196 191 VENET.

1729 174 1778 195 ιιιι

153 224 203 244 nos
217 216 244 244 in
261 216 361 243 Lucam
384 216 594 244 commentarios
620 216 735 250 dedisse,
758 225 873 252 quorum
898 218 940 246 hic
955 222 978 250 Α
992 227 1062 247 mam
1077 220 1192 254 plebem,
1208 222 1336 257 virgines,
1347 222 1488 256 mulieres,
1504 223 1597 251 viduas
1609 228 1636 252 et
1651 226 1778 259 parvulos

154 263 348 297 aliquantulam
364 267 468 298 partem
490 263 622 297 publicam
640 263 765 291 facimus.

192 309 250 343 Ipso
266 309 291 335 in
309 308 401 336 limine
411 308 538 343 singulari
555 309 633 336 modo
646 310 830 344 cognationem
843 309 874 337 B.
886 310 942 337 Ma-

155 354 204 380 ria:
226 353 344 384 Virginis
370 361 431 380 cum
455 353 590 380 Elizabela
614 354 739 388 explanat
769 355 940 383 Athanasius.

157 399 300 434 Cognatam
318 405 415 431 autem,
435 399 481 432 ait,
496 400 669 427 sanctissima;-
687 400 802 435 Virginis
819 402 942 429 Elizube-

158 452 211 472 tam
227 445 293 472 dixit
310 446 435 479 angelus,
451 446 502 472 sive
526 447 586 480 quia
607 455 639 473 ea:
660 455 711 473 uno
729 447 867 482 eodemque
884 456 944 482 pro-

158 500 206 518 avo
220 491 320 518 Iacobo
331 497 416 518 ortum
436 491 517 518 antlia:
532 493 669 524 ducebant,
686 493 739 520 sive
748 494 809 528 quia
825 499 885 520 ante
895 497 944 520 da-

158 542 212 562 tam
225 537 305 570 legem
320 536 419 568 Aaron,
435 537 479 571 qui
493 545 524 563 ea:
537 538 604 563 tribu
620 537 680 564 Levi
694 543 748 564 erat
759 558 766 570 ,
781 538 943 565 Elizabetant

158 590 266 609 uxorem
284 583 403 617 accepit,
426 583 508 616 filiam
524 583 673 610 Antinadab
693 589 716 611 et
731 593 845 611 sororem
856 583 945 612 Νοτιε-

158 636 262 659 eamea:
284 628 352 654 tribu
365 627 436 654 Juda
463 629 524 655 orti.
545 629 678 663 Siquidem
698 630 740 656 hic
763 631 834 664 regia
860 631 943 658 tribus

159 672 244 704 Juda,
260 681 291 699 ea:
302 681 353 708 qua
375 674 538 700 sanctissima
560 674 636 709 Virgo
649 680 740 702 exorta
760 680 808 706 est.
827 677 945 702 sacerdo-

160 718 207 744 tali
222 719 301 745 tribui
316 718 377 745 Leti
389 719 527 753 conjuncta
539 725 594 753 est,
609 729 640 747 ea:
650 729 701 756 qua
721 721 857 748 Elizabetlt
877 727 943 749 erat.

195 763 223 790 ltt
233 764 417 798 sequentibus,
432 772 458 799 p.
470 765 515 797 5i,
527 770 618 792 contra
628 766 742 794 Arianos
754 768 809 802 agit
818 768 862 802 qui
874 769 944 795 dicto

159 809 251 843 Lacte,
283 809 385 838 Scimus
407 815 431 837 te
454 811 512 846 quis
534 812 579 844 sis,
606 811 718 840 Sanctus
736 813 814 846 Dei',
831 815 864 841 ad
884 815 944 842 Filii

164 857 290 884 deitatem
314 857 518 892 oppugnandam
541 858 730 886 abolebantur.
757 860 811 887 llos
835 866 944 888 sanctus

159 903 260 931 Doctor
281 908 390 930 strenue
411 910 459 938 pro
482 911 556 931 more
589 912 638 932 suo
661 905 775 938 refellit,
799 907 945 940 eademque
960 897 981 923 Β

161 949 218 981 ipsa
235 954 390 982 argumenta
407 957 466 983 quae
487 949 513 976 in
530 949 642 984 epistola
660 951 692 977 ad
712 952 851 986 episcopos
864 951 946 988 Egy-

160 994 199 1028 pti
214 997 242 1020 et
256 994 345 1029 Libym
357 995 513 1029 protulerat,
527 996 573 1022 sed
591 995 634 1023 hic
651 996 831 1030 paucioribus,
852 998 877 1024 itt
891 1006 946 1025 tne-

158 1041 234 1066 dittm
251 1040 368 1067 adducit.
385 1039 525 1075 Tantaque
540 1045 581 1068 est
607 1042 678 1068 inter
691 1042 748 1069 haec
775 1043 830 1069 loca
852 1044 946 1071 simili-

162 1086 237 1117 tudo,
254 1090 282 1112 ut
295 1086 416 1113 eamdem
434 1087 576 1122 utrobique
590 1086 731 1115 Athanasii
750 1096 858 1116 manum
873 1090 945 1117 nullo

161 1131 268 1165 negotio
281 1131 461 1159 internoscas.
484 1126 488 1130 ’
860 1162 867 1170 ρ

196 1175 312 1204 Pulchre
339 1177 505 1205 Athanasius
528 1177 606 1205 bittos
626 1182 713 1206 status
734 1187 828 1208 eorunt
854 1181 900 1216 qui
918 1182 944 1209 in

161 1227 389 1261 peccatisobeunt
401 1226 540 1262 distinguit
555 1228 594 1262 (p.
609 1227 674 1262 56):
695 1227 808 1255 aliorum
832 1228 877 1262 qui
901 1235 942 1255 sa-

163 1271 228 1298 lutis
241 1272 346 1306 quidem
360 1272 476 1307 aliquam
488 1273 694 1301 sollicitudinem
707 1274 817 1306 habent,
829 1273 875 1301 sed
890 1281 946 1308 prae

160 1318 292 1352 segnitie,
307 1318 426 1352 incuria,
451 1325 498 1347 aut
520 1319 764 1355 procrastinatione
787 1327 839 1346 non
856 1320 946 1347 omnia

164 1364 273 1399 pietatis
289 1366 380 1392 munia
397 1367 524 1400 implent;
551 1366 717 1400 aliorumque
740 1365 861 1400 improbe
883 1373 945 1394 ver-

163 1411 289 1442 santium,
306 1411 350 1444 qui
362 1412 389 1439 in
401 1419 478 1439 emno
490 1412 633 1446 voluptatis
646 1413 848 1447 demerguntur,
861 1419 947 1446 neque

164 1455 244 1482 ullam
267 1456 369 1484 habent
398 1457 568 1486 conscientia:
599 1465 703 1484 curam.
737 1456 876 1484 Prioribus
899 1457 946 1490 ait,

164 1508 339 1535 cognatorum
353 1507 381 1529 et
397 1502 569 1529 familiarium
593 1502 721 1529 auxilium
737 1502 864 1537 prodesse
878 1510 885 1534 ;
906 1501 946 1528 vi—

164 1547 261 1574 delicet
275 1555 320 1575 eos
336 1556 445 1575 suorutn
461 1549 585 1583 precibus
608 1549 740 1583 bonisque
759 1547 886 1583 operibus
901 1547 948 1581 jn-

164 1594 221 1619 vari
236 1602 243 1618 :
260 1601 322 1620 nam
342 1594 372 1626 ii,
389 1594 487 1628 inquit,
503 1602 561 1629 qua
583 1594 704 1628 defuncto
722 1594 830 1621 deerant
844 1592 948 1626 supple-

167 1639 253 1665 bunt:
270 1639 294 1666 ei
309 1645 416 1672 autent,
436 1640 481 1674 qui
496 1640 638 1674 posteriori
661 1639 739 1666 tnodo
755 1643 876 1666 versatus
896 1643 948 1670 est,

165 1684 255 1711 nullus
269 1685 384 1716 ontnino,
400 1685 447 1717 ait,
461 1686 576 1720 porriget
592 1693 697 1711 manant
711 1692 721 1717 ;
740 1689 816 1719 atque
835 1683 872 1710 ita
890 1691 949 1709 cum

165 1731 220 1763 ipso
231 1737 331 1765 agetur,
347 1736 375 1758 ut
396 1739 475 1766 neque
495 1732 527 1758 ab
545 1739 640 1764 uxore,
662 1736 742 1765 neque
755 1739 770 1757 a
790 1730 867 1764 ﬁliis,
883 1729 921 1756 vel
934 1738 949 1755 a

165 1777 310 1811 fratribus,
330 1782 374 1804 aut
396 1786 411 1804 a
431 1778 548 1812 cognatis
567 1782 590 1804 et
612 1777 704 1804 amicis
722 1776 848 1811 juvetur;
870 1783 950 1810 neque

156 1813 236 1849 .Deas
250 1822 324 1850 illum
338 1823 468 1850 ullatenus
483 1823 595 1850 curabit.

203 1868 248 1896 IX.
266 1869 410 1896 Homiliam
420 1870 446 1896 in
457 1869 594 1896 Canticum
606 1869 778 1901 canticorum,
789 1872 818 1895 ut
833 1867 949 1903 spuriatn

168 1915 302 1946 dedimus,
322 1915 506 1950 neminemque
524 1921 589 1951 puto
601 1914 668 1947 fore,
682 1914 728 1950 qui
747 1921 779 1941 ea
797 1914 830 1941 de
847 1921 876 1941 re
887 1920 951 1941 con-

169 1961 327 1987 troversiam
343 1965 457 1989 moveat.

202 2017 237 2044 Χ.
257 2016 348 2044 Sermo
370 2017 402 2043 de
416 2016 556 2051 patientia,
581 2016 650 2052 stylo
670 2015 778 2051 quidem
801 2015 900 2051 χυδαίῳ
920 2022 951 2042 ac

169 2063 328 2090 demissiore
340 2063 510 2097 conscriptus
523 2067 575 2095 est,
591 2070 677 2097 neque
692 2067 781 2089 tamen
794 2062 854 2088 ideo
869 2062 951 2088 Allta-

169 2110 243 2137 nasio
254 2108 449 2144 abjudicandus
465 2117 472 2135 :
490 2109 543 2136 imo
558 2116 620 2136 vero
633 2114 775 2143 postremas
787 2108 949 2135 Arianorum

169 2155 331 2182 carnificinae
361 2155 412 2182 sub
445 2154 603 2182 Constantio
634 2154 778 2187 excitatae,
806 2153 949 2188 imaginem

169 2200 297 2234 prafert:
315 2207 376 2227 nam
401 2199 444 2226 hic
466 2200 584 2234 episcopi
606 2200 715 2226 sedibus
731 2198 818 2233 pulsi,
836 2198 951 2233 virgines

168 2250 279 2278 vexata,
295 2245 370 2280 plebs
386 2245 517 2272 catholica
531 2245 667 2279 exagitata
681 2250 706 2271 et
723 2245 837 2271 abducta
852 2243 948 2271 fertur.
965 2241 987 2267 ἰ)

169 2289 298 2324 Populum
317 2298 382 2326 ergo
392 2291 424 2318 ad
440 2290 597 2325 patientiam
612 2289 769 2316 cohortatur
788 2288 817 2315 S.
840 2288 948 2319 Doctor,

169 2342 310 2370 monetque
325 2341 353 2363 ut
367 2336 490 2370 cxetttplo
505 2340 650 2370 martyrum
661 2356 668 2368 ,
686 2334 731 2369 qui
748 2335 811 2361 olim
828 2335 948 2369 paribus,

169 2383 224 2409 into
238 2382 420 2417 gravioribus,
437 2381 524 2409 allecti
539 2381 667 2408 aerumnis
685 2380 789 2408 fortiter
812 2388 841 2407 se
858 2388 950 2415 gesse-

169 2433 250 2460 rant,
279 2428 393 2456 ittllietas
420 2429 588 2456 calamitates
614 2428 739 2455 alacriter
768 2427 891 2454 subeant.
920 2426 948 2453 In

171 2473 327 2501 memoriam
358 2479 468 2502 revocat
494 2474 555 2501 illos
579 2473 642 2500 olim
674 2473 724 2500 sibi
751 2472 949 2500 necessitudine

170 2519 325 2552 coniunctos
339 2520 474 2554 praesules,
490 2519 669 2555 Papltnutium
680 2519 783 2547 scilicet
797 2523 825 2546 et
843 2519 949 2546 Potam-

169 2572 293 2597 monem,
321 2565 402 2592 tacito
431 2570 518 2593 tamen
550 2565 672 2597 nomine,
699 2565 795 2599 quibus
820 2572 870 2599 pro
899 2565 949 2592 fide

170 2610 270 2638 Christi
295 2610 382 2638 fuerat
404 2611 485 2642 olim,
512 2611 660 2645 imperante
674 2611 839 2642 Maximtno,
857 2610 950 2638 oculus

170 2656 333 2692 exsculptus.
347 2657 411 2690 Quae
426 2664 492 2684 sane
509 2656 598 2683 omnia
615 2657 705 2690 operis
725 2655 882 2692 γνησιότητι
903 2663 951 2690 pa-

174 2702 348 2729 trocinantue.
367 2702 443 2735 Quod
459 2702 481 2729 si
496 2702 558 2737 styli
581 2704 648 2728 ratio
671 2702 799 2736 populare
816 2702 950 2736 quidpiam

173 2754 204 2774 ac
219 2746 366 2774 demissum
384 2747 526 2782 pratferat,
537 2747 605 2774 nihil
623 2747 739 2780 mirum,
761 2748 868 2782 quando
890 2747 952 2774 inll-

207 2804 217 2819 '
229 2803 297 2832 Luc.
313 2811 350 2837 tv,
369 2804 413 2832 l5.

992 265 1146 300 alloquitur.
1160 267 1195 294 Et
1211 267 1319 295 aliunde
1347 268 1500 304 fragmenta
1525 269 1569 296 illa
1598 269 1777 304 Epistolarum

992 311 1123 346 festatium
1147 313 1304 347 Athanasii,
1330 322 1444 349 quarum
1473 315 1615 343 sinceritas
1637 324 1672 343 ne
1696 317 1776 344 mini-

992 365 1062 383 utam
1079 358 1258 393 suspicionem
1287 360 1423 393 admittit,
1447 362 1540 388 eodem
1570 370 1680 396 prorsus
1703 368 1776 394 sunt,

992 411 1042 431 nec
1068 404 1197 432 lintatiori
1213 406 1274 441 styli
1287 413 1386 441 genere
1399 408 1564 441 conscripta.
1592 407 1658 434 Cum
1686 415 1777 436 autem

992 450 1156 478 Athanasius
1174 450 1245 478 haud
1263 451 1344 478 dubie
1372 451 1465 485 pulsus
1488 458 1515 480 et
1540 453 1676 485 exsulans,
1708 454 1779 481 httnc

992 504 1143 524 sermonem
1168 497 1237 532 plebi
1258 505 1314 525 sum
1330 499 1459 533 scriptum
1486 500 1677 534 transmiserit,
1696 500 1778 536 ἐγρά-

992 542 1091 578 ψαμεν,
1108 550 1193 577 neque
1205 551 1324 577 praesens
1339 546 1468 578 oraverit,
1485 545 1547 572 Itinc
1565 545 1635 573 forte
1648 547 1778 580 conjicia-

994 593 1038 614 tur
1053 589 1138 622 ipsum
1160 597 1193 616 ex
1208 597 1320 616 nuntero
1337 589 1492 624 Festalium,
1513 590 1546 618 ab
1560 591 1709 620 Athanasio
1729 600 1777 620 cx-

993 633 1098 660 sulante
1112 633 1267 667 missarum,
1285 642 1357 662 esse.

1028 688 1073 715 Xl.
1101 689 1219 717 Homilia
1241 691 1268 717 in
1289 690 1387 718 Ramos
1417 691 1574 719 Palmarum
1603 700 1694 728 parem
1717 701 1778 721 cum

994 734 1119 768 Epistolis
1144 736 1280 770 [estalibus
1306 738 1509 765 consonantiam
1540 728 1669 771 exhibet,
1699 744 1780 773 atque

993 781 1060 808 adeo
1083 781 1156 808 illam
1180 787 1209 809 ut
1236 791 1394 818 germanum
1414 784 1551 812 Athanasii
1575 792 1643 819 opus
1660 785 1779 813 admitti—

994 835 1062 854 mus.
1078 827 1196 862 Epistola
1210 829 1261 856 alia
1275 829 1377 857 festalis
1392 830 1419 856 in
1434 830 1530 857 Romae
1543 820 1604 858 item
1613 831 1777 858 Palmarum'

995 873 1051 901 sive
1067 874 1107 905 εις
1120 874 1154 900 τὰ
1169 874 1232 910 βαΐα
1242 895 1249 907 ,
1264 875 1362 910 scripta
1383 880 1434 908 est,
1452 882 1480 903 ut
1492 876 1585 903 videas
1599 877 1624 903 in
1642 876 1779 911 fragmen-

996 921 1029 948 tis
1044 929 1058 948 a
1074 922 1170 949 Cosma
1181 922 1308 958 [Egyptio
1328 923 1415 950 allatis
1431 923 1558 956 inferius,
1575 932 1635 959 pag.
1650 924 1683 952 78
1695 924 1744 959 (α).

1028 979 1085 1007 ΧΠ.
1104 979 1264 1013 Opusculum
1280 980 1306 1006 in
1320 979 1418 1006 dictum
1430 980 1557 1014 Apostoli,
1593 990 1602 1006 ι
1618 981 1780 1008 Novi/tomi-

993 1032 1051 1051 nem
1066 1031 1168 1059 raptum
1187 1033 1268 1060 usque
1284 1026 1317 1052 ad
1342 1027 1445 1052 tertium
1468 1026 1580 1058 etclam,
1600 1036 1609 1052 ι
1629 1034 1662 1054 ex
1686 1027 1780 1060 vitiato

994 1071 1092 1106 lingua:
1106 1072 1207 1098 Graaca:
1224 1080 1272 1099 usu
1292 1071 1362 1098 inter
1374 1073 1465 1106 spuria
1483 1073 1633 1107 ablegatur.

1030 1128 1097 1155 XIII.
1123 1128 1251 1163 Opusculi
1275 1129 1302 1156 in
1322 1130 1420 1156 dictum
1439 1130 1576 1164 Apostoli,
1601 1140 1610 1156 ι
1639 1131 1721 1158 Datus
1742 1137 1779 1158 est

993 1176 1058 1202 mihi
1069 1174 1190 1202 stimulus
1202 1176 1305 1209 carnis,
1325 1185 1334 1201 ι
1352 1176 1408 1210 pari
1424 1176 1529 1208 νοθείας
1547 1177 1613 1204 vitio
1629 1176 1743 1205 laborat.

1029 1232 1097 1260 XIV.
1115 1233 1303 1268 Argumentum
1325 1234 1353 1260 in
1369 1232 1490 1261 Psalmos
1505 1233 1572 1261 nihil
1595 1241 1650 1261 non
1672 1234 1781 1269 praefert

993 1279 1142 1307 Athanasio
1158 1287 1254 1314 magno
1267 1280 1390 1314 dignum,
1406 1280 1450 1314 qui
1467 1279 1595 1306 nonnulla
1619 1287 1653 1308 ex
1672 1280 1781 1308 Eusebii

996 1326 1200 1354 commentariis
1219 1330 1359 1353 tnutuatus
1375 1326 1490 1352 videtur.

1030 1363 1087 1400 XV.
1114 1372 1298 1407 Supplementa
1323 1373 1349 1399 in
1373 1371 1512 1404 Psalmos,
1540 1379 1572 1399 ex
1598 1372 1782 1405 manuscripto

995 1418 1173 1446 Ambrosiano
1195 1419 1306 1451 recenti,
1331 1418 1365 1445 ad
1384 1418 1461 1445 (idem
1488 1417 1649 1453 antiquioris
1672 1417 1781 1445 Scoria-

997 1465 1078 1493 Iensis
1091 1470 1200 1492 exarato
1214 1465 1355 1500 prodeunt.
1374 1463 1502 1492 Nimirum
1529 1472 1559 1491 ea
1575 1471 1634 1499 quin
1657 1464 1683 1491 itt
1707 1464 1780 1490 edito

997 1511 1137 1539 Athanasii
1164 1516 1256 1539 nostro
1272 1512 1400 1544 deerant,
1425 1512 1468 1539 hic
1488 1511 1655 1545 supplentur.
1675 1510 1732 1543 Qua
1748 1510 1783 1537 de

1000 1566 1029 1586 re
1043 1559 1068 1584 itt
1081 1557 1181 1585 honito
1203 1557 1396 1592 supplementis
1409 1557 1518 1591 prtelixo
1534 1557 1641 1584 videsis.

1035 1603 1103 1631 XVI.
1124 1603 1311 1639 Fragmentum
1324 1610 1414 1631 contra
1430 1602 1635 1631 Macedonianos
1653 1602 1684 1629 τὸ
1699 1601 1783 1638 δριμὺ

1000 1649 1090 1677 καὶτὸ
1105 1650 1258 1685 ἀπέριττον,
1274 1650 1300 1678 id
1320 1654 1372 1681 est.
1394 1657 1454 1676 eatn
1477 1649 1609 1676 sermonis
1634 1648 1699 1680 vim,
1722 1654 1782 1682 quas

999 1704 1105 1724 omnetn
1129 1696 1339 1731 snperlluitalem
1362 1699 1476 1727 resecet,
1502 1694 1636 1721 exhibet:
1654 1694 1695 1721 hac
1719 1701 1782 1720 vero

1000 1747 1063 1770 sunt
1078 1748 1147 1770 notae
1160 1747 1189 1771 et
1212 1747 1321 1770 tesserae
1342 1742 1404 1777 styli
1422 1740 1616 1772 Athanasiani,
1644 1744 1673 1766 ut
1690 1740 1783 1766 obser-

1000 1793 1045 1816 vat
1057 1787 1169 1816 Photius
1189 1788 1215 1815 in
1228 1787 1401 1814 Bibliotheca.
1419 1787 1458 1814 Ad
1476 1787 1532 1814 hate
1547 1791 1636 1813 autem
1651 1786 1781 1819 integram

1001 1835 1141 1870 periodum
1172 1833 1263 1866 aIIert,
1292 1833 1380 1868 qualis
1402 1833 1429 1860 in
1455 1831 1573 1867 Epistola
1597 1832 1630 1859 att
1652 1833 1783 1866 episcopos

1001 1881 1110 1916 Egypti
1130 1886 1153 1908 et
1175 1880 1265 1916 Libya:
1284 1880 1392 1916 legitur,
1416 1885 1445 1907 ut
1464 1880 1535 1908 nulla
1563 1879 1680 1907 suboriri
1699 1879 1783 1913 possit

1000 1927 1064 1964 περὶ
1090 1927 1267 1963 γνησιότητος
1294 1926 1463 1962 disceptatio.
1493 1926 1569 1953 Licet
1594 1933 1675 1960 porro
1700 1924 1781 1951 tttulta

1000 1981 1093 2001 contra
1112 1973 1388 2005 Pnettntatomachos.
1412 1973 1468 2000 sive
1490 1971 1696 1999 Macedonianos
1715 1970 1783 1997 scri-

1000 2020 1085 2054 pserit
1104 2019 1278 2052 Athanasius,
1294 2020 1321 2046 in
1346 2019 1380 2046 iis
1398 2026 1459 2053 qua
1480 2022 1625 2052 supersunt
1639 2011 1781 2051 operibus:

1000 2074 1058 2093 eam
1075 2066 1197 2093 Itzcresim
1214 2065 1270 2099 ille,
1283 2065 1365 2093 tacito
1385 2072 1491 2099 semper
1512 2063 1660 2091 Macedonii
1686 2066 1713 2088 et
1729 2061 1784 2088 Ma-

1000 2112 1206 2138 cedonianorum
1232 2113 1340 2140 nomine
1363 2111 1485 2138 refellit:
1503 2111 1601 2145 Iticque
1628 2112 1732 2136 tantum
1755 2107 1785 2134 il-

1001 2156 1041 2184 los
1059 2158 1217 2184 nominatim
1232 2158 1399 2192 perstringit.

1038 2201 1116 2229 XVII.
1131 2202 1292 2236 Fragmenta
1311 2208 1402 2229 contra
1419 2201 1580 2229 Novatianos
1600 2197 1785 2233 ἀποσπασμάο

1001 2256 1044 2274 τια
1058 2252 1120 2274 suttt
1133 2248 1244 2282 insignis
1257 2248 1393 2281 cujusdam
1407 2253 1499 2274 contra
1513 2246 1621 2273 eosdem
1637 2244 1782 2272 haereticos

1002 2294 1103 2329 operis,
1124 2294 1195 2328 quod
1218 2294 1244 2320 in
1277 2294 1344 2321 duos
1376 2293 1470 2321 saltem
1499 2293 1581 2319 Ii‘bros
1611 2291 1784 2318 distributum

1002 2345 1069 2368 erat.
1083 2340 1222 2374 Siquidem
1239 2339 1394 2367 Novatiana:
1412 2344 1493 2367 sectae
1509 2336 1635 2372 reliquias
1650 2335 1682 2362 ad
1700 2342 1786 2369 usque

1001 2387 1144 2414 Athanasii
1161 2391 1268 2414 aetatem
1281 2386 1432 2418 devenisse,
1446 2393 1499 2412 non
1520 2383 1603 2411 semel
1628 2383 1654 2409 in
1678 2381 1786 2415 scriptis

1001 2433 1057 2460 suis
1070 2432 1179 2460 denotat
1195 2433 1224 2460 S.
1249 2432 1358 2459 Doctor.
1385 2432 1413 2459 In
1437 2431 1517 2459 tertio
1539 2433 1627 2457 autem
1646 2432 1784 2460 excerpta,

1001 2485 1035 2505 ex
1049 2478 1142 2505 eodem
1153 2498 1160 2511 ,
1177 2482 1206 2504 ut
1219 2476 1341 2509 videtur,
1357 2483 1439 2511 opere
1462 2475 1613 2508 desutnpto,
1635 2473 1704 2499 hanc
1733 2478 1786 2498 tne-

1002 2529 1105 2551 moratu
1142 2523 1248 2558 dignam
1285 2523 1446 2550 sententiam
1484 2519 1561 2547 effert
1593 2517 1784 2545 Athanasius:

1003 2569 1224 2601 Quemadmodum
1239 2567 1314 2594 homo
1331 2575 1346 2593 a
1365 2566 1497 2594 sacerdote
1517 2564 1663 2596 baptizatus
1674 2583 1682 2595 ,
1699 2562 1785 2596 Spiri-

1002 2621 1043 2642 tus
1060 2617 1143 2643 sancti
1164 2616 1250 2650 gratia
1274 2614 1456 2644 illuminatur,
1484 2612 1522 2637 ita
1541 2610 1586 2645 qui
1604 2609 1740 2643 conﬁtetur
1757 2608 1785 2634 in

1003 2662 1152 2696 paenitentia
1163 2682 1169 2692 ,
1189 2670 1234 2696 per
1250 2661 1408 2688 sacerdotem
1424 2657 1521 2685 Christi
1543 2655 1628 2692 gratia
1653 2654 1786 2681 remissio-

1003 2711 1060 2730 nem
1075 2705 1178 2736 accipit.

1041 2749 1050 2760 '
1067 2748 1156 2777 XVIII.
1172 2749 1312 2776 Accedunt
1328 2748 1354 2775 in
1368 2747 1419 2774 hac
1430 2750 1522 2774 nostra
1540 2745 1658 2773 editione
1667 2744 1718 2771 duo
1730 2739 1789 2770 alia

206 2852 245 2889 (η)
259 2851 326 2879 Vide
343 2851 424 2887 huius
438 2850 561 2879 editionis
584 2855 646 2879 tom.
662 2849 705 2887 .II,
728 2853 788 2885 post
809 2850 947 2878 Athanasii
965 2848 1093 2886 Epistolas
1105 2840 1216 2883 fesiales.
1233 2846 1310 2874 EDIT.
