2000 3045
212 152 257 174 xtv
897 141 1162 170 PROLEGOMENA.

212 200 375 236 Fragmenta
394 204 485 226 contra
496 199 598 226 eosdem
614 198 791 230 Novatianor,
816 206 887 233 qum,
906 203 937 226 ut
950 199 1002 227 duo
1018 204 1038 231 A
1054 201 1193 228 nobiscum
1214 205 1353 233 consonet,
1381 207 1441 226 cum
1470 199 1594 227 videlicet
1619 207 1729 235 regnum
1755 199 1841 228 coelo-

213 247 364 281 supcriora,
389 245 421 272 ad
445 244 529 272 Actus
557 244 742 280 apostolorum
773 244 948 274 illustrandos
973 246 1000 272 in

212 297 308 319 catena
322 299 388 318 mss.
401 290 562 318 alferuntur.

247 337 318 364 XIX.
336 337 363 364 In
380 336 540 372 Fragmenta
557 336 589 362 de
606 337 727 363 amuletis
739 357 746 369 ,
772 336 830 363 sive
846 336 1000 370 praestigiis,

213 388 306 410 contra
319 391 366 410 eos
382 383 435 417 agit
450 383 506 416 qni,
531 383 647 409 instante
664 383 773 414 morbo,
787 381 822 409 ad
839 382 937 416 striges
955 389 1000 408 seu

214 429 525 463 vetulasconfugiebant
548 437 555 455 :
584 428 823 462 veneﬁcarumqne
847 427 1001 462 hujusmodi

213 482 291 501 usum
303 479 330 501 et
342 475 564 501 consuetudinem
578 474 670 509 paucis
683 473 812 507 depingit.

249 518 308 546 XX.
334 518 495 554 Fragmenta
520 518 586 550 alia,
614 518 697 544 variis
727 525 761 545 ex
784 517 850 546 locis
863 523 1001 553 excerpta,

213 565 281 592 varii
298 565 449 600 argumenti
464 569 538 592 sunt.
555 565 582 591 In
595 564 712 591 secundo
731 564 839 591 brevem
859 569 886 591 et
910 565 1002 592 diluci-

213 609 275 639 dam
306 610 427 645 mysterii
452 609 481 637 S.
510 609 652 636 Trinitatis
681 609 888 643 explicationem
913 609 999 637 affert.

214 655 243 682 ln
262 657 341 683 tertio
355 657 404 689 ait,
419 656 440 683 si
457 656 577 683 Adamus
597 656 624 683 in
651 655 804 682 innocentia
828 656 999 689 perstitisset,

215 710 269 730 non
294 702 411 730 naturali
425 702 468 729 via
493 708 521 729 et
540 701 646 733 ordine,
671 702 718 729 sed
743 702 797 729 alio
817 702 908 736 ignoto
923 702 1001 729 nobis

216 749 281 781 ritu,
311 748 512 783 propagandum
536 747 594 775 fore
616 755 701 783 genus
730 748 875 775 humanum
906 756 912 774 :
942 755 1002 783 qua:

217 795 282 822 item
307 794 357 821 fuit
375 794 553 829 quorumdam
580 788 700 821 veterum
725 795 827 829 opinio.
856 795 883 821 ln
904 800 1001 829 quarto

215 841 313 868 dicitur
325 841 481 868 Africanum
494 845 522 868 et
540 840 718 868 Athanasium
741 841 774 868 de
797 841 933 875 sepultura
950 842 1000 869 Do-

216 886 281 913 mini
302 890 496 920 pertractasse.
520 885 549 912 ln
565 886 680 920 septimo
706 885 794 913 fertur
817 886 929 913 Paulum
955 894 1002 916 ve-

215 932 341 959 stimenta
375 937 546 961 servantem,
577 931 742 966 Stephanum
779 937 1002 968 protomartyrem

217 977 363 1004 tnultorum
379 978 502 1005 manibus
520 977 664 1011 lapidasse,
680 977 751 1011 quod
767 977 812 1004 alii
832 978 865 1006 ab
880 979 1002 1005 Athana-

215 1024 257 1051 sio
269 1014 386 1051 fortasse
402 1024 514 1050 mutuati
539 1028 632 1058 postea
659 1029 831 1058 usurparunt.
856 1023 885 1051 ln
908 1029 1002 1052 octavo

215 1070 375 1097 observatur
402 1068 514 1096 Paulum
527 1089 533 1101 ,
551 1076 602 1095 non
620 1069 753 1103 dogmatis
772 1070 893 1097 tradendi
909 1077 1001 1103 causa,

217 1116 264 1143 sed
289 1120 318 1143 ut
343 1116 456 1151 tempori
470 1123 530 1144 sese
551 1116 779 1150 accommodaret,
798 1116 1003 1145 circumcidisse

217 1160 400 1188 Timotheum.

254 1205 324 1233 XXI.
338 1205 429 1233 Breuis
445 1206 585 1241 Expositio
601 1206 665 1241 ﬁdei
678 1212 758 1234 notas
775 1215 870 1235 omnes
886 1208 1003 1236 Athana-

218 1251 289 1279 siani
304 1252 353 1279 aevi
369 1251 478 1287 praefert
492 1259 500 1276 ε
518 1252 617 1286 quippe
629 1253 705 1286 cujus
722 1254 813 1280 omnia
827 1255 896 1281 dicta
914 1255 946 1281 ad
960 1263 1003 1283 re-

219 1297 381 1331 pndiandam
399 1297 559 1325 Arianorum
575 1302 602 1325 et
623 1297 929 1328 Pneumatomachorum
948 1301 1003 1328 hat-

1053 254 1125 277 rum,
1143 253 1269 280 magnum
1286 250 1314 273 et
1335 245 1446 273 cmlesle
1466 246 1651 278 ccenaculnm,
1668 246 1739 280 quod
1764 248 1837 274 omni

1053 296 1185 318 creatura!
1201 290 1326 324 subiciat,
1343 291 1458 326 appellat
1473 298 1479 317 :
1497 291 1523 318 in
1539 298 1626 326 eoque
1640 299 1844 326 praecursorem

1051 344 1101 372 pro
1114 337 1191 364 nobis
1207 337 1357 371 ingressum
1373 337 1513 364 Dominum
1541 337 1681 364 Christum
1707 338 1839 372 praedicat

1052 391 1084 410 ac
1096 391 1144 411 nos
1161 391 1222 410 cum
1234 391 1266 411 eo
1285 385 1311 410 in
1323 384 1441 411 secundo
1455 383 1572 411 adventu
1594 383 1765 417 ingressnros
1781 383 1838 411 cla-

1053 434 1127 461 mat;
1152 434 1232 464 atque
1245 429 1309 457 illud
1329 441 1335 457 ;
1352 428 1430 456 Intra
1444 430 1470 456 in
1486 429 1610 464 gaudium
1630 429 1735 456 Domini
1760 429 1800 456 tui
1814 429 1836 462 ⁷,

1052 477 1086 504 de
1113 476 1253 503 caenaculo
1279 475 1341 507 illo,
1368 475 1394 502 id
1418 479 1460 503 est
1483 476 1516 503 de
1531 475 1601 502 cmlo
1624 475 1701 509 creti,
1724 475 1782 502 sive
1804 475 1841 502 de

1052 530 1134 558 regno
1157 522 1296 554 caelorum,
1313 522 1428 556 explicat
1445 531 1450 547 :
1469 521 1564 556 aitque
1581 521 1644 549 illud
1666 529 1681 548 a
1703 521 1838 548 constitu-

1053 569 1125 596 tione
1144 569 1236 596 muntli
1251 569 1407 596 hominibus
1421 576 1435 594 a
1457 568 1511 596 Deo
1536 572 1714 603 prmparatum
1742 567 1838 601 fuisse,

1052 620 1134 650 atque
1147 615 1351 643 tabernaculum
1365 622 1380 642 a
1392 614 1483 649 Moyse
1497 619 1631 642 structum
1647 614 1760 650 figuram
1776 621 1839 641 esse

1051 663 1190 690 cmlorum.
1208 672 1217 689 ι

1087 722 1096 732 ‘
1110 720 1203 747 XXIII.
1219 719 1391 747 Frammento
1412 719 1513 754 insigne
1524 718 1551 744 di
1566 718 1647 744 storia
1661 717 1838 744 ecclesiastico

1051 766 1092 792 del
1108 771 1201 801 quarto
1214 766 1309 793 secolo.
1332 765 1400 792 Cum
1420 765 1447 792 in
1471 764 1521 791 hoc
1540 763 1689 798 fragmento
1701 767 1728 789 et
1751 762 1777 790 in
1802 761 1839 788 cl.

1051 812 1186 847 Scipionis
1217 811 1314 839 Maﬂ‘eii
1346 810 1624 838 animadversionibns
1667 816 1720 836 non
1750 807 1838 834 solum

1052 857 1150 892 scripta
1174 858 1296 892 quaedam
1320 857 1349 885 S.
1376 856 1528 889 Athanasii,
1541 863 1633 883 verum
1654 855 1734 882 etiam
1753 853 1838 880 multa

1052 902 1086 930 ad
1101 902 1219 937 ejusdem
1234 904 1316 930 vitam
1336 903 1497 938 spectantia,
1514 905 1542 930 et
1558 901 1591 928 ad
1613 908 1644 928 ea
1669 904 1788 934 tempora
1806 898 1839 926 il-

1053 948 1202 982 lustranda,
1219 950 1424 982 contineantur,
1446 955 1535 983 operte
1554 947 1670 981 pretium
1686 945 1842 980 putavimus

1054 1000 1108 1022 tum
1121 995 1300 1030 fragmentum
1316 995 1414 1030 ipsum,
1429 999 1485 1021 tum
1497 994 1577 1021 etiam
1592 992 1840 1019 animadversiones

1051 1047 1083 1068 ea
1100 1040 1190 1075 lingua
1205 1047 1258 1075 qua
1273 1040 1306 1067 ab
1322 1044 1431 1067 auctore
1445 1037 1623 1066 celeberrimo
1644 1040 1755 1064 exarata
1782 1036 1842 1062 fue-

1053 1091 1116 1114 runt
1131 1089 1182 1114 hoc
1194 1087 1253 1115 loco
1266 1094 1412 1122 apponere.

1089 1144 1098 1154 ¹
1109 1142 1202 1170 XXIV.
1218 1142 1287 1176 Quid
1304 1142 1338 1170 de
1352 1141 1472 1176 Epistoln
1487 1141 1522 1167 ad
1547 1139 1669 1176 populum
1694 1142 1718 1165 et
1742 1136 1839 1164 clerum

1053 1188 1207 1220 Persarum,
1224 1195 1303 1223 quam
1323 1187 1368 1215 hic
1379 1186 1473 1215 Graece
1492 1185 1573 1214 etiam
1591 1185 1685 1212 damus
1697 1202 1705 1215 ,
1721 1182 1839 1209 sentien~

1053 1236 1115 1262 dum
1129 1235 1175 1267 sit,
1192 1232 1343 1261 monuimus
1359 1238 1423 1260 tom.
1438 1231 1469 1266 ll,
1487 1239 1546 1267 pag.
1561 1231 1624 1262 6l9,
1637 1229 1680 1256 ubi
1700 1228 1771 1255 illam
1791 1226 1842 1254 La-

1054 1282 1109 1308 tine
1130 1285 1234 1307 tantum
1257 1279 1441 1307 exhibuimus.
1470 1278 1576 1314 [Graace
1597 1282 1625 1304 et
1643 1275 1739 1303 Latine
1753 1277 1842 1302 exstat

1053 1328 1133 1362 hujus
1146 1328 1212 1355 edit.
1230 1332 1303 1355 tomo
1316 1326 1360 1354 ιν.
1372 1325 1422 1353 Ed.
1439 1324 1529 1361 Patr.]

219 1344 290 1371 resin
310 1344 470 1371 concinnata
489 1344 553 1371 sint.

253 1390 263 1401 ¹
280 1389 362 1417 XXII.
379 1389 540 1425 Fragmenta
553 1389 717 1424 “Epistolis
734 1390 879 1425 fatalibus,
896 1392 929 1419 de
943 1393 1005 1427 qui-

218 1436 269 1464 bus
285 1437 341 1464 hmc
357 1437 438 1464 habet
451 1437 563 1464 Cosmus
576 1437 771 1472 lndicopleusta
795 1437 821 1464 in
838 1445 886 1465 suo
909 1426 1000 1472 opere,

1057 1436 1114 1456 nem
1129 1429 1191 1456 huic
1208 1426 1424 1463 interpretationi
1441 1426 1588 1462 praefixam.

219 1483 262 1510 cui
277 1483 377 1516 titulus,
388 1482 538 1511 Christiana
554 1483 750 1517 Topographia,
767 1483 823 1510 sive
838 1482 1004 1512 Christiana-
1089 1485 1151 1513 Haec
1167 1484 1195 1512 S.
1209 1485 1350 1512 Athanasii
1374 1483 1504 1518 opusculis
1522 1489 1590 1508 nunc
1602 1480 1714 1514 primum
1727 1478 1844 1506 collectis.

220 1537 279 1556 rum
295 1530 381 1564 opinio
397 1529 430 1556 de
442 1530 539 1556 mundo
554 1537 563 1556 :
580 1538 591 1555 ‹
610 1529 800 1556 Animadverte
812 1529 887 1562 mihil
901 1537 1003 1565 quaeso,
1018 1541 1039 1568 α
1055 1531 1240 1566 praemittenda
1254 1531 1393 1558 duximus.
1409 1529 1449 1556 Tu
1466 1535 1540 1556 vero.
1553 1527 1641 1554 lector
1652 1525 1765 1556 erudite,
1781 1524 1841 1552 vale

219 1575 353 1610 quomodo
365 1583 479 1611 magnus
496 1576 539 1603 hic
562 1574 662 1602 Doctor
682 1574 754 1602 circa
778 1574 891 1610 ﬁguram
912 1577 1005 1604 mundi
1057 1582 1085 1605 et
1103 1577 1144 1605 his
1157 1576 1257 1604 fruere.

1088 1385 1098 1395 ‘
1110 1383 1194 1411 XXV.
1207 1383 1394 1417 Interpretatio
1408 1383 1436 1409 in
1450 1381 1582 1408 Psalmos.
1608 1377 1678 1406 Vide
1702 1376 1838 1412 praefatio-

255 1655 266 1670 ⁷
280 1655 373 1683 Matth.
389 1663 454 1688 xxv,
467 1655 512 1683 21.

282 1794 486 1828 EPISTOLA
507 1796 704 1827 ΡΒιΕΕἾΧΑ
720 1795 918 1828 ΕΒΙΤΙΟΝΙ
942 1795 1001 1828 ΡΡ.

1057 1795 1400 1828 ENEDICTINORUM
1415 1794 1522 1827 ΛΝΝῙ
1538 1795 1773 1828 MDCXCVIII.

519 1877 725 1898 SERENISSIMO
745 1877 884 1899 PnlNClPl
910 1877 1098 1899 EMMANUELI
1121 1876 1303 1898 TEEODOSIO
1326 1877 1367 1898 DE
1386 1876 1543 1898 BOUILLON

685 1916 711 1937 S.
729 1918 758 1937 ll.
777 1918 805 1938 E.
822 1917 991 1938 CARDINALI
1012 1916 1160 1939 EPISCOPO
1178 1916 1351 1938 ALBANENSI
1363 1929 1372 1944 ,

357 1954 468 1976 MAGNO
485 1955 628 1977 FRANCIE
645 1956 929 1983 ELEEMOSYNABIO,
952 1957 1078 1978 0RDINIS
1094 1956 1317 1978 CLUNIACENSIS
1334 1955 1514 1978 PREPOSITO
1529 1956 1687 1978 GENEBALI
1698 1970 1707 1986 ν

556 1995 595 2016 ΕΤ
610 1995 643 2016 IN
658 1995 789 2017 ROMANA
806 1995 900 2016 CURIA
916 1995 1064 2018 LUDOVICI
1082 1995 1183 2017 MAGNI
1200 1995 1340 2017 ORATORI
1360 1995 1504 2017 ASSIDUO.

264 2057 473 2089 Athanasium
491 2058 546 2089 tibi
560 2058 737 2094 oﬂ‘erimus.
754 2059 965 2090 Serenissime
981 2059 1150 2097 Princeps;
1170 2058 1412 2097 magnum’illud
1430 2057 1580 2089 Ecclesiae
1598 2058 1719 2096 lumen,
1736 2060 1768 2090 in
1785 2059 1842 2091 ob-

225 2107 394 2138 servantiae
411 2116 484 2146 erga
502 2112 531 2139 te
546 2112 663 2139 nostra:
681 2109 945 2148 significationem
958 2131 966 2146 ,
983 2108 1169 2152 conspectui
1198 2108 1344 2139 sistimus
1365 2111 1431 2138 tuo.
1453 2108 1545 2138 Haud
1564 2108 1689 2146 ingrato
1704 2118 1838 2152 munere

223 2157 389 2190 instructis
405 2159 512 2189 aditus
529 2158 566 2189 ad
582 2158 849 2197 magniﬁcentiam
865 2162 949 2189 tuam
961 2158 1122 2197 perfacilis
1135 2151 1211 2190 sane
1225 2158 1355 2189 futurus
1372 2161 1430 2195 est,
1442 2159 1511 2197 qui,
1524 2167 1585 2198 qua
1600 2159 1700 2198 polles
1718 2151 1838 2198 ingenii

223 2210 473 2249 perspicacitate,
495 2210 631 2248 pretium
647 2211 764 2249 cuique
783 2210 828 2241 rei
848 2219 942 2241 suum
955 2210 1117 2249 assignare
1132 2210 1229 2240 nosti.

267 2260 359 2291 Tanti
375 2260 520 2291 Doctoris
537 2268 646 2299 Opera,
663 2260 725 2290 etsi
741 2269 758 2290 a
774 2259 875 2290 doctis
890 2263 920 2290 et
937 2260 1074 2290 laudat-is
1091 2259 1168 2290 viris
1187 2258 1312 2298 jamdiu
1330 2263 1505 2298 expurgata
1535 2259 1674 2297 fuerant,
1694 2260 1839 2291 erudito-

225 2319 295 2342 rum
314 2313 418 2341 tatoen
433 2309 567 2349 judicio,
587 2309 729 2340 nondum
746 2309 896 2340 sordibus
910 2308 1176 2348 vacabant;'quid
1192 2308 1279 2347 quod
1294 2308 1422 2339 inerant
1445 2309 1564 2348 passim
1584 2310 1691 2349 spuria
1715 2319 1730 2340 a
1749 2309 1839 2341 Gras-

224 2361 306 2393 culis
321 2361 484 2398 adornata,
502 2365 532 2391 et
558 2361 660 2399 sagaci
685 2361 816 2400 indigna
834 2360 1009 2391 viro?Jam
1039 2368 1115 2391 vero
1145 2358 1198 2390 ille
1223 2368 1283 2390 suo
1308 2360 1397 2391 cultu
1428 2364 1573 2395 ornatus,
1597 2361 1702 2400 prisco
1728 2361 1838 2400 nitori,

223 2412 331 2452 quoad
359 2412 491 2442 facultas
519 2415 626 2442 nostra
645 2411 728 2446 tulit,
746 2411 913 2441 restitutus
934 2419 970 2441 ac
996 2414 1097 2441 tersus
1119 2410 1246 2449 prodit:
1262 2410 1434 2449 positoque
1463 2412 1604 2450 pudore,
1619 2411 1688 2441 suis
1714 2415 1838 2449 auctus,

223 2463 338 2493 alienis
357 2466 549 2493 exoneratus
564 2461 597 2492 in
618 2461 781 2501 publicum
808 2461 907 2496 venit,
923 2469 959 2491 ac
975 2460 1110 2499 priorem
1132 2464 1161 2491 te
1175 2460 1347 2491 salutatum
1375 2461 1512 2490 Romam
1529 2461 1736 2500 commigrat;
1754 2465 1790 2493 ut
1807 2462 1835 2493 si

225 2513 301 2552 quid
320 2513 350 2543 in
367 2513 479 2544 Galliis
495 2512 686 2547 ornamenti,
701 2511 728 2542 si
742 2511 819 2551 quid
835 2511 981 2542 beneficii
997 2515 1108 2541 nactus
1131 2510 1191 2546 sit,
1213 2510 1245 2541 id
1272 2511 1341 2548 tibi,
1358 2508 1568 2542 Serenissinie
1580 2511 1743 2551 Princeps,
1758 2512 1839 2543 inter

225 2563 335 2594 Galliae
355 2567 515 2601 magnates
531 2562 705 2600 conspicuo
725 2564 756 2592 et
772 2570 865 2601 aequo
884 2569 988 2592 rerum
1004 2561 1190 2592 mstimatori
1208 2564 1381 2592 recenseat.

264 2614 329 2644 Nec
343 2614 486 2644 insolens
498 2618 546 2645 est
563 2613 649 2653 quod
668 2612 830 2644 Gallorum
851 2620 884 2642 se
901 2612 1013 2643 ofﬁciis
1032 2612 1152 2643 cultum
1167 2611 1353 2642 testiﬁcetur
1367 2609 1572 2647 Athanasius.
1589 2611 1641 2642 cui
1656 2611 1754 2642 Gallia
1770 2621 1839 2651 per-

225 2665 364 2703 fugium,
383 2665 458 2695 dum
473 2665 607 2700 viveret,
621 2672 684 2695 non
699 2662 797 2694 semel
815 2662 886 2693 iuit.
904 2662 997 2693 Nunc
1008 2665 1112 2692 autem
1129 2670 1201 2692 cum
1217 2669 1282 2692 non
1295 2661 1401 2692 minus
1415 2661 1604 2700 scriptorum
1621 2670 1716 2701 quam
1735 2666 1839 2700 gesto-

232 2723 302 2746 rum
313 2722 444 2744 suorum
468 2714 584 2753 ope,in
601 2713 754 2744 memoria
771 2712 938 2742 hominum
956 2711 1035 2742 vivit
1051 2715 1081 2742 et
1097 2713 1261 2750 perennat,
1282 2710 1343 2740 sub
1354 2709 1504 2747 auspiciis
1524 2710 1588 2740 tuis
1603 2710 1636 2740 in
1652 2709 1752 2740 lucem
1767 2718 1839 2749 pro-

228 2767 297 2798 dire
315 2764 423 2802 gestit,
435 2764 697 2795 Eminentissime
713 2763 902 2798 Cardinalis,
915 2766 944 2792 at
963 2765 992 2792 te
1009 2761 1147 2800 insignis
1161 2760 1215 2790 ille
1234 2759 1347 2799 prmsnl
1360 2780 1368 2795 ,
1384 2759 1507 2790 Gallum
1526 2763 1707 2798 patronum,
1729 2759 1838 2790 multis

230 2813 418 2847 nominibus
436 2813 594 2851 insignem
609 2813 819 2849 ambit.Nam,
836 2813 906 2843 sive
923 2813 1050 2850 generis
1066 2810 1257 2850 amplitudo,
1274 2816 1345 2849 quae
1360 2809 1555 2847 domestica;
1572 2808 1639 2839 sive
1655 2808 1794 2847 dignitas
1808 2814 1837 2840 et

234 2864 409 2904 ingenium,
424 2871 498 2903 quae
513 2865 564 2895 tua
579 2861 720 2904 lausest,
737 2863 992 2903 specletur,jure
1008 2861 1066 2893 tibi
1081 2864 1282 2900 nuncupatus
1306 2858 1497 2899 oblatusque
1516 2863 1622 2891 tantus
1639 2858 1753 2890 Doctor
1767 2867 1837 2891 esse
