2000 3045
659 168 846 196 PREFATIO
864 167 1035 196 EDITIONIS
1053 167 1298 195 BENEDICTENE.
1747 177 1781 196 xv

175 223 373 258 censebitur.
389 222 471 260 Quid
485 224 511 254 si
527 225 656 255 accedat
673 226 825 257 Ludovici
842 226 962 264 Magni,
974 225 1061 265 quod
1077 233 1176 256 unum
1200 224 1301 259 instar
1317 225 1461 256 omnium
1480 235 1550 256 esse
1567 226 1678 265 possit,
1691 226 1782 265 judi-

175 278 282 314 cium;
301 276 355 315 qui
372 279 402 306 te
418 276 455 306 ad
468 275 729 314 praestantissima
745 277 889 307 omnium
906 278 1033 315 negotia
1049 277 1187 313 gerenda
1205 276 1334 315 delegit,
1347 280 1377 306 et
1394 277 1438 307 tui
1455 277 1556 316 gratia
1575 281 1706 313 tantam,
1722 280 1781 307 tam

180 327 363 365 insignibus
382 326 416 357 in
445 325 674 364 rempublicam
706 325 816 356 oﬁiciis
842 326 1020 364 praeclaram
1050 324 1215 361 familiam,
1242 325 1396 364 singulari
1422 325 1593 362 beneﬁcio,
1611 327 1783 366 singularis

175 378 311 409 aﬁ‘eclus
327 376 455 412 indice,
471 375 558 406 anxit
575 378 606 405 et
622 376 810 406 exornavit?
824 375 906 411 Quid
923 375 949 405 si
966 375 1020 405 illa
1047 375 1161 404 summi
1178 375 1337 405 Pontiﬁcis
1355 383 1409 414 pro
1425 378 1477 405 tua
1493 375 1644 414 dignitate
1659 377 1777 413 studia,

178 429 234 469 qui
251 428 390 458 delatum
407 437 421 458 a
448 427 613 458 Ludovico
627 427 742 465 Magno
760 426 963 461 beneﬁcium,
980 425 1094 456 lubens
1118 426 1226 456 sanxit
1250 429 1280 456 et
1308 426 1528 457 conﬁrmavit?
1547 427 1663 457 Annon
1680 427 1782 458 virum

176 480 318 510 certatim
336 487 351 508 a
369 477 528 516 supremis
553 475 638 507 orbis
657 476 856 515 principibus
872 476 993 506 cultum
1010 478 1041 506 et
1056 478 1201 505 ornatum
1215 474 1288 514 jure
1304 483 1338 505 ac
1355 475 1468 505 merito
1484 475 1657 506 Athanasio
1676 480 1784 507 nostro

175 533 343 570 patronum
356 529 518 560 ascribere
529 527 719 558 videamur?
1718 519 1721 521 ’

216 581 352 610 Tantum
367 579 546 612 Doctorem,
557 577 646 608 orbis
666 575 896 615 spectaculum,
916 575 1088 615 prtesulum
1103 574 1277 614 exemplar,
1292 575 1374 606 comi
1390 575 1473 606 haud
1487 575 1583 607 dubie
1598 576 1785 616 placidoque

176 629 267 660 vultu
283 632 472 667 excepturus
487 636 532 662 es,
547 627 757 657 Sercuissime
775 625 938 664 Princeps.
952 626 992 656 Et
1006 633 1128 665 quaeso,
1146 628 1180 654 ut
1200 624 1227 654 si
1242 625 1319 664 quid
1337 625 1395 655 tibi
1420 626 1476 655 otii
1497 626 1538 656 sit
1555 635 1570 656 a
1587 627 1786 665 quolidianis

175 677 240 707 illis
256 676 344 711 curis
370 679 400 707 et
424 675 631 716 amplissimis
646 674 784 713 negotiis
809 682 880 713 quas
907 675 1050 705 animum
1068 673 1223 704 distinent
1247 678 1358 710 tuum,
1387 683 1427 705 ne
1459 683 1587 713 gravere
1619 676 1786 708 Athanasii

176 730 293 767 scripta
314 727 459 762 lustrare,
476 729 507 756 et
527 730 589 757 tam
617 733 760 763 sagacem
783 724 887 754 virum
914 725 1123 756 consiliorum
1142 724 1330 763 participem
1361 725 1541 757 admittere.
1557 727 1731 759 Enimvero
1747 730 1786 760 ab

176 778 233 809 illo
252 777 407 808 ediscitur
421 776 508 816 quod
529 777 571 807 sit
596 778 776 809 antistitum
794 787 914 810 munus
932 779 1006 818 :qui
1023 787 1093 810 esse
1107 779 1240 810 debeant
1260 778 1294 809 in
1312 779 1458 820 otio,qui
1475 780 1508 811 in
1525 782 1665 819 negotio,
1682 782 1788 822 quiin

177 826 346 866 periculis,
363 826 468 865 quiin
485 825 718 858 calamitatibus
736 828 820 864 vitae,
838 828 894 867 qui
911 837 983 858 cum
1000 828 1197 868 aequalibus,
1212 827 1267 868 qui
1281 827 1377 867 plebi,
1395 829 1451 868 qui
1466 830 1616 862 Ecclesia;
1628 830 1786 862 hostibus.

176 877 291 908 Omnia
325 875 445 915 quippe
476 884 633 913 casuum,
667 877 776 908 omnia
804 877 1018 908 calamitatum
1049 886 1165 916 genera
1191 887 1342 910 emensus
1374 880 1588 917 Athanasius,
1623 889 1786 920 nunquam

176 927 278 957 semel
305 926 421 956 initum
453 925 582 964 pietatis
604 935 733 956 cursum
760 926 953 963 intermisit,
980 926 1195 966 omniumque
1224 928 1375 959 virtutum
1406 937 1477 959 sese
1506 930 1666 968 specimen
1694 931 1788 961 obtu-

178 977 228 1007 lit.
252 976 351 1006 Nemo
381 978 428 1005 est
454 975 509 1012 qui
534 975 591 1006 tibi
617 976 794 1015 sapientius
818 977 952 1008 suadere
969 977 1069 1016 possit
1086 978 1283 1017 Athanasio;
1308 988 1472 1019 nunquam
1503 979 1620 1017 labere,
1639 982 1665 1011 si
1681 980 1787 1020 ipsum

178 1025 302 1055 audias.

217 1075 291 1106 Haec
309 1074 391 1104 ratio
418 1074 486 1111 tibi,
503 1075 712 1108 Sereuissime
732 1078 894 1118 Princeps,
918 1077 1002 1109 haud
1030 1078 1204 1118 injucunda
1223 1089 1317 1119 spero
1341 1080 1440 1111 fuerit
1464 1081 1668 1113 testiﬁcandaa
1695 1082 1789 1113 obse-

178 1125 320 1165 quentia:
336 1134 407 1163 erga
421 1128 450 1155 te
471 1129 587 1156 nostrae
604 1135 610 1155 :
631 1128 861 1168 Athanasiique
877 1130 1090 1161 coucinnandi
1110 1129 1251 1161 laborem
1270 1139 1326 1162 nos
1343 1131 1508 1170 auspicato
1527 1140 1695 1170 aggressos
1705 1132 1789 1163 arbi-

178 1174 345 1209 trahimur,
361 1174 387 1204 si
403 1174 640 1207 lucubrationes
659 1181 785 1207 nostras
800 1178 830 1207 in
849 1177 942 1208 ofﬁcii
961 1177 1092 1216 signum
1110 1175 1320 1217 oblatas‘tibi,
1337 1184 1424 1219 grato
1442 1181 1548 1212 animo
1566 1182 1738 1221 acceperis,
1756 1185 1788 1212 et

179 1226 389 1266 patrocinium
405 1230 493 1257 tuum
511 1229 541 1257 te
553 1235 677 1259 summe
695 1229 872 1260 colentibus
885 1230 1077 1269 impcnderis

802 1306 816 1329 ο
828 1291 1116 1332 Obsequentissimis
1135 1292 1291 1323 monachis
1306 1293 1374 1324 ard.
1391 1293 1500 1323 Sancti
1512 1292 1673 1324 Benedicti
1698 1313 1701 1318 -

944 1333 1195 1370 congregationis
1208 1333 1316 1362 Sancti
1331 1332 1449 1362 Mauri.

186 1408 1781 1421 __—_—_________________—___

781 1498 1198 1562 PREFATIO

435 1627 497 1670 IN
537 1625 837 1672 UNIVEBSA
871 1625 919 1670 S.
950 1627 1277 1673 ‘ATHANASII
1316 1626 1533 1691 OPERA.

825 1725 885 1761 (Ed.
900 1725 999 1753 Bcned.
1016 1725 1083 1753 1698
1098 1725 1162 1762 [a].)

215 1869 305 1898 Mirari
330 1869 402 1897 subit
434 1877 517 1905 quare
543 1878 603 1897 cum
634 1871 660 1898 in
693 1871 863 1906 antiquorum
887 1872 961 1901 libris
976 1877 998 1905 Α
1013 1873 1121 1906 tissimi,
1133 1873 1232 1908 scripta
1247 1874 1272 1901 in
1289 1878 1344 1901 tam
1360 1873 1456 1901 misera
1473 1875 1546 1900 sorte
1555 1871 1659 1900 versari
1673 1878 1706 1899 ne
1717 1875 1792 1906 pate-

180 1915 355 1944 emeudandis
377 1921 468 1943 nostro
488 1920 514 1944 et
529 1917 666 1951 prmlcrito
686 1925 743 1944 azvo
769 1922 842 1945 tanta
868 1919 903 1945 sit
922 1919 962 1945 iu-

181 1961 284 1988 dnstria
310 1961 486 1994 desudatum,
507 1962 698 1990 nonnullorum
723 1967 812 1990 tamen
835 1963 962 1991 Ecclesia:

180 2006 280 2034 Graeca:
296 2006 405 2034 Patrum
428 2014 509 2041 opera
530 2012 652 2035 scateant
675 2009 789 2042 mendis,
807 2010 962 2037 sordescant

180 2053 277 2080 misere
297 2053 397 2087 spuriis
410 2052 580 2086 intermista;
595 2058 621 2080 et
639 2054 700 2080 dum
721 2054 748 2081 in
770 2054 827 2082 dies
843 2056 962 2083 erudito-

180 2106 238 2125 rum
263 2098 387 2125 manibus
410 2102 544 2131 teruntur,
566 2107 618 2126 non
639 2100 735 2126 sordes
748 2100 893 2135 deportant,
908 2109 961 2128 non

180 2144 213 2171 ad
236 2144 373 2172 meliorem
402 2144 582 2172 conditionem
609 2149 783 2173 revocentur.
811 2146 873 2174 "(ec
897 2155 962 2175 sane

180 2194 243 2217 sunt
258 2197 318 2224 qua:
335 2189 459 2217 stimulos
481 2191 558 2217 nobis
578 2190 751 2224 addiderunt,
773 2196 802 2219 ut
818 2193 906 2226 quoad
923 2192 963 2219 fa-

180 2235 264 2262 cultas
281 2234 361 2265 t'erat,
373 2234 498 2261 Patribus
511 2235 613 2261 Graecis
628 2242 737 2262 manum
757 2236 961 2271 adm0vcamus,

179 2282 286 2314 quando
297 2280 454 2315 jamdudum
471 2280 556 2307 nostri
573 2280 686 2307 Latinis.
701 2280 779 2308 Prior
796 2287 885 2309 autem
901 2291 962 2309 sua-

180 2330 225 2360 pte
238 2325 369 2359 dignitate
383 2325 415 2351 ad
433 2325 583 2360 hujusmodi
600 2333 692 2352 curam
711 2333 759 2353 nos
771 2327 905 2359 evocavit,
917 2328 960 2361 qui

179 2369 250 2396 inter
264 2369 388 2396 Ecclesia:
401 2369 502 2398 Graeca:
521 2370 646 2398 doctores
671 2372 772 2405 primas
796 2375 878 2404 tenet,
903 2380 961 2398 ma—

181 2415 298 2450 gnusille
307 2415 484 2449 Athanasius,
496 2417 571 2451 cujus
584 2417 685 2451 scripta
702 2417 819 2444 immane
832 2422 962 2451 quantum

182 2463 245 2490 vitio
262 2463 394 2491 laborent.
417 2463 503 2491 Nemo
524 2465 596 2491 enim
615 2468 667 2497 est,
690 2463 735 2498 qui
753 2464 962 2499 percursis.ejus

179 2510 315 2544 operibus,
338 2514 365 2537 et
389 2510 576 2545 perturbatum
598 2509 729 2537 librorum
755 2510 878 2537 ordinem
897 2517 962 2536 cou-

1013 1926 1115 1950 remur,
1129 1918 1238 1945 vetabat
1253 1918 1406 1945 recordatio
1427 1917 1547 1945 victoriae
1565 1917 1628 1945 olim
1649 1917 1682 1945 de
1703 1918 1794 1952 peruio

1013 1963 1172 1990 ciosissimis
1187 1963 1313 1990 Ecolesitc
1327 1963 1460 1995 hostibus,
1478 1970 1530 1990 non
1546 1962 1606 1989 aliis
1624 1969 1704 1997 quam
1720 1962 1794 1990 hisce

1013 2005 1073 2033 telis
1093 2011 1186 2041 partas.
1209 2007 1275 2040 Quis
1293 2006 1378 2040 enim,
1394 2007 1417 2034 si
1440 2006 1589 2041 perpendat
1610 2010 1739 2040 quantum
1753 2006 1795 2033 in-

1012 2052 1101 2086 genio,
1123 2057 1252 2087 quantum
1275 2052 1373 2086 peritia
1394 2053 1559 2085 litterarum,
1586 2057 1718 2087 quantum
1739 2052 1792 2079 hu-

1013 2106 1092 2125 mana
1106 2099 1193 2133 gratia
1206 2098 1326 2126 valerent
1337 2099 1497 2133 quibuscum
1511 2098 1676 2126 Athanasius
1687 2098 1794 2125 assidue

1012 2151 1060 2177 per
1083 2148 1167 2170 totam
1186 2144 1268 2170 vitam
1288 2151 1452 2179 congressus
1477 2147 1529 2175 est,
1552 2151 1606 2170 non
1632 2143 1743 2170 maximi
1761 2150 1794 2169 ea

1012 2189 1112 2224 scripta
1135 2189 1226 2222 ducat,
1250 2189 1346 2224 quibus
1369 2189 1387 2216 ii
1410 2188 1552 2223 proﬂigati,
1581 2195 1645 2215 vera
1672 2188 1793 2215 doctrina

1013 2241 1116 2262 asserta
1137 2235 1203 2262 fuit?
1221 2234 1268 2262 llis
1284 2235 1340 2261 Arii
1361 2235 1512 2267 dialectica,
1537 2233 1645 2261 Eusebii
1669 2232 1794 2260 Nicome-

1013 2281 1114 2308 diensis
1132 2279 1267 2307 calliditas
1280 2279 1335 2311 illa,
1350 2287 1451 2314 parque
1466 2279 1592 2306 maximis
1608 2278 1733 2313 gerendis
1750 2285 1794 2305 re-

1012 2328 1062 2355 bus
1077 2326 1231 2362 ingenium;
1250 2326 1292 2353 his
1312 2326 1419 2361 gentilis
1440 2326 1498 2360 ejus
1515 2325 1690 2352 Caesariensis
1704 2324 1794 2350 erudi-

1013 2374 1050 2400 tio
1061 2373 1148 2405 varia,
1158 2371 1292 2399 Theodori
1307 2371 1472 2399 Ileracleota‘.
1486 2378 1626 2398 sacrarum
1640 2369 1792 2395 litterarum

1013 2419 1111 2454 peritia
1129 2417 1269 2445 erroribus
1287 2418 1394 2444 tuendis
1410 2418 1527 2448 addicta,
1549 2416 1590 2443 his
1612 2415 1719 2441 demum
1743 2414 1794 2440 ha:-

1013 2464 1160 2491 rcticorum
1178 2463 1299 2489 omnium
1314 2462 1366 2489 tela
1381 2462 1490 2496 depulsa
1515 2464 1590 2487 sunt.
1603 2459 1697 2493 Opera:
1713 2458 1793 2492 igitur

1012 2510 1128 2544 pretium
1145 2509 1239 2542 fuerit,
1254 2514 1284 2536 ut
1305 2516 1336 2535 ca
1360 2509 1473 2543 pristino
1488 2506 1568 2534 uitori
1587 2505 1728 2532 restituere
1745 2511 1790 2531 cu-

178 2556 311 2591 spicatus,
325 2563 418 2591 sparsa
437 2556 502 2583 hinc
520 2562 547 2583 et
570 2556 634 2584 inde
655 2557 747 2591 spuria
767 2555 838 2583 nulla
855 2556 961 2587 νοθεέας
977 2561 997 2588 Β
1012 2562 1110 2585 remus,
1131 2561 1179 2588 per
1198 2561 1267 2589 quia,
1288 2553 1401 2580 Numine
1419 2553 1454 2580 ita
1477 2552 1644 2587 providente,
1667 2550 1693 2576 id
1714 2550 1791 2576 nacti

178 2603 376 2636 signiﬁcatione
391 2603 529 2636 distincta,
542 2603 692 2630 orationem
708 2602 809 2637 passim
826 2602 960 2636 vitiatam,

178 2647 306 2680 hiulcam,
319 2647 449 2679 laceram,
464 2648 636 2675 Homericum
654 2647 719 2674 illud
736 2655 788 2674 non
805 2647 959 2674 exclamet:

177 2693 281 2721 Πολ.λά
300 2693 325 2720 δ’
339 2693 463 2727 ἄναντα,
484 2693 626 2726 κάταντα,
646 2691 831 2729 πάραντάὲτε
853 2690 962 2729 diiungi

739 2729 762 2754 τ’
781 2725 875 2762 ἦλοον

213 2783 293 2812 Tanti
310 2784 448 2816 Doctoris,
470 2784 595 2812 omnibus
615 2789 689 2812 retro
713 2783 818 2811 saeculis
840 2783 960 2811 celebra-

214 2842 251 2876 (a)
263 2841 413 2869 Monendus
426 2841 521 2869 Lector
535 2842 560 2868 in
576 2846 647 2869 textu
664 2846 691 2868 et
707 2842 732 2868 in
752 2841 822 2868 notis
850 2840 961 2875 paginas

178 2878 286 2905 retineri
309 2877 437 2905 editionis
454 2877 567 2910 chctaa,
592 2885 658 2912 quas
687 2876 754 2913 typis
769 2877 957 2912 grandioribus

1012 2608 1115 2632 sumus,
1131 2603 1160 2626 ut
1174 2607 1239 2626 sana
1256 2599 1322 2626 ﬁdes
1339 2599 1371 2625 ad
1387 2606 1437 2625 nos
1452 2605 1537 2632 usque
1554 2596 1715 2629 pervenerit.
1732 2595 1789 2628 Qua

1012 2652 1102 2673 autem
1127 2645 1243 2677 ratione,
1257 2644 1321 2678 quid
1335 2648 1424 2670 actum
1439 2643 1485 2675 sit,
1499 2649 1623 2677 qumuam
1639 2639 1791 2674 huiusmodi

1012 2691 1111 2723 scripta
1129 2691 1355 2725 complectantur,
1372 2688 1465 2722 paucis
1477 2688 1629 2722 expendere
1645 2687 1720 2721 jubet
1733 2686 1792 2713 ani-

1012 2744 1082 2769 mus,
1099 2743 1160 2763 cum
1176 2735 1208 2762 de
1222 2733 1413 2766 mauuscriptis
1427 2740 1459 2760 ac
1475 2733 1507 2760 de
1522 2733 1596 2768 prius
1610 2732 1689 2760 editis
1705 2737 1791 2766 pauca

1013 2780 1232 2817 prmtuiserimus.

1013 2837 1205 2870 expressimus.
1223 2836 1300 2862 Em'r.

1047 2869 1082 2909 ((1)
1098 2873 1174 2900 Hum.
1189 2871 1269 2898 Iliad.
1285 2871 1321 2904 Ψ,
1339 2877 1408 2898 vers.
1426 2869 1486 2897 ΗΟ.
