2000 3045
226 153 270 176 IV]

607 212 628 239 l.
1022 224 1044 251 Δ

227 248 264 274 De
285 252 472 285 manuscriptis
493 260 516 281 et
542 257 575 284 de
593 260 722 300 ueteribus
740 261 878 291 Athanasii
900 274 1007 300 operum

570 293 658 320 editis.

261 339 287 365 1.
301 339 354 367 Res
371 346 412 369 est
427 344 576 381 explorata,
592 349 772 379 Athanasium
789 359 863 382 certa
882 357 1004 391 qumdam

224 392 304 419 opera
329 395 377 415 sua
399 398 564 428 asservasse,
587 396 719 426 lustrasse
735 407 796 427 cum
812 402 837 429 id
851 404 935 431 otium
952 405 1006 432 fer-

226 437 276 463 ret,
293 433 324 460 iis
337 436 458 468 quaedam
476 440 607 474 adjecisse
619 443 705 471 sicubi
717 453 760 472 res
772 448 935 481 postularet:
948 453 1006 478 ani-

225 478 394 507 madversum
412 482 437 509 id
454 483 504 511 fuit
519 486 544 512 in
555 487 682 523 Apologia
694 497 787 520 contra
797 494 922 530 Arianas,
938 503 964 525 et
978 499 1004 526 in

224 522 292 550 libro
307 523 345 551 De
365 529 482 561 synodis,
496 535 522 557 et
543 522 660 561 fortasse
678 536 740 564 aliis
757 538 783 565 in
799 539 875 568 libris
892 543 1003 578 factum,

225 568 273 578 -..ι
289 567 318 578 Ι-νν
336 568 341 575 ⁸
354 571 359 578 ¹
436 574 441 578 ·
524 576 528 578 λ

223 568 274 594 etsi
289 567 359 596 haud
376 574 458 601 certis
475 576 545 604 notis
569 579 734 613 deprehendi
756 591 849 618 queat.
873 567 1002 618 Ordinetd

223 619 314 642 autem
335 624 458 652 operum,
474 622 519 655 qui
534 622 560 649 in
574 624 713 661 plerisque
725 632 915 667 manuscriptis
931 635 1000 663 idem

222 658 280 693 ipse
294 668 444 698 comparet,
458 671 485 692 ut
502 666 550 694 fuit
563 673 688 705 superius
706 677 854 706 recensitus
868 679 918 714 (a),
934 683 1001 709 mul-

222 705 256 731 tis
267 708 415 736 secundum
433 711 573 740 Athanasii
594 722 700 745 atatem
722 722 812 749 saeculi
840 725 1000 756 adornatum

221 750 305 779 fuisse
326 753 389 782 hinc
415 756 547 791 liquidum
561 767 615 795 est,
634 766 706 799 quod
725 768 808 796 multa
824 750 1002 809 ille—complet

221 801 312 824 ctatur
330 802 421 835 spuria
444 805 515 832 veris
538 806 699 844 intermista,
719 817 749 840 ut
769 822 828 842 sese
848 801 956 852 dabant:
973 825 1000 848 et

221 841 275 852 ,ιη
291 843 302 852 ι
349 846 354 852 .
385 851 389 852 γ
457 849 473 852 .-

692 841 698 844 _
850 841 956 852 __.r_...,
973 841 999 848 ...

220 841 276 870 fors
290 843 403 879 ferebat,
417 849 490 876 nulla
511 858 618 881 servata
645 859 773 892 temporis
789 861 829 888 vel
848 868 999 899 argumenti

220 889 336 916 ratione.
352 891 423 919 Inter
443 896 550 924 codices
566 905 656 928 autem
672 902 842 941 Basiliensis,
860 889 936 945 ciijus
951 920 999 939 va-

220 934 274 945 _.'__
300 935 320 945 ,μ
341 937 358 945 -”
475 942 490 945 ’⁵
504 942 519 945 ’Δ
555 943 566 945 ᾼ

219 934 275 961 rias
298 935 427 966 lectiones
449 942 533 970 edidit
555 943 651 975 Petrus
667 948 876 988 Felckmannus,
892 934 1001 987 lcaeteris

219 987 330 1014 praestat
349 986 511 1020 antiquitate
538 995 564 1017 et
592 996 775 1030 accuratione,
802 1007 816 1026 a
847 986 1001 1037 Doxopatre

218 1028 335 1059 quodam
351 1035 488 1066 exaratus,
502 1036 608 1063 erudito
619 1039 677 1066 viro
690 1045 718 1067 et
731 1028 1000 1076 devAthanasiirscri-

219 1072 274 1105 ptis
292 1073 360 1101 bene
376 1078 484 1105 merito.
505 1078 555 1108 llic
571 1083 775 1117 explanationes
792 1089 854 1118 hinc
876 1092 937 1120 inde
955 1097 999 1122 ad-

215 1116 292 1151 jecit,
310 1121 416 1154 sagacis
433 1129 460 1150 et
474 1125 553 1158 periti
574 1116 690 1158 hominis
707 1138 797 1161 notam
811 1137 998 1170 praeferentes.

217 1162 360 1193 Basiliensi
380 1168 468 1196 codici
485 1170 556 1199 haud
582 1176 695 1203 multum
719 1162 871 1210 concedere
889 1189 998 1218 putatur

218 1207 283 1218 n_,-
466 1215 495 1218 --
509 1217 530 1218 η

217 1207 318 1244 Regius
336 1219 448 1241 numero
464 1215 544 1249 2284,
564 1222 797 1256 septingentorum
820 1207 931 1257 eirciier
953 1240 998 1258 an-

217 1260 323 1287 norum,
338 1259 452 1292 egregia:
468 1266 548 1295 notae,
565 1265 610 1297 qui
624 1265 687 1293 olim
708 1267 758 1295 fuit
778 1276 935 1302 monasterii
948 1277 995 1304 τοῦ

216 1300 346 1336 Κυριζου,
363 1312 423 1332 nam
446 1307 483 1334 ita
501 1308 564 1336 folio
581 1312 685 1345 primo:
705 1315 737 1342 'H
753 1316 844 1352 βίϐλος

217 1346 302 1381 μονῆς
314 1348 362 1383 τῆς
377 1350 505 1386 Κυρίζου.
525 1354 622 1383 Postea
640 1365 702 1386 vero
716 1346 776 1388 cuin
802 1346 842 1390 in.
853 1346 928 1394 altas.
939 1346 995 1395 nui:

216 1398 267 1418 nus
292 1393 433 1423 devolutus
458 1404 540 1432 esset,
571 1405 721 1432 recentiore
742 1408 900 1438 charactere
924 1415 994 1441 scri-

214 1441 288 1471 ptum
312 1438 372 1472 fuit,
390 1442 482 1478 κτῆμα
508 1447 591 1482 μονῆς
610 1448 656 1475 τοῦ
675 1452 769 1488 κυρίου
791 1438 994 1487 Διονυσίουῒῦθ

214 1484 321 1510 czeteris
343 1486 484 1516 codicibus
506 1495 548 1517 sat
569 1492 636 1521 alias
660 1484 758 1530 agitur.
775 1498 824 1527 Est
839 1509 920 1535 porro
936 1513 994 1532 ma-

214 1528 412 1561 nuscriptorum
422 1533 499 1565 ordo,
510 1536 598 1569 qualis
608 1528 695 1572 qualis
709 1546 760 1574 est,
769 1528 990 1581 summoquidem
1006 1553 1026 1582 c

212 1579 294 1606 opere
318 1577 463 1611 notandus,
485 1584 538 1607 tum
561 1582 612 1610 hoc
633 1586 744 1614 nomine
760 1590 831 1623 quod
855 1591 990 1622 interdum

212 1618 247 1645 ab
271 1619 304 1646 iis
327 1622 510 1656 scriptoribus
532 1629 667 1662 sequioris
692 1633 753 1667 tari,
768 1618 824 1669 lqui
850 1637 991 1668 Athanasii

211 1671 293 1698 opera
312 1674 536 1704 commemorant,
552 1673 665 1708 hujusce
681 1678 752 1705 ratio
769 1679 918 1717 habeatur;
936 1690 990 1714 tum

211 1710 292 1738 etiam
314 1717 344 1740 ut
365 1717 460 1750 nuperi
480 1719 622 1754 scriptoris
644 1721 786 1753 dilIicultas
811 1710 924 1764 levetur,
943 1733 988 1766 qui

918 1757 924 1764 ,
951 1757 978 1766 ,-

210 1762 270 1782 cum
286 1757 313 1784 in
329 1763 503 1789 amanuensis
516 1764 655 1798 cujusdam
671 1770 752 1797 verba
768 1770 918 1808 incidisset,
936 1778 984 1804 sci-

208 1800 271 1829 licet
287 1811 293 1829 :
313 1804 433 1842 Ἐγράφη
454 1808 541 1836 ὀπίσω
565 1811 594 1837 ὲν
616 1812 655 1848 τῷ
671 1813 713 1850 ξη¹
725 1816 806 1852 λόγῳ,
824 1800 989 1854 inauspicato

208 1846 273 1874 satis
290 1848 430 1883 legendum
450 1855 555 1886 putavit
574 1856 604 1882 ἐν
626 1846 666 1893 τῷ
691 1846 820 1898 Ephoro),
843 1864 869 1891 id
891 1846 987 1899 estid;

206 1895 421 1924 comminiscitur
442 1899 498 1932 ille,
524 1901 551 1927 in
576 1903 726 1932 collectione
747 1916 984 1946 monumentorum,

205 1946 286 1973 quam
297 1947 357 1968 esse
370 1947 445 1976 putat
460 1945 612 1981 Apalogiam
625 1956 715 1977 contra
727 1952 849 1982 Arianas.
859 1958 894 1984 At
905 1958 935 1985 τὸ
946 1945 986 1996 Eni

204 1991 265 2011 esse
283 1993 425 2015 numerum
444 1989 488 2022 68,
513 1992 624 2020 cuilibet
645 1995 807 2027 laterculum
831 1989 983 2032 manuscri:

203 2036 312 2066 piorum
333 2040 348 2059 a
364 2035 442 2062 nobis
457 2037 559 2064 editum
576 2039 730 2075 inspicienti
748 2046 837 2080 palam
850 2050 912 2076 erit.

238 2075 265 2102 2.
281 2077 370 2105 Editio
383 2084 471 2107 autem
487 2089 546 2116 qua:
567 2085 641 2118 prior
659 2075 757 2120 prodiit
786 2098 813 2116 tn
835 2094 982 2130 publicutn,

201 2114 254 2154 est,
270 2122 296 2148 ni
312 2122 401 2157 fallor,
414 2114 563 2161 Vicentina,
579 2137 650 2157 anno
663 2131 741 2165 1482,
752 2114 894 2166 Leonarrdo
906 2117 983 2168 ΒιιδίΣ

201 2167 269 2195 lensi
295 2172 471 2204 typographo.
497 2173 534 2201 lbi
559 2183 693 2210 perpauca
721 2181 863 2210 Athanasii
897 2167 980 2220 opera

201 2212 296 2241 Latine
322 2220 443 2251 tantum,
465 2218 619 2250 Onmibono
642 2223 794 2254 Leoniceno
819 2230 978 2268 interprete,

199 2261 380 2296 continentur,
394 2264 528 2298 videlicet,
543 2272 597 2295 tres
614 2276 704 2298 contra
715 2272 829 2302 Arianos
843 2278 978 2308 Orationes

199 2306 262 2334 hinc
277 2307 339 2335 inde
351 2309 495 2344 dispersas;
515 2312 608 2341 Oratio
631 2323 722 2345 contra
735 2325 824 2354 gentes
838 2328 864 2349 et
880 2324 917 2350 De
928 2325 977 2352 In-

197 2353 366 2387 carnatiane;
383 2355 501 2389 Epistola
513 2359 597 2392 prima
608 2361 642 2387 ad
656 2353 844 2400 Serapionem;
855 2368 935 2397 Liber
945 2373 976 2398 tle

197 2397 384 2428 lncarnatione
407 2402 467 2429 Dei'
477 2402 563 2439 Verbi,
584 2412 676 2435 contra
688 2409 780 2438 Arium
793 2418 816 2440 et
831 2397 974 2449 Apollina-

197 2444 282 2477 rium;
301 2446 452 2482 Disputatio
465 2457 558 2478 contra
573 2453 666 2480 Arium
677 2456 704 2482 in
728 2459 829 2492 synodo
853 2461 976 2491 .‘Vicwua.

195 2489 276 2518 l‘raait
294 2493 415 2528 ejusdem
436 2495 579 2526 Omniboni
599 2501 713 2535 cpistola
728 2489 928 2541 n'uncupatoria
943 2510 976 2537 ad

194 2536 306 2565 Paulum
321 2540 351 2574 ll,
371 2549 505 2571 summum
520 2547 685 2580 pontificetn.
703 2549 795 2586 Neque
806 2557 894 2582 tamen
906 2556 974 2585 idem

195 2582 364 2615 Omnibonus
390 2589 439 2617 has
459 2590 662 2622 lucubrationes
683 2582 837 2633 ipsc-prelo
854 2582 974 2637 tradidit,

194 2630 240 2657 sed
262 2631 381 2665 ejusdem
409 2642 496 2665 morte
517 2630 700 2677 praeoccupati
724 2630 833 2678 operam
854 2648 974 2683 suscepit

194 2675 331 2706 Barnabas
342 2680 482 2716 Celsanus,
501 2689 531 2712 ut
547 2675 650 2715 videre‘
658 2694 700 2715 est
718 2697 750 2717 ex
767 2691 888 2726 epistolis
899 2692 971 2722 Petri

192 2721 265 2751 Bruti
279 2725 397 2761 episcopi
416 2727 590 2760 Catharensis
600 2734 633 2761 ad
646 2721 799 2771 Celsanuui,
815 2742 843 2765 et
866 2738 971 2768 Celsaui

226 2827 265 2866 tn)
281 2828 347 2866 _Po_st
366 2829 537 2862 collationem
555 2836 659 2866 ordinis

225 2862 261 2896 (b)
280 2863 361 2898 Infra,
378 2873 402 2899 p.
417 2874 477 2894 XLV.

901 161 1168 194 PROLEGOMENA.
1182 201 1188 213 ‘

1060 222 1093 248 ad
1121 223 1244 251 eumdem
1276 226 1443 262 episcopum,
1471 229 1534 257 huic
1559 232 1632 260 edito
1656 235 1774 268 praefixis
1788 238 1837 273 (lt).

1061 267 1154 295 Versio
1179 269 1325 299 Omniboni
1348 281 1400 300 non
1421 275 1509 308 mala,
1529 285 1591 311 quae
1616 280 1683 307 satis
1712 289 1838 311 accurate

1056 312 1213 342 Grzccorum
1249 319 1410 346 sententiam
1444 321 1553 350 referat.
1584 323 1736 353 Secundum
1767 329 1838 357 hanc

1056 359 1201 387 editionem
1223 362 1372 396 publicatus
1394 371 1435 393 est
1459 366 1604 402 Hagcnoae,
1621 378 1691 398 anno
1712 372 1790 405 1519,
1805 375 1838 401 li-

1055 403 1104 431 her
1116 404 1155 431 De
1175 408 1256 435 variis
1273 411 1471 444 questionibus,
1483 411 1588 442 Joanne
1610 414 1761 445 Reuchlino
1782 418 1836 446 Ca-

1054 452 1154 490 pnione
1173 453 1331 489 interprete,
1360 457 1531 494 idipsumque
1559 468 1627 496 opus
1644 462 1736 492 Roma:
1754 465 1831 498 item,

1055 506 1127 526 anno
1141 499 1220 527 1525.

1089 544 1115 571 5.
1132 545 1209 573 Anno
1227 546 1306 579 1520,
1322 546 1445 581 Lutetiae,
1463 551 1532 586 apud
1552 551 1683 582 Joannem
1705 555 1832 592 Parvum,

1053 590 1153 623 prodiit
1169 591 1312 620 Athanasii
1336 594 1444 622 nomine
1459 596 1585 625 volumen
1601 607 1696 633 unmn,
1709 604 1751 629 cui
1766 611 1834 637 pra--

1051 635 1105 663 lixa
1122 641 1164 663 est
1184 637 1298 671 epistola
1318 638 1419 667 Nicolai
1441 640 1546 670 Beraldi
1564 644 1596 670 ad
1611 635 1834 676 MichaeleniBo-

1051 683 1153 716 dctum,
1169 684 1380 719 Lingoncnsium
1394 688 1562 724 episcopum.
1585 690 1633 719 Hic
1647 698 1748 726 autem.
1764 703 1834 730 pra:-

1051 734 1092 757 ter
1116 730 1183 758 duas
1207 732 1355 764 orationes,
1372 739 1464 761 contra
1480 740 1567 769 gentes
1587 741 1614 763 et
1639 737 1676 765 De
1701 738 1832 768 Incarna-

1050 775 1129 807 tione.
1139 777 1280 804 Ambrosio
1287 778 1481 807 Camaldulensi
1494 781 1649 816 interprete,
1666 785 1766 820 reliqua
1775 794 1833 814 om-

1051 822 1094 848 nia
1106 823 1273 856 supposititia
1297 829 1377 858 sunt;
1395 825 1532 858 nimirum,
1551 827 1738 858 Cammentarii
1750 832 1834 860 Theo-

1051 868 1166 902 pltglacti
1180 869 1207 894 in
1221 869 1351 903 Epistolas
1367 869 1453 904 Pauli,
1471 871 1619 906 Disputatio
1633 881 1724 903 contra
1739 878 1831 906 Arium

1052 912 1139 940 Probo
1161 914 1259 947 iudice,
1280 915 1356 942 Liber
1373 917 1405 944 de
1422 918 1605 946 exhortatione
1629 923 1830 958 monachorum,

1051 957 1171 985 Historia
1196 960 1318 994 imaginis
1340 961 1501 996 Berytensis,
1526 963 1650 998 Epistolw
1669 975 1832 997 summorum

1050 1003 1201 1037 pontiﬁcum
1226 1006 1260 1031 ad
1285 1005 1426 1041 Egyptios
1448 1009 1593 1044 episcopos,
1618 1010 1781 1043 Quwstiones
1796 1016 1830 1041 at.’

1050 1045 1208 1074 Antiochum
1226 1057 1339 1077 numero
1355 1051 1495 1084 pauciores
1510 1061 1590 1088 quam
1610 1064 1681 1083 nunc
1693 1063 1801 1085 exstant
1822 1069 1830 1088 :

1050 1091 1229 1127 fragmentum
1257 1095 1320 1122 item
1338 1096 1464 1131 Epistola:
1481 1099 1515 1125 ad
1531 1099 1717 1129 Marcellinum
1733 1105 1765 1130 de
1788 1105 1830 1132 in-

1048 1140 1232 1172 terpretatione
1245 1141 1424 1175 Psalmorum,
1451 1142 1508 1171 Vita
1526 1145 1666 1173 Athanasii
1679 1156 1728 1182 per
1747 1149 1829 1177 Joan-

1049 1191 1110 1210 nem
1125 1184 1272 1213 Tortelium
1289 1187 1441 1222 Aretinum,
1455 1190 1498 1217 cui
1518 1192 1690 1225 prmuittitur
1707 1195 1828 1230 ejusdem

1048 1228 1159 1257 Tortelii
1173 1231 1285 1265 epistola
1299 1232 1330 1259 ad
1341 1233 1491 1268 Eugenium
1509 1234 1544 1263 lV
1562 1228 1728 1270 pontificem;

1081 1275 1109 1302 4.
1127 1276 1197 1314 διώ1
1211 1276 1279 1311 haec,
1307 1286 1378 1306 anno
1404 1279 1484 1313 1527,
1516 1279 1671 1311 Desiderius
1698 1284 1827 1313 Erasmus

1046 1330 1107 1349 cum
1135 1323 1160 1350 in
1187 1325 1307 1351 codicem
1337 1325 1486 1360 incidisset,
1503 1328 1645 1357 Athanasii
1671 1338 1723 1359 non
1739 1339 1825 1366 pauca

1045 1369 1277 1403 complectentem,
1296 1378 1326 1398 ea
1346 1371 1443 1399 Latine
1455 1374 1538 1408 dedit,
1557 1375 1684 1404 nimirum
1703 1377 1781 1406 binas
1791 1379 1826 1406 ad

1045 1413 1215 1446 Serapionem
1235 1416 1372 1450 epistolas,
1391 1419 1498 1446 tertiam
1525 1421 1630 1449 scilicet
1643 1427 1669 1449 et
1686 1429 1823 1458 quartam,

1044 1459 1190 1493 Epistulam
1215 1462 1246 1488 de
1259 1463 1370 1489 decretis
1390 1463 1519 1498 Nictenis,
1535 1467 1688 1502 Apologiam
1700 1470 1732 1496 de
1747 1472 1823 1504 luga,

1044 1510 1148 1538 partem
1170 1505 1304 1541 Apologia:
1328 1514 1419 1535 contra
1447 1509 1581 1544 Arianae,
1602 1511 1642 1539 De
1659 1515 1779 1548 passione
1799 1520 1826 1542 et

1043 1558 1118 1577 cruce
1143 1549 1264 1584 Domini,
1288 1553 1315 1579 in
1334 1553 1399 1580 illud
1414 1562 1423 1580 :
1444 1563 1453 1580 ι
1468 1555 1567 1584 Euntes
1598 1558 1625 1585 in
1650 1560 1734 1587 vicum
1753 1562 1822 1596 quod
1868 1556 1871 1558 ⁷

1042 1601 1134 1623 contra
1155 1605 1199 1624 vos
1215 1603 1272 1630 cst;
1287 1608 1296 1624 ι
1312 1599 1349 1626 De
1363 1594 1527 1635 virginitate,
1541 1603 1568 1629 in
1584 1604 1650 1631 illud
1661 1612 1671 1632 :
1687 1615 1696 1631 ‹
1707 1605 1823 1638 Quicun-

1041 1649 1090 1676 que
1116 1642 1212 1669 dixerit
1240 1644 1355 1675 verbum,
1371 1653 1380 1670 s
1393 1650 1459 1676 etc.,
1474 1645 1622 1680 Epistolam
1641 1649 1676 1675 ad
1699 1649 1822 1684 Serapio-

1041 1695 1110 1720 nem,
1123 1696 1183 1722 quae
1196 1689 1284 1721 prima
1300 1690 1419 1717 omnium
1442 1696 1493 1724 est,
1507 1692 1612 1720 initium
1635 1693 1697 1722 libri
1722 1695 1821 1724 Contra

1040 1741 1129 1760 omnes
1151 1734 1273 1761 luereses.
1295 1735 1327 1762 Et
1351 1736 1469 1768 mireris,
1483 1737 1567 1765 lector
1581 1740 1699 1772 erudite,
1717 1742 1818 1777 praeju-

1039 1776 1153 1804 dicatam
1179 1779 1332 1813 opinionem
1358 1780 1469 1808 Erasmo
1495 1782 1585 1811 fucum
1610 1783 1717 1814 fecisse.
1750 1787 1817 1815 Nam

1038 1822 1101 1855 quia
1124 1823 1301 1851 Athanasium
1329 1825 1399 1852 inter
1419 1826 1574 1856 Graecorum
1603 1829 1818 1864 elegantissimos

1037 1868 1244 1901 numerandum,
1267 1877 1316 1897 nec
1345 1871 1453 1906 injuria,
1480 1873 1666 1908 :estimabant;
1696 1876 1757 1904 hinc
1776 1878 1817 1904 fa-

1037 1918 1121 1947 ctum,
1151 1920 1180 1942 ut
1204 1916 1340 1950 epistolam
1369 1920 1480 1952 primum
1506 1921 1541 1946 ad
1561 1919 1738 1955 Serapionem,
1754 1931 1814 1958 qua:

1036 1959 1207 1993 apertissime
1237 1961 1379 1989 Athanasii
1400 1968 1451 1996 est,
1474 1972 1526 1992 non
1551 1966 1609 1993 sine
1624 1967 1746 1995 convicio
1763 1977 1812 1995 an-

1035 2005 1118 2031 ctoris
1137 2005 1284 2034 Athanasio
1304 2007 1508 2041 abjudicaverit,
1539 2011 1669 2045 quoniam
1687 2013 1813 2042 videlicet

1035 2050 1060 2076 in
1075 2058 1105 2077 ea
1121 2051 1152 2077 τὸ
1164 2050 1271 2078 εὔτονον
1278 2053 1453 2087 desideratur,
1464 2058 1665 2092 nonscriptoris
1676 2059 1749 2092 vitio,
1764 2061 1812 2088 sed

1034 2096 1095 2129 quia
1107 2096 1141 2123 ab
1154 2096 1232 2124 initio
1245 2098 1277 2124 ad
1291 2099 1392 2126 calcem
1410 2100 1468 2128 loca
1490 2101 1638 2137 Scriptura:
1650 2112 1735 2133 sacrae
1752 2115 1814 2141 per-

1033 2147 1114 2176 peluo
1127 2149 1328 2179 congeruntur;
1350 2153 1403 2180 quo
1425 2147 1452 2174 in
1471 2156 1570 2183 genere
1593 2150 1727 2178 scribendi
1756 2152 1812 2180 elo-

1034 2188 1173 2222 quentiam
1198 2191 1382 2226 orationisque
1407 2200 1504 2221 nervos
1528 2201 1664 2228 expetere,
1693 2197 1808 2232 idipsum

1032 2235 1069 2260 sit
1083 2234 1153 2269 quod
1180 2236 1280 2263 nodum
1300 2236 1325 2264 in
1350 2238 1441 2274 scirpo
1454 2246 1586 2273 quaerere.
1598 2240 1656 2268 Non
1677 2242 1720 2271 hic
1740 2252 1809 2272 unus

1031 2285 1170 2314 comparet
1197 2289 1288 2310 nmvus
1316 2283 1343 2310 in
1369 2285 1411 2311 his
1434 2284 1538 2313 Erasmi
1566 2286 1808 2318 lucubrationibus.

1030 2326 1096 2353 Cum
1112 2327 1183 2354 enim
1205 2328 1230 2355 in
1247 2329 1443 2365 Apologeticum
1461 2338 1553 2360 contra
1570 2333 1684 2362 Arianos
1699 2336 1811 2363 incidis-

1029 2377 1080 2405 set,
1096 2373 1140 2400 ubi
1161 2374 1269 2410 triginta
1292 2383 1339 2404 ses
1365 2385 1538 2406 monutuenta
1560 2385 1668 2408 exstant
1691 2382 1810 2410 historia:

1028 2418 1223 2447 ecclesiastica:
1235 2423 1479 2457 opportunissima,
1501 2426 1557 2460 [nec
1581 2427 1658 2454 nihili
1672 2428 1736 2456 fecit
1753 2430 1808 2462 ille,

1028 2465 1083 2491 imo
1099 2466 1156 2494 haec
1167 2466 1263 2494 eﬂ'atus
1275 2472 1317 2495 est
1332 2468 1532 2504 :Sequebantur
1542 2472 1584 2498 hic
1598 2474 1707 2502 diversae
1721 2476 1808 2503 diuer—

1028 2518 1116 2537 sarum
1134 2513 1259 2547 epistola,
1278 2515 1469 2550 episcoporum,
1487 2519 1647 2553 synadorum
1669 2525 1693 2547 et
1711 2523 1808 2555 princi-

1026 2566 1087 2592 pum
1104 2559 1135 2586 de
1158 2561 1224 2588 actis
1241 2562 1366 2590 adversus
1390 2564 1573 2598 Athanasium,
1590 2575 1667 2602 quas,
1681 2569 1806 2603 quoniam

1026 2609 1051 2632 et
1065 2606 1154 2633 multa:
1166 2612 1239 2634 erant
1252 2614 1276 2635 et
1291 2610 1409 2643 prolicere,
1427 2612 1547 2645 quoniam
1570 2614 1650 2640 etiam
1664 2611 1804 2649 suppositi-

1026 2651 1079 2683 ιίιιι,
1104 2653 1189 2687 piguit
1211 2659 1319 2681 vertere.
1339 2655 1402 2683 Hzec
1425 2664 1500 2688 sane.
1513 2665 1667 2693 quanquam
1691 2661 1805 2695 paenitet

1026 2696 1216 2727 inclementius
1227 2699 1301 2727 effari
1313 2701 1339 2728 in
1352 2706 1455 2729 tantum
1468 2703 1566 2735 virum.
1585 2705 1674 2733 minus
1689 2707 1803 2740 peritum

1025 2741 1052 2769 in
1063 2743 1258 2773 ecclesiasticis
1272 2752 1397 2781 arguant.
1415 2748 1492 2777 Anno
1504 2749 1583 2784 1532,
1601 2750 1724 2786 Lugduni
1739 2759 1803 2780 casa

678 2840 778 2869 veteris
803 2848 863 2870 cum
884 2849 964 2878 novo,
985 2851 1064 2880 quam
1083 2852 1131 2874 nos
1146 2846 1178 2874 ad
1193 2846 1294 2875 calcem
1310 2848 1373 2877 tomi
1391 2847 1424 2877 IV
1433 2849 1603 2878 exhibemus.
1619 2850 1696 2878 Emr.
