2000 3045
651 146 834 176 PR/EFATIO
851 146 1019 179 EDITIONIS
1037 150 1286 184 ΒΕΝΕΟΙΕΤΙΝΑΔΣ.

1722 161 1783 190 "xvtl

169 205 232 228 sunt
254 206 388 237 quotquot
412 203 438 230 in
470 203 616 232 l’arisicusi
644 206 762 234 editione
797 208 859 235 anni
885 209 954 236 1520
969 221 990 248 Α
1006 219 1058 245 que
1078 217 1173 246 marte,
1187 214 1306 242 editores
1330 221 1388 246 sua,
1404 223 1455 243 non
1478 215 1661 244 Athanasiana
1681 218 1783 246 substi-

168 252 288 279 exstant,
306 248 339 275 iis
353 249 452 276 additis
467 257 528 284 qua:
547 251 582 277 ab
606 251 719 280 Erasmo
741 257 817 280 vet’Sa
832 254 950 283 fuerant.

207 292 233 319 5.
243 291 380 320 llactentIs
394 293 476 328 igitur
490 295 566 323 valde
582 296 748 330 imperfecta:
762 298 788 324 in
802 298 889 326 lucem
906 308 951 327 ve-

171 337 542 373 nerantAtltanasiioperum
551 340 684 368 editiones
695 349 743 368 :ac
760 349 793 369 ne
810 342 885 377 plura
902 351 952 378 pn-

168 383 346 415 blicarentur,
366 384 486 416 vetabat,
509 386 641 418 arbitror,
661 388 785 414 codicum
810 388 951 418 Athanasii

168 427 362 464 infrequentia.
386 429 497 464 Verum,
510 439 581 458 anno
603 432 684 465 1555,
708 433 805 462 Petrus
830 434 951 463 Nannius

167 474 369 508 Alcmarianus,
384 475 425 502 vir
438 475 532 504 Gra-ce
544 477 701 513 ,Latineque
716 479 831 513 peritus,
844 487 950 508 summa

166 527 234 548 cura
244 525 270 547 ct
283 521 373 549 studio
383 521 524 550 Athanasii
539 530 619 557 opera
638 523 723 550 multo
735 524 854 552 auctiora
867 533 949 559 quam

165 570 230 593 ante
262 565 357 594 Latina
387 567 461 601 fecit,
490 573 518 595 et
550 568 664 597 Basilete
688 570 791 598 edenda
819 571 949 603 tradidit;

164 618 289 646 opusque
319 617 405 640 totum
427 621 460 641 ex
485 613 591 642 otiicina
617 615 787 643 Frobeniana
809 616 835 643 in
852 617 948 651 lucem,

165 656 213 683 sed
229 657 325 685 Latine
340 663 456 690 tantum,
474 660 607 687 emittitur
626 668 698 688 anno
714 661 792 688 1556.
809 661 948 689 Nanniana

166 702 212 729 illa
230 704 320 732 versio
345 704 391 731 diu
418 705 487 733 inter
511 707 629 741 optimas
642 714 816 735 annumerata
840 714 882 736 est
898 717 905 736 :
921 714 950 736 at

166 750 322 777 accuratius
331 758 386 778 rem
398 753 615 785 expendentibus
629 753 711 781 multa
721 761 780 781 sese
792 755 855 781 vitia
870 755 949 782 obtu-

165 793 233 826 lere,
250 794 283 822 de
298 801 352 830 qua
379 803 410 823 re
433 796 560 824 inferius.
577 797 623 825 Nte
646 798 731 826 multa
756 798 834 826 laude
850 800 948 834 dignus

164 837 286 867 Nannius
315 844 367 872 est,
391 841 436 876 qui
465 842 540 876 prior
564 842 767 878 elegantissima
805 844 946 872 Athanasii

1006 258 1117 284 tnerint.
1132 258 1164 285 Et
1187 260 1323 287 monuisse
1338 260 1453 295 juvabit,
1472 262 1555 290 sicubi
1571 271 1620 291 nos
1631 265 1783 294 versionem

1005 303 1101 331 Nannii
1124 313 1317 339 memoramus,
1340 314 1392 334 non
1416 307 1596 336 Parisiensem
1617 310 1783 345 signiﬁcare,

1005 356 1064 383 qua:
1081 349 1232 379 innumeris
1249 351 1275 377 itt
1294 352 1361 380 locis
1375 357 1476 380 nmtata
1493 352 1552 386 fuit,
1565 355 1612 382 sed
1630 355 1697 383 alias
1720 362 1785 384 ante

1005 402 1105 421 annum
1120 395 1188 423 1600
1215 397 1374 430 publicatas.
1386 398 1480 426 Mirum
1493 404 1582 427 autem
1599 401 1625 428 in
1639 400 1784 429 Parisiensi

1004 439 1092 468 istltac
1112 442 1230 469 editione
1248 444 1363 471 omissas
1390 445 1472 472 fuisse
1497 445 1670 474 Felckmanui
1691 448 1784 475 varias

1004 485 1132 515 lectiones
1161 495 1266 521 omnes,
1287 497 1400 524 quarum
1427 491 1560 526 pleneque
1587 494 1675 528 magni
1703 494 1783 528 pretii

1003 537 1075 559 sunt.
1093 531 1127 560 Ut
1148 538 1175 560 ut
1187 535 1230 565 sit.
1249 536 1405 571 castigatior
1421 541 1507 564 tamen
1523 538 1548 565 in
1563 539 1654 566 multis
1668 544 1710 567 est
1726 540 1783 568 haec

1004 577 1165 607 Partsiensis
1183 581 1268 608 editio
1291 589 1371 616 quant
1389 582 1614 617 Commeliniana,
1632 593 1726 613 verum
1755 586 1783 614 iu

1003 623 1094 651 multis
1116 626 1197 652 etiam
1216 625 1339 654 inferior.
1357 627 1475 663 Adjectte
1499 634 1562 656 sunt
1585 630 1649 658 huic
1669 631 1782 659 editioni

1003 667 1128 697 Humilia:
1140 676 1236 706 septem
1251 680 1315 700 cura
1324 679 1352 700 et
1363 675 1452 701 studio
1466 674 1545 703 Lucae
1559 675 1702 708 llolstenii,
1712 685 1782 712 quas

1002 721 1062 741 cum
1088 715 1224 751 plerisque
1249 718 1309 746 aliis
1328 719 1458 747 hactenus
1478 722 1585 749 incditis
1599 723 1668 750 inter
1689 724 1782 758 spuria

1002 760 1197 795 ablegavitnus.
1224 762 1287 790 Post
1309 771 1356 791 eas
1372 773 1466 793 outnes
1490 767 1621 794 editiones
1648 768 1782 800 publicata

1001 805 1108 832 demuttt
1118 811 1154 833 est
1161 827 1168 839 ,
1177 807 1344 835 Coloniensis
1353 811 1472 843 nomine,
1484 810 1618 846 Lipsiana,
1627 814 1781 847 annollisl.

1001 858 1060 884 quae
1076 851 1225 879 innumeris
1239 854 1344 882 mendis
1367 860 1466 888 scatet,
1486 857 1591 891 adjecto
1609 858 1783 894 Syntaymate

164 891 258 938 opera,
284 888 397 914 necdum
424 893 498 920 nota,
527 889 634 924 publica
660 889 734 918 fecit.
756 890 860 918 Exinde
883 899 948 919 vero
964 904 985 932 Β
1000 897 1138 930 doctrina,
1152 899 1185 926 ab
1201 900 1322 927 Arnoldo
1343 888 1564 938 Noriutbcrge‘nsi
1578 888 1663 931 edito.

162 929 225 957 alia:
240 932 363 965 quaedam
380 934 540 968 prodierunt
563 935 708 968 editiones,
722 943 781 971 quae
800 943 834 964 ne
858 941 946 965 trans-

166 982 275 1002 versum
302 983 415 1012 unguem
444 979 478 1006 ab
505 979 549 1006 illa
577 980 717 1008 Basiliensi
745 981 941 1017 discrepabant.

166 1019 328 1048 Parisiensis
349 1028 448 1056 tamen,
464 1031 536 1051 anno
548 1024 629 1058 1572,
640 1033 655 1052 a
681 1025 842 1054 Sebastiano
855 1027 945 1055 Nivei-

163 1064 200 1091 lio
215 1072 291 1098 cusa,
315 1065 400 1093 Vitam
423 1067 531 1095 Antonii
546 1068 655 1104 insuper
667 1070 864 1105 complectitur,
879 1079 944 1100 nec-

162 1117 217 1137 non
231 1108 307 1139 Vitas
322 1112 462 1140 Athanasii
480 1120 529 1148 per
543 1114 632 1141 varios
651 1119 778 1143 auctores
794 1117 944 1145 concinna-

163 1162 215 1186 tas.
231 1159 272 1186 Ad
292 1160 359 1191 hac,
375 1159 426 1186 tria
439 1160 566 1194 opuscula
578 1168 611 1188 ex
626 1161 786 1190 collectione
805 1164 944 1192 Canonum

164 1210 297 1238 tnutuata,
313 1205 428 1239 scilicet,
442 1205 575 1241 Epistolas
588 1209 623 1235 ad
636 1209 944 1242 Amunem,tricesimam

162 1257 260 1277 nonam
285 1251 415 1285 fetialem,
441 1257 468 1280 et
490 1253 525 1279 ad
548 1253 737 1288 Raﬁnianam;
751 1263 812 1290 quae
834 1256 945 1285 Parisiis

161 1297 276 1323 searsim
292 1297 435 1332 publicatae
450 1298 556 1326 inerant
569 1306 639 1327 anno
653 1300 734 1327 1574.

196 1341 224 1369 6.
246 1341 392 1377 [lucusque
413 1343 510 1370 Latine
532 1347 633 1371 tantum
646 1352 710 1373 cus:
729 1345 837 1373 fuerant
856 1347 942 1374 Atha-

160 1389 230 1416 nasii
244 1396 326 1423 opera
341 1397 348 1416 :
362 1397 547 1422 verum,anno
558 1391 637 1424 1600,
650 1391 744 1420 Graece
756 1393 871 1428 primutn
882 1393 944 1421 llei-

161 1435 305 1469 delbergte,
322 1435 394 1470 typis
406 1435 560 1472 Hieronymi
576 1436 748 1470 Comntelini,
765 1438 791 1465 in
805 1439 942 1473 publicum

161 1482 338 1516 prodierunt;
358 1489 392 1509 ex
414 1482 608 1517 codicibusque
624 1482 795 1512 bibliothecae
816 1485 945 1513 Palatina:

159 1527 424 1563 Grteca‘desumpta
454 1533 527 1556 sunt.
552 1529 608 1558 Sub
628 1530 696 1563 haec,
724 1533 850 1559 confecto
875 1539 944 1566 pene

1033 943 1060 970 8.
1078 943 1124 971 liae
1136 949 1197 972 ante
1212 951 1332 973 nostram
1343 948 1501 981 prodierunt
1515 949 1654 977 Athanasii
1669 957 1780 985 operum

997 988 1130 1016 editiones
1143 989 1212 1018 bene
1224 991 1325 1025 multa},
1342 993 1441 1027 quibus
1453 999 1552 1027 tamen,
1568 996 1666 1022 nedum
1681 996 1706 1022 id
1715 1003 1782 1023 con-

998 1032 1096 1060 fectum
1114 1035 1149 1061 sit
1170 1039 1199 1062 ut
1225 1043 1277 1064 non
1305 1040 1461 1067 accuratior
1477 1044 1660 1074 expeteretur,
1674 1049 1707 1069 ne
1723 1045 1783 1068 tur-

997 1079 1088 1113 piores
1111 1081 1219 1116 quidem
1237 1090 1345 1110 errores
1372 1086 1499 1120 expuncti
1520 1091 1592 1114 sunt.
1609 1085 1675 1113 Nam
1703 1087 1726 1114 si
1753 1087 1781 1115 in

997 1126 1116 1153 omnium
1139 1129 1392 1161 praestantissimam
1405 1150 1413 1163 ,
1443 1131 1623 1160 Parisiensem
1642 1133 1780 1166 videlicet,

997 1171 1090 1199 oculos
1107 1173 1250 1206 adieceris,
1266 1176 1366 1203 mirere
1385 1183 1450 1204 sane
1462 1185 1542 1212 qttam
1555 1178 1702 1206 oscitantes
1719 1179 1779 1207 luer-

999 1215 1064 1249 rint,
1080 1217 1125 1252 qui
1142 1222 1196 1245 tam
1209 1221 1353 1255 conspicua
1370 1222 1433 1249 vitia
1448 1231 1481 1250 ne
1497 1229 1642 1251 senserunt
1656 1224 1776 1259 quidem.

996 1260 1087 1289 Primo
1102 1263 1172 1290 enim
1188 1272 1316 1299 germana
1335 1271 1363 1294 et
1381 1274 1442 1294 vera
1459 1275 1539 1303 opera
1563 1269 1663 1304 spuriis
1678 1271 1780 1305 passim

997 1306 1148 1336 intertnista
1168 1315 1240 1343 sunt,
1267 1315 1320 1338 tam
1341 1312 1368 1338 itt
1399 1313 1485 1347 primo
1506 1321 1587 1348 quam
1609 1314 1637 1342 in
1661 1315 1782 1343 secundo

998 1356 1080 1387 tomo,
1098 1354 1170 1381 nullo
1187 1355 1292 1384 delecm
1303 1377 1309 1388 ,
1332 1357 1403 1384 nulla
1421 1357 1529 1391 νοθείας
1544 1359 1585 1386 vel
1604 1359 1781 1395 γνησιότητος

997 1399 1214 1435 significatione;
1231 1410 1291 1436 quae
1304 1403 1412 1437 quidem
1428 1412 1472 1431 res
1487 1405 1616 1432 lectarem
1635 1412 1782 1441 quantum-

997 1445 1037 1473 vis
1052 1446 1186 1474 eruditum
1202 1448 1228 1474 in
1251 1448 1357 1475 consilii
1376 1449 1492 1484 inopiam
1519 1451 1638 1486 coniicit,
1651 1460 1711 1479 cum
1728 1460 1782 1480 non

997 1490 1023 1518 in
1043 1497 1169 1528 prompttt
1189 1493 1224 1521 sit
1249 1494 1433 1523 internoscere
1450 1497 1515 1531 quid
1540 1498 1688 1530 sincerutn,
1716 1499 1780 1533 quid

997 1538 1126 1566 alienum.
1141 1540 1241 1567 Deinde
1253 1542 1420 1575 perturbatio
1434 1543 1536 1578 ubique
1550 1549 1634 1576 tattta,
1661 1551 1689 1572 ut
1707 1546 1781 1572 nulla

160 1582 258 1609 opere,
279 1574 376 1603 Petrus
404 1575 605 1604 Felekmannus
636 1584 741 1605 summa
768 1579 943 1606 accurali‘me
960 1583 980 1612 C
998 1585 1137 1618 temporis,
1157 1585 1228 1612 nulla
1241 1587 1394 1620 argumenti
1414 1588 1483 1615 ratio
1494 1595 1662 1624 compareat;
1678 1591 1732 1617 itno
1748 1597 1782 1618 ne

161 1620 311 1656 fragmenta
328 1621 412 1648 multa
427 1622 569 1651 Athanasii
593 1624 657 1651 hinc
682 1629 710 1652 et
734 1625 797 1652 ittde
820 1626 943 1658 collecta,

159 1668 249 1694 varias
272 1667 420 1701 lectiones,
442 1674 521 1697 notas
546 1670 694 1705 quasdam,
722 1671 854 1706 Epistolas
883 1673 945 1700 item

159 1714 225 1740 duas
244 1714 277 1740 ad
290 1714 456 1749 Luciferum,
474 1715 610 1750 aliamque
628 1717 662 1743 ad
679 1718 820 1745 monachos
837 1718 879 1746 edi
896 1727 945 1747 cu-

160 1759 229 1786 ravit
241 1759 274 1786 ad
295 1760 397 1788 calcem
409 1762 541 1788 omnium.
555 1761 587 1789 Et
601 1762 698 1790 fuisset
716 1763 799 1791 editio
819 1763 862 1792 illa
877 1765 945 1792 ntul-

160 1810 216 1833 tum
231 1807 413 1840 praestantior,
426 1808 447 1835 si
460 1809 494 1835 ab
508 1807 586 1836 initio
597 1808 808 1842 Felckmannus,
822 1811 864 1837 vir
879 1818 944 1839 sane

158 1852 282 1879 eruditus
295 1859 321 1880 et
337 1854 487 1888 φιλόπονος,
504 1855 562 1889 eius
575 1863 670 1883 curam
686 1857 861 1892 suscepisset.
891 1856 944 1885 Sed

159 1899 222 1934 quia
239 1903 267 1926 ut
284 1899 429 1933 plurimum
445 1908 546 1936 operae,
560 1902 658 1936 quibus
675 1910 729 1930 non
744 1908 803 1930 erat
819 1903 942 1930 codicum

159 1945 363 1972 accurationem
376 1951 402 1973 et
413 1948 597 1981 praestantiam
613 1948 799 1976 intcrnocendi
817 1948 941 1982 facultas,

158 1989 252 2018 Graeca
265 1998 316 2018 non
329 1999 388 2026 qua:
403 1993 487 2027 magis
503 1993 535 2020 ad
549 2001 639 2020 veram
652 1994 808 2027 lectionem,
825 1995 871 2022 sed
883 2003 942 2030 quae

158 2037 269 2071 propius
290 2038 323 2064 ad
352 2038 448 2065 Nannii
477 2039 726 2074 interpretationem
759 2040 940 2074 accedebant,

158 2082 231 2116 prelo
251 2083 446 2117 submiserunt,
471 2085 536 2112 hinc
565 2085 666 2113 factum
690 2091 720 2114 ut
739 2087 822 2114 editio
846 2088 941 2116 istlitec

158 2136 209 2155 non
224 2129 292 2155 adeo
307 2135 435 2157 accurata
455 2131 500 2158 sit.
518 2130 672 2160 Secundum
695 2133 763 2165 liter,
780 2141 849 2161 anno
866 2134 941 2162 vide-

157 2173 220 2201 licet
247 2175 328 2208 l608,
351 2183 384 2203 ex
408 2176 513 2204 oliicina
532 2178 636 2205 Claudii
654 2178 804 2214 Chappletii
827 2180 939 2209 Parisiis

157 2220 258 2254 prodiit
283 2229 353 2248 nova
375 2222 516 2249 Athanasii
539 2223 633 2255 editio,
649 2223 696 2251 sed
711 2223 807 2252 Latine
824 2229 937 2258 tantum,

156 2267 279 2302 pauculis
302 2268 414 2303 adjectis
432 2269 465 2296 ad
493 2270 642 2305 marginem
665 2271 812 2298 Frontonis
837 2272 939 2306 Ductei,

158 2313 302 2341 Societatis
312 2313 389 2347 Jcsu,
402 2315 481 2342 notis.
496 2316 574 2343 Anno
590 2317 653 2344 item
668 2316 747 2349 16η,
763 2317 857 2345 Latine
875 2325 940 2346 cusa

156 2363 220 2385 sunt
235 2360 375 2387 Athanasii
393 2368 475 2395 opera
492 2369 553 2389 cutn
571 2362 690 2397 ejusdem
718 2361 864 2390 Frontonis
885 2363 940 2390 Du-

157 2405 205 2431 ctei
223 2405 306 2437 notis,
322 2406 413 2433 addita
433 2406 495 2433 Vita
518 2408 627 2435 Antonii
647 2407 741 2436 Graece
765 2417 800 2436 ex
821 2409 940 2437 editione

157 2451 187 2477 Ι).
205 2450 361 2484 Hmscbelii,
379 2452 539 2488 Augustani.

189 2496 217 2522 7.
237 2496 289 2523 Sed
316 2497 397 2525 hasce
412 2505 507 2525 omnes
527 2498 659 2526 editiones
685 2498 841 2527 obscuravit
864 2499 940 2527 Pari-

156 2542 255 2570 siensis
270 2542 481 2576 Graeco-Latina,
496 2552 568 2572 anno
579 2545 658 2578 l6‘27,
675 2545 810 2581 publicata
828 2550 940 2573 curante

155 2588 260 2616 Joanne
286 2589 435 2623 Piscatore,
452 2591 497 2618 ubi
513 2591 596 2618 multa
614 2599 648 2619 ex
664 2591 748 2619 variis
762 2591 939 2620 Felcktnanni

157 2635 321 2664 lectionibus
346 2638 489 2672 castigata,
520 2638 604 2665 multo
633 2638 710 2673 plura
739 2639 938 2673 praetermissa,

157 2681 283 2709 nonnulla
298 2682 393 2710 vitiata
409 2682 533 2717 fuerunt;
550 2684 620 2718 quod
634 2684 659 2711 in
677 2684 759 2711 variis
777 2684 937 2712 lectionibus

156 2728 254 2754 nostris
279 2728 377 2761 cuique
402 2728 499 2763 legenti
529 2730 747 2757 animadvertere
770 2734 822 2758 est.
840 2729 937 2758 Versio

155 2777 242 2800 autem
260 2773 359 2800 Nanuii
381 2774 473 2801 multis
495 2774 521 2801 in
541 2775 606 2802 locis
630 2780 733 2802 mutata
753 2775 813 2809 fuit,
830 2781 856 2804 et
882 2776 936 2811 ple-

155 2826 267 2854 rumque
288 2819 509 2852 inconsiderate;
528 2821 564 2848 ita
582 2825 612 2848 ut.
634 2827 727 2849 contra
743 2823 822 2850 Iidem
840 2830 934 2849 manu-

154 2866 318 2900 scriptorum
332 2866 528 2901 editorumque,
542 2867 685 2896 infeliciter
699 2868 857 2904 augurando
871 2875 937 2909 suo-7

996 1637 1026 1657 ea
1046 1631 1164 1665 quidem,
1182 1639 1241 1666 qua:
1257 1637 1354 1659 natura
1374 1640 1422 1660 sua
1438 1633 1583 1667 cohrerent,
1596 1643 1627 1662 ac
1643 1637 1702 1662 sine
1715 1635 1780 1664 vitio

995 1678 1127 1704 sentovcri
1145 1684 1290 1712 nequeunt,
1307 1679 1349 1706 vel
1363 1679 1504 1706 minimum
1525 1680 1596 1707 inter
1614 1688 1644 1708 se
1658 1682 1778 1709 ordinem

996 1726 1116 1749 teneant.
1141 1722 1187 1750 Sic
1215 1722 1344 1758 Epistolre
1365 1724 1399 1750 ad
1427 1721 1598 1758 Serapionem
1626 1727 1658 1753 de
1678 1726 1779 1760 Spiritu

994 1772 1096 1800 sancto,
1111 1775 1226 1802 quarum
1251 1768 1338 1803 prima
1367 1770 1503 1802 secundae,
1528 1771 1646 1798 secunda
1680 1773 1778 1805 tertiae,

995 1814 1072 1840 tertia
1094 1819 1199 1848 quarta:
1220 1816 1328 1842 occasio
1344 1815 1412 1848 fuit;
1430 1815 1465 1842 ita
1486 1816 1633 1848 distractae,
1646 1821 1684 1849 et,
1699 1822 1728 1844 ut
1742 1818 1778 1846 ita

994 1859 1097 1892 dicam,
1124 1859 1263 1894 dissipatae
1287 1861 1414 1894 fuerunt,
1440 1866 1469 1889 ut
1495 1867 1568 1889 tomo
1593 1863 1692 1897 pritno,
1718 1871 1779 1898 quas

994 1907 1069 1941 prior
1084 1913 1144 1934 esse
1167 1907 1270 1941 debuit,
1285 1908 1404 1935 secunda
1423 1907 1548 1943 legatur;
1570 1916 1629 1943 quae
1645 1910 1778 1942 secunda.

991 1952 1094 1987 primas
1111 1956 1216 1985 teneat;
1231 1953 1290 1981 duae
1307 1959 1395 1981 autem
1411 1955 1574 1990 posteriores
1587 1955 1612 1982 in
1629 1956 1777 1984 secundum

993 2002 1094 2024 tomum
1114 1997 1244 2032 ablegatze
1269 1998 1379 2032 fuerint,
1398 1999 1433 2026 ita
1452 2003 1542 2026 tamen
1566 2004 1594 2026 ut
1620 2005 1777 2034 postremae,

991 2050 1051 2078 qute
1067 2048 1164 2077 quarta
1189 2048 1241 2075 est,
1255 2042 1445 2078 fragmentum,
1460 2044 1548 2077 printo
1563 2050 1637 2072 torno
1652 2045 1776 2072 avulsum

989 2087 1088 2121 jaceat.
1100 2087 1227 2116 Eamdem
1241 2088 1458 2116 animadvertere
1469 2093 1510 2116 est
1523 2090 1549 2116 in
1562 2089 1695 2124 Apologiit
1707 2090 1777 2116 ἀτα-

992 2132 1049 2165 ξίαν
1064 2141 1070 2160 :
1088 2141 1149 2160 natu
1166 2141 1226 2168 quae
1238 2139 1374 2168 postrema
1390 2135 1512 2162 omnium
1527 2135 1578 2161 sita
1596 2140 1647 2167 est,
1663 2139 1690 2161 et
1706 2135 1778 2169 Apo-

990 2178 1061 2213 logia
1076 2180 1189 2206 secttmla
1210 2180 1378 2211 inscribitur,
1395 2180 1513 2214 prirnum
1542 2180 1622 2207 debet
1642 2188 1777 2215 occupare

991 2223 1089 2256 locum,
1115 2223 1234 2251 secunda
1261 2231 1327 2251 vero
1353 2225 1473 2252 tertium.
1495 2224 1591 2252 Omnia
1622 2226 1730 2253 detnum
1747 2231 1777 2253 ut

993 2277 1076 2297 casus
1100 2271 1160 2297 tulit
1182 2271 1269 2306 posita
1293 2275 1357 2298 sunt
1371 2281 1378 2298 ;
1394 2272 1462 2298 adeo
1482 2277 1512 2298 ut
1533 2271 1555 2299 si
1576 2272 1637 2306 quis
1663 2273 1775 2300 historia

990 2315 1175 2343 ecclesiastica
1194 2316 1368 2344 mediocriter
1387 2316 1498 2349 tinctus,
1514 2322 1560 2345 aut
1573 2318 1600 2344 in
1615 2318 1776 2345 Athanasiu-

991 2360 1034 2387 nis
1050 2360 1161 2396 hospes,
1178 2362 1204 2388 in
1221 2362 1278 2389 haec
1291 2363 1410 2397 primum
1429 2363 1541 2396 incidat,
1558 2363 1658 2398 possint
1675 2363 1776 2390 haereat

991 2406 1128 2440 incertus;
1147 2407 1201 2435 imo
1216 2415 1281 2436 vero
1295 2416 1329 2436 ne
1344 2409 1424 2444 periti
1438 2409 1548 2444 quidem
1569 2409 1612 2437 his
1629 2417 1689 2437 sese
1707 2409 1775 2436 ditii-

990 2452 1148 2486 cultatibus,
1166 2454 1218 2482 nisi
1240 2456 1485 2490 manuscriptorum
1504 2463 1554 2491 ope
1576 2456 1704 2490 expedire
1725 2463 1774 2483 va-

991 2497 1074 2525 leant.
1094 2498 1162 2527 Hittc
1188 2500 1258 2527 enim
1283 2508 1344 2528 cum
1367 2501 1419 2529 alia
1436 2502 1568 2536 pertnulta
1587 2501 1772 2535 incommoda,

991 2548 1046 2570 ttttn
1068 2544 1120 2572 hoc
1142 2546 1264 2573 omnium
1287 2546 1403 2574 fortasse
1426 2547 1574 2574 maximum
1598 2552 1773 2575 consecutum

990 2595 1046 2623 est;
1062 2596 1164 2626 utqua:
1179 2592 1332 2619 certissime
1348 2591 1489 2619 Athanasii
1508 2596 1583 2624 sunt,
1607 2600 1622 2619 a
1642 2593 1729 2620 doctis
1745 2593 1773 2620 in

991 2635 1094 2668 νοθείας
1108 2637 1289 2672 suspicionem
1306 2641 1482 2665 vocarentur.
1500 2637 1547 2665 Sic
1563 2638 1691 2666 Erasmus
1702 2639 1716 2666 ὁ
1729 2647 1774 2674 φι-

990 2681 1171 2716 λολογώτατος
1191 2683 1321 2709 adversus
1341 2683 1452 2716 primam
1470 2682 1504 2709 ad
1528 2682 1700 2718 Serapionem
1721 2685 1773 2719 cpi-

990 2729 1084 2756 uolam
1103 2728 1267 2755 sententiam
1296 2727 1377 2755 tulit:
1394 2727 1448 2759 cui,
1477 2727 1500 2756 si
1529 2729 1620 2756 debito
1652 2730 1787 2765 epistola,

990 2775 1042 2802 illa:
1052 2775 1147 2802 ordine
1162 2774 1219 2801 sitat
1233 2773 1360 2804 fuissent.
1378 2781 1411 2800 ne
1420 2775 1547 2803 minimus
1558 2776 1700 2811 scrupulus
1715 2776 1772 2803 hat-

989 2821 1085 2852 sisset;
1113 2826 1228 2853 namque
1251 2818 1304 2846 alia
1331 2819 1414 2846 aliam
1438 2820 1592 2853 conﬁrmat,
1618 2821 1671 2848 alia
1691 2821 1771 2848 aliam

990 2871 1133 2895 memorat.
1154 2865 1296 2901 Vulgatum
1321 2873 1387 2895 sane
1411 2872 1472 2902 est,
1489 2875 1549 2904 qua:
1578 2867 1726 2904 peregrinis
1744 2868 1771 2894 in
