2000 3045
230 141 244 160 Χ
250 140 296 161 \‘HI

230 192 296 219 locis
310 197 463 225 versantur,
483 193 656 227 peregrinum
671 193 754 226 olere,
772 197 799 220 et
817 201 1006 228 qttamcunque
1021 197 1044 224 Α

229 245 285 265 rem
296 238 402 265 neuuisi
419 246 467 266 suo
484 238 544 266 loco
559 247 621 266 suas
637 245 728 274 partes
743 239 855 274 implere
867 247 956 274 posse.
969 240 1008 267 Ad

228 284 285 311 haec
300 288 400 316 autem,
418 289 457 311 tot
472 289 606 320 tantaeque
630 285 734 313 menda:
758 285 858 320 ubique
884 286 1006 313 locorum

227 337 352 364 aspersas,
373 335 410 356 tot
423 331 536 362 laeunze,
551 335 590 357 tot
604 331 704 361 hiatus,
720 335 749 357 ttt
765 331 791 357 in
806 331 932 364 operibus
945 338 1006 364 per-

226 377 317 403 multis
332 377 375 403 vix
395 377 532 411 quidpiam
545 385 638 404 sanum
656 377 778 405 oﬂ'endas
793 379 930 405 :maxime
941 386 1008 406 vero

227 421 252 448 in
267 421 342 448 libris
358 421 394 448 De
409 423 525 449 humana
544 427 639 449 natura
658 428 794 457 suscepta,
815 423 852 450 De
876 425 1006 451 sententia

225 465 354 501 Dionysii.
370 467 396 494 in
415 466 539 500 Epistolis
551 467 585 494 ad
602 467 780 501 Serapionem,
790 473 817 495 et
829 469 855 495 in
869 469 1006 496 Orationi—

224 512 271 538 bus
291 517 380 538 contra
393 513 527 545 Arianae;
551 513 588 540 ibi
613 519 749 541 sexcenta:
767 514 880 547 lacunae,
896 515 1005 542 inlinita:

225 560 416 592 propemodum
439 559 570 586 clausula:
597 560 708 592 vitiatas,
723 565 752 586 ut
777 561 822 588 vix
848 562 892 588 ubi
910 564 1003 596 pedem

223 610 320 630 secure
334 603 401 638 ligas
418 605 550 638 reperias.
568 604 636 638 Quid
650 606 671 632 si
687 606 712 632 in
732 605 876 640 Epistulam
891 608 1005 643 encycli-

223 657 290 679 cam,
307 649 378 676 male
390 649 424 675 ad
444 650 604 677 orthodoxas
620 651 792 686 inscriptam,
816 652 937 685 incidas;
958 654 1003 681 ubi

222 695 331 720 nomina
348 695 468 722 virormn
484 702 614 730 perpetuo
633 698 685 724 alia
703 706 750 733 pro
773 699 835 726 aliis
857 700 1003 727 substituta

222 739 426 773 deprehendas:
440 749 530 769 annon
549 743 658 777 indigne
677 743 747 771 feras
762 744 952 773 labefactatum
969 747 1003 774 ab

222 784 355 819 imperitis
369 788 577 816 amanuensibus
597 788 727 822 libellum,
743 791 788 825 qui
811 793 844 818 ad
864 792 1001 819 historiatn

220 833 433 861 ecclesiasticam
458 836 548 869 quarti
569 837 658 864 saeculi
688 838 831 872 plurimum
854 840 952 874 juvet?
969 841 1002 868 Et

221 878 419 907 incommodum
435 882 542 913 accidit,
562 887 591 909 ut
608 883 734 917 pessimis
751 886 871 912 omnium
900 887 1002 914 codici-

219 925 270 952 bus
285 926 324 952 usi
339 926 394 952 sint
406 926 451 960 qui
468 927 572 961 priores
588 935 648 955 eam
664 929 817 963 ediderunt,
834 931 902 958 duce
922 933 1000 959 uimi-

219 979 279 998 rum
296 971 435 999 Nanniana
451 974 590 1008 versione,
608 982 641 1002 ex
663 976 758 1003 vitiato
779 982 806 1003 et
825 978 882 1012 ipsa
909 979 1001 1006 codice

218 1024 358 1050 expressa.
373 1018 442 1045 llinc
466 1020 636 1053 perspicuum
655 1026 758 1055 quanto
776 1023 902 1057 scrupulo
915 1028 942 1050 et
960 1031 1001 1051 re-

220 1062 320 1097 ligione
340 1062 481 1090 Athanasii
496 1065 576 1092 editis
591 1065 642 1093 illis
667 1066 705 1093 uti
732 1067 873 1100 debeatur,
897 1073 924 1095 et
948 1076 999 1096 una

218 1117 298 1142 quam
316 1116 426 1136 necesse
453 1110 534 1137 fuerit
561 1119 658 1138 novam
680 1119 777 1146 parare
802 1114 958 1148 editionem,
974 1119 1018 1146 et.

217 1159 306 1182 errata
322 1160 444 1182 veterum
457 1157 613 1184 emendare.

252 1201 279 1228 9.
300 1201 546 1236 luterprelationem
561 1202 657 1230 Nanuii
672 1204 741 1238 quod
757 1209 872 1239 spectat,
889 1205 932 1233 diu
943 1205 999 1233 haz-

217 1246 344 1274 rebamus
357 1247 452 1274 incerti
471 1257 602 1276 novamue
621 1250 773 1283 edercmus,
798 1258 831 1277 an
851 1259 922 1285 eam,
935 1252 999 1279 olim

217 1294 369 1327 probatam,
389 1293 578 1329 laudatamque
600 1299 627 1322 et
642 1296 751 1329 quidem
766 1304 780 1323 a
795 1296 912 1324 laudatis
925 1297 999 1331 prius

216 1339 393 1366 emaculatam
415 1347 464 1374 pro
486 1339 622 1373 facultate,
644 1341 805 1368 cuderemus
831 1341 942 1369 iterum.
966 1342 1000 1369 Et

217 1391 283 1411 sane
297 1384 323 1411 in
341 1384 409 1411 hanc
426 1385 513 1419 potius
528 1390 631 1420 partem
653 1386 888 1421 propendebamus
909 1388 997 1421 initio,

217 1436 252 1457 ne
269 1430 373 1457 scilicet
387 1435 477 1457 actum
500 1438 579 1465 agere
594 1431 757 1459 videremur.
777 1431 874 1459 Verum
890 1438 996 1466 contra,

217 1484 251 1504 ne
264 1478 354 1504 versio
372 1477 417 1504 illa
435 1479 531 1506 iterum
545 1479 570 1505 in
587 1478 673 1506 lucem
690 1479 819 1514 prodiret,
834 1480 917 1507 multa
933 1488 997 1507 Sua-

215 1523 324 1550 debant.
339 1523 457 1550 Primum
471 1524 542 1551 enim
561 1532 622 1551 cum
639 1531 671 1551 ex
691 1526 875 1560 manuscripto
891 1526 996 1560 vitiato,
1010 1540 1031 1568 ο

214 1573 243 1595 et
268 1569 380 1596 inﬁnitis
404 1577 487 1604 prope
510 1570 615 1597 mendis
633 1578 742 1604 asperso
765 1579 892 1606 expressa
915 1572 960 1599 illa
981 1580 997 1600 a

213 1614 318 1643 Nauuio
335 1615 424 1649 fuerit,
449 1623 589 1644 necessum
603 1621 662 1643 erat
683 1621 713 1643 ιιι
730 1617 865 1644 sexcentis
880 1618 906 1644 in
931 1618 997 1646 locis

214 1662 411 1695 immutaretur,
430 1667 459 1690 ut
480 1671 541 1690 cum
566 1662 669 1690 Graecis
691 1663 849 1698 quadraret.
872 1663 912 1691 Ad
939 1664 996 1692 haec

213 1714 301 1736 autem
322 1714 351 1736 ut
371 1709 468 1737 eruditi
491 1709 543 1736 viri
563 1708 720 1742 jamdudum
736 1709 994 1744 animadverteram,

211 1754 302 1781 versio
319 1754 362 1781 illa
386 1762 438 1781 non
455 1761 486 1781 ea
511 1755 684 1782 aecuratione
703 1756 861 1782 concinnata
883 1754 944 1787 fuit,
966 1759 996 1782 ut

212 1801 350 1828 Athanasii
365 1806 479 1828 mentem
494 1801 576 1836 probe
592 1807 732 1829 assecutus
744 1803 780 1829 sit
793 1802 931 1835 Nannius;
948 1802 994 1837 qui

212 1844 254 1872 vir
263 1846 383 1879 apprime
394 1846 515 1873 eruditus
528 1851 555 1873 et
567 1847 658 1874 multis
671 1847 824 1874 nominibus
838 1849 991 1882 praeclarus,

211 1891 400 1925 praestantiora
425 1892 524 1924 nostris
550 1893 665 1920 fortasse
691 1894 819 1928 dedisset,
847 1895 869 1922 si
895 1895 992 1929 aetatis,

212 1936 510 1971 manuscriptorumque
531 1938 650 1966 conditio
665 1938 691 1966 id
709 1940 823 1967 tulisset.
836 1940 935 1967 Verum
951 1942 992 1967 vi-

212 1982 276 2008 tiata
292 1981 416 2014 lectione,
432 1990 491 2009 cunt
506 1983 566 2017 quis
578 1983 661 2011 semel
676 1984 709 2011 ab
723 1986 843 2012 auctoris
858 1987 991 2014 sententia

210 2028 320 2059 excidit,
338 2028 365 2055 iu
381 2029 489 2063 reliquis
500 2029 581 2056 etiam
596 2037 713 2065 praeceps
729 2030 830 2064 fertur;
843 2037 870 2059 et
881 2033 944 2059 dttm
957 2033 990 2060 ad

210 2079 300 2101 certos
311 2073 413 2101 limites
424 2074 544 2107 redierit,
557 2080 726 2104 transversus
739 2077 837 2111 agitur.
849 2077 991 2106 luuumera

210 2127 350 2154 possemus
373 2119 469 2148 aﬂ'erre
501 2128 534 2148 ex
560 2121 604 2148 illa
630 2123 754 2150 versione
775 2124 918 2159 exempla:
943 2125 990 2152 sed

209 2173 292 2200 pauca
316 2166 381 2193 satis
404 2172 495 2198 sunto,
520 2175 553 2194 ne
569 2168 675 2195 erudito
691 2168 794 2203 lectori,
812 2169 875 2196 dum
901 2170 988 2198 aliena

208 2217 296 2238 errata
315 2219 497 2246 recensemus,
513 2212 621 2240 fastidio
638 2214 733 2242 simus.

244 2257 288 2284 10.
308 2258 394 2285 Porro
424 2263 568 2293 antequam
587 2259 835 2289 animadversiones
863 2262 922 2291 illas
937 2271 988 2290 ne-

208 2308 279 2330 stras
298 2304 444 2338 ordiamur,
462 2313 514 2332 non
537 2306 670 2341 ingratum
687 2307 780 2334 lectori
797 2307 856 2336 fore.
871 2315 947 2344 puto,
963 2311 986 2337 si

209 2348 252 2376 hic
265 2348 392 2376 alieratur
405 2350 432 2376 iu
445 2350 560 2378 medium
572 2359 685 2378 censura
700 2351 845 2381 Nauuiana:
856 2355 987 2383 versionis

206 2394 270 2422 olim
289 2395 364 2428 jussu
383 2395 655 2424 eminentissimorum
674 2399 853 2426 cardinalium
872 2408 985 2436 congre-

206 2440 322 2475 gationis
335 2441 433 2468 Indicis
451 2442 620 2474 concinnata,
636 2447 662 2470 et
685 2444 791 2478 quidem
805 2445 838 2472 ab
854 2451 987 2473 emunctae

207 2486 279 2513 naris
304 2487 373 2520 viro,
405 2487 480 2522 cujus
507 2495 603 2515 nomen
627 2493 730 2516 tacetur
755 2490 781 2516 in
808 2490 915 2518 schedis
938 2499 986 2518 no-

205 2531 279 2558 stris.
303 2531 370 2558 Eam
385 2540 449 2560 vero
469 2539 502 2559 ex
516 2533 653 2561 codicibus
676 2542 742 2562 mss.
765 2535 853 2562 Patris
873 2536 982 2572 Barissy

205 2578 421 2613 eoagregationis
443 2578 621 2607 Vallicellanze
643 2581 808 2616 exscriptam
835 2584 986 2610 transmisit

205 2622 282 2649 nobis
297 2624 337 2650 vir
350 2624 516 2652 clarissimus
528 2625 722 2660 Stephanotius
738 2632 838 2655 noster.
853 2627 984 2663 Necdum,

205 2669 275 2702 quod
288 2670 395 2703 quidem
411 2672 508 2704 norim,
525 2671 614 2699 lucem
630 2674 744 2707 aspexit.

202 2721 321 2742 CENSURA
340 2724 442 2744 1³1ἱ101115
464 2725 527 2745 ’1³011
550 2726 654 2747 ορειιωι
678 2728 703 2746 D.
731 2727 869 2748 ATHANASII
890 2729 982 2749 αιτιοι

237 2757 272 2777 3⁸1⁸
290 2758 386 2778 ΙιΛτΙΝΕ
405 2758 541 2780 ευιτοηωι
561 2763 630 2781 ANNO
650 2763 712 2786 MDC,
737 2763 804 2783 ιοοο
821 2764 864 2784 UBI
883 2765 982 2784 EXCUSA

238 2793 305 2813 SL‘NT
332 2794 382 2814 NON
402 2794 544 2826 βλνιπιεεεο,
563 2797 638 2818 ιυδει]
667 2798 924 2820 ILLUSTRISSIIDRUI
945 2801 979 2819 ET

238 2866 275 2902 (a)
295 2868 324 2894 τ.
344 2868 363 2895 11
382 2868 465 2904 [nunc
481 2874 498 2896 t.
518 2869 574 2905 iV],
591 2878 618 2906 p.
637 2871 681 2899 32.

1004 2209 1027 2236 D

907 131 1170 160 PROLEGOMENA.

1092 201 1377 222 REVEHENDISSIHORUM
1404 202 1583 222 CARDINALIUM
1612 203 1842 226 CONGKEGL‘I'IOKIE

1094 237 1191 256 INDlClS
1208 237 1305 256 FACTA.

1095 284 1105 300 ι
1125 275 1203 301 Prior
1219 281 1304 303 tomus
1323 284 1430 310 operum
1452 276 1485 303 D.
1507 277 1649 304 Athanasii
1666 286 1696 304 ea
1716 278 1840 309 continet,

1057 329 1115 355 qum
1131 320 1224 348 Latine
1241 322 1325 348 solum
1338 323 1409 349 edita
1422 322 1511 349 multis
1527 324 1558 349 ab
1574 323 1634 350 hinc
1655 325 1744 359 annis,
1762 323 1842 351 Petro

1058 366 1166 394 Nannia
1180 369 1330 402 interprete,
1344 369 1575 403 circumferuntur.
1589 369 1696 397 Cra-cus
1715 371 1770 405 ipse
1784 375 1842 398 tea:-

1057 417 1107 445 tus,
1134 414 1178 448 qui
1202 422 1283 448 nuper
1300 416 1325 442 in
1349 415 1431 442 lucem
1453 416 1560 449 prodiit,
1586 422 1611 443 et
1640 417 1748 451 phrasin
1773 424 1842 444 certe

1055 460 1195 487 Athanasii
1211 461 1319 494 redolet,
1336 461 1439 496 qualem
1452 462 1496 489 ille
1507 462 1591 496 fuisse
1604 463 1684 490 tradit
1698 463 1841 499 Gregorius

1057 505 1254 538 Nazianzenus,
1280 507 1386 533 minime
1410 508 1524 534 Atticam
1550 514 1573 535 et
1597 509 1768 542 luculentam,
1793 511 1840 537 sed

1054 550 1158 583 pietatis
1174 556 1198 577 et
1213 559 1299 578 rerum
1313 551 1461 578 divinarum
1479 553 1595 580 scientia:
1614 553 1730 587 plenam,
1749 559 1773 581 et
1792 563 1838 581 ne-

1054 603 1185 631 quaquam
1201 602 1339 631 corruptus
1354 602 1399 624 aut
1415 597 1594 625 adulterinum
1610 599 1673 633 quid
1693 608 1787 633 passus
1801 601 1839 627 vi-

1054 643 1146 673 detur;
1160 643 1210 669 nisi
1222 644 1291 677 quod
1307 643 1417 677 fortasse
1430 644 1460 670 ob
1475 645 1605 671 incuriam
1620 645 1839 680 typographorum

1053 687 1094 713 vel
1116 687 1258 721 depravata
1273 689 1445 723 exemplaria,
1462 690 1539 716 verba
1553 692 1709 726 quandoque
1727 697 1752 719 et
1765 701 1838 720 cont-

1054 740 1134 766 mata,
1159 734 1259 768 periodi
1275 735 1354 761 etiam
1372 735 1470 762 alicubi
1490 735 1684 764 desiderantur.
1704 737 1838 772 Interpres

1054 778 1177 806 Nannius
1203 779 1286 806 multa
1312 781 1438 813 prtrclitre
1464 781 1591 815 reddidit,
1623 783 1668 809 ubi
1692 785 1838 817 prwscrtim

1052 826 1177 852 historica
1189 827 1308 853 narratio
1322 827 1374 862 fuit
1389 827 1429 854 illi
1441 829 1575 855 vertenda.
1589 828 1622 855 At
1637 837 1694 856 vero
1706 830 1735 856 in
1747 830 1838 863 dispu-

1018 868 1196 899 Btationibus
1226 873 1389 908 theologicis,
1414 874 1459 901 ubi
1481 875 1569 902 creber
1595 880 1628 902 et.
1649 877 1785 904 uehemens
1812 882 1836 904 et

1052 922 1160 951 argutus
1184 923 1221 944 est
1246 918 1419 951 Athanasius,
1447 921 1591 947 succumbit
1620 921 1782 957 plerumque,
1811 928 1836 950 et

1051 962 1135 988 multa
1153 963 1290 989 uerborum
1310 963 1385 998 copia
1402 965 1546 998 exprimere
1568 971 1680 992 conatur
1693 966 1763 1000 quod
1785 975 1836 996 non

1051 1008 1212 1042 assequitur,
1228 1013 1305 1042 atque
1320 1008 1416 1035 invitus
1433 1009 1533 1035 labitur
1547 1017 1556 1036 :
1571 1015 1594 1036 et
1608 1010 1750 1045 aliquando
1766 1011 1836 1038 dicta

1051 1052 1188 1080 Athanasii
1200 1053 1232 1080 de
1243 1054 1407 1081 sanctissima
1423 1054 1551 1082 Trinitate
1565 1060 1589 1082 et
1605 1057 1726 1090 mysterio
1741 1056 1836 1084 Incor-

1051 1099 1166 1126 nationis
1185 1104 1238 1125 tam
1264 1100 1403 1134 infeliciter
1420 1101 1514 1133 reddit,
1529 1106 1557 1127 ut
1577 1102 1620 1128 vis:
1635 1111 1650 1128 a
1665 1102 1790 1137 theologis
1808 1103 1834 1129 in

1050 1143 1145 1170 scholis
1156 1145 1345 1178 propositiones
1358 1145 1411 1172 illa:
1434 1145 1538 1180 defendi
1556 1152 1662 1180 queant,
1678 1148 1766 1182 quales
1780 1149 1833 1176 illa;

1050 1193 1109 1215 sunt
1125 1197 1183 1223 qutc
1201 1189 1270 1223 infra
1286 1198 1310 1217 υ.
1328 1198 1353 1224 g.
1368 1196 1540 1224 apponeutur,
1556 1190 1631 1218 Certe
1645 1192 1671 1218 in
1689 1192 1790 1220 duabus
1802 1195 1834 1220 de

1050 1233 1237 1261 Incarnatiane
1248 1234 1345 1261 Christi
1354 1236 1517 1262 orationibus
1527 1241 1617 1263 contra
1628 1236 1831 1272 Apollinarium,

1049 1280 1213 1313 septuaginta
1225 1280 1288 1306 locis
1301 1284 1383 1306 totum
1395 1281 1499 1308 invertit
1510 1285 1536 1308 et
1547 1282 1680 1315 confundit
1695 1282 1834 1310 Athanasii

1048 1331 1162 1356 sensum,
1179 1325 1240 1351 dunt
1252 1325 1291 1351 uel
1302 1326 1410 1352 omnino
1425 1327 1568 1359 contraria,
1584 1327 1621 1354 vel
1633 1328 1707 1362 longe
1718 1329 1832 1361 diversa,

1048 1369 1168 1405 pleraque
1183 1371 1260 1397 etiam
1274 1379 1325 1398 non
1345 1372 1423 1398 nimis
1439 1380 1511 1399 sana:
1523 1373 1586 1407 ﬁdei
1601 1381 1716 1401 consona
1728 1375 1832 1402 scribit.

1048 1415 1082 1442 In
1101 1416 1247 1443 universum
1266 1416 1390 1444 Nannius
1410 1419 1493 1445 multa
1509 1427 1579 1453 stupe
1595 1419 1717 1447 libertate
1737 1421 1831 1452 utitur.

1049 1466 1072 1487 et
1088 1461 1200 1489 libenter
1208 1468 1330 1498 vagatur,
1344 1464 1485 1499 improprie
1497 1464 1624 1500 loquitur,
1638 1471 1662 1492 et
1675 1466 1832 1494 obscuritate

1049 1507 1132 1534 multa
1150 1508 1276 1542 inuoluit;
1294 1509 1358 1537 solet
1385 1510 1544 1545 confundere
1562 1517 1690 1546 tempora,
1709 1513 1830 1546 periodos

1048 1553 1225 1587 intercidere,
1253 1560 1278 1582 et
1306 1557 1416 1590 proinde
1439 1557 1572 1584 rationum
1595 1559 1661 1585 uires
1689 1567 1832 1592 enervare;

1048 1597 1192 1633 Scriptura:
1213 1600 1270 1627 loca
1291 1601 1329 1627 ita
1346 1603 1432 1635 vertit,
1453 1607 1477 1628 et
1491 1611 1540 1630 sua
1561 1611 1661 1638 semper
1679 1604 1832 1638 interpreta-

1046 1644 1116 1671 tione
1135 1646 1173 1671 uti
1195 1645 1266 1678 velit,
1287 1654 1345 1673 cum
1362 1655 1439 1681 sa'pe,
1458 1647 1481 1674 si
1505 1646 1617 1682 Vulgata
1635 1649 1673 1675 uti
1697 1650 1830 1682 voluisset,

1046 1693 1130 1726 aptius
1143 1697 1167 1718 et
1191 1693 1305 1726 apertius
1323 1701 1377 1720 rem
1392 1693 1529 1721 declarare
1540 1695 1679 1729 potuisset.
1698 1695 1738 1722 Ea
1751 1705 1830 1730 porro

1045 1737 1114 1769 loca,
1139 1738 1166 1764 in
1183 1738 1277 1772 quibus
1297 1746 1373 1765 sensa
1396 1743 1513 1766 textuum
1537 1740 1688 1766 notabiliter
1706 1747 1831 1776 corrupta

1045 1787 1116 1814 sunt,
1139 1790 1184 1817 per
1198 1788 1281 1809 totum
1295 1783 1363 1810 hunc
1383 1784 1495 1817 primum
1520 1789 1619 1812 tornum
1641 1787 1754 1821 amplius
1768 1793 1830 1814 sunt

1044 1829 1194 1864 quingenta.
1222 1827 1256 1856 In
1283 1829 1324 1855 his
1350 1829 1387 1856 uel
1408 1830 1554 1864 affirmante
1582 1831 1729 1860 Athanasio
1753 1839 1830 1868 negat

1045 1873 1186 1907 Nannius,
1207 1875 1244 1901 vel
1263 1879 1373 1909 negante
1392 1876 1513 1910 affirmat,
1539 1875 1576 1904 uel
1590 1882 1697 1905 externa
1715 1878 1830 1914 loquitur

1044 1926 1067 1946 et
1091 1927 1142 1946 non
1162 1920 1339 1952 cohwrentia,‘
1357 1925 1383 1948 ut
1409 1921 1490 1948 aliam
1512 1922 1578 1956 ipse,
1602 1923 1682 1951 aliam
1705 1924 1829 1953 Nannius

1043 1966 1201 1992 cantilenam
1215 1966 1354 1993 uideantur
1368 1973 1485 1995 cantare.
1502 1967 1608 2001 Verum,
1624 1975 1651 1996 ut
1666 1978 1706 1997 res
1720 1971 1828 2005 facilius

1042 2016 1138 2045 pateat,
1157 2020 1189 2038 ea:
1208 2020 1298 2039 eorum
1318 2021 1424 2040 numero
1441 2014 1501 2048 ljam
1521 2015 1615 2042 selecto
1630 2016 1687 2043 loca
1706 2019 1827 2052 quietiam

1042 2057 1167 2084 adnotata
1184 2063 1255 2091 sunt,
1271 2059 1299 2084 in
1312 2059 1407 2093 quibus
1422 2060 1548 2095 interpres
1564 2070 1615 2088 non
1633 2063 1710 2089 modo
1724 2063 1827 2090 diversa

1042 2102 1167 2138 loquitur,
1188 2105 1233 2131 sed
1246 2105 1325 2131 etiam
1346 2106 1448 2133 uitiosis
1467 2107 1554 2134 utitur
1573 2108 1677 2136 dicendi
1691 2110 1786 2144 modis,
1800 2117 1826 2138 et

1041 2151 1182 2176 sententias
1199 2150 1297 2185 profert
1312 2156 1356 2178 aut
1371 2153 1518 2188 ambiguas,
1541 2159 1588 2181 aut
1605 2160 1674 2182 certe
1690 2156 1784 2190 falsas,
1802 2163 1826 2184 et

1042 2196 1147 2223 omnino
1160 2197 1305 2224 Athanasio
1320 2198 1455 2233 indignas.

1079 2252 1089 2269 ι
1105 2242 1140 2270 1η
1166 2244 1285 2270 oratione
1303 2249 1396 2270 contra
1409 2243 1517 2272 Sabellii
1538 2247 1654 2282 gregales
1667 2247 1716 2284 (α),
1742 2249 1824 2283 inquit

1039 2290 1211 2320 Athanasius,
1226 2287 1273 2321 Εἷς
1287 2290 1352 2322 Θεὸς
1366 2290 1470 2323 τελείας
1486 2293 1533 2327 μὲν
1551 2294 1580 2319 ὲν
1593 2293 1681 2328 Ila-.9).
1701 2294 1751 2329 τῆς
1766 2294 1824 2321 θεό-

1038 2345 1118 2372 τηῖος
1128 2338 1283 2372 νοουμένης,
1296 2338 1400 2369 τελείας
1415 2338 1444 2365 δὲ
1461 2340 1507 2366 καὶ
1520 2341 1549 2366 ὲν
1562 2340 1618 2375 Υἰῷ
1628 2341 1677 2375 τῆς
1691 2342 1824 2377 πατρικῆς

1039 2382 1163 2418 Θεότητος
1175 2383 1361 2418 ὑπαρχούσης.
1375 2383 1498 2411 Nannius
1512 2385 1586 2411 vertit
1599 2393 1608 2412 :
1624 2385 1697 2413 Unus
1716 2387 1822 2420 quidem

1038 2428 1119 2459 Detts,
1133 2436 1166 2455 eo
1182 2430 1252 2463 quod
1268 2429 1386 2463 perlecta
1401 2430 1490 2457 Deitas
1508 2430 1535 2456 iu
1550 2431 1632 2458 Patre
1645 2432 1821 2467 intelligatur,

1038 2478 1065 2500 et
1078 2474 1197 2508 perlecta
1210 2475 1360 2509 pateruitas
1375 2475 1401 2502 in
1418 2474 1487 2502 Filio
1499 2475 1640 2504 subsistat.
1663 2476 1821 2504 Vertendum

1037 2523 1092 2544 erat
1106 2519 1143 2545 ita
1158 2527 1167 2545 :
1186 2518 1261 2545 Unus
1276 2518 1358 2551 Deus,
1376 2519 1439 2553 quia
1453 2518 1571 2553 perlecta
1591 2519 1681 2547 Deitas
1696 2520 1723 2547 in
1743 2519 1823 2546 Patre

1037 2564 1332 2600 intelligiturfperlecta
1345 2572 1452 2599 quoque
1464 2565 1490 2592 in
1498 2564 1566 2593 Filio
1581 2570 1693 2600 paterna
1711 2566 1822 2594 exsistit

1038 2609 1139 2637 Deitas.

1074 2665 1083 2678 ι
1103 2655 1135 2682 In
1149 2655 1268 2682 oratione
1288 2654 1304 2682 Δ
1323 2659 1415 2682 contra
1436 2655 1548 2682 Arianos
1565 2655 1614 2692 (b),
1629 2656 1790 2684 Athanasius
1811 2665 1820 2684 :

1035 2701 1128 2733 Οὕτως
1142 2702 1207 2733 Θεὸς
1222 2699 1256 2736 ἦν
1271 2703 1299 2728 ἐν
1313 2702 1423 2737 Χριστῷ
1443 2703 1543 2737 κόσμον
1562 2703 1650 2738 ἑαυτῷ
1669 2703 1822 2730 καταλλάσ-

1036 2756 1098 2774 σων·
1112 2748 1142 2774 τὸ
1155 2747 1208 2783 γὰρ
1219 2747 1282 2773 ἴδιον
1296 2747 1344 2782 τῆς
1356 2747 1403 2773 τοῦ
1417 2749 1522 2783 Harpe;
1532 2748 1624 2781 οὐσίας
1637 2749 1710 2776 ἐστὶν
1720 2750 1733 2776 ὁ
1745 2749 1819 2780 Υἱὸς,

1034 2795 1061 2820 ἐν
1118 2795 1134 2830 ἡ
1149 2794 1236 2825 κτίσις
1256 2794 1324 2830 πρὸς
1344 2794 1388 2821 τὸν
1401 2794 1466 2821 Θεὸν
1482 2796 1692 2831 κατηλλάσσετο.
1708 2795 1798 2823 Nalm.
1809 2809 1819 2827 ,-

1071 2875 1106 2910 (tt)
1132 2873 1163 2900 T.
1180 2873 1187 2900 l
1205 2872 1288 2909 [nunc
1303 2878 1322 2901 ι.
1341 2873 1383 2909 ll].
1401 2881 1427 2909 ι).
1445 2874 1507 2902 459.
