2000 3045
643 143 827 172 ΡΒᾸΞἘΔΤΙΟ
846 142 1016 171 EDITIONIS
1034 142 1285 171 BENEDICTINE.

1744 151 1791 171 ιιι

169 205 209 232 Ita
223 205 294 232 Deus
308 204 358 232 fuit
374 205 399 232 in
412 204 533 236 Christo,
548 204 674 231 mundum
691 204 742 231 sibi
758 203 953 235 reconcilians;
970 207 994 235 Α
1044 211 1054 228 ε
1075 201 1109 229 In
1124 202 1235 236 epistola
1255 201 1290 228 ad
1310 201 1465 235 Adelphium
1483 200 1517 236 (ε)
1543 209 1549 227 :
1569 200 1645 228 Οὕτω
1668 201 1722 237 γὰρ
1743 203 1793 230 καὶ

172 259 235 279 nam
253 251 360 286 propria
385 250 537 278 substantia
560 250 648 277 Patris
668 250 754 277 Filius
779 254 831 283 est,
853 250 878 276 in
904 257 958 283 quo

173 302 297 324 creatura
313 297 367 323 Deo
378 295 614 323 reconciliabatur.
638 295 798 323 Vertendum
817 300 875 322 erat
895 296 934 322 ita
949 303 958 323 :

175 343 245 370 Deus
269 346 328 369 erat
344 343 371 369 in
395 341 512 374 Christo,
532 342 659 368 mundum
682 341 733 368 sibi
757 341 958 368 reconcilians:

173 388 311 422 proprium
343 387 415 415 enim
439 387 597 414 substantiae
619 387 709 414 Patris
736 391 780 415 est
808 387 904 421 Filius,
931 387 958 414 in

172 441 226 468 quo
242 438 370 460 creatura
387 433 441 460 Deo
458 432 694 460 reconciliabatur.

211 487 221 505 ι
236 478 270 506 In
286 478 396 513 epistola
408 479 440 505 de
457 478 565 512 synodi:
582 478 697 504 Arimini
710 483 734 505 et
753 477 880 505 Seleucia:
891 478 959 505 cele-

173 525 254 551 bratis
272 524 319 559 (α),
341 524 502 551 Athanasius
517 531 527 550 :
544 524 624 558 Λέγει
638 524 666 550 δὲ
684 524 698 550 ὁ
716 524 788 556 Υἱὸς,
817 523 888 559 Ἐγὼ
909 524 959 555 καί

173 572 190 597 ό
207 570 310 604 Πατὴρ
330 569 365 596 ἓν
379 570 482 604 ἐσμεν,
506 570 565 602 καὶ,
589 569 620 595 '0
637 569 689 604 ἐμὲ
703 570 837 604 ἑωρακὼς
851 568 959 603 ἑώρακε

173 616 228 642 τὸν
238 616 362 650 Πατέρα·
378 615 435 647 πιῖις
447 615 487 642 δεῖ
499 616 569 642 νοεῖν
581 615 681 647 ταύτας
693 615 742 647 τὰς
754 615 859 650 φωνάς;
871 615 888 651 ἢ
900 615 959 647 πῶς

173 660 259 692 αὑτὰς
279 661 497 696 ὲκλαμὸἀνοντες
523 660 646 697 σώσομεν
667 661 697 687 τὸ
712 661 741 688 ἒν
762 659 831 691 εἶναι
844 661 889 688 τὸν
904 661 959 688 Πα-

174 708 251 743 τέρα,
272 708 318 735 καὶ
333 708 379 734 τὸν
390 707 472 741 Υίόν;
488 707 610 734 Nannius
624 716 633 735 :
650 708 682 735 Et
696 707 780 735 Filius
792 708 825 735 de
837 715 866 735 se
882 707 957 740 dicit,

175 753 232 789 Ego
249 758 273 780 et
290 753 372 781 Pater
386 762 468 781 unum
483 762 593 787 sumus;
615 758 653 786 et,
672 753 723 787 Qui
736 754 799 781 uidit
818 761 867 786 me,
895 754 959 781 vidit

174 805 198 826 ει
214 799 322 826 Patrem
340 808 436 827 meum.
458 799 529 833 Quid
546 800 579 828 de
595 799 653 827 istis
666 799 776 827 vocibus
789 799 957 827 sentiendum

173 845 234 873 est?
249 850 295 872 aut
309 845 336 873 in
355 852 436 880 quem
451 845 632 880 significatum
651 853 697 874 eas
710 845 872 880 accipientes
889 846 957 873 tueri

173 898 329 925 possumus,
346 877 375 918 ui
388 877 505 918 Pateret
519 891 604 919 Filius
624 899 693 919 unus
706 877 875 919 habeantur?
894 889 956 918 Ver-
975 877 997 904 Β

173 938 280 964 tendum
295 945 304 963 :
324 942 353 964 ut
369 937 449 964 Pater
463 941 491 964 et
504 937 587 965 Filius
600 945 681 965 unum
697 937 858 966 habeantur.

212 991 223 1009 ι
243 982 276 1010 1η
289 984 406 1010 oratione
417 984 433 1010 5
446 989 537 1010 contra
550 985 662 1011 Arianae
674 983 710 1019 (b)
724 983 870 1012 ςΛείπεται
881 983 912 1019 δὴ
927 983 957 1015 ἐξ

174 1027 255 1055 αὐτοῦ
266 1027 312 1054 τοῦ
324 1027 390 1054 Θεοῦ
410 1028 499 1062 λέγειν
514 1028 588 1055 αὐτό·
607 1030 630 1055 εί
645 1029 673 1055 δὲ
687 1028 774 1061 τοῦτο,
788 1028 851 1055 ἄλλο
867 1028 899 1055 ἂν
913 1028 956 1065 εἴη

172 1073 204 1100 τὸ
217 1073 249 1100 Ex
261 1082 342 1105 τινος,
359 1074 406 1100 καὶ
417 1071 480 1100 ἄλλο
494 1074 524 1100 τὸ
539 1073 567 1107 ἐξ
584 1070 614 1100 οὗ
627 1075 711 1102 ἐστιν.
726 1073 871 1101 Nannius:
885 1074 958 1102 Reli-

173 1126 255 1153 quum
270 1119 352 1154 igitur
368 1124 410 1148 est
424 1119 540 1147 Verbum
558 1127 591 1147 ex
616 1120 669 1147 Deo
681 1120 831 1148 exsistere:
850 1121 921 1155 quod
934 1120 956 1148 si

174 1165 319 1197 concedas,
338 1166 409 1192 aliud
428 1165 499 1193 haud
519 1166 600 1193 dubie
613 1166 704 1199 fuerit,
726 1167 798 1201 quod
815 1173 849 1194 ex
867 1166 957 1201 aliquo

174 1214 298 1237 naturam
312 1211 431 1245 accepit;
446 1215 474 1237 et
486 1210 568 1243 aliud,
585 1212 656 1246 quod
679 1212 719 1239 sui
741 1211 853 1239 alteram
875 1217 955 1239 natu-

175 1263 234 1282 ram
250 1255 332 1283 dedit.
359 1256 517 1284 Vertendum
529 1264 538 1283 :
552 1257 628 1285 Alius
647 1258 738 1292 fuerit,
755 1258 800 1293 qui
817 1265 850 1286 ex
867 1258 957 1294 aliquo

174 1306 233 1335 est;
251 1305 278 1329 et
293 1303 373 1335 alius,
389 1311 403 1329 a
416 1311 469 1338 quo
480 1303 524 1330 ille
538 1308 590 1330 est.

212 1357 223 1373 ι
241 1347 274 1374 In
292 1349 381 1375 eadem
397 1349 516 1376 oratione
534 1349 568 1384 (c)
590 1359 596 1376 :
620 1350 651 1376 Ἦ
673 1350 701 1377 δὲ
724 1350 881 1378 διδασκαλία
903 1349 956 1378 οἵδε

173 1393 294 1430 Πατέρα,
309 1394 356 1420 καὶ
370 1394 444 1426 Υίὸν,
459 1397 505 1422 καὶ
521 1397 612 1430 σοφὸν,
629 1397 676 1422 καὶ
697 1397 802 1432 σοφίαν,
821 1398 867 1424 καὶ
880 1398 955 1430 Θεὸν,

174 1440 221 1466 καὶ
233 1440 328 1474 Λόγον·
346 1440 458 1467 καθόλου
474 1441 523 1476 μέν
534 1450 576 1468 τοι
596 1442 723 1476 φυλάττει
743 1442 894 1479 ἀδιαίρετον
910 1443 957 1469 καὶ

175 1485 366 1517 ἀδιάσπαστον,
378 1487 424 1513 καὶ
437 1487 582 1523 ἀμέριστον
597 1487 668 1514 κατὰ
681 1488 779 1515 πάντα.
790 1488 815 1515 Ν
818 1489 957 1517 ann.:Ad-

174 1537 298 1558 versatur
319 1532 391 1559 enim
415 1533 478 1560 huic
490 1533 610 1567 opinioni
641 1541 780 1561 sacrarum
804 1533 955 1561 litterarum

173 1577 343 1610 constitutio,
367 1585 427 1612 qure
449 1578 556 1606 Patrem
576 1583 604 1607 et
628 1579 726 1606 Filium
750 1580 912 1614 sapientem,
932 1584 958 1608 et

176 1622 346 1656 sapientiam,
359 1622 454 1655 Deum,
465 1627 492 1651 et
502 1622 637 1656 Verbum;
651 1624 750 1658 ubique
762 1628 851 1651 tamen
863 1631 958 1659 quem-

174 1674 227 1700 que
242 1667 269 1694 in
291 1674 340 1695 sua
355 1672 451 1695 natura
477 1668 681 1702 indivisibilem,
704 1669 957 1704 indiremptumque,

175 1716 203 1739 et
222 1713 413 1747 impartibilem
431 1721 479 1749 per
491 1714 581 1741 omnia
599 1715 708 1750 agnovit
727 1719 754 1742 et
769 1720 870 1743 servat.
891 1715 958 1743 Ver-

176 1758 283 1786 tendum
303 1766 312 1785 :
338 1758 420 1786 Sacra
442 1766 507 1787 vero
530 1759 652 1787 doctrina
669 1761 777 1795 agnovit
791 1761 903 1795 Patrem
931 1767 959 1790 et

173 1803 283 1835 Filium,
305 1805 463 1838 sapientem,
486 1809 512 1832 et
538 1806 711 1840 sapientiam,
734 1806 866 1840 Deum,et
891 1808 959 1835 Ver-

173 1849 258 1882 bum;
276 1851 384 1878 omnino
399 1855 485 1879 tamen
497 1858 588 1879 servat
598 1856 743 1888 utrumque
755 1853 955 1887 indivisibilem,

173 1895 367 1930 indireinptum
383 1899 413 1923 et
427 1896 615 1931 impartibilem
634 1905 682 1932 per
696 1899 797 1925 omnia.

212 1949 222 1966 ι
240 1939 274 1967 1η
284 1942 372 1968 eadem
383 1942 499 1969 oratione
513 1942 551 1978 (ἀ)
568 1951 576 1970 :
595 1943 735 1979 Ἐπιφέρει
745 1943 820 1978 γοῦν·
835 1944 902 1971 Ἵνα
915 1954 958 1980 τι-

172 1985 308 2020 νώσκητε
330 1986 374 2014 ὅτι
394 1987 451 2022 ἐγὼ
470 1988 505 2015 ἐν
524 1988 565 2021 τῲ
586 1989 688 2023 Harp),
703 1989 752 2016 καὶ
766 1991 783 2016 ό
799 1989 901 2024 Πατὴρ
922 1991 958 2017 ἐν

172 2032 247 2066 ἐμοί.
271 2033 308 2059 Τὸ
329 2033 384 2069 γὰρ
405 2033 434 2060 ἒν
457 2034 683 2070 ὲπεξηγούμενος,
706 2036 756 2062 οὐκ
781 2036 809 2063 ὲν
828 2036 867 2072 τῷ
883 2036 956 2072 αὐτῷ

172 2075 240 2105 εἶναι
257 2079 344 2105 ἐκεῖνο
358 2080 425 2116 πρὸς
436 2079 450 2106 ὃ
466 2080 495 2106 ἓν
507 2082 590 2114 ἐστιν,
604 2082 690 2107 είπεῖν
700 2081 766 2108 ἀλλὰ
782 2083 811 2108 ὲν
823 2081 861 2117 τῷ
875 2083 956 2109 αὑτὸν

173 2124 201 2149 ὲν
212 2123 251 2158 τῷ
265 2124 351 2159 Πατρὶ
363 2125 409 2151 καὶ
420 2125 466 2152 τὸν
475 2126 583 2163 Πατέρα
593 2127 621 2153 ἐν
632 2127 670 2162 τῷ
681 2127 736 2162 Υἱῷ
747 2127 796 2163 τὴν
810 2127 956 2163 συνάφειαν

172 2169 219 2194 καὶ
232 2169 264 2195 τὸ
274 2168 434 2205 ἀχώριστον.
453 2170 576 2198 Nannius
587 2179 597 2198 .'
611 2172 693 2199 Infert
709 2180 772 2208 ergo
786 2182 793 2200 :
808 2172 844 2199 Ut
861 2182 956 2208 cogno-

1008 250 1056 285 τὴν
1065 249 1201 285 πατρικὴν
1211 248 1293 275 αὑτοῦ
1307 248 1421 284 θεότητα
1434 247 1659 284 ἐπιγινώσκομεν.
1678 249 1768 277 Nann.
1780 257 1792 277 :

1008 295 1046 323 Ita
1065 296 1134 323 enim
1147 300 1175 322 et
1188 295 1318 323 Deitatem
1336 295 1395 328 ejus
1408 302 1440 322 ex
1457 295 1537 322 Patre
1549 295 1691 322 oriundam
1706 304 1792 331 agno-

1008 343 1116 370 scimus.
1142 341 1301 370 Vertendum
1317 350 1327 369 :
1343 342 1382 369 Ita
1402 341 1474 368 enim
1495 346 1523 369 et
1542 346 1683 376 paternam
1707 343 1793 377 ipsius

1009 389 1135 416 deitatem
1153 388 1332 422 agnoscimus.

1046 444 1055 459 ι
1073 433 1106 461 In
1121 434 1238 460 oratione
1258 438 1349 460 contra
1362 432 1474 460 ‘Sabellii
1492 433 1608 467 gregales
1623 433 1657 467 (fi
1673 442 1680 460 :
1699 433 1791 469 Χωρι-

1009 479 1111 515 ζόμεθά
1123 487 1151 505 τε
1165 479 1212 506 καὶ
1227 478 1281 505 τῶν
1299 478 1494 510 ιουδαῖζόντων,
1511 478 1558 504 καὶ
1573 478 1619 504 τὸν
1635 479 1792 513 Χριστιανι-

1009 525 1077 560 σμὸν
1091 527 1120 551 ὲν
1147 523 1304 559 Ἰουδαϊσμῷ
1323 523 1571 558 παραφθειρόντων,
1588 524 1612 549 οἱ
1631 523 1677 550 τὸν
1698 524 1730 550 ὲκ
1743 522 1790 550 τοῦ

1009 571 1078 598 Θεοῦ
1090 570 1156 597 Θεὸν
1179 569 1339 605 ἀρνούμενοι
1356 569 1422 595 Θεὸν
1437 568 1485 595 ἕνα
1503 568 1699 604 παραπλησίως
1724 569 1791 595 Ἰου-

1008 616 1091 648 δαίοις
1112 616 1245 650 λέγουσιν,
1265 616 1314 650 οὐχ
1332 615 1370 642 ὅτι
1394 615 1472 650 μόνος
1486 615 1626 649 ἀγένητος,
1649 615 1696 641 καὶ
1712 615 1791 650 μόνος

1009 661 1083 697 πηγὴ
1094 661 1229 697 θεότητος,
1241 660 1286 687 διὰ
1295 659 1373 686 τοῦτο
1383 660 1531 694 φάσκοντες
1542 659 1621 686 αὑτὸν
1633 657 1700 686 εἶναι
1712 660 1791 695 μόνον

1008 708 1083 741 Θεὸν,
1097 707 1154 734 ἀλλ’
1164 707 1201 739 ὡς
1213 707 1310 742 ἄγονον
1320 707 1384 734 Υἱοῦ
1400 707 1446 734 καὶ
1457 707 1591 742 ἄκαρπον.
1605 706 1631 733 N
1634 715 1697 733 amt.
1712 713 1721 732 .'
1732 706 1792 733 Dis-

1006 755 1142 790 jungimur
1167 762 1275 789 quoque
1293 762 1308 782 a
1328 754 1538 788 judaizantibus,
1559 754 1604 789 qui
1629 753 1792 781 Christiani-

1009 807 1096 828 smum
1113 800 1141 827 in
1151 799 1318 827 Judaismum
1330 800 1493 834 depravant;
1506 803 1532 826 et
1543 799 1576 826 ab
1591 798 1634 831 iis,
1649 799 1694 833 qui
1708 798 1791 825 Deum

1010 853 1042 872 ex
1065 845 1119 872 Deo
1142 845 1293 873 inﬁciantes
1318 844 1401 872 Deum
1436 852 1517 872 unum
1542 844 1632 871 itidem
1656 849 1684 871 ut
1706 843 1791 871 Judaei

1010 891 1166 926 praedicant,
1179 891 1279 926 quique
1290 898 1343 918 non
1356 890 1415 918 ideo
1425 890 1497 925 quod
1509 890 1582 917 solus
1603 891 1640 917 sit
1654 889 1791 917 increatus

1009 941 1037 963 et
1057 936 1130 964 solus
1148 936 1208 963 fons
1224 935 1344 968 deitatis,
1364 935 1450 963 solum
1466 935 1549 962 Deum
1565 936 1724 968 nominant;
1742 936 1791 962 sed

1009 983 1071 1017 quia
1083 982 1256 1010 infecundum
1270 990 1332 1010 eum
1351 982 1517 1010 existimant.
1539 981 1716 1008 Verteudum:
1734 981 1792 1009 Dis-

1007 1027 1146 1062 jnngimur
1158 1035 1266 1063 quoque
1279 1035 1294 1054 a
1303 1027 1506 1062 jndaizantibus
1520 1026 1790 1054 etChristianismuni

1009 1074 1037 1101 in
1051 1073 1215 1108 judaismum
1231 1072 1453 1107 depravantibus,
1469 1072 1513 1106 qui
1529 1071 1612 1098 Deum
1627 1072 1659 1098 de
1672 1072 1727 1099 Deo
1743 1080 1791 1099 ne-

1010 1124 1114 1155 gantes,
1126 1119 1211 1146 Deum
1225 1126 1306 1146 unum
1316 1125 1375 1146 esse
1386 1118 1470 1150 aiunt,
1484 1118 1576 1144 itidem
1589 1122 1617 1144 ut
1627 1117 1723 1151 Judaei,
1736 1126 1791 1145 non

1011 1165 1080 1199 quod
1095 1165 1169 1192 solus
1189 1165 1223 1191 sit
1240 1164 1386 1199 ingenitus,
1401 1168 1428 1191 et
1447 1163 1519 1191 solus
1538 1163 1598 1191 fons
1612 1164 1729 1198 deitatis,
1744 1164 1792 1192 sed

1010 1211 1072 1246 quia
1090 1211 1253 1238 fecunditate
1261 1210 1319 1237 Filii
1330 1214 1430 1237 careat.

1048 1264 1058 1281 ‹
1079 1255 1114 1282 In
1129 1255 1238 1289 epistola
1258 1256 1290 1280 de
1312 1255 1441 1281 sententia
1464 1253 1585 1289 Dionysii
1602 1258 1694 1281 contra
1713 1254 1792 1281 Arta—

1010 1309 1056 1329 ποι
1070 1301 1129 1337 (g):
1151 1301 1196 1335 Μὴ
1215 1295 1269 1336 γὰρ
1284 1300 1314 1336 δή
1328 1309 1369 1331 τις
1393 1300 1528 1335 Ἀρειανὸς
1551 1300 1588 1336 μὴ
1607 1300 1639 1335 δὴ
1657 1301 1686 1327 ὲν
1705 1299 1792 1335 τούτῳ

1010 1347 1157 1374 ὑπονοείτω
1173 1347 1232 1373 κατ’
1247 1346 1339 1378 αὐτοῦ,
1352 1345 1389 1377 ὡς
1405 1345 1475 1372 οὕτω
1488 1346 1621 1381 λέγοντος·
1637 1346 1758 1374 σύνεστιν
1777 1347 1792 1372 ὁ

1009 1394 1073 1424 Υἱὸς
1082 1393 1121 1428 τῷ
1129 1393 1227 1429 Πατρὶ,
1238 1393 1276 1424 ὡς
1282 1392 1316 1419 τὰ
1328 1393 1376 1428 μὲν
1384 1393 1502 1428 ὀνόματα
1514 1393 1645 1428 συνῆφθαι
1657 1393 1791 1428 ἀλλήλοις,

1009 1438 1043 1465 τὰ
1054 1438 1083 1466 δὲ
1094 1439 1243 1474 πράγματα
1258 1438 1381 1465 πλεῖστον
1394 1438 1514 1474 ἀλλήλων
1528 1439 1672 1465 διεστᾱναι.
1687 1438 1711 1465 Ν
1715 1445 1791 1465 ann.:

1010 1484 1065 1512 lino
1077 1492 1111 1511 ne
1124 1485 1166 1512 hic
1179 1484 1288 1518 quidem
1301 1484 1438 1520 quispiam
1452 1486 1615 1511 Arianorum
1632 1484 1700 1511 male
1714 1484 1747 1511 de
1759 1491 1792 1511 eo

1010 1531 1112 1558 sentire
1128 1530 1216 1562 debet,
1231 1537 1291 1558 cum
1308 1530 1382 1563 dicit,
1398 1530 1435 1557 ita
1452 1538 1503 1557 una
1522 1538 1583 1558 cum
1598 1529 1677 1557 Patre
1692 1529 1790 1557 Filium

1009 1583 1080 1609 esse,
1094 1580 1123 1603 ut
1136 1576 1193 1612 ipsa
1210 1577 1331 1609 nomina,
1346 1584 1405 1610 qua:
1416 1584 1477 1604 cum
1493 1576 1608 1604 invicem
1623 1576 1788 1608 colnereant,

1009 1629 1039 1650 re
1057 1627 1147 1650 tamen
1171 1623 1242 1650 inter
1260 1631 1290 1650 se
1307 1622 1450 1657 plurimum
1472 1623 1583 1650 distant.
1607 1621 1765 1648 Vertendum
1780 1629 1791 1648 :

1008 1667 1047 1696 Ne
1062 1675 1126 1695 vero
1142 1668 1186 1695 hic
1199 1669 1281 1696 etiam
1294 1669 1429 1703 quispiam
1444 1669 1608 1695 Arianorum
1624 1667 1693 1694 male
1709 1668 1741 1694 de
1757 1675 1791 1694 eo

1008 1714 1108 1742 sentiat
1133 1715 1170 1741 ita
1192 1715 1308 1747 dicente,
1334 1714 1417 1742 Filius
1440 1714 1514 1741 Patri
1536 1714 1694 1746 coexsistit;
1713 1713 1791 1748 quasi

1008 1760 1073 1787 velit
1087 1760 1188 1793 dicere,
1204 1761 1313 1788 nomina
1331 1761 1438 1795 quidem
1454 1760 1525 1786 inter
1546 1767 1575 1787 se
1590 1760 1703 1786 invicem
1724 1767 1790 1787 con-

1006 1805 1099 1839 juncta
1122 1813 1193 1839 esse,
1209 1813 1253 1833 res
1275 1813 1338 1833 vero
1355 1805 1428 1841 ipsas
1446 1805 1593 1840 plurimum
1615 1805 1687 1832 inter
1703 1812 1732 1833 se
1746 1805 1789 1832 di-

1007 1856 1090 1878 stare.

1045 1903 1055 1921 ι
1074 1894 1107 1922 In
1121 1894 1208 1922 libello
1225 1895 1257 1922 de
1271 1895 1402 1922 communi
1418 1895 1532 1922 essentia
1549 1894 1652 1928 Patria,
1669 1900 1691 1922 et
1713 1895 1789 1930 Filii,

1006 1945 1030 1968 et
1046 1940 1160 1974 Spiritus
1175 1941 1257 1968 sancti
1269 1940 1306 1976 (Ii)
1322 1949 1329 1967 :
1343 1940 1497 1976 Μαρτυρίαι
1511 1941 1543 1967 ἐκ
1556 1941 1605 1976 τῆς
1618 1941 1728 1977 Γραφῆς
1739 1942 1790 1976 τῆς

1006 1986 1076 2014 κατὰ
1089 1986 1168 2021 φύσιν
1181 1986 1320 2018 κοινωνίας
1332 1988 1364 2013 ὲκ
1375 1986 1420 2012 τοῦ
1435 1986 1534 2022 ὁμοίως
1547 1984 1668 2013 εἴναιτὸν
1680 1987 1790 2023 Πατέρα

1006 2034 1053 2060 καὶ
1065 2033 1110 2060 τὸν
1127 2033 1189 2059 Υἱὸν
1204 2033 1250 2060 καὶ
1260 2033 1290 2059 τὸ
1302 2033 1377 2067 ἅγιον
1392 2032 1503 2068 Πνεῦμα
1517 2032 1583 2068 πρὸς
1597 2033 1711 2068 Θεωρίαν
1727 2033 1790 2059 δυσ-

1006 2079 1114 2113 έφικτον
1133 2079 1178 2105 καὶ
1195 2078 1258 2114 μίαν
1277 2078 1348 2113 ἔχειν
1367 2078 1517 2114 ἐνέργειαν.
1538 2076 1661 2104 Nannius
1677 2085 1685 2104 :
1702 2077 1790 2105 Testi-

1006 2125 1094 2152 monia
1108 2132 1142 2152 ex
1154 2129 1248 2151 sancta
1265 2124 1406 2158 Scriptura
1422 2125 1455 2150 de
1467 2123 1582 2150 naturali
1599 2124 1789 2150 communione

1006 2170 1100 2197 similis
1125 2177 1185 2197 esse
1212 2169 1282 2196 inter
1307 2169 1414 2196 Patrem
1436 2173 1464 2196 et
1484 2168 1581 2196 Filium
1604 2172 1631 2195 et
1658 2168 1788 2204 Spiritum

172 2217 250 2242 scalis
270 2217 338 2251 quod
358 2225 404 2252 ego
427 2217 457 2244 in
477 2216 558 2245 Patre
572 2222 595 2244 et
618 2217 701 2245 Pater
719 2219 747 2245 in
763 2227 820 2249 me;
836 2220 900 2254 quid
916 2220 956 2252 usit
972 2227 993 2254 ι)
1008 2220 1142 2243 sanctum.
1171 2215 1327 2243 Vertendum
1341 2223 1351 2242 :
1374 2215 1541 2242 Testimonia
1557 2223 1589 2242 ex
1605 2219 1698 2242 sancta
1713 2214 1788 2242 Scri-

172 2270 254 2289 unum
276 2270 335 2290 esse
353 2263 543 2298 interpretans,
561 2271 614 2291 non
639 2263 665 2290 in
683 2271 715 2291 eo
734 2264 884 2292 consistere
907 2271 955 2292 vo-

172 2304 232 2340 luit,
248 2309 322 2343 quasi
340 2308 366 2336 in
379 2309 474 2336 eodem
492 2309 528 2336 sit
546 2309 620 2343 illud,
641 2310 712 2345 quod
730 2317 791 2337 cum
807 2309 895 2338 altero
912 2315 955 2338 est

172 2360 266 2386 unum,
282 2354 328 2381 sed
340 2355 411 2389 quod
425 2354 481 2389 ipse
493 2355 518 2382 in
530 2354 611 2382 Patre
623 2360 650 2382 et
665 2355 746 2383 Pater
758 2356 784 2382 in
799 2355 857 2389 ipso
868 2360 952 2388 esset,

172 2399 380 2432 coaptationem,
409 2400 720 2435 inseparabilitatemque
749 2401 950 2429 demonstrans.

177 2442 332 2471 Vertendum
351 2452 359 2471 .'
378 2445 462 2473 Infert
479 2446 570 2481 igitur,
586 2445 621 2473 Ut
639 2446 802 2481 cognoscatis
816 2447 884 2481 quod
907 2452 961 2481 ego

171 2488 199 2515 in
217 2488 305 2523 Patre,
321 2495 345 2517 et
360 2489 441 2518 Pater
453 2492 481 2518 in
498 2500 557 2524 me;
579 2492 644 2526 quid
664 2492 734 2519 enim
750 2491 786 2519 sit
797 2499 878 2519 unum
893 2499 953 2519 esse

172 2533 319 2568 explicans,
333 2543 386 2563 non
404 2537 430 2564 in
445 2544 477 2564 eo
489 2537 639 2564 consistere
654 2537 749 2570 voluit,
768 2542 797 2564 ut
813 2537 869 2572 ipse
881 2537 952 2564 idem

171 2579 223 2612 sit,
239 2580 286 2614 qui
304 2580 350 2608 ille
366 2582 400 2608 ad
416 2589 498 2616 quem
512 2582 639 2615 refertur,
655 2582 704 2610 sed
721 2581 950 2616 coniunctionem,

170 2625 481 2662 inseparabilitatemque
504 2627 659 2660 signiﬁcare
681 2628 730 2662 ait,
752 2635 785 2656 eo
803 2628 874 2663 quod
895 2629 952 2663 ipse

170 2671 197 2697 in
213 2670 303 2704 Patre,
318 2676 344 2699 et
358 2671 439 2699 Pater
453 2673 478 2699 in
492 2671 559 2700 Filio
574 2673 620 2700 sit.

204 2727 242 2765 (ᾳ)
306 2728 458 2765 [[ηιιηοί.
470 2728 513 2765 ll],
527 2737 554 2765 p.
572 2729 633 2757 608.

204 2762 242 2796 (ὁ)
270 2762 348 2798 ibid:
357 2771 384 2798 p.
400 2764 463 2791 491.

204 2797 239 2832 (ι)
268 2797 335 2833 ibid.
353 2797 379 2833 β.
392 2798 454 2825 494;

203 2834 243 2868 (ά)
272 2832 339 2868 ibid.
354 2832 381 2866 ι).
394 2833 457 2860 490.

203 2869 239 2903 (ε)
271 2867 340 2896 Ibid.
357 2875 382 2903 p.
397 2868 459 2895 752.

1008 2266 1087 2296 ptura
1102 2262 1135 2289 de
1154 2261 1270 2289 naturali
1288 2261 1477 2288 communione
1497 2268 1531 2288 cx
1552 2268 1595 2293 eo,
1611 2260 1682 2295 quod
1699 2260 1788 2286 Patris

1006 2312 1034 2335 et
1051 2307 1111 2334 Filii
1129 2311 1157 2334 et
1174 2305 1291 2341 Spiritus
1302 2307 1389 2334 sancti
1404 2306 1461 2340 pari
1478 2306 1581 2333 ratione
1598 2305 1714 2333 diﬂicilis
1725 2313 1789 2333 con-

1007 2353 1156 2387 templatio,
1176 2357 1203 2380 et
1217 2359 1270 2379 una
1290 2353 1325 2379 sit
1338 2351 1469 2387 operatio.
1522 2380 1530 2391 ι

1045 2408 1054 2424 ι
1072 2398 1105 2425 1η
1135 2399 1253 2425 oratione
1269 2398 1286 2424 4
1306 2402 1398 2424 contra
1421 2398 1535 2424 Arianae
1549 2397 1601 2432 (1'):
1624 2398 1656 2424 Εἰ
1677 2396 1731 2432 γὰρ
1751 2396 1787 2423 τὰ

1005 2445 1051 2471 τοῦ
1060 2444 1165 2479 Πατρὸς
1175 2443 1221 2471 τοῦ
1236 2444 1299 2470 Υἱοῦ
1310 2446 1392 2477 ἐστιν,
1404 2444 1446 2470 ἀεὶ
1454 2444 1481 2470 δὲ
1491 2443 1578 2471 ταῦτα
1589 2443 1644 2478 ἔχει
1655 2444 1668 2469 ὁ
1681 2443 1785 2478 Πατήρι

1000 2490 1120 2526 δηλονότι
1141 2490 1159 2517 ἃ.
1178 2490 1234 2525 ἔχει
1249 2491 1262 2516 ὁ
1279 2490 1343 2522 Υἱὸς
1362 2490 1448 2517 ταῦτα
1464 2490 1527 2517 ὅντα
1540 2490 1585 2516 τοῦ
1605 2489 1722 2525 Πατρὸς,
1744 2489 1788 2515 ἀεὶ

999 2537 1074 2562 ἐστὶν
1085 2537 1113 2562 ἐν
1125 2535 1208 2571 αὐτῷ,
1221 2536 1251 2562 οὐ
1264 2535 1307 2562 διὰ
1316 2536 1347 2562 τὸ
1361 2536 1397 2572 μὴ
1409 2536 1554 2570 ἐσχηκέναι
1565 2532 1612 2561 οὖν
1625 2542 1690 2560 ποτε
1701 2533 1786 2561 ταῦτα

999 2581 1100 2616 ἔλεγεν,
1115 2582 1171 2608 ἀλλ’
1189 2583 1229 2608 ὅτι
1248 2581 1316 2617 ἔχων
1335 2582 1429 2613 ἁῖδίως
1441 2582 1455 2607 ὸ
1469 2581 1533 2613 Υἱὸς
1550 2581 1568 2608 ἃ.
1581 2580 1636 2616 ἔχει
1649 2580 1724 2616 παρὰ
1740 2580 1787 2606 τοῦ

999 2628 1106 2663 Πατρὸς
1116 2627 1182 2663 ἔχει.
1199 2626 1322 2654 Nannius
1337 2635 1346 2653 :
1364 2627 1392 2654 Si
1407 2627 1478 2654 enim
1493 2634 1553 2661 qua:
1572 2626 1662 2653 Patris
1675 2629 1738 2653 sunt
1750 2626 1784 2653 ad

999 2673 1097 2700 Filium
1114 2674 1259 2708 pertinent,
1281 2678 1308 2700 et
1331 2681 1439 2707 semper
1462 2673 1507 2700 illa
1525 2673 1605 2701 Pater
1620 2673 1711 2706 habet,
1725 2679 1785 2699 cer-

1037 2731 1071 2766 (ο
1087 2731 1120 2759 τ,
1133 2731 1155 2758 ιι
1173 2731 1256 2767 [nunc
1268 2736 1287 2758 t.
1306 2731 1363 2767 iv],
1379 2739 1405 2766 p.
1418 2730 1462 2758 as.

1038 2731 1071 2766 (f)
1087 2731 1120 2759 Τ,
1133 2731 1155 2758 ιι
1168 2731 1256 2803 [[nunc
1268 2736 1287 2758 t.
1306 2731 1363 2767 IV],
1379 2739 1405 2766 p.
1418 2731 1462 2758 98.

1038 2767 1076 2802 (g)
1091 2767 1123 2803 Ϊ.
1141 2767 1151 2793 l
1181 2775 1252 2803 nunc
1263 2771 1282 2794 t.
1298 2766 1384 2803 li],4p.
1400 2767 1463 2803 εοξ).

1040 2794 1079 2837 (ἦ)
1096 2802 1128 2828 Τ.
1144 2794 1264 2836 11Ἰιιυηο
1277 2806 1296 2830 ι.
1386 2810 1411 2836 p.
1428 2801 1454 2828 ἓ.

1042 2836 1073 2873 (ἡ)
1093 2837 1124 2864 Τ.
1144 2837 1153 2864 l
1177 2842 1260 2873 [nunc
1273 2842 1292 2865 t.
1310 2836 1359 2873 ll],
1371 2845 1396 2872 p.
1413 2837 1475 2866 46-1.
1488 2837 1581 2866 Graeca
1601 2837 1693 2865 vitiata
1714 2840 1787 2866 sunt.
