2000 3045
193 155 229 176 ιι

871 143 1137 172 PROLEGOMENA.

195 211 251 233 tum
265 209 303 232 est
318 203 414 231 Filium
428 211 535 238 semper
550 203 651 231 habere
664 210 695 230 ea
715 209 775 238 qua
790 207 854 230 sunt
868 202 976 235 Patris;
993 205 1015 232 Α
1030 206 1118 228 tamen
1132 201 1252 235 ipsorum
1269 199 1350 227 verba
1366 203 1439 226 sunt.
1460 197 1618 225 Verlendum
1637 201 1725 224 autem
1743 203 1753 222 :
1765 195 1817 230 Qui

195 251 294 286 quippe
303 250 348 284 qui
358 257 464 284 semper
475 249 501 276 in
513 256 546 276 eo
560 249 605 276 sit.
621 249 754 282 Quocirca
768 257 821 276 non
835 249 896 276 ideo
907 249 978 283 quod

197 297 341 330 aliquando
355 303 407 323 non
429 295 555 322 habuerit
569 295 719 322 istiusmodi
737 295 844 322 locutus
858 298 910 326 est,
932 294 979 321 sed

197 348 255 376 qua!
269 341 387 375 possidet
399 344 428 366 ut
445 339 525 371 Deus,
539 347 570 366 ea
584 339 703 374 postulat
717 345 746 366 ut
758 339 852 366 Filius.
870 339 980 366 Verten-

197 388 258 414 dunt
279 387 431 420 :Quocirca
455 393 506 413 non
528 386 588 413 ideo
608 386 679 420 quod
700 385 846 419 aliquando
864 392 916 412 non
933 385 982 412 ha-

198 433 286 460 buerit
299 432 449 460 istiusmodi
464 432 570 459 locutus
590 436 641 461 est.
657 432 703 459 sed
720 432 783 466 quia
797 431 901 458 habens
920 439 982 466 per-

200 483 281 513 petuo
297 477 380 504 Filius
392 485 452 512 qua:
466 477 557 509 habet,
570 484 601 504 ea
615 484 628 503 a
643 476 722 504 Patre
737 477 828 503 habet.

236 531 245 548 ι
265 522 296 548 Et
309 522 423 549 secunda
439 522 558 549 oratione
569 526 658 548 contra
675 521 786 547 Arianos
797 521 834 556 (α)
849 530 854 547 :
869 521 924 547 Καὶ
936 529 984 555 φα-

198 568 274 603 νερὸν
285 569 317 594 ὲκ
330 567 423 594 τούτου
436 567 582 599 δείκνυται,
595 567 636 593 ὅτι
647 567 726 598 αὐτὸς
739 566 787 602 μὲν
803 567 818 593 ό
831 567 894 598 Υἱὸς
908 567 982 593 οὐδε-

199 613 242 645 νὸς
259 614 376 648 μετέχει,
390 613 421 639 τὸ
436 613 464 638 δὲ
481 613 513 638 ὲκ
526 611 574 638 τοῦ
587 612 693 647 Ila-:90;
714 611 891 647 μετεχόμενον
906 611 984 638 τοῦτό

199 660 272 684 ἐστιν
288 660 301 685 ό
315 659 390 690 Υἱός.
409 658 552 685 Nannius:
570 659 658 692 Atque
674 659 734 685 inde
752 658 855 685 clarum
876 665 907 684 nc
928 658 984 684 evi-

199 704 265 729 drns
279 702 358 730 fuerit
373 702 470 729 Filium
483 702 582 729 nullius
596 702 633 729 rei
650 708 798 735 extraneae,
814 702 981 736 diversaeque

200 756 214 774 a
231 747 312 774 Patre
325 747 487 782 participatu
499 747 581 773 imbui
596 754 629 774 ac
642 747 718 782 tingi,
731 747 777 774 sed
789 747 902 781 idipsum
914 747 984 781 quod

200 794 232 820 e'x
248 793 407 828 partieipatu
418 793 506 820 Patris
515 793 623 820 exsistit
632 792 729 819 Filium
741 799 813 820 esse.
827 792 985 819 Vertendum

201 845 307 865 autem:
325 838 391 865 liuic
404 845 482 872 porro
495 837 596 865 clarum
613 845 645 864 ac
660 838 770 865 evidens
788 837 880 870 fuerit,
897 838 983 872 ipsqu

1033 247 1094 274 talia
1125 247 1291 274 contentiose
1321 246 1415 278 aiunt,
1432 250 1549 272 mentem
1577 251 1653 272 suam
1681 251 1816 278 aperiunt,

1033 293 1103 329 quod
1115 293 1181 320 duas
1195 293 1219 319 in
1231 292 1340 320 Christo
1355 292 1514 327 hypostases
1537 297 1597 318 esse
1608 289 1706 322 velint;
1722 294 1750 315 et
1767 295 1816 314 co-

1034 344 1131 366 nantur
1144 338 1322 372 undecunque
1343 345 1376 365 eo
1393 344 1441 364 nos
1456 337 1598 371 redigere,
1623 339 1653 362 ut
1672 342 1756 361 unum
1783 341 1817 360 ex

1035 385 1110 412 hisce
1133 383 1257 410 absurdis
1279 383 1470 414 concedamus,
1490 382 1533 408 vel
1548 388 1646 415 corpus
1668 387 1728 407 esse
1753 379 1817 414 quid

1035 431 1177 458 absolvens
1189 435 1216 457 et
1240 436 1428 457 consummans
1442 435 1583 463 personam
1598 426 1689 457 Verbi,
1703 425 1744 452 vel
1757 433 1819 452 esse

1036 476 1092 502 Deo
1102 473 1343 507 c0nsubstantiale,
1366 477 1414 500 aut
1426 477 1500 500 certe
1520 476 1662 498 externum
1684 470 1748 505 quid
1772 475 1819 496 aut

1036 520 1150 547 alienum
1165 520 1274 546 omnino
1286 526 1300 546 a
1315 518 1465 546 substantia
1477 517 1537 544 Filii
1552 516 1638 550 :quod
1655 516 1705 551 ipsi
1721 522 1819 543 conce-

1036 567 1102 594 dunt
1119 571 1146 593 et
1157 568 1198 592 est
1210 565 1316 592 illorum
1329 564 1472 591 sententia.

1073 620 1084 637 (
1098 611 1198 638 Ibidem
1212 609 1322 641 ;Οὑδεὶς
1336 609 1390 645 γὰρ
1404 609 1457 636 τῶν
1471 607 1681 644 εὖφρονούντων,
1694 605 1711 641 ἢ
1725 606 1820 640 νήφειν

1037 657 1104 688 ὅλως
1114 657 1161 683 καὶ
1177 658 1245 683 νοεῖν
1262 655 1407 690 δυνάμενος
1429 655 1500 682 εἴποι
1511 654 1544 681 ἂν
1558 655 1598 680 ὅτι
1609 653 1701 689 ὥσπερ
1712 653 1726 678 ὁ
1736 651 1820 685 Λόγος

1036 703 1135 734 τέλειος
1151 702 1187 729 ὢν
1195 702 1242 729 καὶ
1253 702 1432 733 ὲνυπόστατος
1440 701 1470 728 οὺ
1483 700 1639 736 προσεδεῖτο
1651 697 1760 733 σαρκὸς,
1776 697 1821 724 ἵνα

1037 746 1102 777 Θεὸς
1115 746 1215 778 τέλειος
1229 746 1352 780 γένηται,
1365 745 1451 776 οὕτως
1469 744 1568 771 οὐδὲτὸ
1580 743 1659 778 σῶμα
1672 742 1718 769 τοῦ
1732 742 1820 776 Λόγου

1038 791 1162 827 ἐχρηζεν,
1179 791 1221 818 ἶνα
1237 791 1340 822 τέλειος
1360 791 1408 818 καὶ
1424 790 1604 821 ὲνυπόστατος
1622 788 1762 824 ἄνθρωπος
1774 787 1822 822 γέ-

1038 846 1127 873 νηται.
1148 837 1270 864 Nannius
1286 845 1294 864 :
1317 836 1411 864 Nullus
1425 837 1496 864 enim
1513 843 1605 864 eorum
1620 835 1665 870 qui
1682 839 1754 862 recte
1777 841 1822 861 sa-

201 884 309 918 quidem
322 883 417 910 Filium
430 884 530 910 nullam
544 891 601 911 rem
613 884 793 919 participare;
808 884 881 919 quod
893 889 984 912 autem
1002 889 1022 916 Β
1036 885 1124 917 piunt,
1145 889 1191 911 aut
1203 884 1326 918 quisquis
1340 884 1446 911 sobrius
1459 887 1510 917 est,
1533 887 1581 910 aut
1597 887 1687 910 mente
1704 889 1757 909 non
1771 880 1821 907 de-

201 938 233 956 ex
251 929 330 957 Patre
347 930 535 964 participatur,
554 931 579 957 id
591 937 650 957 esse
663 930 772 958 Filium.

239 987 248 1004 ι
267 977 301 1004 In
317 977 434 1004 oratione
445 981 541 1012 quarta
555 981 646 1003 contra
661 977 774 1004 Arsanos
790 977 827 1011 (ιν)
845 985 853 1005 :
877 976 920 1009 Ὠς
932 977 987 1014 γὰρ

201 1025 216 1051 ὸ
228 1023 330 1059 Κύριος
356 1023 537 1058 ἐνδυσάμενος
557 1022 589 1048 τὺ
613 1022 692 1057 σῶμα
708 1023 818 1057 γέγονεν
835 1023 986 1058 ἄνθρωπος,

201 1070 287 1102 οὕτως
295 1071 375 1104 ἡμεῖς
385 1070 408 1095 οἱ
423 1068 559 1104 ἅνθρωποι
573 1068 648 1104 παρὰ
660 1069 705 1096 τοῦ
719 1070 805 1103 Λόγου
817 1069 989 1106 θεοποιούμε-

203 1115 236 1142 οα
251 1114 468 1150 προσληφθέντες
483 1113 526 1140 διὰ
540 1114 589 1149 τῆς
613 1114 714 1150 σαρκὸς
733 1114 826 1142 αὐτοῦ,
843 1114 965 1142 Nannius
977 1122 987 1142 :

204 1161 240 1189 Ut
262 1161 333 1188 enim
351 1160 478 1188 Dominus
496 1160 588 1188 induto
607 1168 720 1194 corpore
736 1161 823 1188 factus
839 1166 881 1188 est
897 1161 987 1196 homo,

204 1209 240 1235 ita
253 1213 281 1234 et
294 1214 342 1234 nos
354 1207 476 1234 homines
487 1214 520 1234 ex
536 1205 622 1234 Verbo
637 1206 684 1233 Dei
694 1206 861 1239 deiﬁcamur,
877 1214 910 1234 eo
918 1207 988 1241 quod

205 1253 269 1280 illud
284 1256 421 1287 receptum
439 1252 476 1279 sit
493 1253 521 1279 in
543 1259 635 1279 carne.
653 1251 813 1279 Vertendum
829 1256 939 1279 autem:
956 1251 990 1280 Ut

205 1299 277 1326 enim
293 1299 365 1326 Deus
386 1298 478 1325 induto
501 1305 615 1333 corpore
628 1297 716 1326 factus
733 1303 776 1326 est
787 1299 879 1331 homo,
889 1299 925 1326 ita
941 1307 990 1327 nos

206 1345 330 1372 homines
346 1352 361 1371 a
376 1343 465 1372 Verbo
490 1343 648 1372 deiﬂcamur
668 1345 800 1380 assumpti
818 1352 867 1379 per
879 1353 989 1373 carnem

205 1389 300 1424 ipsius.

244 1443 254 1461 ι
276 1434 310 1462 In
322 1435 412 1462 eadem
426 1435 544 1462 oratione
559 1435 594 1471 (ε)
615 1446 620 1462 :
635 1435 667 1462 El
677 1435 732 1471 γὰρ
747 1435 816 1462 καὶὸ
826 1435 910 1470 Λόγος
922 1435 989 1471 σὰρξ

206 1480 325 1515 ἐγένετο,
338 1480 407 1507 ἀλλὰ
418 1481 467 1516 τῆς
476 1481 577 1517 σαρκὸς
589 1481 642 1508 tota.
655 1481 690 1508 τὰ
703 1481 847 1516 πάθη.Καὶ
860 1483 884 1508 si.
895 1483 911 1516 ἡ
923 1481 989 1517 σὰρξ

205 1525 373 1560 θεοφορεῖται
395 1526 422 1552 ὲν
433 1525 472 1560 τῷ
486 1526 574 1561 Λόγῳ,
590 1526 645 1552 ἀλλ’
658 1527 674 1562 ἡ
692 1526 770 1562 χάρις
791 1526 837 1553 καὶ
849 1527 865 1562 ἡ
878 1526 991 1562 δύναμίς

206 1572 265 1598 ἔστι
280 1571 326 1598 τοῦ
341 1571 437 1606 Λόγου.
453 1571 576 1599 Nannius
587 1578 597 1597 :
611 1571 640 1598 Si
655 1572 727 1599 enim
744 1571 860 1599 Verbum
877 1579 940 1600 caro
948 1572 991 1599 fa-

206 1622 280 1645 ctum
294 1623 346 1650 est,
360 1625 424 1652 ergo
438 1617 514 1645 carni
535 1622 563 1645 et
576 1625 624 1645 sua
648 1617 775 1652 qualitas,
789 1618 954 1653 diversasque
976 1626 992 1646 a

207 1661 296 1690 Verbo
319 1662 474 1690 aii'ectiones
499 1666 572 1690 sunt.
601 1661 729 1695 Rursum,
742 1663 764 1690 si
783 1670 847 1691 caro
861 1664 888 1690 in
904 1663 993 1691 Verbo

208 1710 290 1736 Deum
312 1713 408 1744 gestat.
434 1709 548 1744 gratiam
565 1709 628 1737 inde
644 1710 841 1744 commodaque
863 1710 991 1744 percipit.

213 1754 370 1782 Vertendum
389 1760 475 1782 autem
490 1762 500 1782 :
516 1755 572 1783 Etsi
596 1755 667 1783 enim
684 1755 799 1783 Verbum
813 1763 877 1784 caro
893 1755 992 1783 factum

208 1806 259 1833 est,
273 1802 411 1836 passiones
426 1806 514 1828 tamen
526 1802 641 1836 propriae
653 1807 716 1829 sunt
731 1803 830 1829 carnis.
845 1801 959 1835 Rursus,
970 1801 992 1829 si

209 1854 273 1873 caro
286 1853 300 1873 a
318 1846 373 1874 Deo
387 1851 508 1882 gestatur
518 1848 543 1874 in
559 1847 658 1880 Verbo,
674 1848 758 1882 gratia
771 1852 860 1875 tamen
875 1849 994 1876 etvirtus

210 1891 289 1919 Verbi
307 1896 359 1919 est.

246 1936 302 1968 «1η
312 1937 438 1968 oratione,
458 1946 468 1963 ι
491 1937 567 1970 Quod
583 1946 650 1964 unus
667 1939 699 1965 sit
720 1937 838 1966 Christus
853 1938 890 1974 (ά)
907 1946 915 1966 :
933 1948 942 1965 ι
960 1939 993 1966 Oi

207 1981 294 2008 ταῦτα.
305 1981 520 2017 κατηγοροῦντες
543 1983 593 2018 τὴν
613 1983 717 2010 ἑαυτῶν
740 1983 853 2019 γνώμην
874 1984 992 2020 φανερὰν

207 2027 382 2060 καθιστῶσιν,
392 2028 432 2054 ὅτι
444 2028 490 2054 δύο
498 2029 657 2060 ὑποστάσεις
671 2029 718 2056 τοῦ
735 2029 836 2065 Κυρίου
851 2029 928 2064 ἡμῶν
940 2031 992 2065 ’1η-

209 2072 256 2098 σοῦ
273 2072 402 2107 Χριστοῦ,
419 2073 466 2098 καὶ
491 2074 564 2108 ἡμᾶς
579 2073 774 2108 συκοφαντοῦσι
793 2074 839 2100 καὶ
854 2074 992 2109 πειρονται

208 2117 267 2153 ἅμα
280 2117 446 2153 πανταχόθεν
474 2119 513 2150 εἰς
530 2118 558 2145 ἓν
577 2118 630 2145 τῶν
645 2118 752 2145 ἀτόπων
775 2119 917 2154 περιάγειν
931 2120 992 2151 τοὺς

207 2163 356 2199 ἡμετέρους
370 2163 463 2198 λόγους
474 2163 698 2199 συμπληρωτικὸν
717 2165 802 2191 εἰπεῖν
814 2164 863 2199 τῆς
875 2165 992 2192 ὑποστά-

209 2218 277 2240 σεως
295 2209 341 2236 τοῦ
353 2209 437 2244 Λόγου
448 2210 478 2236 τὸ
490 2209 577 2245 σῶμα,
593 2209 610 2245 ἢ
627 2209 767 2245 όμοούσιον
779 2210 818 2245 τῷ
837 2209 905 2245 Θεῷ,
920 2210 936 2245 ἢ
949 2209 991 2242 Εε-

208 2263 252 2282 νον
275 2255 321 2282 καὶ
346 2254 484 2290 ἀλλότριον
506 2255 661 2282 παντάπασι
684 2255 734 2289 τῆς
750 2254 924 2286 ὑποστάσεως
941 2255 989 2281 τοῦ

208 2299 284 2331 Υἱοῦ,
295 2300 363 2335 ὅπερ
377 2301 453 2326 αὐτοὶ
464 2299 597 2334 λέγουσιν,
606 2299 688 2335 ἄλλην
705 2299 851 2327 ὑπόστασιν
865 2299 989 2334 εἰσάγον-

206 2354 252 2378 τες
267 2347 315 2381 τῆς
325 2347 433 2382 σαρκός,
451 2346 590 2373 Nannius:
601 2346 742 2378 therum,
757 2346 801 2380 qui
813 2347 862 2373 ista
878 2346 991 2381 loquun-

211 2398 267 2423 tur,
294 2400 370 2419 suam
401 2391 518 2426 ipsorum
547 2396 662 2418 mentem
678 2398 840 2425 sensumque
856 2392 989 2426 aperiunt,

207 2438 279 2472 quod
293 2439 359 2465 duas
372 2438 530 2473 hypostases
549 2437 607 2465 sive
623 2445 752 2472 personas
769 2437 795 2464 in
806 2437 913 2464 Christo
926 2445 990 2464 con-

207 2484 330 2516 stituant,
342 2491 369 2511 et
383 2484 526 2511 adversum
541 2490 592 2511 nos
602 2482 744 2510 calumniis
765 2487 885 2515 utantur,
903 2487 930 2510 et
945 2490 991 2509 un-

207 2530 346 2564 deqnaque
363 2533 487 2564 satagant
500 2534 607 2556 nostros
629 2535 768 2556 sermones
781 2528 813 2555 ad
831 2527 931 2563 aliquid
941 2529 989 2556 ab-

207 2575 280 2601 surdi
297 2575 466 2609 detorquere,
486 2573 563 2609 quasi
588 2580 685 2607 corpus
710 2572 861 2600 diceremus
887 2573 988 2607 aliquid

207 2619 330 2647 conferre
346 2621 378 2648 a‘d
393 2620 581 2648 absolvendam
599 2619 678 2647 Verbi
695 2619 849 2651 essentiam,
861 2623 908 2646 aut
925 2619 987 2645 illud

207 2672 267 2691 esse
279 2665 398 2698 ejusdem
416 2673 476 2692 cum
497 2665 552 2693 Deo
569 2666 735 2698 substantias,
748 2669 793 2692 aut
806 2672 859 2691 non
871 2663 986 2692 alienum

206 2716 401 2744 extr-nutusque
416 2712 541 2741 omnibus
555 2712 641 2739 modis
655 2719 670 2739 a
685 2718 800 2747 persona
823 2710 895 2744 Filii,
927 2718 986 2746 qua:

242 2759 279 2794 (η)
294 2757 323 2794 ’1⁸ἵ
344 2757 352 2784 1
371 2757 489 2794 [nunc].
505 2758 550 2794 ll],
564 2767 590 2794 p.
606 2754 668 2786 53L

241 2792 479 2827 mmnwm

244 2829 278 2859 (()
295 2827 371 2857 lhiul.,
387 2836 412 2862 ρ.
427 2827 488 2855 468.

240 2863 280 2897 (ιι)
291 2863 320 2889 'l‘.
338 2863 355 2890 Ι1
370 2862 480 2899 [nunct.
496 2861 553 2898 IV],
569 2871 594 2898 p.
610 2862 653 2891 10.

1037 929 1168 961 stiluitur,
1183 930 1215 956 de
1227 937 1258 956 ea
1276 936 1304 956 re
1316 929 1412 957 dubius
1424 936 1485 956 esse
1512 932 1612 963 potest,
1637 928 1708 962 quod
1725 933 1821 961 quem-

1037 975 1182 1002 admodum
1198 973 1317 1002 Verbum
1344 974 1493 1014 peri’ectum
1508 979 1552 1001 est
1574 978 1601 1001 et
1621 981 1669 1001 sua
1684 972 1819 1008 hypostssi

1038 1022 1201 1055 absolutum,
1219 1022 1374 1056 neutiquam
1387 1030 1454 1056 opus
1481 1022 1575 1049 habuit
1589 1029 1682 1055 carne,
1707 1026 1738 1048 ut
1751 1021 1821 1049 Deus

1039 1067 1173 1102 perfectus
1193 1071 1282 1100 esset;
1304 1067 1342 1094 ita
1364 1075 1451 1102 neque
1469 1061 1683 1102 corpus'Verbo
1697 1067 1821 1101 indiguit,

1039 1118 1069 1140 ut
1093 1113 1226 1148 integrum
1243 1120 1294 1148 pro
1309 1120 1356 1140 sua
1381 1113 1520 1149 bypostasi
1539 1113 1627 1141 ﬁeret.
1659 1112 1820 1140 Verlcndnm

1040 1166 1126 1188 autem
1138 1165 1175 1187 est
1187 1169 1196 1187 :
1212 1160 1306 1188 Nullus
1315 1161 1385 1188 enim
1401 1161 1447 1195 qui
1467 1161 1564 1195 sapiat,
1579 1166 1626 1187 aut
1642 1167 1714 1187 sana:
1725 1160 1823 1187 mentis

1040 1207 1131 1238 homo,
1146 1211 1173 1233 et
1185 1207 1231 1241 qui
1240 1207 1345 1234 ratione
1361 1207 1398 1234 uti
1410 1207 1503 1241 possit,
1513 1206 1627 1238 dixerit;
1641 1206 1722 1240 quod,
1734 1214 1824 1240 quem-

1039 1252 1181 1279 admodum
1205 1252 1333 1284 Verbum,
1345 1260 1406 1280 cum
1423 1252 1569 1287 perfectum
1584 1257 1656 1280 esset
1669 1257 1696 1280 et
1710 1260 1756 1279 sua
1773 1252 1823 1286 hy-

1040 1298 1139 1332 postasi
1154 1298 1314 1330 subsistens,
1332 1306 1383 1325 non
1405 1298 1541 1334 indigebat
1562 1305 1675 1333 corpore
1686 1318 1693 1331 ,
1709 1302 1738 1324 ut
1754 1297 1824 1324 Deus

1040 1344 1180 1371 absolutus
1191 1344 1361 1377 efﬁceretur;
1376 1344 1412 1371 ita
1429 1351 1516 1379 neque
1536 1351 1634 1378 corpus
1644 1343 1734 1371 Verbo
1751 1343 1823 1370 indi-

1040 1389 1129 1424 gebat,
1145 1394 1174 1417 ut
1185 1390 1319 1424 perfectus
1334 1390 1520 1417 etsubsistens
1531 1390 1612 1417 homo
1630 1389 1717 1416 ﬁeret.

1078 1444 1088 1461 ε
1103 1435 1135 1462 In
1148 1436 1265 1463 oratione
1275 1435 1314 1462 De
1328 1436 1438 1462 salutari
1453 1435 1565 1462 adventu
1577 1434 1642 1461 Iesu
1656 1434 1754 1461 Christi
1769 1433 1803 1468 (ε)
1815 1443 1822 1460 :

1041 1481 1104 1512 Πῶς
1114 1479 1159 1508 οὖν
1168 1481 1280 1516 ἴσχυσαν
1293 1482 1317 1508 oi.
1339 1481 1460 1507 Ἰουδαῖοι
1472 1480 1550 1507 λῦσαι
1566 1480 1628 1508 ναὸν
1639 1479 1706 1506 Θεοῦ
1720 1480 1768 1506 καὶ
1774 1479 1824 1514 τὴν

1042 1526 1137 1554 ἄλυτον
1153 1526 1302 1562 σύγκρασιν
1319 1526 1369 1561 τῆς
1391 1526 1491 1562 σαρκὸς
1511 1526 1579 1562 πρὸς
1596 1526 1640 1552 τὸν
1653 1526 1738 1560 Λόγον
1749 1534 1824 1560 γενο-

1015 1573 1025 1584 ⁴
1043 1572 1125 1608 μένην
1144 1572 1271 1608 χωρίσαι,
1289 1572 1345 1606 εἴγε
1362 1571 1422 1599 καθ’
1439 1572 1511 1607 ὑμᾶς
1524 1572 1587 1607 ἔσχε
1600 1572 1693 1598 τοῦτον
1706 1572 1750 1598 τὸν
1762 1571 1825 1607 τρό-

1041 1627 1092 1645 πον
1104 1619 1121 1653 ἡ
1137 1618 1185 1644 ’τοῦ
1211 1617 1334 1653 σώματος
1350 1617 1495 1653 νέκρωσις;
1517 1617 1639 1644 Nannius
1652 1625 1662 1644 :
1685 1616 1824 1650 Quomodo

1042 1664 1123 1699 igitur
1136 1668 1250 1699 possunt
1262 1662 1346 1691 Judaei
1364 1663 1471 1691 solvere
1486 1663 1616 1698 templum
1631 1663 1725 1697 Dei,et
1740 1663 1824 1690 indis-

1041 1709 1154 1737 solubile
1168 1713 1407 1744 temperamentum
1422 1709 1513 1736 carnis
1527 1717 1586 1736 cum
1603 1708 1691 1736 Verbo
1704 1709 1825 1743 dissepa-

1042 1763 1114 1788 rare,
1126 1756 1177 1783 nisi
1193 1755 1279 1783 instar
1293 1756 1390 1788 nostri,
1407 1762 1511 1790 proque
1533 1760 1626 1783 nostra
1643 1756 1747 1783 ratione
1762 1763 1823 1783 sese

1042 1803 1180 1830 habuisset
1198 1801 1319 1836 corporis
1341 1801 1535 1829 mortiﬁcatio?
1564 1800 1721 1828 Vertendum
1735 1807 1822 1828 autem

1043 1853 1079 1875 est
1091 1856 1101 1875 :
1112 1848 1251 1881 Quomodo
1267 1847 1349 1882 igitur
1365 1846 1610 1881 potueruntJuda'i
1631 1847 1736 1874 solvere
1755 1851 1824 1874 tem-

1043 1892 1116 1927 plum
1134 1892 1180 1920 Dei
1196 1897 1228 1925 et
1244 1891 1456 1920 indissolubilem
1474 1891 1565 1919 carnis
1580 1898 1640 1918 cum
1659 1891 1747 1918 Verbo
1758 1899 1823 1918 con-

1039 1939 1207 1973 iunctionem
1235 1938 1391 1971 dissolvere,
1409 1938 1431 1965 si
1460 1945 1534 1965 mors
1553 1937 1675 1972 corporis
1688 1945 1721 1965 eo
1742 1937 1822 1965 modo

1040 1985 1112 2012 facta
1127 1989 1169 2012 est
1182 1991 1235 2019 quo
1248 1993 1297 2013 vos
1309 1985 1408 2019 dicitis,
1417 1984 1542 2012 nimirum
1557 1991 1605 2019 per
1622 1984 1820 2018 separationem

1041 2031 1149 2059 deitatis
1168 2039 1182 2058 a
1195 2031 1327 2066 corpore?

1077 2084 1087 2101 ‹
1106 2075 1139 2102 In
1162 2077 1280 2103 oratione
1307 2075 1346 2102 De
1359 2076 1550 2109 incarnatione,
1573 2080 1663 2103 contra
1684 2074 1821 2108 Apollina-

1041 2121 1107 2148 rium
1122 2121 1154 2156 (f)
1172 2130 1178 2148 :
1190 2122 1244 2148 Καὶ
1258 2122 1300 2154 τίς
1316 2123 1332 2158 ἡ
1345 2123 1374 2149 ὲν
1386 2122 1490 2154 τούτοις
1504 2122 1658 2158 εὐεργεσία,
1670 2120 1692 2150 ὦ
1702 2123 1820 2158 μάταιοι,

1040 2169 1064 2194 ει
1074 2168 1159 2194 ταῦτα
1176 2168 1205 2194 ὲν
1217 2167 1326 2203 Χριστῷ
1337 2169 1368 2194 οὐ
1381 2168 1502 2202 γέγονεν,
1513 2168 1531 2195 a
1540 2169 1648 2203 γέγονεν
1659 2170 1687 2196 ὲν
1697 2169 1736 2204 τῷ
1747 2177 1822 2204 πρω-

1006 2235 1028 2261 D
1041 2213 1183 2248 τοπλάστῳ
1202 2210 1434 2246 Ἀδάμ;Ναηηὶιη
1451 2222 1460 2241 .'
1475 2214 1510 2242 At
1524 2222 1644 2249 quaenam
1660 2215 1760 2243 isthinc
1773 2217 1822 2242 be-

1043 2260 1198 2291 neiiccntia,
1217 2268 1233 2288 ο
1246 2259 1348 2291 stolidi.
1376 2261 1397 2288 si
1417 2268 1449 2288 ea
1471 2261 1498 2288 in
1517 2261 1626 2288 Christo
1637 2261 1819 2293 constituatis,

1039 2313 1099 2340 qum
1114 2305 1138 2332 in
1153 2305 1335 2340 protoplasto‘!
1356 2305 1509 2333 Verlendum
1526 2312 1612 2333 autem
1626 2311 1662 2333 est
1675 2306 1819 2339 :Qnaznam

1040 2350 1139 2378 isthinc
1153 2351 1340 2384 beneﬁcentia,
1363 2359 1380 2379 ο
1398 2351 1500 2384 stolidi,
1513 2351 1535 2378 si
1546 2359 1577 2378 ea
1596 2357 1690 2379 natura
1704 2353 1729 2378 in
1742 2352 1822 2379 Chri-

1039 2401 1081 2423 sto
1103 2404 1155 2422 non
1178 2395 1238 2428 fuit,
1264 2403 1324 2431 qua
1337 2395 1406 2422 facta
1427 2400 1472 2423 est
1494 2398 1520 2423 in
1536 2396 1701 2429 protoplasto
1715 2395 1816 2422 Adam?

1078 2449 1088 2465 ί
1114 2439 1269 2474 luepistola
1293 2440 1326 2467 ad
1350 2438 1495 2473 Epictetum
1510 2441 1657 2474 episcopum
1673 2439 1822 2475 (9);Τοῦτο

1038 2483 1072 2520 ἦν
1082 2485 1112 2512 τὸ
1126 2486 1154 2511 ὲν
1170 2485 1292 2520 μνημείῳ
1307 2484 1392 2516 τεθὲν,
1407 2485 1451 2511 ὅτε
1467 2485 1547 2515 αὐτὸς
1565 2484 1698 2520 ἐπορεύθη
1715 2484 1752 2520 μὴ
1767 2494 1822 2520 χωρ

1039 2532 1140 2568 ρισθεὶς
1149 2531 1240 2563 αὑτοῦ,
1255 2531 1371 2567 κηρύξαι
1378 2532 1425 2558 καὶ
1438 2533 1493 2563 τοῖς
1503 2532 1530 2557 ὲν
1541 2531 1647 2567 φυλακῇ
1656 2531 1820 2567 πνεύμασιν.

1041 2577 1162 2605 Nannius
1178 2586 1187 2605 :
1202 2578 1307 2612 Corpus
1319 2583 1373 2605 tum
1388 2577 1521 2612 qnippein
1539 2577 1663 2611 sepulcro
1675 2582 1734 2604 erat
1748 2578 1822 2612 posi-

1041 2627 1107 2656 tum,
1129 2631 1189 2650 cum
1215 2623 1331 2650 Verbum
1357 2623 1423 2650 abiit
1442 2628 1471 2650 ut
1496 2623 1656 2658 prmdicaret
1681 2623 1820 2658 spiritibus

1040 2669 1085 2702 qui
1104 2669 1129 2696 in
1151 2676 1260 2696 carcere
1281 2668 1451 2696 tenebantur.
1472 2667 1629 2695 Vmenduns
1651 2673 1738 2695 autem
1759 2673 1819 2695 ut:

1038 2713 1143 2748 Corpus
1157 2714 1209 2741 hoc
1219 2718 1288 2746 erat,
1300 2713 1369 2748 quod
1383 2713 1468 2740 fuitin
1481 2714 1605 2748 sepulcro
1615 2715 1742 2750 positum,
1757 2721 1818 2742 cum

1088 2761 1112 2793 e)
1172 2759 1182 2786 1
1197 2759 1279 2796 [mine
1295 2765 1314 2796 tr.
1329 2759 1372 2795 ll],
1387 2768 1413 2795 p.
1424 2759 1487 2787 760.

1089 2795 1324 2830 mwam

1078 2829 1476 2866 mmmpmwmm.
