2000 3045
675 157 862 186 PREFATIO
882 156 1053 185 EDITIONIS
1070 155 1320 185 BENEDICTINE.

1735 163 1782 185 ιιι

163 215 252 250 ipsum
268 214 384 243 Verbum
399 219 454 242 non
467 219 619 250 separatum
632 222 645 241 ι
664 221 789 250 corpore,
802 214 951 250 proiectum
966 217 988 245 Α
1003 213 1109 240 litteras
1132 213 1165 240 ad
1177 212 1276 240 Julium
1290 212 1382 246 mittit,
1411 219 1510 248 rogans
1525 216 1553 240 ut
1564 213 1598 241 ab
1612 213 1670 248 ipso
1681 202 1783 248 synodo

162 266 204 290 est
217 267 246 288 ut
259 262 426 296 praedicaret.

201 317 211 333 ι
217 307 249 335 1η
257 308 430 341 disputatione
436 308 464 333 in
471 305 581 333 Nicaeae
589 306 698 333 concilio
704 311 794 333 contra
802 306 892 333 Arium
900 306 949 343 (a):

162 353 219 389 Οὐχ
243 353 280 385 ὡς
293 352 360 384 Θεὸς
383 353 469 387 Λόγος
492 352 647 385 ἐκοπίασεν,
672 352 730 379 ἀλλ’
754 353 796 379 ῐνα
815 355 886 389 φανῇ
909 354 949 380 ὅτι

163 399 253 435 σάρκα
267 399 300 434 ην
317 399 368 425 οὐκ
380 396 436 433 εἷχε
452 399 584 434 πρότερον
600 400 615 426 ὁ
633 399 719 433 Λόγος
736 400 782 426 καὶ
795 399 870 432 Θεὸς,
886 401 950 427 ταύ-

162 453 211 481 την
219 445 358 472 ἀνέλαϐεν·
368 444 411 470 διὰ
419 444 497 471 τοῦτο
504 446 536 479 τῇ
549 445 631 480 σαρκὶ
643 445 813 482 συνεχώρησε
824 447 948 482 πάσχειν.

165 490 313 518 Nannius:
342 489 400 517 Non
419 489 535 517 Verbum
557 491 629 525 quod
658 491 730 519 Deus
750 497 793 519 est
818 491 950 519 laboravit

162 535 334 567 lassitudine,
351 535 397 562 sed
414 535 473 562 ideo
488 535 589 562 iactum
604 540 655 568 est,
673 541 702 563 ut
717 537 871 564 ostenderet
888 545 949 565 car-

164 588 236 613 nem,
253 588 334 615 quam
367 581 441 614 prius
468 588 520 608 non
541 580 667 613 habebat,
693 587 754 608 cum
778 581 895 608 Verbum
922 586 950 609 et

163 626 233 653 Deus
247 632 330 659 esset,
342 634 404 665 eam
431 634 460 654 se
474 627 562 654 denuo
583 626 770 661 resumpsisse.
792 624 947 654 Vertendum

162 677 249 699 autem
260 678 300 699 est
314 680 323 699 :
338 672 395 700 Non
408 673 478 700 enim
491 680 542 707 qua
556 675 598 700 est
611 672 681 700 Deus
694 671 823 705 Verbum,
842 673 948 699 lassitu-

162 718 225 746 dine
238 718 353 746 aﬂ'ectus
364 725 422 752 est;
437 719 484 747 sed
497 719 557 746 ideo
574 719 685 750 factum,
704 724 733 746 ut
749 720 947 759 ostenderetur.

163 765 233 799 quod
248 772 368 795 carnem.
385 773 465 799 quam
477 766 552 801 prius
561 773 614 793 non
630 765 758 799 habebat,
776 765 891 793 Verbum
908 767 948 793 (ίί-

160 811 251 838 τίῐιυιη
266 811 423 846 assumpsit.

199 866 209 883 ι
223 856 256 883 1η
269 859 388 884 oratione
414 857 446 884 de
465 858 630 885 sanctissima
644 856 769 893 Deipara,
784 866 841 892 quae
861 863 946 884 tamen

160 910 242 937 neque
252 902 360 936 stylum,
376 911 457 938 neque
475 907 596 930 exactum
618 904 694 930 illum
711 904 841 931 scribendi
851 912 948 930 morem

161 949 300 976 Athanasii
309 949 364 983 prt'e
381 957 409 975 se
425 949 474 982 [ert
485 957 494 974 .'
508 957 568 976 nam
584 949 618 976 ibi
634 947 773 976 Platonico
783 957 853 975 more
865 948 950 982 philo-

160 993 289 1027 sopltatur
303 997 398 1020 auctor
415 994 447 1020 de
462 993 588 1021 uocabulo
607 994 701 1026 οὐσίας
714 999 737 1021 et
752 995 854 1021 videtur
873 994 950 1020 etiam

160 1045 247 1074 aperte
256 1040 359 1073 locere,
372 1040 524 1069 distinctum
536 1041 598 1075 quid
607 1049 662 1068 esse
672 1042 698 1068 in
711 1041 803 1067 diuinis
812 1040 950 1067 essentiam

160 1086 193 1112 ab
222 1086 357 1113 attribulis
381 1092 405 1113 et
430 1087 575 1114 actionibus
600 1087 803 1119 essentialibus;
820 1095 878 1121 qute
900 1086 950 1121 fuit

159 1130 480 1164 posterorumGrtecorum
493 1133 592 1167 opinio,
607 1138 629 1159 et
639 1133 749 1159 multum
758 1137 850 1159 contra
862 1131 949 1158 diuum

162 1176 290 1204 Thomam
304 1178 402 1212 agitata
416 1187 431 1204 a
457 1178 571 1213 quodam
582 1177 716 1213 'Cregorio
734 1177 856 1210 Palama,
875 1185 950 1212 quem

162 1223 247 1257 fuisse
274 1224 350 1250 aiunt
384 1223 469 1251 llarci
495 1223 619 1259 Ephesini
647 1229 832 1259 prceceptorem
854 1232 864 1250 :
891 1231 950 1250 cum

161 1268 322 1296 Athanasius
332 1269 386 1303 ipse
399 1270 516 1304 pluribus
534 1271 562 1296 in
581 1269 645 1297 locis
659 1271 820 1297 contrarium
845 1269 948 1296 doceat.

163 1313 238 1340 Dicit
267 1319 392 1348 prtzterea
423 1315 490 1342 sicut
508 1316 610 1343 beatam
638 1315 780 1351 Virginem,
808 1317 846 1344 ita
866 1317 951 1351 ipsam

161 1360 278 1387 animum
290 1359 402 1393 Christi,
417 1369 469 1388 non
487 1362 608 1389 habuisse
617 1361 717 1388 claram
735 1361 812 1389 Verbi
827 1362 950 1390 visionem

161 1414 261 1433 necnon
289 1407 392 1434 beatam
413 1406 545 1442 Virginem
559 1409 695 1435 Ittesitasse
716 1408 750 1434 ad
762 1408 837 1435 verba
853 1409 948 1443 angeli,

160 1451 240 1478 etiam
253 1460 311 1478 cum
327 1452 419 1478 dixit:
442 1452 511 1480 Ecce
532 1453 630 1480 ancilla
650 1454 774 1487 Domini;
793 1456 950 1489 optandique

160 1497 238 1524 modo
254 1498 367 1531 dixisse,
387 1498 446 1526 Fiat
461 1499 526 1526 mihi
557 1500 705 1527 secundum
732 1500 845 1527 verbum
862 1506 946 1526 tuum.

160 1541 285 1577 Refertur
304 1551 363 1570 vero
383 1543 419 1570 ibi
446 1545 587 1579 propositio
603 1545 661 1576 illa,
686 1553 764 1580 quam
777 1543 891 1579 Cyrillus
919 1545 947 1571 in
961 1560 982 1588 ε

159 1589 270 1622 epistola
284 1590 319 1616 ad
332 1589 485 1617 Successum
498 1590 645 1625 episcopum
662 1590 893 1617 Diacmsariensem
909 1591 946 1617 ait

159 1642 215 1662 esse
237 1634 346 1662 Patrum
357 1635 524 1669 antiquorum
542 1636 583 1662 his
593 1636 676 1663 verbis
694 1635 730 1671 (ὑ)
745 1645 750 1662 :
770 1636 816 1662 Διὸ
829 1636 948 1668 καὶτοὺς

160 1680 289 1714 λέγοντας
305 1681 370 1716 μίαν
385 1681 466 1715 φύσιν
478 1681 525 1708 τοῦ
538 1681 605 1708 Θεοῦ
624 1681 710 1716 Λόγου
725 1682 946 1718 σεσαρκωμόιην,

160 1726 208 1753 καὶ
220 1727 256 1763 μὴ
276 1727 455 1763 ἐπιφέροντας
468 1727 645 1763 ὲψυχιυμένην
659 1728 772 1763 λογικήν
781 1736 810 1754 τε
829 1729 875 1754 καὶ
890 1737 947 1755 νοεο

162 1772 222 1807 ph,
235 1772 265 1798 οὑ
281 1772 350 1799 πάνυ
365 1773 562 1808 ἀποδεχόμεθα.
575 1772 695 1800 Nannius
712 1781 720 1799 :
737 1773 850 1808 Ideoque
862 1778 887 1799 et
901 1781 947 1800 eos

160 1818 206 1852 qui
226 1817 330 1848 dicunt,
346 1817 437 1844 solum
454 1823 577 1845 naturam
595 1818 642 1845 Dei
659 1817 737 1845 Verbi
768 1819 946 1850 incantatam,

161 1870 250 1898 neque
265 1863 369 1890 addunt
379 1865 437 1890 eam
451 1864 598 1891 animatam
613 1870 684 1896 esse,
700 1869 726 1891 et
741 1864 910 1902 rationalem,
921 1868 948 1890 et

162 1913 254 1936 mente
269 1908 420 1942 praeditam,
435 1917 486 1936 non
505 1910 649 1936 admodum
667 1910 822 1944 recipimus.
844 1909 948 1936 Verten-

161 1954 225 1980 dum
244 1959 331 1981 autem
350 1960 408 1982 est:
425 1954 539 1990 ideoque
553 1964 600 1984 eos
615 1957 660 1990 qui
679 1956 771 1983 dicunt
787 1963 867 1982 unam
888 1963 948 1982 esse

163 1999 209 2027 Dei
220 1999 301 2027 Verbi
319 2004 445 2028 naturam
464 2001 643 2033 incarnatam.
669 2008 756 2035 neque
767 2001 870 2027 addunt
888 2007 948 2027 car-

163 2053 224 2073 nem
243 2051 410 2081 assumptam
426 2054 486 2074 esse
500 2048 646 2074 animatam
663 2046 785 2074 rationali
801 2051 828 2073 et
842 2046 947 2073 intelle-

163 2092 235 2118 ctiva
252 2091 353 2124 anima,
371 2099 423 2118 non
442 2093 585 2119 admodum
597 2092 753 2127 recipimus.

200 2145 210 2162 ε
227 2135 364 2164 Postremo
377 2138 438 2172 quia
454 2138 481 2164 in
493 2138 720 2164 uerbisAt/tanasii
733 2138 759 2164 in
769 2136 896 2172 Apologia
908 2143 949 2162 se-

163 2183 260 2214 cunda,
278 2188 372 2209 auctor
383 2182 426 2209 ille
434 2183 478 2217 qui
496 2183 606 2217 confecit
626 2183 726 2210 indices
744 2188 813 2210 tomo
835 2185 948 2211 secundo

1001 258 1206 293 convocaretur,
1218 264 1263 286 aut
1277 259 1299 287 si
1314 259 1402 292 vellet,
1413 260 1526 296 ipsemet
1536 259 1784 295 praeberetsejudi-

1000 313 1068 338 cem,
1086 310 1182 340 putans
1204 313 1233 333 se
1254 306 1388 334 terriculis
1403 306 1478 334 hisce
1507 313 1556 333 nos
1573 310 1781 333 commoturum.

1038 361 1048 377 α
1061 351 1174 385 Ειιριίεἱι
1188 358 1297 378 censura
1309 353 1334 378 in
1341 353 1453 385 primum
1466 357 1563 378 tomum
1578 351 1690 384 Operam
1701 353 1784 379 sancti

1000 396 1137 425 Athanasii
1159 396 1248 424 Grtrce
1259 403 1283 424 et
1302 397 1393 424 Latine
1412 398 1540 424 editorum
1559 405 1628 424 anno
1649 396 1726 430 1599',
1753 405 1785 425 ea:

999 443 1170 470 translatione
1186 443 1255 470 Petri
1267 438 1377 471 Nannii.

1037 500 1046 515 ι
1063 488 1214 517 Censuraiu
1225 494 1367 517 secundum
1381 495 1478 517 tantum
1492 491 1560 517 dces!
1571 488 1598 517 in
1607 489 1785 523 manuscripto

999 535 1098 562 codice.
1110 546 1119 561 ι

1035 582 1079 609 ll.
1104 578 1167 609 Haec
1184 582 1268 616 probe
1290 579 1445 609 observata.
1467 581 1565 608 V'erum
1582 580 1652 608 haud
1669 580 1784 612 lelicids.

999 628 1025 655 ni
1043 627 1131 659 fallor,
1147 628 1172 654 in
1187 624 1334 660 historlcis,
1350 631 1379 653 ut
1390 628 1465 661 putat
1479 627 1529 654 iste
1537 626 1659 661 quisquis
1677 626 1787 653 sitano-

999 681 1105 709 nymus,
1122 677 1247 701 versatus
1264 673 1388 700 Nannius
1402 677 1456 704 est,
1471 680 1552 707 quam
1565 672 1592 699 in
1613 670 1785 706 theologicis.

998 719 1135 754 Exemplis
1151 719 1176 746 id
1192 718 1278 753 palam
1297 718 1343 746 liat
1362 719 1401 752 (ἀ)
1418 727 1426 745 :
1444 718 1536 750 Οὕτως
1552 717 1605 744 εισι
1623 717 1714 752 πρᾶοι,
1740 717 1788 744 καὶ

998 762 1195 798 φιλάνθρωποι.
1218 762 1264 788 καὶ
1285 762 1330 788 τὸν
1346 762 1445 796 τρόπον
1468 762 1610 792 ἐπιεικεῖς·
1626 760 1724 795 μᾶλλον
1747 759 1785 791 δὲ,

998 808 1135 843 εἰρήσεται
1156 806 1209 842 γὰρ
1230 805 1362 841 τάληθὲς,
1381 805 1493 840 πονηροὶ
1509 805 1556 832 καὶ
1578 804 1680 840 πικροὶθ
1695 804 1742 830 καὶ
1754 805 1786 830 ὲκ

999 853 1090 888 φόϐων
1106 853 1152 880 καὶ
1163 852 1292 882 ἀπειλῶν,
1308 852 1324 887 ἢ
1341 852 1370 884 ἐξ
1379 851 1518 882 εὐσεϐείας
1532 851 1579 877 καὶ
1595 850 1754 881 ἐπιεικείας,
1768 849 1787 876 ἃ.

965 890 985 917 Β
999 900 1055 931 τοῖς
1073 899 1232 930 ἐπισκόποις
1256 898 1367 934 πρέπει,
1387 897 1544 933 τιμώμενοι.
1575 897 1624 925 Ubi
1645 897 1784 924 Nannius:

1002 944 1128 972 Homines
1153 945 1250 972 scilicet
1278 945 1418 971 admodum
1444 945 1594 977 mansueti,
1615 947 1638 970 et
1668 943 1785 970 moribtts

1001 991 1092 1025 aequis,
1107 990 1148 1018 uel
1164 991 1233 1024 quod
1250 991 1335 1018 verius
1349 995 1398 1022 est,
1416 990 1526 1024 improbi
1538 995 1562 1017 et
1577 996 1701 1024 perquam
1712 998 1786 1017 acer-

1001 1036 1036 1067 bi,
1058 1037 1101 1070 qui
1117 1036 1261 1062 terroribus
1283 1041 1307 1063 et
1334 1037 1412 1063 minis
1436 1037 1532 1070 Potius,
1546 1044 1624 1069 quam
1640 1036 1736 1069 pietate
1761 1040 1787 1062 et

1001 1081 1211 1116 tequitate,quod
1220 1081 1352 1116 episcopos
1363 1082 1445 1114 decet,
1455 1082 1488 1107 ad
1502 1088 1590 1113 ρωποι
1600 1081 1783 1116 deproperant.

1002 1127 1083 1154 Vides
1100 1131 1180 1162 quam
1196 1127 1350 1161 importune
1373 1126 1450 1160 illud,
1467 1127 1628 1162 τιμώμενοι,
1643 1127 1678 1154 ad
1697 1132 1785 1161 pientis

1001 1173 1187 1206 deproperant,
1214 1172 1423 1207 interpretetur:
1450 1173 1494 1199 ubi
1517 1173 1687 1204 vertendum,
1704 1178 1786 1200 nono-

1001 1223 1104 1250 rantur,
1127 1217 1178 1251 vel,
1204 1218 1329 1245 honorari
1341 1218 1455 1246 student.
1471 1218 1503 1245 Et
1518 1218 1596 1253 paulo
1604 1223 1682 1253 post:
1694 1219 1787 1254 Κατη-

1000 1263 1079 1299 γορία
1096 1265 1150 1300 γὰρ
1174 1264 1291 1300 ἀληθῶς,
1310 1265 1456 1301 ἀγαπητοὶ,
1478 1264 1512 1291 τὰ
1529 1266 1595 1300 παρ’
1607 1265 1695 1291 αὐτῶν
1711 1265 1787 1299 γενόο

1003 1319 1080 1346 μενα,
1097 1311 1144 1338 καὶ
1158 1311 1251 1338 πασῶν
1268 1311 1398 1338 ἀνωτάτω
1415 1311 1576 1346 κατηγοριαο
1600 1311 1666 1338 ὅπου
1685 1319 1715 1345 γε
1740 1312 1788 1338 καὶ

1002 1357 1110 1384 πάντων
1123 1357 1177 1384 τῶν
1205 1358 1382 1392 ἀνθρωπίνων
1407 1358 1537 1384 ἀνωτάτω
1560 1358 1595 1384 τὰ
1614 1358 1785 1395 δικαστήρια”

1000 1403 1027 1429 τί
1048 1404 1102 1439 γὰρ
1132 1404 1196 1431 ἄλλο
1225 1405 1301 1436 τέλος
1322 1406 1372 1440 τῆς
1393 1405 1438 1431 ἐπὶ
1466 1404 1571 1437 τούτοις
1590 1405 1752 1438 ἐξετάσεως,
1771 1405 1786 1440 ἢ

1001 1449 1114 1482 Θάνατος
1147 1453 1179 1478 ὲκ
1207 1451 1349 1487 βασιλικῆς
1378 1452 1509 1487 κινήσεως
1533 1451 1717 1487 ὲπαγόμενος;
1733 1451 1788 1479 Ca;

1001 1495 1101 1523 lumnia
1115 1497 1182 1524 enim
1200 1502 1248 1528 est,
1264 1497 1364 1531 dilecti,
1384 1505 1462 1532 quam
1492 1503 1589 1524 tentant
1601 1518 1608 1531 ,
1627 1500 1707 1531 eaque
1726 1499 1788 1533 gia-

1001 1543 1105 1569 sissima
1129 1549 1153 1569 et
1165 1543 1280 1570 maxime
1301 1544 1417 1570 omnium
1432 1544 1564 1578 capitalis,
1583 1545 1659 1580 idque
1673 1545 1699 1572 in
1714 1547 1788 1572 ium-

1000 1589 1049 1615 mis
1065 1591 1180 1616 omnium
1201 1597 1286 1616 rerum
1302 1590 1480 1617 humanarum
1504 1589 1692 1618 tribunalibus.
1721 1591 1787 1623 Quis

998 1638 1065 1661 enim
1081 1636 1148 1662 alius
1165 1636 1241 1663 istius
1260 1636 1410 1670 qumstionis
1432 1636 1502 1671 ﬁnis,
1524 1637 1574 1663 nisi
1599 1642 1626 1662 ut
1646 1644 1715 1663 mors
1747 1634 1789 1663 ὴ-

997 1681 1040 1714 gio
1052 1682 1166 1707 tumultu
1178 1679 1327 1716 inferatur?
1343 1680 1420 1714 llluti,
1449 1681 1556 1708 πάντων
1571 1682 1624 1708 τῶν
1647 1681 1788 1717 ἀνθρωπί-

998 1736 1050 1753 νων
1065 1728 1194 1754 ἀνωτάτω
1206 1728 1240 1754 τὰ
1256 1727 1427 1763 δικαστήρια,
1448 1728 1535 1760 palam
1559 1733 1602 1754 est
1624 1727 1787 1762 signiﬁcare,

999 1773 1113 1799 omnium
1123 1770 1296 1800 humanorum
1305 1780 1427 1807 suprema
1435 1773 1591 1807 tribunalia,
1603 1770 1634 1800 ἐκ
1646 1773 1788 1810 βασιλικῆς

1001 1818 1144 1853 κινήσεως,
1164 1825 1244 1852 quam
1268 1826 1360 1853 prave,
1379 1820 1448 1854 regio
1465 1818 1588 1849 tumultu,
1603 1819 1699 1852 reddit,
1727 1826 1788 1845 cum

1000 1863 1058 1890 luce
1075 1863 1174 1890 clarius
1187 1863 1221 1890 sit
1241 1864 1397 1891 vertendum
1419 1866 1488 1895 esse,
1509 1872 1541 1891 ea;
1560 1862 1722 1898 imperatoris
1736 1864 1788 1894 ira.

999 1907 1052 1939 vel,
1066 1913 1217 1934 acommoto
1228 1908 1393 1942 imperatore.
1413 1909 1454 1942 Et,
1475 1909 1569 1943 paucis
1586 1909 1743 1942 inlerjectis,
1760 1913 1790 1935 nt

1000 1954 1091 1981 videas
1124 1954 1216 1987 lector,
1244 1962 1325 1988 quam
1354 1954 1479 1989 frequens
1504 1959 1565 1982 ruat
1590 1949 1721 1986 Nannius,
1734 1955 1790 1982 Καὶ

1000 2000 1121 2034 φονεύειν
1140 2000 1334 2036 ἐπιχειροῦσιν,
1351 2001 1398 2028 ὲὰν
1423 1999 1627 2037 συγχωρῶνται,
1639 2000 1687 2028 καὶ
1704 2001 1790 2028 ποιεῖν

1000 2045 1163 2081 ὲξορίστους·
1185 2047 1411 2083 συνεχωρήθησαν
1437 2048 1490 2083 γὰρ
1512 2047 1559 2074 τοῦ
1581 2047 1789 2082 θεοφιλεστάτου

1000 2092 1104 2128 πατρὸς
1119 2093 1172 2119 τῶν
1187 2093 1317 2128 βασιλέων
1334 2094 1396 2121 ἀντὶ
1416 2094 1529 2121 θανάτου
1540 2095 1574 2131 τῇ
1586 2092 1728 2130 μειαθέσει
1741 2094 1790 2121 τοῦ

1000 2139 1082 2165 τόπου
1099 2139 1145 2166 τὸν
1170 2139 1253 2175 Θυμδν
1269 2140 1358 2167 αὐτῶν
1380 2140 1573 2176 ὲκπλήσαντος.
1592 2140 1641 2167 llic
1659 2140 1790 2172 Nannius.

1001 2193 1054 2212 non
1074 2185 1216 2213 advertens
1231 2186 1263 2213 de
1273 2187 1352 2213 unius
1366 2187 1506 2214 Athanasii
1526 2187 1619 2214 exsilio
1633 2186 1686 2221 agi,
1703 2187 1790 2220 impe-

163 2228 265 2264 opus,
273 2228 401 2255 deducere
412 2229 465 2255 vult
476 2236 550 2255 suam
563 2228 637 2255 illam
658 2228 860 2261 conclusionem,
880 2230 949 2264 quod
965 2234 989 2263 ι)
1002 2231 1053 2258 rite
1069 2232 1148 2258 vertit
1163 2241 1170 2259 :
1185 2233 1236 2258 Aut
1249 2240 1335 2259 necem
1351 2232 1507 2265 moliuntur,
1522 2233 1544 2259 si
1558 2229 1620 2267 ipsis
1635 2231 1724 2263 liceat,
1744 2237 1790 2258 aut

163 2273 255 2301 Julius
278 2274 398 2308 pontifex
423 2274 455 2300 ab
478 2273 592 2300 Eusebio
607 2275 730 2309 episcopo
755 2274 854 2301 Ariona
865 2275 951 2309 judex

164 2319 245 2354 furit
278 2321 454 2351 constitutus,
484 2324 574 2346 notata
604 2325 665 2346 sunt
699 2320 841 2346 Athanasii
861 2321 949 2351 verba,

164 2366 259 2401 quibus
290 2365 335 2392 ills
365 2366 514 2400 oppositum
545 2367 639 2393 asserit
661 2374 670 2392 :
697 2366 781 2400 inquit
807 2366 876 2393 enim
903 2368 950 2402 (e),

164 2413 220 2439 Καὶ
230 2413 254 2438 οι
268 2413 330 2447 περὶ
346 2412 476 2439 Εὐσέσιον
489 2413 536 2439 καὶ
550 2413 617 2449 πρὸς
639 2412 746 2439 Ἰούλιον
760 2412 892 2448 ἔγραψαν,
905 2414 952 2439 καὶ

165 2457 320 2493 νομίζοντες
331 2459 405 2493 ἡμᾶς
420 2459 546 2492 ἐκφοϐεῖν
562 2459 680 2493 ἠξίωσαν
703 2458 809 2485 σύνοδον
827 2459 950 2491 καλέσαι,

165 2504 214 2531 καὶ
240 2504 320 2530 αὐτὸν
345 2505 461 2537 Ἰούλιον,
486 2506 509 2531 sl
540 2505 669 2540 βούλοιτο,
693 2505 790 2541 κριτὴν
814 2506 948 2540 γενέσθαι.

166 2548 291 2577 Nannius
307 2558 317 2578 :
332 2551 400 2584 Quin
417 2557 444 2579 et
457 2551 603 2579 Eusebiani
623 2553 655 2578 ad
669 2551 768 2579 Julium
789 2552 891 2580 litteras
903 2553 953 2579 mi-

166 2603 238 2628 sere,
252 2601 318 2624 etut
333 2598 382 2624 nbs
399 2602 543 2629 terrerent.
555 2598 688 2633 synodum
700 2597 838 2632 jusserunt
850 2605 951 2625 convo-

166 2641 233 2674 cari,
251 2647 278 2669 et
292 2642 343 2677 ipsi
361 2641 440 2674 Julio,
457 2643 480 2670 si
501 2642 592 2676 vellet,
612 2644 753 2671 arbitrium
770 2651 859 2671 causa!
874 2644 951 2671 detu-

166 2685 263 2714 lerunt.
298 2687 455 2714 Vertendum
481 2693 569 2715 autem
590 2694 651 2716 est:
677 2688 747 2722 Quin
769 2693 797 2716 et
818 2689 951 2718 Eusebius

199 2774 240 2812 (ο)
253 2775 315 2812 1.“
329 2775 414 2812 [nunc
430 2781 448 2803 t.
464 2776 518 2811 lvi,
535 2785 561 2811 p.
577 2777 635 2805 162.-

215 2811 240 2846 b)
253 2810 284 2848 ξξ.
299 2810 425 2848 illudne
441 2817 459 2838 t.
476 2810 572 2848 l\].’p.
590 2813 654 2840 διο,

215 2814 240 2846 b)
302 2814 321 2838 ll
341 2814 425 2847 [nunc

201 2814 435 2917 unus

214 2873 243 2917 d')
263 2873 481 2908 Eilii.'C0mmei.
508 2891 534 2916 ιι.
550 2882 611 2914 562,
639 2882 704 2911 Nili.
724 2873 870 2912 i’artsiens.
891 2891 953 2920 pag.

328 2928 463 2958 Pnaot.
481 2928 538 2958 (in.
560 2929 660 2960 XXV.

1004 2276 1096 2303 saltem
1108 2277 1210 2304 exsules
1225 2278 1320 2311 facere.
1335 2270 1411 2310 Quod
1425 2282 1449 2303 et
1465 2278 1667 2312 impetraverunt
1686 2277 1717 2304 ab
1731 2277 1792 2303 reli-

1004 2322 1150 2356 giosissima
1160 2322 1296 2350 Ctzsarum
1309 2329 1394 2356 patre,
1407 2324 1452 2357 qui
1469 2324 1522 2350 iras
1539 2324 1653 2357 ipsorum
1669 2323 1794 2356 oﬂ'ensas-

1005 2376 1064 2401 que,
1081 2375 1140 2394 cum
1151 2369 1318 2405 supplicium.
1329 2369 1443 2401 capitale
1463 2374 1622 2402 posceretur,
1639 2368 1730 2395 exsilio
1745 2368 1794 2393 dn-

1005 2419 1156 2439 mnatorum
1175 2414 1295 2448 explerit.
1310 2413 1349 2441 Ne
1364 2414 1459 2446 multa,
1470 2414 1492 2441 si
1503 2414 1563 2448 quis
1574 2409 1666 2441 Graece
1680 2421 1792 2448 gnarus,

1006 2465 1032 2486 et
1047 2459 1167 2486 historia:
1185 2458 1376 2487 eet-lesiastica:
1388 2459 1502 2494 peritus,
1521 2459 1709 2493 subsequentia
1730 2465 1794 2492 per-

1005 2506 1161 2539 currat,vix
1175 2506 1290 2540 aliquam
1307 2506 1444 2540 periodum
1457 2505 1602 2532 Nanniauis
1616 2505 1734 2539 lapsibus
1747 2512 1794 2530 va-

1005 2560 1084 2580 cuam
1099 2553 1290 2586 deprehendat.
1308 2551 1422 2579 Inferius
1445 2557 1509 2578 vero
1524 2558 1604 2586 quam
1625 2551 1794 2579 incommode

1007 2597 1069 2624 illud
1085 2597 1194 2632 (e),Kat
1213 2597 1372 2632 καθαίρεσιν
1395 2595 1532 2627 ὀνειδίζειν
1550 2594 1624 2630 αὐτῷ
1638 2594 1734 2631 τολμᾷ,
1747 2605 1794 2622 κα-

1007 2643 1142 2679 θαιρεθεὶς
1159 2643 1248 2674 αὐτὸς,
1265 2642 1313 2668 καὶ
1329 2642 1454 2677 μάρτυρα
1468 2640 1518 2675 τῆς
1532 2641 1716 2676 καθαιρέσεως
1724 2641 1793 2677 ἔχων

1006 2689 1055 2722 τὴν
1072 2688 1129 2714 ἀντ’
1150 2687 1232 2714 αὐτοῦ
1258 2687 1290 2721 (Ῑ)
1315 2687 1490 2715 κατάστασιν.
1509 2685 1570 2717 Πῶς
1589 2683 1635 2712 οὖν
1652 2686 1793 2723 ἢαὺτὸςῆ

1009 2777 1073 2807 725.
1085 2776 1141 2803 edit
1153 2775 1250 2811 Venet.
1264 2783 1327 2810 pag.
1343 2776 1388 2804 99.

1055 2811 1078 2845 e)
1088 2811 1158 2838 Edit.
1171 2811 1316 2838 Parisiens.
1331 2819 1356 2844 p.
1369 2810 1430 2838 727.

1055 2813 1078 2845 e)
1088 2813 1158 2838 Edit.
1171 2813 1316 2838 Parisiens.
1331 2819 1356 2844 p.
1369 2813 1430 2838 727.

1045 2813 1078 2883 if)
1097 2846 1141 2883 Sic
1157 2846 1239 2883 pro‘be
1252 2845 1533 2883 AlegitANanniusmon
1556 2846 1613 2873 ἀντ’
1635 2846 1739 2878 αὐτῶν.
1765 2848 1794 2872 ιιι

1009 2880 1090 2910 habet
1100 2881 1182 2910 editio
1199 2880 1368 2910 Parisiensis.
