2000 3045
245 166 300 186 XXII

243 215 366 247 Θεόγνιὺς
386 215 515 249 ﬁdat/aveo
539 215 678 251 καθαιρεῖν
695 215 783 248 ἄλλον,
802 216 876 242 αὐτοὶ
895 215 1022 251 καθαιρε-

242 261 342 293 θέντες.
356 261 403 288 καὶ
428 262 487 292 ταῖς
503 261 559 287 ἀντ’
571 261 660 288 αὐτῶν
675 261 868 288 καταστάσεσιν
879 262 1023 298 ἐλεγχόμε-

241 317 295 342 νοι;
324 307 418 334 Οἴδατε
447 308 500 343 γὰρ
526 306 664 343 ἀκριϐῶς]
691 309 732 335 ὃτι
766 308 886 343 Ἀμφίων
917 308 966 344 μὲν
994 310 1022 335 ὲν

240 353 416 388 Νικομηδείᾳ,
428 353 549 388 Χρηστὸς
561 353 589 380 δὲ
599 354 627 379 ὲν
638 354 738 389 Nimia.
752 353 954 389 κατεστάθησαν
965 354 1022 380 ἀντ’

240 399 340 427 αὐχῶν.
360 399 409 428 Ubi
421 399 563 427 Nannius:
587 400 642 427 Nec
657 405 757 427 veretur
778 401 801 426 ei
830 400 939 434 objicere
965 400 1022 435 ejus

239 446 377 480 dignitatis
393 446 645 478 exauctorationem,
664 446 718 479 ipse
730 446 834 473 interim
848 446 960 472 maxime
975 453 1021 472 ea;-

240 494 410 522 auctoratus,
427 495 454 517 ut
469 490 513 525 qui
532 498 586 518 sua
607 491 827 517 exauctorationis
846 491 1022 517 testimonium

239 540 263 562 st
278 540 457 570 argumentum
468 536 494 562 in
509 536 565 569 ipsa
577 535 618 562 sui
634 536 816 562 constitutione
829 535 958 562 ostendat.
970 536 1022 568 Qui

239 582 320 617 igitur
327 581 364 608 vel
372 581 426 615 ipse
435 581 474 608 vel
488 580 634 616 Theognius
649 585 788 615 potuerunt
802 581 870 608 alios
885 582 1020 614 deponere,

240 627 290 661 ipsi
309 626 421 661 depositi
436 631 460 654 et
478 628 652 660 exauctorati,
683 633 706 654 et
723 627 783 654 vitio
805 635 860 654 sua:
879 627 1020 654 creationis

238 673 353 707 famosi?
363 672 432 700 Bene
440 672 567 708 siquidem
585 674 715 708 cognitum
728 673 839 705 habetis,
851 673 1020 707 Amp/tionem

240 717 402 745 Nicomedia
414 718 441 745 in
453 727 541 746 eorum
555 719 639 745 locum
724 719 854 752 episcopos
866 719 1020 745 constitutos

237 772 302 791 esss.
317 763 366 792 Ubi
383 765 538 791 vertendum
556 763 615 796 fuit,
630 769 658 791 ut
670 764 783 798 quisque
796 763 836 790 vel
852 763 1021 790 mediocriter

237 810 340 844 peritus
367 809 489 837 advertat
509 819 516 836 :
546 810 582 836 Ac
610 809 795 843 depositionem
810 809 860 843 ipsi
880 807 1020 844 (Eusebius

237 854 393 890 Athanasio)
406 855 561 890 exprobrare
570 863 620 882 non
629 860 740 887 veretur,
751 863 809 882 cum
821 855 875 889 ipse
887 854 1020 888 depositus

235 900 327 936 fuerit,
335 907 365 926 ac
379 907 408 926 eo
421 899 477 933 ipso
487 904 575 926 testem
589 899 756 935 depositionis
767 906 823 926 sua:
833 898 937 932 habeat,
948 900 1018 934 quod

236 946 305 973 alter
318 947 375 981 ejus
394 947 451 974 loco
468 948 590 982 suffectus
603 948 647 975 sit.
668 947 804 981 Quomodo
815 950 898 984 igitur
915 953 953 979 vel
963 953 1017 987 ipse

235 992 274 1017 t'el
290 990 436 1026 Theognius
461 992 543 1018 alium
570 993 697 1026 deponere
720 998 870 1028 potuerunt,
887 1004 946 1023 cum
965 998 1016 1031 ipsi

235 1037 346 1071 depositi
360 1039 432 1070 sint;
454 1043 481 1065 ut
495 1038 533 1065 vel
549 1039 609 1066 hinc
631 1040 763 1074 arguitur,
774 1042 843 1074 quod
863 1043 910 1070 alii
926 1051 1015 1070 eorum

235 1083 292 1110 loco
309 1084 360 1110 sint
376 1084 529 1110 constituti?
542 1083 626 1111 Probe
636 1086 730 1113 etenim
738 1087 830 1119 nostis,
847 1088 1015 1122 Amphionem

236 1128 409 1162 Nicomedite,
424 1129 558 1157 Chrestum
574 1130 672 1158 Nictm
684 1140 773 1160 eorum
785 1133 842 1160 loco
854 1134 935 1168 fuisse
945 1135 1016 1161 ordi—

234 1179 320 1202 lator.
336 1173 384 1201 Est.
398 1174 442 1201 ubi
453 1174 572 1201 Nannius
587 1176 694 1203 nomina
704 1177 810 1212 propria
820 1185 872 1206 non
882 1179 1014 1212 advertat,

234 1223 261 1246 et
273 1220 348 1253 quasi
365 1219 436 1254 aliud
455 1227 534 1254 quam
552 1228 647 1248 nomen
659 1222 708 1249 viri
721 1222 912 1258 signiﬁcarent,
930 1225 1013 1252 inter-

233 1269 361 1299 pretetur.
380 1265 458 1292 Sicin
475 1266 588 1300 episwla
608 1267 749 1295 Alexandri
767 1268 1013 1298 Thessalonicensis

234 1311 301 1343 haec,
317 1311 410 1342 Ὅπως
427 1311 476 1345 μὲν
501 1309 548 1338 οὖν
570 1312 723 1348 διεκείμεθα
753 1315 816 1350 περὶ
841 1315 885 1342 τὸν
905 1317 1013 1352 μνήμης

233 1354 306 1387 ἄξιον
321 1356 453 1389 Enimn,
465 1357 519 1384 οὐδ’
531 1357 609 1389 αὐτὸς
622 1359 738 1392 ἀγνοεῖς,
754 1360 789 1387 ita
799 1361 878 1388 vertit
889 1360 942 1396 (a):
956 1362 1012 1395 Quo

233 1401 315 1436 igitur
337 1410 383 1429 nos
400 1401 495 1436 affectu
512 1410 566 1430 esse
578 1411 639 1438 erga
656 1413 723 1434 eum.
739 1405 784 1440 qui
808 1406 846 1433 ita
861 1407 945 1433 virum
957 1415 1012 1434 me-

232 1447 316 1474 moria
331 1447 436 1482 dignum
455 1448 484 1474 in
509 1456 536 1475 se
553 1455 697 1481 conseri-at,
711 1451 855 1480 existimas.
878 1451 926 1479 llbi
954 1453 1012 1480 haec

233 1498 296 1519 vera
310 1492 517 1528 interpretatio:
537 1493 595 1526 Quo
610 1495 689 1529 igitur
705 1495 801 1529 affectu
812 1495 938 1530 fuerimus
950 1505 1010 1532 ergo

233 1537 369 1565 Sozontent
394 1540 519 1566 memoria
534 1540 641 1574 dignum
663 1541 756 1575 virum,
774 1542 954 1577 nonignoras.
979 1543 1010 1570 Et

231 1584 259 1610 in
274 1583 392 1618 Epistola
410 1584 540 1619 encyclica
555 1584 605 1620 (b),
617 1584 681 1612 olim
698 1587 731 1612 ad
745 1587 903 1614 orthodoxae
914 1588 1011 1616 inscri-

230 1636 287 1666 pta,
304 1632 401 1658 Πιστόν
417 1638 512 1659 nomen
535 1633 689 1667 proprium,
705 1633 787 1667 ﬁdum
802 1641 943 1669 perperam
968 1636 1010 1662 in-

231 1681 393 1711 terpretatus
405 1682 469 1716 est:
486 1686 546 1713 qua:
559 1686 611 1706 vox
628 1679 776 1706 inconsulte
790 1684 831 1706 est
842 1687 855 1706 a
870 1680 1009 1708 Parisien-

231 1722 307 1749 sibus
318 1723 467 1750 editoribus
482 1724 509 1751 in
529 1724 678 1760 Γρηγὸριον
695 1730 869 1753 commutata.
888 1725 1010 1754 Innume-

232 1774 262 1794 ra
285 1768 413 1802 proferre
433 1776 550 1804 possem,
572 1770 670 1805 quibus
697 1771 818 1799 eruditus
846 1771 930 1799 lector
952 1772 1011 1801 luce

231 1813 330 1842 clarius
343 1814 369 1841 id
382 1815 557 1850 perspiceret,
574 1823 627 1843 non
645 1816 753 1844 licuisse
769 1817 847 1844 nobis
869 1817 1010 1845 Nanniana

231 1859 269 1886 uti
285 1859 424 1892 versione;
438 1861 544 1894 quando
576 1865 628 1888 tam
646 1862 728 1889 multa
747 1863 912 1890 immutanda
931 1871 1011 1898 opor-

231 1905 292 1938 tuit,
306 1909 335 1932 ut
350 1905 392 1932 vix
408 1905 503 1933 Nannii
521 1907 608 1934 versio
618 1908 717 1935 exinde
732 1909 821 1936 vocari
835 1914 925 1944 posset
940 1919 947 1936 :
964 1917 1010 1936 ve-

229 1957 289 1976 rum
304 1958 337 1977 ne
351 1950 378 1977 in
395 1958 425 1978 re
439 1956 501 1978 nota
515 1957 544 1980 et
559 1953 714 1988 pervulgata
728 1953 827 1981 multus
850 1959 877 1982 et
892 1954 1010 1982 insolens

230 1994 294 2027 sim,
320 1995 435 2023 libenter
459 1996 565 2030 ingrato
583 1996 673 2025 labore
703 1998 875 2032 supersedeo.
898 1998 1010 2026 Miretur

228 2044 318 2068 autem
341 2045 437 2069 acutus
452 2041 564 2075 quilibet
577 2042 646 2069 inter
660 2042 897 2077 praestantissimae
923 2051 1009 2071 annu-

230 2091 372 2119 rneratam,
389 2090 417 2113 et
442 2087 550 2121 quidem
574 2095 588 2114 a
604 2088 689 2115 doctis
705 2087 782 2120 viris,
795 2087 891 2116 Nannii
906 2090 1008 2117 versio-

228 2138 305 2164 nem;
327 2135 356 2157 ut
372 2131 507 2166 propalam
523 2132 558 2158 sit
579 2132 726 2159 istiusmodi
749 2132 852 2167 judiees
875 2132 902 2159 in
916 2133 1008 2161 confe-

228 2176 310 2204 renda
329 2183 389 2203 cum
402 2175 503 2205 Graecis
524 2177 567 2204 illa
593 2177 813 2213 interpretatione
829 2185 880 2205 non
894 2179 1006 2206 multum

225 2221 274 2248 otii
299 2222 507 2257 consumpsisse.
536 2222 667 2250 Nimirum
699 2222 799 2257 decipit
821 2223 894 2251 frons
921 2225 1006 2260 prima

226 2265 344 2293 multos:
361 2274 421 2294 cum
437 2268 508 2294 enim
519 2267 546 2294 in
559 2267 618 2296 loca
635 2268 757 2303 quaedam
772 2268 886 2296 feliciter
902 2270 1006 2298 reddita

225 2318 289 2338 casu
303 2311 459 2339 incidissent
477 2313 514 2348 (et
529 2319 592 2340 sunt
605 2313 721 2342 fatemur
732 2314 862 2348 ejusmodi
875 2322 927 2343 non
940 2323 1007 2351 pau-

225 2357 280 2391 ca),
296 2358 330 2385 de
355 2358 458 2385 caeteris
483 2358 664 2393 conjecturam
691 2359 825 2387 fecerunt.
844 2361 1007 2389 Auctoribus

225 2402 307 2438 igitur
319 2407 346 2430 et
360 2405 570 2432 consuasoribus
587 2404 632 2432 cll.
648 2404 704 2432 VV.
727 2404 831 2441 Bigotio
852 2411 878 2434 et
892 2406 1004 2442 Cangio,

224 2455 291 2482 quos
310 2453 504 2478 memorantem

328 2530 466 2557 Χαλεπὸν
477 2530 529 2565 ἐμὲ
545 2531 655 2564 πένθος
668 2531 772 2564 ἱκάνει,

224 2618 257 2644 ad
268 2625 362 2646 novam
375 2619 505 2648 edendam
527 2621 679 2650 versionem
702 2622 820 2650 animum
843 2623 1003 2658 appulimus,

224 2663 273 2689 etsi
283 2670 337 2690 rem
351 2665 460 2693 arduam
480 2667 537 2694 fore
553 2667 793 2702 prospiciebamus.
809 2667 914 2696 Etenim
923 2676 1003 2704 quam

224 2708 330 2737 diﬁicile
348 2711 384 2737 sit
397 2711 430 2738 ad
455 2717 492 2739 tot
507 2713 673 2741 eruditorum
689 2717 781 2742 nulum
801 2721 834 2743 ae
847 2715 1007 2742 sententiam

223 2754 316 2784 Graeca
333 2754 425 2784 Latine
439 2756 513 2790 dare,
529 2758 590 2787 hinc
614 2759 714 2794 palam,
736 2759 807 2795 quod
834 2759 1008 2795 quantumvis

257 2835 295 2867 (α)
308 2834 377 2870 ﬁdit.
392 2835 534 2862 Parisiens.
549 2844 566 2870 p
591 2837 652 2865 783.

257 2870 294 2904 (ὁ)
310 2869 380 2898 Edit.
396 2870 536 2899 Parisietts.
551 2869 578 2906 ii.
592 2872 644 2900 948

911 156 1174 185 PROLEGOMENA.

1038 221 1060 248 Α
1076 215 1150 242 multi
1162 215 1215 242 sint
1234 215 1279 250 qui
1302 215 1398 242 librum
1416 215 1539 243 eumdem
1565 221 1669 244 vertere
1683 218 1795 245 seorsim
1808 224 1856 254 ng-

1073 260 1236 296 gredianlur,
1255 267 1288 288 ne
1309 260 1361 288 duo
1380 261 1487 295 quidem
1502 262 1622 289 eamdem
1640 270 1751 297 prorsus
1767 263 1852 290 inter-

1073 306 1246 340 pretationem
1264 306 1355 334 edant.
1377 305 1414 333 Ea
1429 313 1509 341 porro
1524 306 1574 333 fuit
1590 307 1703 335 instituti
1719 308 1802 335 nostri
1812 317 1854 336 ra-

1073 352 1122 383 tio,
1143 357 1172 379 ut
1190 352 1391 387 interpretando
1414 353 1528 380 mediam
1544 360 1592 380 ceu
1613 353 1681 379 viam
1702 358 1854 381 teneremus

1072 397 1141 423 inter
1166 398 1394 434 παραφραστικήν
1421 398 1542 424 vertendi
1571 397 1713 431 rationem,
1746 403 1772 425 et
1792 399 1854 425 stri-

1071 451 1164 479 gosam
1180 444 1251 471 illam
1272 445 1362 478 aliam,
1390 453 1449 480 qua:
1464 445 1556 473 Graeca
1571 453 1586 473 e
1609 446 1721 480 vestigio
1741 451 1768 473 et
1783 447 1853 473 κατὰ

1071 490 1139 516 πόδα
1162 495 1332 518 consectatur
1347 499 1354 518 :
1370 497 1450 526 atque
1476 492 1512 519 ita
1530 491 1622 519 Grtcca
1637 492 1811 525 reddidimus,
1825 498 1854 520 ut

1070 537 1157 571 quoad
1173 535 1287 564 facultas
1303 537 1372 569 tulit,
1389 545 1403 564 a
1419 537 1610 564 consuetudine
1633 537 1735 564 Latinae
1757 538 1852 572 lingua:

1073 589 1124 608 non
1140 581 1349 620 deﬂecteremns.
1365 582 1384 609 A
1401 583 1511 610 vocibus
1522 587 1609 609 tamen
1620 587 1747 618 perpetuo
1759 591 1807 610 usu
1824 585 1849 610 in

1072 626 1191 654 Ecclesia
1214 627 1351 659 admissis,
1370 627 1419 654 etsi
1435 626 1529 654 Latine
1552 627 1639 654 minus
1651 627 1767 660 usitatis,
1799 636 1850 655 non

1070 672 1257 705 abstinuimus,
1284 677 1312 699 ut
1339 676 1401 700 sunt
1426 672 1541 706 exempli
1564 679 1654 705 causa,
1673 673 1850 707 mortificatio,

1070 718 1215 750 tribulatio,
1235 719 1390 752 persecutio,
1405 722 1432 745 et
1446 717 1505 745 alia:
1519 718 1544 745 id
1558 726 1650 753 genus.
1665 719 1726 753 quia
1741 719 1851 753 potissi-

1070 770 1141 789 mum
1158 767 1265 790 exstant
1278 765 1303 790 in
1321 762 1433 798 Vulgata
1449 768 1552 797 nostra,
1573 767 1600 791 et
1613 771 1626 790 a
1643 763 1770 792 Patribus
1794 765 1849 792 fre-

1069 813 1241 846 quentantur.
1264 808 1318 837 Nec
1336 809 1484 845 morigeros
1494 816 1553 836 esse
1572 809 1658 836 visum
1672 814 1713 837 est
1732 809 1775 844 iis,
1804 811 1849 845 qui

1069 853 1165 881 oblitas
1181 854 1257 882 Latio
1270 862 1349 882 voces
1365 859 1418 882 tam
1431 854 1524 882 sedulo
1537 859 1714 889 aucupantur,
1725 860 1754 882 ut
1767 856 1848 883 etiam

1070 900 1222 934 importuno
1236 901 1361 935 scrupulo
1374 908 1388 927 a
1405 902 1490 933 suavi,
1507 905 1533 929 et
1545 900 1578 927 ab
1591 901 1654 941 ipsis
1668 900 1793 929 Ecclesia:
1807 901 1848 929 in-

1069 945 1208 973 cunabulis
1233 946 1332 981 ubique
1359 951 1464 981 recepta
1486 946 1654 974 SALVATORIS
1679 955 1743 974 voce
1764 947 1849 974 absti-

1070 996 1161 1019 neanl.
1176 991 1277 1019 Contra
1291 999 1354 1019 vero
1369 991 1462 1026 religio
1477 991 1527 1019 fuit
1544 1000 1650 1019 sacrum
1666 1000 1762 1020 nomen
1787 1000 1848 1020 cum

1069 1036 1129 1064 aliis
1148 1042 1321 1069 commutare,
1337 1037 1387 1064 etsi
1416 1037 1499 1072 magis
1513 1037 1546 1064 ad
1563 1037 1663 1065 Latinae
1679 1037 1774 1072 linguae
1786 1037 1850 1064 idio-

1069 1088 1112 1108 ma
1142 1081 1353 1108 accedentibus:
1380 1089 1440 1108 cum
1471 1081 1587 1108 maxime
1619 1081 1787 1116 exploratum
1813 1083 1850 1109 sit

1069 1125 1126 1153 voci
1139 1126 1234 1161 Σωτήρ
1253 1126 1352 1153 nullam
1370 1133 1384 1153 e
1398 1126 1502 1153 Latinis
1520 1127 1601 1162 probe
1613 1134 1770 1162 congruere.
1781 1127 1848 1154 Audi

1070 1170 1186 1197 Tullium
1205 1170 1241 1206 (c)
1260 1179 1267 1197 :
1281 1170 1374 1206 Itaque
1387 1179 1445 1197 eum
1458 1179 1509 1198 non
1523 1171 1608 1198 solum
1619 1177 1758 1206 patronum
1772 1172 1848 1199 istius

1067 1215 1170 1248 insula',
1192 1216 1237 1242 sed
1255 1216 1334 1243 etiam
1349 1223 1454 1243 SOTERA
1468 1217 1622 1251 inscriptum
1635 1217 1686 1244 uidi
1698 1216 1846 1252 Syracusis.

1069 1261 1125 1288 Hoc
1138 1267 1265 1296 quantum
1282 1266 1318 1287 est
1329 1261 1341 1287 2
1354 1260 1394 1287 Ita
1405 1269 1538 1296 magnum,
1556 1267 1582 1288 ut
1598 1261 1692 1288 Latino
1710 1270 1761 1289 uno
1773 1262 1847 1289 verba

1066 1306 1176 1341 exprimi
1191 1314 1242 1332 non
1255 1307 1345 1340 possit.
1361 1306 1389 1332 Is
1404 1307 1575 1333 estnimirum
1586 1314 1671 1334 sorex
1683 1308 1727 1342 qui
1735 1307 1845 1334 salutent

1065 1351 1147 1378 dedit.
1169 1351 1278 1379 Frustra
1298 1352 1380 1387 igitur
1391 1359 1495 1386 quteras
1515 1352 1583 1386 apud
1599 1353 1722 1388 antiquos
1744 1353 1846 1380 Latini-

1067 1397 1129 1424 tatis
1152 1402 1277 1425 auctores
1305 1404 1399 1425 vocem
1419 1404 1478 1431 quae
1491 1397 1535 1424 isti
1548 1397 1642 1432 Σωτήρ
1661 1398 1819 1432 respondeat
1836 1406 1842 1424 :

1065 1447 1228 1477 quapropter
1243 1442 1321 1477 vulgo
1336 1441 1484 1470 Saluatoris
1497 1449 1556 1468 eam
1572 1442 1679 1469 nomine
1696 1442 1843 1475 reddimus,

1065 1493 1125 1513 raro
1144 1486 1304 1519 Sert'atoris;
1319 1495 1333 1513 a
1350 1486 1459 1521 reliquis
1476 1493 1551 1518 vero,
1569 1493 1654 1521 nuper
1673 1486 1843 1521 excogitatis.

1064 1536 1153 1566 utpote
1168 1532 1393 1564 insolentioribus,
1409 1532 1584 1558 abstinemus.
1598 1531 1690 1559 Sicubi
1703 1538 1782 1566 porro
1798 1539 1844 1558 sn-

1035 892 1055 919 Β

1023 1565 1044 1594 c
1061 1565 1166 1605 blimior
1191 1585 1233 1605 res
1258 1578 1355 1612 agitur,
1384 1581 1413 1604 ut
1433 1575 1573 1605 Trinitatis
1591 1565 1844 1612 1ncarnalioni.-que

1061 1623 1138 1655 ratio,
1155 1628 1209 1649 tum
1227 1622 1390 1657 simpliciore
1402 1630 1496 1649 vocum
1509 1630 1556 1649 usu
1571 1622 1661 1649 omnia
1676 1622 1839 1657 interpreta-

1061 1675 1134 1700 mur,
1154 1674 1215 1694 nam
1229 1667 1256 1694 in
1281 1667 1367 1699 hisce,
1383 1666 1517 1694 aitlulius
1537 1674 1616 1702 papa,
1638 1674 1689 1694 nan
1703 1668 1840 1702 specimen

1060 1713 1219 1748 eloquentia:
1233 1713 1404 1747 quaerendum
1417 1718 1469 1740 est.
1488 1712 1517 1740 Si
1533 1718 1678 1740 occurrunt
1693 1712 1840 1748 Scriptura:

1060 1766 1144 1787 sacra:
1157 1758 1225 1791 loca,
1242 1759 1392 1793 Vulgatam,
1407 1759 1449 1786 ubi
1467 1766 1511 1785 res
1527 1758 1586 1789 fert,
1606 1759 1743 1793 sequimur
1760 1767 1767 1785 :
1792 1760 1839 1786 sed

1060 1806 1166 1841 quando
1174 1813 1206 1832 ex
1223 1804 1311 1833 Veteri
1326 1804 1500 1832 Testamento
1522 1805 1663 1832 sententia:
1681 1804 1840 1836 afferuntur,

1059 1851 1120 1886 quia
1135 1851 1290 1886 plerumque
1314 1850 1425 1885 Vulgata
1454 1857 1513 1884 quae
1527 1856 1561 1876 ex
1579 1849 1690 1877 Hebraeo
1711 1856 1840 1884 expressa

1060 1894 1118 1927 fuit,
1131 1902 1190 1921 cum
1205 1893 1305 1922 Graecis
1320 1893 1493 1929 Septuaginta
1509 1901 1561 1921 non
1574 1894 1709 1926 convenit,
1725 1898 1780 1921 tum
1794 1902 1841 1921 ne-

1059 1948 1133 1968 cesse
1147 1947 1255 1974 prorsus
1261 1945 1302 1967 est
1315 1940 1410 1967 littera:
1417 1939 1538 1972 obsequi,
1547 1939 1679 1974 aliamque
1690 1940 1840 1968 versionem

1059 1993 1155 2020 parare
1171 1996 1177 2012 :
1201 1985 1255 2013 imo
1277 1987 1356 2013 etiam
1372 1993 1432 2013 cum
1462 1985 1571 2020 Vulgata
1587 1989 1677 2012 nostra
1692 1993 1725 2012 ex
1739 1986 1840 2013 Graecis

1058 2030 1226 2065 exprimitur,
1243 2038 1295 2057 non
1308 2038 1371 2058 raro
1388 2031 1421 2058 ab
1431 2038 1462 2057 ea
1478 2030 1598 2058 nonnihil
1609 2029 1748 2058 deﬂectere
1763 2037 1840 2064 opor-

1059 2079 1106 2108 tet,
1119 2075 1174 2102 sive
1185 2075 1263 2102 lectio
1293 2076 1409 2108 diversa,
1424 2076 1481 2104 sive
1494 2075 1632 2103 Athanasii
1655 2083 1731 2103 mens
1758 2076 1838 2103 aliam

1058 2122 1305 2156 interpretationem
1321 2122 1439 2158 postulet
1457 2131 1464 2149 :
1494 2122 1565 2156 quod
1597 2122 1668 2149 haud
1693 2129 1755 2150 raro
1775 2129 1839 2149 eve-

1058 2166 1106 2192 nit.

1092 2211 1218 2239 Ordinem
1243 2211 1314 2246 quod
1338 2216 1454 2247 spectat,
1471 2220 1523 2240 una
1543 2212 1620 2240 nobis
1644 2211 1695 2239 fuit
1709 2212 1837 2246 temporis

1022 2247 1046 2277 D
1059 2257 1136 2289 ratio,
1145 2257 1264 2284 omnium
1276 2257 1378 2285 scilicet
1389 2258 1618 2293 opportunissima
1631 2265 1691 2284 cum
1705 2257 1738 2284 ad
1754 2257 1838 2285 histo-

1057 2303 1125 2330 riam
1139 2307 1166 2330 et
1183 2303 1396 2338 chronologiam,
1414 2309 1468 2331 tum
1484 2303 1517 2331 ad
1531 2303 1663 2338 judicium
1679 2303 1784 2335 νοθείας
1795 2303 1838 2330 vel

1056 2350 1232 2385 γνησιότητος
1247 2349 1396 2377 ferendum.
1423 2350 1629 2377 Admonitiones
1654 2349 1750 2383 cuique
1767 2348 1837 2376 libro

1055 2400 1102 2422 aut
1116 2395 1235 2430 epistolae
1249 2403 1256 2428 ;
1273 2395 1314 2422 vel
1329 2395 1415 2422 sicubi
1431 2395 1508 2430 plura
1529 2398 1657 2429 opuscula
1681 2399 1775 2421 mutuo
1791 2401 1838 2420 co—

1056 2442 1169 2472 haerent,
1185 2441 1318 2476 pluribus,
1336 2441 1528 2476 praemisimus.
1544 2440 1582 2468 lbi
1601 2445 1706 2474 tempus
1722 2439 1835 2466 investi—

1056 2495 1168 2522 gamus;
1191 2494 1258 2522 opus
1279 2494 1437 2522 germanum
1463 2493 1534 2520 esse,
1563 2494 1624 2514 cum
1651 2494 1694 2514 res
1708 2486 1836 2521 postulat,

1056 2532 1146 2567 palam
1161 2532 1274 2560 facimus
1288 2541 1295 2565 ;
1311 2540 1371 2568 quat
1386 2532 1543 2560 dill'icillima
1551 2537 1699 2560 occurrunt
1714 2531 1832 2566 explica-

1057 2585 1127 2611 mus,
1143 2581 1273 2612 quantum
1290 2579 1316 2605 in
1331 2579 1410 2607 nobis
1425 2579 1506 2606 situm
1528 2583 1582 2607 est.
1610 2578 1739 2606 Monitum
1755 2584 1835 2612 porro

1056 2622 1182 2650 lectorem
1198 2623 1331 2656 volumus,
1346 2632 1394 2652 nas
1410 2624 1448 2652 sic
1464 2625 1554 2652 omnia
1569 2629 1742 2659 temperasse,
1754 2627 1783 2649 ut
1801 2630 1837 2650 ne

1057 2668 1139 2695 nimia
1170 2673 1294 2695 notarum
1331 2669 1488 2703 prolixitate
1517 2669 1567 2704 ipsi
1595 2676 1721 2697 nauseant
1754 2666 1838 2695 molo-

1055 2713 1170 2740 stiamve
1189 2721 1367 2741 crearemus:
1389 2721 1420 2741 ac
1437 2714 1517 2741 multa
1541 2713 1662 2742 eonsulto
1684 2712 1835 2748 prmeritu-

1056 2759 1133 2792 sisse,
1154 2760 1216 2795 quia
1245 2760 1287 2787 vel
1314 2760 1340 2787 in
1368 2759 1539 2788 Onomastico
1557 2760 1700 2796 explanata
1721 2763 1793 2793 sunt,
1811 2761 1837 2791 si

1088 2839 1124 2875 (ε)
1137 2838 1169 2867 In
1186 2838 1258 2867 Verr.
1273 2847 1309 2868 iv.
