2000 3045
667 145 850 174 PRtEl-‘ATIO
868 145 1042 174 EDITIONIS
1063 144 1310 173 BENEDICTlN/E.

1723 140 1787 178 xxvi

178 211 230 241 qua
255 211 336 232 voces
357 207 497 240 spectant;
515 204 556 232 vel
580 205 604 232 in
619 204 760 232 Athanasii
780 203 851 237 Vita,
869 204 891 231 si
906 210 959 238 qua
974 205 997 234 Α
1011 202 1070 230 loco
1084 203 1132 238 (α),
1147 203 1323 230 Athanasium
1340 201 1449 236 Basilio,
1464 195 1594 239 Gregorio
1609 209 1637 232 et
1650 205 1788 238 Apollina-

178 249 339 283 bistoriam;
357 249 398 276 vel
424 249 450 276 in
475 248 595 282 Munitis,
612 250 633 277 si
649 258 701 285 qua
724 257 768 278 res
786 250 910 277 diversas
932 254 959 277 et

179 295 325 323 insolentes
337 304 344 328 ;
355 300 383 322 ut
397 295 481 330 possit
492 296 605 330 quisquc
613 296 732 323 animum
746 294 855 331 explere
869 302 957 329 suurn.

180 341 264 368 Dubia
278 345 304 368 et
318 341 409 375 spuria
427 341 453 368 in
467 343 612 368 secundum
633 346 735 369 lomum
751 340 800 377 (ι),
814 340 960 375 praemissis

178 386 283 419 νοθείας
298 387 392 422 signis,
407 386 601 421 ablegavimus.
626 386 730 420 Quanto
755 390 843 414 autem
869 386 960 414 labore

178 439 210 459 ac
233 432 322 460 studio
343 432 574 464 contenderimus,
592 437 621 459 ut
639 433 659 460 si
676 440 727 467 qua
746 432 861 460 laterent
873 433 897 460 in
911 440 959 460 va-

179 478 226 505 riis
240 477 352 512 Europae
369 477 541 506 bibliothecis
566 478 706 506 Athanasii
723 486 803 513 opera
821 486 872 506 non
888 479 959 506 edita

179 523 426 551 transmitterentur
454 523 547 555 nobis,
583 524 662 551 tidem
690 531 770 560 spero
800 524 818 551 ii
848 524 959 558 facient,

179 572 310 604 quotquot
321 569 473 597 ministerio
496 574 576 603 atque
597 569 692 597 oﬂlciis
714 577 744 597 ea
762 571 787 598 in
803 578 832 598 re
852 570 894 598 usi
913 578 959 597 su-

180 622 249 643 mus.
266 615 298 642 Et
317 622 383 643 sane
397 615 466 642 bene
480 615 564 642 multa
576 615 632 650 jam
653 616 770 650 primum
795 616 959 644 Athanasia-

180 661 223 688 nis
235 660 367 688 accedunt
378 661 434 688 sive
449 661 583 688 hactenus
600 661 713 693 inedita,
732 662 790 689 sive
807 662 852 689 hic
864 662 920 689 illic
933 662 959 689 in

180 705 260 733 editis
275 705 357 733 variis
370 705 511 734 distracta.
535 705 600 738 Quae
620 706 711 733 omnia
734 707 880 734 observare
899 708 961 735 licet

180 751 207 779 in
223 751 347 787 catalogo
369 751 426 779 suis
440 751 568 779 distincta
585 752 666 779 nolis.
682 751 709 779 ln
726 752 879 785 ἁνεκδότοις
896 761 960 781 vero

180 796 250 824 mole
272 801 297 824 et
317 798 406 832 pretio
429 797 516 824 anteit
541 796 749 825 Commentarius
774 798 800 824 in
823 797 958 831 Psalmos,

180 842 224 876 qui
246 849 278 870 ex
299 841 484 877 compluribus
510 843 701 878 manuscriptis
722 842 777 877 jam
797 843 912 878 primum
932 843 958 870 in

179 887 267 915 lucem
284 888 383 922 prodit,
395 892 423 916 et
437 888 545 923 quidem
564 888 665 924 ingenti
681 888 773 915 labore
794 889 957 923 exscriptus,
975 880 995 908 Β

180 938 209 960 ιιι
225 933 345 968 pluribus
359 935 392 961 ad
408 933 523 961 frontem
536 934 625 969 operis
643 934 785 961 indicatur.
802 933 855 961 Sed
867 935 958 969 quanti

179 980 285 1015 quanti,
302 981 370 1008 bene
383 980 484 1008 emitur
503 980 574 1015 quod
587 986 696 1007 necesse
713 984 765 1007 est.
781 978 821 1006 Ne
840 980 903 1015 qttid
921 980 960 1006 le-

179 1027 264 1055 ctoris
284 1026 431 1055 commodis
452 1028 567 1060 deesset,
589 1026 788 1059 Onomasticon,
811 1027 899 1061 quoad
925 1026 961 1054 fa-

179 1073 266 1101 cultas
287 1073 358 1106 tulit,
381 1072 618 1101 accuratissimum
635 1072 732 1099 damus
748 1079 781 1099 ac
805 1080 858 1100 non
873 1072 960 1099 Atha-

180 1117 247 1146 nasii
261 1119 350 1152 modo,
369 1118 416 1146 sed
432 1117 546 1145 aliorum
571 1117 651 1144 etiam
667 1116 779 1144 Patrum
795 1118 906 1153 scriptis
920 1118 960 1145 in-

180 1163 332 1199 telligendis
354 1169 595 1199 peropportunum.
620 1161 713 1191 Varias
735 1164 863 1192 lectiones
890 1164 961 1192 notis

180 1209 347 1237 intermistas
369 1209 402 1237 ad
417 1210 499 1237 imum
518 1209 623 1244 paginae
640 1208 760 1237 locamus
778 1218 785 1236 :
809 1217 870 1244 qua
891 1210 961 1238 ratio

179 1256 300 1284 omnium
313 1259 354 1283 est
365 1255 593 1283 commodissima.
608 1254 750 1283 Lectiones
772 1260 863 1284 autem
878 1256 959 1284 etiam

179 1309 237 1335 eas,
253 1309 311 1335 quae
325 1302 398 1336 parvi
413 1301 492 1337 pretii
510 1302 646 1334 videntur,
659 1309 712 1328 non
734 1301 862 1329 duximus
877 1302 958 1338 negli-

179 1347 298 1382 genitas;
315 1347 341 1374 id
356 1347 419 1374 licet
435 1352 556 1374 nostrum
570 1345 707 1374 Gallorum
721 1348 827 1382 genium
843 1355 895 1375 non
914 1356 960 1375 sa-

180 1392 246 1426 piat,
261 1397 289 1420 ut
301 1393 422 1425 minutis,
438 1394 460 1420 si
476 1400 536 1428 quae
552 1393 589 1420 ita
603 1394 738 1425 videntur,
756 1393 836 1421 rebus
850 1402 959 1429 operam

180 1438 275 1465 demus
289 1447 296 1465 :
313 1439 358 1473 qui
374 1439 554 1473 quodcunque
567 1438 656 1473 primo
682 1443 791 1474 aspectu
813 1438 871 1466 leve
886 1444 961 1474 puta«

181 1488 235 1517 tur,
249 1485 341 1512 statim
357 1492 419 1512 cum
435 1485 543 1513 fastidio
565 1486 728 1520 respuimus.
755 1484 887 1518 Quorsum
911 1485 960 1512 illae

179 1529 284 1563 naeuius,
299 1530 413 1564 alentes,
424 1530 485 1565 quis
499 1539 563 1558 usus
579 1531 703 1558 lectionis
716 1530 877 1565 huiusmodi,
895 1530 959 1565 quin

180 1575 272 1602 isthzec
291 1575 374 1602 missa
392 1575 516 1603 faciunt?
532 1574 631 1603 Verum
647 1576 673 1603 in
691 1581 813 1610 promptu
831 1580 872 1603 est
887 1575 957 1610 quod
971 1566 994 1597 ο

179 1625 333 1654 opponatur
353 1629 360 1647 :
376 1627 424 1647 nos
447 1620 567 1648 omnium
590 1621 723 1648 inservire
738 1621 897 1653 commodis,
915 1628 958 1648 nc-

180 1672 232 1700 que
247 1666 326 1693 modo
340 1673 437 1693 curare
453 1671 482 1693 ut
498 1667 626 1702 theologi,
652 1667 698 1694 sed
724 1667 803 1694 etiam
829 1674 960 1701 gramma-

182 1711 238 1744 tici,
251 1711 388 1746 rhetorici,
401 1717 429 1739 et
442 1712 464 1739 si
480 1712 526 1747 qui
540 1712 596 1744 alii,
610 1712 676 1740 nihil
695 1713 720 1739 in
738 1712 787 1739 hoc
814 1719 895 1746 opere
912 1712 960 1740 de-

181 1756 309 1784 siderent.
326 1756 360 1784 Et
376 1761 506 1791 praeterea
523 1764 574 1784 non
589 1757 687 1784 desunt
705 1765 738 1784 ex
757 1757 791 1784 iis
811 1757 856 1792 qui
873 1757 899 1783 in
919 1765 960 1784 re-

181 1802 286 1838 publica
301 1802 432 1830 litteraria
445 1798 516 1829 inter
533 1802 678 1837 primarius
695 1807 899 1837 computantur,
915 1803 958 1837 qui

181 1846 209 1875 id
225 1855 329 1875 summe
343 1851 471 1882 expetant
487 1855 500 1874 a
516 1847 603 1875 nobis.
620 1847 652 1875 Et
679 1848 706 1875 ni
730 1855 761 1875 ea
786 1855 829 1876 res
844 1856 893 1875 nos
907 1848 961 1875 lon-

182 1893 242 1929 gius
259 1893 294 1920 ab
307 1893 412 1928 incepto
435 1894 564 1926 traheret,
583 1893 713 1921 utilitates
728 1894 820 1922 varias
837 1894 959 1921 diversa-

181 1946 242 1966 rum
268 1938 412 1966 lectionum
436 1940 517 1966 etiam
552 1939 794 1976 minutissimarum
823 1946 961 1966 common-

181 1989 269 2012 strare
284 1985 310 2012 in
322 1990 445 2020 promptu
458 1989 540 2013 esset.
560 1984 630 2012 Nihil
650 1985 768 2018 demum,
795 1984 908 2012 candide
922 1984 961 2011 le-

182 2031 252 2062 ctor,
277 2031 348 2065 quod
370 2030 442 2058 vires
467 2030 575 2065 quidem
601 2029 713 2063 ferrent,
734 2029 912 2065 negleximus,
932 2034 960 2056 ut

182 2083 248 2111 opus
265 2081 350 2104 totum
363 2080 466 2104 sartum
478 2080 505 2103 et
517 2079 629 2109 tectum,
650 2080 679 2102 ut
701 2074 789 2106 aiunt,
807 2074 855 2101 tibi
880 2073 961 2102 offer-

182 2118 283 2150 i'etnus.
574 2153 576 2161 γ

427 2207 464 2239 De
481 2213 548 2247 ston
566 2210 714 2238 Athanasii.

219 2259 247 2286 l.
260 2259 281 2286 A
293 2258 389 2293 priscis
404 2259 516 2293 perinde
530 2263 612 2293 atque
627 2266 642 2285 a
658 2257 767 2293 nuperis
784 2257 960 2292 scripturibus

184 2304 353 2331 admirationi
371 2304 460 2331 habita
487 2308 528 2331 est
546 2303 685 2331 Athanasii
708 2302 874 2338 eloquentia.
901 2302 964 2337 Ejus

185 2349 282 2383 scripta
299 2353 365 2383 quot
378 2348 540 2383 quantisque
562 2352 684 2375 veterum
702 2347 866 2375 testitnoniis
878 2346 964 2373 laudi-

185 2394 289 2429 busque
302 2394 484 2426 celebrentur,
501 2394 592 2422 videre
614 2398 655 2421 est
672 2394 698 2420 in
712 2392 873 2421 collectione
891 2392 961 2419 loco-

185 2448 255 2472 rum,
271 2447 330 2475 quaa
341 2440 409 2467 bene
421 2440 503 2467 multa
522 2440 718 2475 congessimus.
735 2440 771 2466 At
795 2443 824 2466 ut
855 2445 962 2473 semper

184 2484 259 2512 luere
271 2485 390 2519 quaedam
407 2490 494 2519 pestes
511 2485 650 2512 hominum
671 2484 750 2512 laude
766 2483 854 2510 aliena
868 2483 961 2510 dolen-

184 2530 260 2561 tium,
277 2537 347 2556 unus
361 2535 481 2564 repertus
495 2533 537 2556 est
551 2527 760 2562 Pliilostorgiu‘s,
779 2527 824 2562 qui
840 2527 962 2554 Athana-

183 2574 253 2601 sium
280 2574 428 2602 innumeris
455 2581 537 2610 prope
559 2574 708 2601 maledictis
723 2574 750 2600 in
769 2573 890 2599 Historia
912 2579 961 2600 sua

184 2619 332 2646 insectatus
350 2623 391 2646 est
405 2627 412 2646 :
424 2623 451 2646 et
465 2618 531 2646 nihil
546 2620 642 2654 agebat
656 2618 739 2650 aliud,
763 2625 843 2652 quam
861 2623 887 2644 ut
912 2617 962 2644 do-

184 2665 268 2693 lorem
284 2673 361 2693 suum
376 2666 402 2692 in
421 2666 501 2693 talem
515 2666 614 2697 virum,
628 2671 682 2692 sua:
698 2670 779 2692 sectae
802 2663 959 2699 perniciem,

184 2711 314 2739 conviciis
345 2717 515 2739 exoneraret.
539 2711 563 2738 ls
584 2711 753 2745 impudenter
780 2710 818 2737 ait
840 2708 969 2745 quodam'

976 2233 998 2261 D

220 2780 258 2815 (a)
275 2779 373 2806 Sttidas
385 2779 412 2805 in
427 2785 490 2805 voce
501 2778 648 2810 Βασίλειος.

219 2861 257 2896 (l)
273 2860 349 2888 Auud
366 2866 414 2887 nos
429 2864 560 2894 quartum.
579 2859 654 2886 Eutr.

1011 248 1051 275 rio
1064 252 1260 282 comparatum,
1276 249 1360 275 instar
1373 248 1448 283 pueri
1466 249 1616 277 habendum
1633 255 1702 278 esse;
1716 250 1788 280 Sane

1010 294 1077 321 tanti
1106 293 1227 322 facienda
1253 293 1425 330 Philostorgli
1457 296 1490 323 de
1520 296 1668 324 Athanasio
1694 299 1787 332 verba,

1009 340 1102 375 quanti
1118 341 1174 368 haec
1184 340 1309 368 Eunomii
1326 342 1359 369 dc
1379 341 1475 369 Basilio
1489 349 1497 376 ;
1516 350 1606 376 quem,
1623 348 1652 370 ut
1667 344 1704 371 ait
1718 343 1786 373 Gre-

1010 386 1099 420 gorius
1115 385 1264 420 Nyssenus,
1292 385 1337 413 lib.
1352 394 1359 413 I
1380 392 1470 413 contra
1488 386 1656 422 Eunomium,
1674 390 1787 417 vocabat

1011 432 1135 467 πονηρὸν,
1154 432 1286 467 κακοήθη,
1299 431 1428 468 ψευστὴν,
1445 433 1491 460 καὶ
1518 434 1558 460 ἔτι
1583 435 1651 471 πρὸς
1670 436 1788 469 τούτοις,

1009 477 1120 513 θραηὺν,
1136 478 1239 514 ἀμαθῆ,
1255 478 1459 514 παράγραπτον,
1479 480 1533 507 τῶν
1554 480 1633 508 θείων
1655 478 1788 518 ἀμύητον.

1009 523 1036 551 Id
1053 528 1114 551 est:
1129 523 1241 556 Malum,
1258 525 1402 559 improbum
1425 527 1549 558 moribus,
1572 528 1748 561 mendacem;
1763 535 1788 556 et

1009 575 1134 602 prwterea
1149 572 1286 603 audacem,
1302 571 1446 603 indoctum,
1462 571 1616 606 falsiﬁcum,
1637 574 1787 602 divinorum

1010 623 1096 642 rerum
1111 616 1268 649 imperitum.
1293 615 1375 643 Misso
1392 616 1483 652 itaque
1498 611 1659 653 iniquissimi
1687 619 1787 648 rabulas

1006 658 1119 693 judicio,
1133 660 1166 687 ad
1182 660 1307 688 Photium
1323 660 1473 693 veniamus.
1486 669 1591 696 aequum
1605 661 1784 699 peritumque,

1012 706 1034 732 si
1050 705 1110 740 quis
1132 706 1212 738 alius,
1235 706 1363 741 iudicem.
1380 706 1405 733 is
1429 708 1467 734 ait
1490 708 1514 735 in
1538 708 1701 737 Bibliotheca
1716 718 1787 738 sua:

1010 749 1102 787 Σαφὴς
1118 752 1167 786 pta
1178 751 1235 778 ἐστι
1247 752 1296 781 τὴν
1309 752 1419 789 φράσιν,
1435 754 1483 780 καὶ
1497 755 1640 789 ἀπέριττος
1661 756 1707 783 καὶ
1721 757 1788 791 ἀφε-

1010 795 1069 832 λής,
1093 797 1191 833 δριμὺς
1213 798 1241 824 δὲ
1257 799 1303 824 καὶ
1320 798 1414 833 βαθὺς,
1433 800 1479 826 καὶ
1499 799 1558 827 λίαν
1573 802 1629 832 τοῖς
1651 802 1788 839 ἐπιχειρή-

1013 850 1094 876 μασιν
1114 841 1230 874 εὔτονος.
1260 857 1297 864 -—
1318 844 1372 870 Kal
1399 844 1430 870 τὺ
1450 845 1561 880 γόνιμον
1579 846 1672 879 αὑτοῦ,
1695 847 1789 883 ἡλίκον

1011 888 1072 914 ὅσον
1091 888 1138 915 καὶ
1153 888 1313 924 θαυμάσιον.
1331 889 1386 917 Hoc
1403 894 1461 917 est:
1480 890 1585 923 Clarus,
1607 891 1673 919 nihil
1692 893 1789 920 redun-

1012 935 1090 966 dans,
1105 930 1236 968 simplex:
1253 940 1346 962 acutus
1359 939 1446 962 tamen
1459 939 1483 962 et
1495 936 1575 969 altus,
1596 938 1623 963 in
1646 940 1787 972 argunien—

1012 979 1155 1006 lotionibus
1170 988 1303 1007 neruosus.
1322 980 1404 1015 Cujus
1422 986 1497 1008 tanta
1519 985 1557 1008 est
1576 982 1679 1010 ubertas
1699 989 1726 1010 ut
1740 985 1789 1010 ad-

1011 1025 1138 1052 mirabilis
1149 1027 1194 1052 sit.
1208 1025 1241 1053 Et
1254 1031 1351 1054 czctera
1363 1034 1422 1062 quae
1438 1027 1521 1054 fusius
1537 1027 1582 1055 ille
1596 1030 1786 1064 prosequitur:

1012 1070 1139 1105 additque
1151 1071 1177 1098 in
1195 1071 1430 1106 subsequentibus,
1447 1066 1572 1100 Basilium
1588 1077 1615 1101 et
1628 1070 1787 1110 Gregorium

1011 1114 1211 1144 Nazianzenum
1227 1123 1259 1144 ex
1273 1116 1331 1151 ejus
1343 1118 1437 1145 contra
1452 1118 1568 1147 Arianos
1583 1120 1692 1156 scriptis
1713 1121 1790 1150 theo-

1011 1161 1109 1197 logiam
1126 1162 1250 1190 hausisse
1265 1170 1351 1191 suam.

1044 1207 1073 1235 2.
1088 1207 1278 1236 Sublimiorem
1292 1209 1381 1237 adhuc
1400 1209 1507 1238 dicendi
1527 1210 1654 1238 facultate
1671 1211 1790 1240 Athana-

1012 1253 1080 1280 sium
1111 1253 1222 1280 exhibet
1244 1253 1384 1287 Erasmus,
1400 1255 1445 1290 qui
1466 1255 1572 1283 videtur
1585 1263 1647 1284 eum
1662 1249 1788 1286 Pat'ribus

1012 1298 1096 1326 ferme
1118 1299 1244 1327 omnibus
1265 1299 1409 1328 anteferre.
1434 1300 1481 1328 Sic
1505 1300 1549 1329 ille
1571 1303 1597 1329 in
1625 1303 1737 1337 epistola
1752 1304 1787 1331 ad

1011 1345 1140 1373 Joannem
1170 1345 1327 1380 episcopum
1349 1344 1584 1374 Lincolniensem:
1602 1347 1667 1375 Erat
1686 1348 1727 1375 uir
1743 1348 1790 1376 ille

1011 1390 1106 1417 saeculo
1121 1390 1337 1426 tranquillissima
1348 1391 1456 1426 dignus,
1467 1391 1580 1418 dedisset
1595 1392 1667 1420 nobis
1675 1394 1789 1428 egregios

1011 1436 1108 1471 ingenii
1118 1437 1300 1472 facundiwque
1310 1443 1364 1464 sua;
1378 1436 1490 1471 fructus.
1512 1436 1632 1465 Habebat
1651 1439 1720 1466 enim
1733 1447 1790 1466 vere

1011 1482 1098 1508 dotem
1122 1481 1208 1513 illam,
1226 1489 1304 1516 quam
1324 1480 1429 1509 Paulus
1450 1483 1477 1509 in
1505 1483 1624 1518 episcopo
1643 1488 1720 1518 putat
1735 1492 1790 1512 esse

1013 1526 1183 1561 prwcipuam,
1195 1525 1225 1553 τὸ
1240 1526 1403 1559 διδακτικόν,
1424 1527 1489 1555 adeo
1503 1528 1635 1555 dilucidus
1657 1534 1707 1562 est,‘
1728 1537 1790 1556 acu-

1009 1576 1062 1604 tus,
1087 1572 1201 1603 sobrius,
1225 1577 1349 1605 attentus,
1371 1573 1481 1601 breviter
1511 1574 1631 1601 omnibus
1649 1574 1733 1602 modis
1755 1575 1789 1601 ad

1010 1617 1155 1644 docendum
1169 1619 1311 1651 appositus.
1325 1617 1401 1645 Nihil
1414 1619 1488 1646 habet
1500 1619 1606 1652 durum,
1618 1619 1688 1654 quod
1708 1620 1789 1654 offen-

1010 1662 1048 1689 dit
1063 1663 1090 1689 in
1106 1661 1286 1690 Tertulliano:
1301 1663 1366 1690 nillil
1380 1663 1570 1697 ἑπιδεικτικόν,
1595 1665 1664 1700 quod
1678 1665 1790 1693 vidimus

1010 1708 1038 1734 in
1061 1706 1223 1742 Hieronymo
1240 1715 1248 1734 :
1271 1708 1337 1734 nihil
1356 1716 1503 1742 operosum,
1524 1710 1594 1744 quod
1614 1711 1641 1736 in
1662 1709 1789 1738 Hilario:

1011 1753 1077 1779 nihil
1092 1753 1257 1785 laciniosum,
1269 1754 1340 1787 quod
1356 1759 1392 1780 est
1405 1754 1433 1781 in
1447 1754 1607 1788 Augustino,
1621 1758 1699 1791 atque
1710 1757 1789 1784 etiam

1012 1797 1217 1834 Cltrysostomo:
1233 1799 1298 1825 nihil
1313 1799 1471 1826 Isocraticos
1485 1802 1617 1834 numeros,
1638 1807 1683 1828 aut
1705 1801 1790 1838 Lysia

1011 1842 1221 1878 compositionem
1235 1842 1363 1875 redolent,
1385 1842 1454 1877 quod
1471 1849 1508 1870 est
1530 1844 1558 1871 in
1577 1844 1704 1880 Gregorio
1728 1844 1788 1872 Nu-

1012 1889 1150 1921 zianzeno,
1161 1889 1205 1915 sed
1221 1893 1290 1915 totus
1306 1892 1344 1916 est
1358 1889 1383 1915 in
1399 1888 1553 1923 explicanda
1569 1897 1607 1918 re.

1046 1935 1074 1962 5.
1092 1934 1161 1967 Quid
1187 1935 1208 1962 si
1225 1935 1364 1962 incidisset
1383 1935 1510 1963 Erasmus
1533 1935 1560 1962 in
1579 1936 1787 1970 exquisitissimo

1012 1980 1056 2008 illa
1071 1988 1152 2015 opera
1170 1986 1222 2007 tam
1239 1981 1321 2008 ntulta
1333 1988 1393 2015 qua:
1407 1989 1543 2015 nunquam
1558 1982 1636 2015 vidit,
1647 1983 1674 2010 in
1685 1982 1789 2017 Episto-

1012 2026 1050 2053 las
1064 2026 1167 2054 scilicet
1189 2026 1226 2053 De
1250 2027 1380 2053 sententia
1401 2026 1530 2061 Dionysii,
1552 2028 1586 2053 ad
1606 2027 1789 2060 Dracontium,

1012 2073 1046 2099 ad
1057 2073 1206 2105 monachos,
1224 2074 1257 2099 ad
1276 2073 1434 2108 Epictetum,
1451 2073 1476 2100 in
1492 2073 1574 2100 libros
1600 2072 1699 2100 Contra
1713 2075 1780 2101 Aria-

1012 2126 1068 2150 nos,
1083 2117 1179 2145 Contra
1193 2118 1410 2152 Apollinarium?
1424 2118 1492 2152 Quid
1507 2119 1528 2145 si
1541 2119 1566 2146 in
1583 2119 1681 2146 librum
1692 2119 1789 2146 Contru

1012 2168 1109 2197 gentes,
1128 2164 1153 2190 in
1168 2163 1324 2198 Apologium
1342 2164 1376 2190 ad
1403 2163 1716 2191 ConstantiumrAnnon
1733 2169 1776 2191 tan

1014 2213 1101 2235 lorum
1116 2215 1228 2243 operum
1244 2208 1386 2241 artiﬁcem,
1400 2209 1519 2236 omnintn
1542 2208 1790 2244 eloquentissimum

1013 2254 1218 2288 nuncupasset?
1245 2252 1298 2281 Sed
1314 2254 1421 2289 paulum
1444 2254 1510 2282 libet
1527 2255 1658 2290 spatiari:
1684 2258 1712 2282 et
1726 2254 1789 2289 quia

1013 2303 1116 2326 tantam
1135 2298 1241 2326 laudem
1269 2298 1328 2326 tulit
1352 2300 1526 2331 Athanasius,
1539 2303 1567 2326 et
1580 2299 1687 2334 quidem
1702 2305 1718 2326 a
1732 2299 1792 2326 lau-

1012 2343 1083 2370 datis
1103 2344 1180 2377 viris,
1207 2348 1237 2370 ut
1256 2343 1463 2379 elegantissimis
1480 2344 1592 2372 Graecia
1614 2344 1792 2378 scriptoribus

1012 2388 1204 2419 anteferretur.
1220 2388 1276 2423 jam
1305 2396 1357 2424 qua
1385 2389 1411 2417 in
1439 2397 1469 2417 re
1488 2394 1625 2425 praestare,
1649 2396 1702 2424 qua
1727 2387 1791 2415 item

1013 2435 1073 2462 aliis
1085 2434 1207 2462 nonnihil
1218 2435 1316 2462 cedere
1336 2435 1458 2463 videatur
1471 2436 1655 2470 expendamus
1668 2443 1676 2468 ;
1690 2438 1718 2462 et
1729 2441 1791 2468 qua:

1014 2481 1111 2508 crebro
1124 2481 1262 2508 Athanasii
1289 2481 1390 2516 scripta
1414 2481 1577 2516 regustaudo‘
1599 2480 1792 2515 comperimus,

1015 2534 1197 2562 proponamus
1226 2527 1349 2555 studioso
1384 2527 1490 2555 lectori.
1522 2527 1613 2554 Primo
1636 2526 1744 2561 quidem
1768 2528 1791 2553 si

1015 2571 1139 2607 Gregorii
1154 2571 1316 2600 Nazianzeni
1331 2572 1402 2599 illaut
1414 2572 1578 2607 quadrandae
1600 2572 1731 2600 orationis
1749 2572 1792 2599 in-

1016 2618 1156 2651 dustriam,
1179 2619 1201 2646 si
1220 2626 1345 2646 numeros
1363 2623 1482 2653 spectes,
1505 2618 1539 2645 ab
1558 2618 1610 2645 hoc
1633 2618 1794 2654 eloquentius

1014 2671 1112 2699 genere
1127 2664 1230 2692 alienus
1242 2671 1347 2700 semper
1360 2664 1410 2691 fuit
1422 2664 1597 2698 Athanasius,
1617 2664 1693 2699 cujus
1709 2664 1793 2691 dictio

1015 2709 1074 2745 plus
1096 2710 1177 2738 habet
1196 2710 1292 2738 nativae
1309 2710 1445 2746 elegantia:
1466 2715 1546 2746 quam
1561 2711 1713 2739 artiﬁciosa:
1731 2710 1786 2738 dili-
