2000 3045
244 175 306 195 ηιν

909 163 1170 193 PROLEGOMENA.

243 226 346 261 sentite.
368 224 400 251 Et
417 224 438 251 si
453 223 561 259 quando
574 217 621 249 'hic
640 216 789 257 plusculum
807 222 872 249 artis
883 221 1020 253 adhibeat,
1036 225 1060 253 Α
1073 222 1105 248 ab
1129 222 1247 249 omnibus
1273 220 1351 248 simul
1369 226 1500 248 servatum
1519 221 1662 254 intueatur,
1683 222 1746 257 quin
1767 228 1852 248 secum

243 275 272 298 ut
285 270 311 298 in
327 269 452 297 Oratione
460 274 550 295 contra
559 274 659 302 gentes.
669 267 780 302 epistola
795 267 828 294 ad
842 266 1022 300 Dracontium,

243 315 369 350 Apologia
384 315 417 341 ad
433 314 640 346 Constantium;
657 313 693 340 ita
710 318 799 340 tamen
815 313 905 340 omnia
921 317 1022 347 tempe-

243 366 295 393 rat,
317 365 346 387 ut
362 360 444 388 lateat
470 358 625 391 artilicium,
639 363 665 386 et
679 360 765 386 oratio
779 367 831 386 non
846 359 955 386 astricte
977 358 1024 385 sed

242 406 354 433 remisse
363 412 506 432 numerosa
521 405 556 432 sit
569 415 576 432 :
589 409 684 432 contra
699 412 765 432 vero
780 404 939 440 Gregorius,
953 404 1024 432 ultra

243 450 386 485 aliquando
403 457 484 484 quam
500 451 566 477 satis
580 450 626 483 sit,
640 450 894 485 circumscriptione
916 454 944 478 et
964 457 1024 477 am—

242 495 300 522 bitu
321 495 416 526 utitur,
438 499 465 522 ut
493 495 576 522 certis
603 495 724 522 numeris
746 495 868 528 deﬁnita,
896 499 1023 530 tanquam

241 541 306 568 orbe
321 541 425 568 inclusa
440 545 532 567 currat
546 541 643 567 oratio.
663 540 849 575 llhrysostomi
867 549 951 569 vero:

255 588 276 613 Τ
274 586 309 613 σῦ
318 587 366 613 καὶ
375 586 434 613 ἀπὸ
442 585 574 620 γλώττης
579 586 699 620 μέλιτος
705 586 910 621 γλυκίωνρἐν
920 580 1008 620 αὐδή,

241 633 312 660 illam
325 632 479 667 expeditam
496 636 523 659 et
541 632 719 667 proﬂuentem
737 632 880 660 verborum
907 633 1022 669 copiam,

241 678 432 705 concinnitatis
447 677 601 713 leporisque
618 677 735 713 plenam,
749 685 802 706 non
815 679 926 714 attingit
938 680 1022 706 Atha-

242 725 342 756 nasius,
370 726 417 759 qui
441 725 601 760 plerumque
623 731 734 759 pressus
757 733 789 752 ac
811 724 901 753 brevis
919 730 972 758 est,
996 731 1023 753 et

243 771 345 804 majore
379 771 574 798 sententiarum
602 779 683 806 quam
714 771 858 799 verborum
888 771 1020 800 ubertate.

243 816 341 843 Verum
365 816 443 852 longe
460 822 570 852 praestat
593 817 706 850 salibus,
731 818 821 845 nervis
836 823 862 845 et
875 818 914 854 τῷ
923 816 1023 855 εὐτόνῳ

242 863 445 890 redundantiam
464 871 571 891 omnem
591 868 741 892 resecanle.
760 863 894 891 Nimirum
909 871 1022 899 possunt

1074 267 1166 301 cogitet
1177 267 1233 294 Itazc
1245 275 1297 294 non
1312 275 1328 294 a
1345 266 1499 301 semetipsis,
1521 267 1566 294 sed
1582 267 1614 294 ab
1634 267 1698 300 alio,
1713 275 1803 302 nempe
1819 268 1852 293 ab

1074 313 1385 346 Auctore,administrari
1398 317 1423 339 et
1441 313 1514 347 regi?
1526 312 1592 345 Quis
1608 313 1688 340 solem
1703 313 1745 340 die
1756 313 1854 340 exoriri

1073 363 1096 385 et
1117 358 1206 385 lunam
1230 362 1303 386 nocte
1332 366 1476 393 apparere,
1503 358 1711 394 immutabilique
1733 359 1788 394 lege
1809 367 1855 394 per

1073 403 1200 438 a'qualem
1227 405 1331 430 omnino
1357 404 1460 430 dierum
1489 412 1626 430 numerum
1651 404 1800 431 decrescere
1823 413 1855 431 ac

1073 459 1205 483 crescere;
1221 456 1298 485 atque
1316 459 1348 478 ex
1361 451 1491 477 sideribus
1504 451 1558 478 alia
1575 451 1680 486 quidem
1696 452 1854 484 discurrere,

1073 504 1215 530 cursusque
1236 496 1306 523 uarie
1327 496 1479 528 immutare,
1504 496 1557 523 alia
1575 504 1633 523 vero
1653 497 1719 523 citra
1740 505 1854 524 errorem

1073 540 1170 567 moveri
1181 540 1353 574 conspiciens,
1366 548 1417 567 non
1429 540 1557 575 intelligat
1578 540 1624 567 illa
1649 543 1795 568 necessario
1821 542 1853 568 ab

1074 584 1167 620 Opiﬁce
1184 586 1273 620 aliqua
1295 587 1437 621 gubernari
1455 587 1468 614 .'
1491 587 1556 619 Quis
1575 587 1721 614 contrarias
1746 593 1854 615 naturas

1074 636 1165 658 mutuo
1193 633 1319 668 conjungi
1341 641 1372 659 ac
1401 641 1544 660 consonam
1566 633 1664 668 efﬁcere
1690 634 1854 661 harmoniam

1073 686 1180 705 cernens
1193 685 1201 704 :
1217 679 1276 713 quis
1292 679 1376 714 ignem
1391 687 1449 706 cum
1464 679 1562 714 [rigido
1577 680 1756 714 conjunctum,
1769 686 1793 707 et
1803 681 1855 708 sic-

1073 732 1132 751 cum
1148 724 1257 752 humido
1271 726 1447 758 committam,
1469 734 1514 753 nec
1536 730 1623 752 tamen
1644 735 1731 753 secum
1746 727 1854 754 invieent

1072 779 1198 806 pugnare,
1223 772 1267 799 sed
1289 780 1370 799 unum
1388 773 1465 807 quasi
1482 780 1514 799 ea:
1528 781 1580 799 una
1600 781 1696 807 corpus
1716 773 1853 807 conﬁcere,

1074 824 1124 842 non
1139 816 1256 852 colligat,
1269 818 1350 844 alium
1365 819 1398 845 ab
1415 819 1456 845 his
1472 826 1527 846 esse
1537 818 1582 853 qui
1594 818 1641 845 illa
1652 818 1730 846 simul
1747 820 1855 853 copula-

1073 863 1206 896 vit?Quis
1224 864 1322 896 uidens,
1346 866 1400 892 etc.
1426 864 1530 898 Quibus
1553 865 1617 900 quid
1640 865 1768 898 validlus,
1790 865 1855 900 quid

240 916 300 936 esse
314 910 423 941 summi,
450 910 495 944 qui
514 909 585 937 inter
605 917 636 937 se
653 911 706 937 sint
725 909 869 937 dissimiles
883 919 890 937 :
908 911 978 946 quod
994 911 1020 938 in
1038 898 1058 925 ῃ
1074 910 1255 938 concinnius?
1271 910 1372 938 Horum
1392 911 1553 946 elegantiam
1569 911 1663 939 Greece
1677 912 1754 946 periti
1768 911 1854 941 solum

240 956 393 990 eloquentia
417 957 518 990 pariter
543 960 571 983 et
593 957 620 983 in
636 957 716 983 mutis
730 956 834 984 artibus
851 957 1020 984 observatur.

238 1001 340 1039 Basilio
358 1005 448 1028 autem
469 1009 549 1029 netno
571 1002 682 1036 propius
706 1002 739 1029 ad
752 1002 894 1029 Athanasii
917 1003 1021 1031 dicendi

238 1055 323 1083 genus
350 1048 465 1076 accedit.
495 1047 548 1075 Sed
579 1049 655 1083 praeit
681 1048 725 1075 ille
752 1048 956 1082 elaboratione;
978 1049 1021 1076 hic

240 1094 316 1129 longe
330 1098 441 1129 praestat
454 1094 614 1121 acrimonia.
637 1094 668 1121 Et
685 1095 735 1122 hac
750 1095 776 1121 in
793 1100 880 1129 parte,
895 1103 955 1130 qua;
970 1095 1021 1123 sd-

239 1138 303 1167 licet
323 1146 420 1166 nervos
443 1144 559 1174 spectat.
581 1139 661 1170 sales.
691 1140 887 1172 acrimoniam;
915 1148 1020 1174 omnes,

240 1192 297 1212 mea
316 1185 426 1220 quidem
436 1184 585 1216 sententia,
601 1185 679 1220 longe
696 1186 834 1213 antecellit
847 1186 1019 1218 Athanasius,

239 1236 334 1266 estque
350 1231 401 1259 hoc
416 1231 442 1258 in
458 1238 557 1266 genere
570 1231 706 1266 princeps.
720 1230 829 1266 Figuris
847 1236 946 1266 autem,
962 1233 1020 1260 sic-

240 1277 283 1303 ubi
308 1277 450 1304 haereticos
469 1277 627 1310 insectatur,
644 1276 774 1312 frequens
787 1281 839 1310 est,
856 1281 918 1312 apte
932 1282 960 1305 et
973 1285 1020 1313 ap-

239 1320 326 1356 posite
337 1321 503 1354 distributis,
518 1321 570 1349 etsi
583 1322 675 1358 potius
699 1327 798 1357 suopte
812 1323 920 1358 ingenio
940 1331 1020 1358 quam

239 1367 427 1395 elaboratione
447 1367 588 1395 adhibitis;
611 1367 694 1402 Hujus
715 1369 803 1396 oratio
826 1376 961 1404 nunquam
980 1368 1020 1397 el-

239 1411 305 1445 Buit,
322 1420 460 1447 nunquam
477 1412 584 1448 longius
599 1418 722 1447 vagatur.

274 1458 300 1484 ι.
320 1457 388 1485 Sunt
399 1463 488 1485 autem
504 1459 658 1491 Athanasii,
672 1463 701 1485 ut
717 1464 743 1486 et
755 1458 867 1486 alterius
881 1459 1019 1495 cujusque,

238 1512 330 1539 opera,
358 1511 410 1532 non
432 1504 490 1538 pari
517 1504 649 1540 clcgantia
677 1505 850 1532 concinnata.
873 1504 938 1539 Qua:
961 1505 1021 1532 aliis

238 1549 411 1583 antecellunt,
429 1558 488 1578 meo
506 1551 612 1585 quidem
625 1550 736 1585 judicio.
752 1557 831 1578 sunt:
845 1550 938 1578 Oratio
955 1560 1020 1578 con-
1035 1569 1055 1597 ε

238 1602 279 1623 tra
297 1601 400 1630 gentes,
425 1596 554 1624 eximium
580 1603 668 1631 opus;
691 1601 719 1623 et
743 1597 796 1628 cui,
816 1596 907 1624 dicere
928 1596 1018 1629 liceat,

238 1649 287 1676 par
307 1641 333 1668 in
349 1642 443 1669 eodem
459 1648 558 1677 genere
570 1642 615 1668 vix
631 1641 832 1676 deprehendas;
848 1641 870 1668 si
890 1641 1020 1676 respicias

237 1687 289 1714 vim
308 1692 538 1723 argumentorum,
554 1694 672 1719 nervos;
688 1687 710 1714 si
728 1687 855 1714 advertas
870 1695 952 1723 quam
964 1695 1022 1723 per-

240 1733 349 1766 spicuus
365 1733 412 1767 sit,
429 1740 510 1768 quam
526 1733 646 1766 nitidus;
663 1741 744 1768 quarti
758 1734 832 1760 salse
858 1733 956 1767 rideat,
974 1734 1019 1761 ubi

239 1785 282 1806 res
293 1777 356 1811 fert,
372 1779 512 1813 gentilium
536 1779 754 1813 superstitiones,
774 1786 855 1814 quam
871 1780 1021 1807 concinnus

239 1824 275 1852 sit
292 1825 319 1852 in
335 1825 573 1859 descriptionibus.
598 1824 653 1852 Nec
677 1825 810 1859 paeniteat
837 1825 960 1859 quaedam
977 1825 1021 1852 hic

237 1877 373 1905 apponere
387 1870 425 1905 (p.
438 1870 484 1905 27)
497 1879 502 1896 :
515 1871 562 1902 Τίς
578 1871 633 1906 γὰρ
645 1871 715 1906 ὁρῶν
733 1871 778 1898 τὸν
789 1871 903 1906 οὐρανοῦ
922 1871 1020 1898 κύκλον

237 1916 284 1942 καὶ
302 1915 348 1941 τὸν
367 1915 467 1951 δρόμον
491 1916 566 1951 ἡλίου
588 1916 635 1942 καὶ
660 1916 783 1952 σελήνης,
801 1916 848 1943 καὶ
863 1916 918 1943 τῶν
934 1916 1021 1943 ἄλλων

236 1961 358 1996 ἀστέρων
379 1961 429 1992 τὰς
446 1961 533 1993 θέσεις
549 1961 596 1988 καὶ
617 1961 666 1993 τὰς
681 1962 882 1998 περιπολήσεις,
899 1962 1021 1994 ἐναντίας

238 2007 288 2042 μὲν
311 2007 359 2032 καὶ
384 2006 529 2042 διαφόρως
554 2007 727 2042 γιγνομένας,
749 2009 777 2034 ἐν
801 2008 828 2034 δὲ
848 2009 881 2043 τῇ
905 2008 1021 2043 διαφορᾷ

235 2052 332 2087 ὁμοίαν
347 2053 396 2088 τὴν
408 2052 484 2086 τάξιν
503 2053 577 2088 παρὰ
591 2053 698 2080 πάντων
713 2053 780 2089 ὁμοῦ
797 2053 960 2090 σωζομένην,
972 2055 1021 2081 οὐκ

235 2099 392 2135 ἐνθυμεῖται
407 2099 448 2126 ὅτι
466 2099 517 2126 οὐκ
531 2099 600 2126 αὐτὰ
616 2099 709 2132 ἑαυτὰ,
730 2099 786 2126 ἀλλ’
809 2100 901 2135 ἕτερός
919 2101 992 2126 ἐστιν
1007 2103 1021 2127 ὁ

235 2145 389 2181 διακοσμῶν
398 2146 468 2172 αὐτὰ
484 2146 600 2182 ποιητής
612 2155 619 2178 ;
633 2146 675 2178 τίς
686 2146 714 2173 δὲ
724 2146 794 2182 ὀρῶν
804 2146 878 2182 ἦλιον
893 2146 942 2182 μὲν
957 2147 1020 2173 ἀνα-

236 2188 362 2216 τέλλοντα
381 2189 439 2216 καθ’
464 2190 580 2226 ἡμέραν,
604 2190 718 2226 σελήνην
738 2191 766 2217 δὲ
789 2191 934 2226 φαίνουσαν
951 2192 1021 2218 κατὰ

237 2234 330 2268 νύκτα,
349 2236 395 2262 καὶ
410 2235 564 2270 φθίνουσιν,
583 2236 631 2263 καὶ
652 2236 842 2272 πληρουμένην
861 2237 1018 2274 ἀπαραλλά-

236 2290 317 2313 κτως.
339 2282 409 2309 κατὰ
427 2282 473 2308 τὸν
488 2282 542 2308 τῶν
558 2282 669 2318 ἡμερῶν
692 2282 748 2309 ῐσον
763 2283 871 2314 πάντως
892 2283 1017 2318 ἀριθμὸν,

235 2327 283 2354 καὶ
302 2327 355 2354 τῶν
375 2327 481 2363 ἄστρων
506 2327 538 2354 τὰ
563 2328 612 2362 μὲν
628 2328 803 2363 διατρέχοντα
821 2328 867 2354 καὶ
890 2327 1020 2359 ποικίλως

235 2372 432 2409 ἑναλλάττοντα
449 2373 511 2404 τοὺς
528 2373 655 2409 δρόμους,
676 2373 709 2399 τὰ
734 2373 762 2400 δὲ
781 2373 907 2405 ἀπλανῶς
931 2373 1020 2400 κινού-

237 2427 304 2453 μενα
314 2427 321 2434 ο
334 2419 383 2446 οὐκ
399 2408 433 2445 ἂν
446 2418 550 2445 ἔννοιαν
563 2418 651 2452 λάϐοι,
667 2419 708 2445 ὅτι
722 2420 831 2451 πάντως
845 2420 918 2446 ἐστὶν
934 2420 948 2446 ό
969 2428 1018 2446 κυ-

233 2464 337 2500 ϐερνῶν
353 2465 422 2492 αὐτὰ
440 2465 606 2500 δημιουργός
623 2474 629 2497 ;
654 2466 702 2497 Τίς
717 2465 788 2501 ὁρῶν
809 2466 842 2492 τὰ
862 2466 971 2492 ἐναντία
985 2468 1018 2501 τῇ

234 2511 312 2545 φύσει
320 2511 479 2547 συνημμένα
490 2512 537 2538 καὶ
547 2512 690 2547 σύμφωνον
705 2511 799 2547 ἔχοντα
811 2512 860 2547 τὴν
873 2512 1017 2547 ἁρμονίαν,

233 2553 303 2588 οἷον,
318 2557 359 2589 τίς
389 2557 450 2584 ἰδὼν
467 2557 523 2594 πῦρ
543 2558 649 2594 ψυχρῷ,
666 2558 712 2585 κα-ἰ
727 2557 808 2593 ξηρὸν
825 2558 901 2593 ὑγρῷ
918 2566 1019 2594 κεκρα-

235 2602 323 2636 μένον,
353 2604 399 2630 καὶ
423 2603 508 2632 ταῦτα
526 2604 564 2640 μὴ
583 2604 794 2631 ἀντιστατοῦντα
817 2604 884 2639 πρὸς
904 2604 1017 2638 ἄλληλα,

232 2648 289 2674 ἀλλ’
313 2649 342 2675 ἒν
362 2650 544 2677 ἀποτελοῦντα
565 2650 602 2682 ὡς
621 2651 649 2683 ἐξ
672 2650 731 2682 ἑνὸς
747 2650 777 2676 τὸ
802 2650 892 2685 σῶμα,
919 2650 970 2676 οὐκ
984 2650 1018 2676 ἃν

232 2693 396 2730 ἐνθυμηθείη
407 2695 503 2728 ἔξωθεν
509 2694 577 2724 εἶναι
588 2696 742 2723 «eorm-‘sz
748 2695 835 2722 ταῦτα
846 2696 1000 2730 συνάψαντα
1009 2704 1016 2728 ;

233 2739 281 2771 Τίς
300 2738 372 2772 ἰδών,
389 2746 442 2768 etc.
467 2741 494 2768 ld
516 2747 574 2769 est:
591 2741 688 2776 Ecquis
710 2742 778 2769 enim
797 2742 854 2768 calli
873 2742 1013 2775 ambitum,

232 2786 332 2821 solique
349 2795 380 2813 ac
393 2786 463 2814 lunt!
476 2796 592 2820 cursum,
606 2789 751 2815 aliorumve
771 2789 886 2814 siderum
907 2787 1016 2822 positio-

233 2840 277 2858 nes
293 2840 324 2859 ac
337 2832 576 2865 circumvectiones,
593 2835 742 2861 contrarias
762 2834 868 2869 quidem
889 2843 921 2861 ac
936 2834 1016 2861 dissi-

234 2878 324 2911 miles;
340 2878 385 2905 sed
399 2877 425 2905 in
440 2878 496 2913 ipsa
518 2879 731 2908 dissimilitudine
753 2880 877 2916 a‘qunlem
897 2880 1014 2908 ordinem

1075 954 1152 989 plene
1165 958 1305 983 advertere
1317 961 1442 991 possunt.

1107 1001 1135 1029 5.
1158 1001 1232 1029 Mira;
1256 1005 1320 1029 sunt
1348 1002 1513 1037 eloquentia:
1527 1002 1646 1038 Epistola
1670 1004 1702 1030 de
1728 1003 1854 1031 sententia

1073 1046 1204 1082 Dionysii,
1229 1041 1348 1082 Epistola
1363 1050 1397 1076 ad
1415 1040 1587 1076 Dracontium
1600 1058 1611 1082 ,-
1626 1050 1771 1084 itidemque
1790 1049 1856 1078 Ora-

1073 1092 1155 1119 tiones
1171 1098 1262 1120 contra
1275 1093 1407 1121 Arianos:
1430 1094 1474 1122 ubi
1492 1095 1518 1122 in
1539 1094 1697 1123 altercando
1719 1103 1779 1123 cum
1800 1095 1852 1123 ha-

1074 1138 1178 1171 reticis,
1204 1139 1307 1166 aculeis
1332 1139 1500 1174 frequenter,
1526 1141 1677 1168 maledictis
1692 1141 1782 1169 facete
1800 1142 1854 1169 uti-

1078 1189 1120 1211 tur
1134 1191 1141 1216 ;
1157 1184 1252 1212 creber
1265 1185 1291 1212 in
1307 1186 1485 1220 reperiendis,
1498 1191 1594 1214 acutus
1615 1187 1640 1214 in
1661 1180 1797 1215 solvendis
1811 1195 1854 1214 ar-

1074 1230 1219 1263 gumentis.
1236 1231 1371 1265 Apologia!
1383 1232 1416 1259 de
1432 1232 1496 1268 fuga
1511 1237 1537 1261 et
1550 1233 1585 1260 ad
1599 1232 1782 1260 Constantium
1801 1233 1856 1261 ele-

1072 1281 1177 1310 gantes,
1193 1277 1290 1310 quibus
1305 1277 1364 1311 plus
1386 1278 1455 1305 ittest
1468 1286 1548 1313 quam
1572 1279 1682 1314 reliquis
1707 1278 1854 1314 diligentia

1072 1326 1098 1348 et
1115 1322 1192 1353 artis,
1209 1322 1292 1357 tropis
1309 1323 1432 1358 apposite
1445 1329 1472 1351 et
1489 1325 1578 1351 sobrie
1597 1331 1736 1359 respersas,
1752 1325 1855 1352 salibus

1072 1365 1310 1400 frequentissimis.
1325 1367 1431 1394 Salsum
1446 1375 1485 1396 est
1498 1368 1563 1396 illud
1575 1369 1601 1396 in
1616 1369 1706 1403 priore
1721 1369 1757 1404 (p.
1767 1369 1832 1404 254)
1846 1379 1853 1396 :

1072 1411 1146 1446 Μόνη
1163 1411 1191 1438 δὲ
1207 1411 1306 1446 γνῶσις
1329 1414 1358 1439 ὲν
1378 1413 1469 1444 αὐτοῖς
1484 1414 1543 1440 ἐστι
1559 1414 1604 1441 τοῦ
1621 1415 1788 1448 κακοποιεῖν,
1805 1416 1854 1442 καὶ

1071 1456 1132 1482 καθ’
1148 1456 1253 1492 ἡμέραν
1265 1457 1373 1493 χείρονα
1383 1458 1502 1494 χείροσιν
1527 1459 1708 1495 ὲφευρίσκειν.
1725 1461 1780 1487 Καὶ
1801 1461 1855 1495 γὰρ

1072 1502 1118 1528 καὶ
1142 1501 1192 1537 τὴν
1216 1502 1264 1528 νῦν
1288 1502 1375 1537 φυγὴν
1399 1503 1477 1539 ἡμῶν
1500 1503 1549 1530 οὐκ
1573 1505 1616 1531 ἐπ’
1631 1505 1714 1540 ἀρετῇ
1731 1505 1854 1537 Θέλοντις

1071 1545 1143 1580 ἡμᾶς
1175 1545 1429 1582 ἁνδραγαθήσασθαι
1458 1547 1630 1575 διαϐάλλουσι
1653 1558 1659 1564 ·
1696 1550 1777 1576 πόθεν
1793 1550 1855 1586 γὰρ’

1073 1591 1138 1627 εὐχὴ
1162 1592 1274 1628 τοιαύτη
1300 1593 1364 1628 παρ’
1380 1594 1497 1629 ἐχθροῖς,
1515 1595 1584 1631 ὑπὲρ
1609 1596 1663 1622 τῶν
1684 1596 1721 1631 μὴ
1748 1605 1856 1634 συντρε-

1071 1638 1171 1673 χόντων
1197 1639 1287 1670 αὐτοῖς
1306 1640 1338 1674 τῇ
1360 1640 1549 1677 κακοφροσύνῃ
1569 1650 1576 1673 ;
1606 1641 1686 1668 Ἀλλὰ
1711 1644 1855 1678 κακοήθεις

1070 1684 1146 1716 δντες
1157 1683 1369 1720 σχηματίζονται
1378 1686 1490 1713 τοιαῦτα
1500 1687 1854 1724 περιὸομὸεἰν,νομίζοντες,

1071 1731 1177 1767 εὐήθεις
1197 1731 1272 1763 ὄντες
1299 1732 1407 1768 ἀληθῶς
1425 1733 1510 1766 αὐτοὶ,
1536 1734 1574 1766 ὡς
1587 1734 1641 1770 ἄρα
1655 1735 1710 1762 δέοι
1724 1736 1772 1771 τῆς
1789 1738 1855 1772 παρ’

1071 1777 1161 1804 αὐτῶν
1183 1777 1316 1813 λοιδορίας
1340 1779 1511 1814 προσάξομεν
1532 1781 1644 1812 ἑαυτούς
1667 1789 1732 1808 ποτε
1752 1782 1853 1814 αὐτοῖς.

1070 1822 1181 1849 Θέλουσι
1196 1823 1260 1859 γὰρ,
1276 1824 1321 1850 καὶ
1336 1825 1380 1850 διὰ
1393 1825 1472 1852 τοῦτο
1485 1825 1570 1853 ταῦτα
1586 1827 1786 1863 περιτρέχωσι,
1801 1833 1854 1856 etc.

1072 1867 1128 1895 lloc
1158 1873 1200 1895 est
1221 1877 1228 1895 :
1257 1868 1317 1896 Una
1346 1874 1432 1897 autem
1460 1875 1497 1897 est
1516 1871 1568 1898 illis
1594 1873 1715 1905 scientia,
1741 1874 1853 1908 maligne

1071 1921 1158 1947 agere,
1173 1922 1205 1940 ac
1216 1915 1333 1949 quotidie
1344 1915 1434 1950 pejora
1454 1917 1588 1951 pejoribus
1600 1918 1772 1945 comminisci.
1794 1918 1852 1945 No-

1072 1965 1155 1986 stram
1175 1960 1268 1994 quippe
1288 1960 1377 1996 fugam
1392 1970 1444 1988 non
1458 1970 1488 1988 eo
1500 1963 1678 1990 criminantur
1697 1972 1749 1999 qua
1775 1965 1853 1991 velint

1072 2013 1117 2032 nos
1132 2013 1191 2031 cum
1208 2005 1301 2032 virtute
1315 2014 1345 2032 ac
1356 2006 1460 2040 fortiter
1471 2015 1547 2042 agere
1557 2015 1566 2033 :
1582 2016 1643 2034 nam
1655 2009 1723 2035 unde
1739 2009 1854 2036 inimicis

1071 2057 1158 2078 votum
1173 2051 1335 2086 hujusmotli,
1351 2060 1397 2086 pro
1411 2053 1473 2079 viris
1489 2054 1535 2088 qui
1553 2062 1613 2081 non.
1624 2062 1676 2080 uno
1693 2062 1780 2081 secum
1798 2063 1854 2082 nta-

1071 2098 1197 2132 lignitatis
1214 2106 1292 2124 cursu
1308 2098 1454 2132 feruntur?
1472 2099 1505 2126 At
1523 2100 1637 2134 improbi
1657 2109 1717 2127 cum
1735 2101 1798 2134 sint,
1816 2102 1854 2128 si-

1071 2143 1216 2170 mulatione
1232 2145 1282 2176 uei,
1296 2144 1350 2171 haec
1370 2145 1464 2180 ubique
1480 2150 1626 2180 spargunt:
1640 2147 1703 2178 rati,
1716 2147 1751 2173 ita
1764 2155 1854 2182 nempe

1072 2190 1228 2222 stultisunt,
1244 2198 1290 2217 nos
1304 2195 1373 2218 metu
1396 2191 1525 2226 ejusmodi
1543 2191 1650 2219 illorum
1674 2193 1778 2220 concilii
1800 2192 1853 2220 ali-

1036 2238 1056 2265 D
1071 2237 1175 2271 quando
1190 2236 1252 2270 ipsis
1268 2244 1433 2264 occursuros.
1450 2236 1483 2264 Id
1498 2243 1637 2273 peroptant
1650 2239 1760 2271 scilicet,
1773 2247 1854 2274 eaque

1072 2281 1103 2308 tle
1114 2289 1194 2309 causa
1212 2282 1306 2317 ubique
1321 2283 1541 2316 circumcurrant,
1553 2289 1607 2313 etc.
1622 2283 1654 2311 Et
1671 2283 1782 2312 inferius
1794 2284 1851 2312 hac

1071 2335 1151 2362 quam
1166 2326 1290 2362 pulchre,
1307 2335 1387 2362 quam
1401 2334 1497 2364 argute
1513 2329 1583 2356 dicta
1608 2329 1646 2364 (p.
1660 2329 1724 2364 257)
1742 2340 1747 2357 :
1763 2329 1854 2356 Ταῦτα

1071 2373 1186 2408 δρῶντες
1221 2373 1267 2400 καὶ
1296 2373 1333 2410 μὴ
1370 2374 1551 2409 ἐντραπέντες
1585 2375 1627 2410 ἐφ’
1655 2372 1696 2407 οἷς
1723 2375 1854 2412 πρότερον

1071 2419 1131 2446 καθ’
1151 2419 1229 2455 ἡμῶν
1243 2420 1391 2456 ὲτύρευσαν
1409 2423 1515 2453 κακοῖς,
1538 2421 1577 2447 ἔτι
1597 2421 1644 2447 καὶ
1664 2421 1712 2448 νῦν
1735 2429 1853 2456 κατηγο-

1071 2465 1172 2501 ροῦσιν,
1193 2467 1322 2501 ἐκφυγεῖν
1338 2467 1500 2502 δυνηθέντας
1516 2466 1605 2493 αὐτῶν
1616 2466 1664 2498 τὰς
1679 2467 1854 2502 ἀνδροφόνους

1069 2513 1163 2548 χεῖρας
1184 2522 1190 2527 ·
1218 2513 1317 2548 μᾶλλον
1342 2513 1370 2539 δὲ
1393 2513 1531 2549 ὀδύρονται
1552 2513 1667 2548 πικρῶς,
1692 2514 1733 2539 ὅτι
1752 2513 1789 2548 μὴ
1806 2514 1853 2539 καὶ

1070 2558 1192 2584 ἐκποδὼν
1204 2558 1297 2584 τέλεον
1310 2559 1486 2594 πεποιήκασι,
1503 2558 1550 2585 καὶ
1566 2557 1658 2584 λοιπὸν
1676 2556 1869 2595 προφασίζον-Ι

1069 2611 1113 2629 ται
1144 2603 1244 2630 δειλίαν
1272 2602 1422 2634 ὀνειδίζειν,
1446 2603 1606 2637 ἀγνοοῦντες
1628 2604 1680 2634 ὅτι,
1712 2604 1759 2630 καὶ
1775 2602 1855 2629 τοῦτο

1069 2648 1256 2683 γογγύζοντες,
1281 2650 1321 2679 εἰς
1340 2649 1452 2680 ἑαυτοὺς
1477 2648 1672 2684 ἐπιστρέφουσι
1686 2648 1784 2684 μᾶλλον
1805 2648 1853 2684 τὴν

1070 2694 1181 2730 μέμψιν.
1198 2694 1229 2720 Ei
1242 2693 1296 2729 γὰρ
1310 2693 1410 2728 φαῦλον
1431 2693 1463 2720 τὸ
1482 2694 1593 2728 φεύγειν
1617 2693 1706 2729 πολλῴ
1716 2695 1805 2729 χεῖρον
1823 2694 1855 2720 τὸ

1067 2741 1185 2768 διώκειν.
1200 2740 1228 2768 Id
1244 2745 1304 2767 est:
1333 2738 1398 2766 Ηίτε
1415 2748 1472 2766 cum
1497 2739 1538 2766 illi
1560 2746 1650 2774 agant,
1675 2748 1721 2766 nec
1753 2741 1850 2773 pudeat

1067 2786 1199 2813 malorum
1211 2793 1270 2821 qua
1287 2785 1424 2812 aduersum
1437 2793 1483 2811 nos
1501 2784 1587 2811 maliti
1599 2790 1671 2816 sunt,
1691 2793 1738 2812 nos
1753 2785 1850 2811 etiam-

1069 2841 1130 2859 num
1150 2833 1208 2860 idco
1229 2832 1416 2864 criminantur,
1437 2832 1507 2865 quod
1531 2831 1718 2866 sanguinaria:
1745 2830 1850 2857 illorum

1068 2886 1161 2907 manus
1181 2878 1296 2913 effugere
1312 2877 1476 2913 potuerimus
1496 2885 1506 2909 ,'
1531 2878 1583 2904 imo
1600 2877 1688 2911 potius
1700 2876 1791 2904 acerbe
1805 2875 1850 2903 lu-
