2000 3045
664 151 851 181 ΡΒΑΕῈΔΤΙΟ
868 151 1040 181 EDlTlONlS
1061 152 1310 181 ΒΕΝΕΟΙΟΤΙΝΕ.

1733 166 1786 187 ΧΚΥ

165 213 236 244 gent,
250 209 320 244 quod
339 217 379 236 me
399 217 450 236 non
467 218 481 237 s
494 210 579 238 medio
593 219 700 246 prorsus
716 212 869 240 sustulerint
892 220 900 238 :
919 221 950 239 ac
965 213 988 242 A
1004 212 1137 246 homines,
1156 212 1233 242 fateri
1260 219 1318 244 erat
1341 213 1455 242 diffisum
1476 222 1504 242 se
1529 222 1616 242 causae
1635 222 1700 242 suae.
1728 215 1785 243 Etsi

164 255 284 288 deinceps
305 254 428 282 simulate
449 255 617 283 timiditatem
637 258 819 291 exprobrant;
842 266 892 285 non
908 259 948 285 in-

163 299 307 335 telligentes
325 309 361 333 se,
383 301 450 327 dum.
467 301 505 327 ita
522 303 731 333 obmurmurant,
747 303 775 329 in
790 311 845 330 sese
865 303 948 338 magis

165 346 250 380 ipsum
266 350 364 374 uertere
379 347 600 375 criminationem.
617 347 688 375 Nam
711 349 734 376 si
755 355 830 383 turpe
849 355 886 376 est
906 349 949 384 fu-

163 399 232 426 gere,
247 391 331 419 multo
342 392 458 419 deterius
469 394 599 428 persequi,
616 398 644 421 et
656 400 752 422 caetera
769 394 838 423 bene
854 395 947 427 multa,

164 437 292 471 przeclara
326 438 421 471 etiam,
452 446 511 473 qua:
543 439 666 467 consulto
701 440 840 470 brevitatis
865 448 947 468 causa

163 484 406 518 praetermittimus.

196 528 223 558 ϐ.
248 528 378 556 Limatior
407 530 488 557 etiam
515 530 643 566 Apologia
677 531 711 558 ad
743 531 947 564 Constantium,

161 582 242 609 quam
254 582 315 602 cum
328 574 387 610 lego
400 575 493 603 videor
506 577 571 603 mihi
583 576 786 605 Ciceronianam
798 579 947 606 orationem

162 621 196 648 ob
211 621 304 648 oculos
321 621 433 648 habere.
449 622 544 649 Annon
557 622 735 650 Ciceroniana
752 623 857 656 isthme,
878 632 947 659 quae.

162 674 223 692 cum
245 667 424 693 mentirentur
446 667 552 700 Ariani,
576 668 682 695 misisse
700 668 775 695 illum
794 668 897 697 litteras
916 671 949 697 ad

161 717 305 748 tyrannum
323 712 518 748 Magnentium,
543 714 692 749 depellendi
718 715 842 742 criminis
865 723 948 742 causa

160 760 224 788 dicit
242 761 287 794 (p.
302 759 354 788 257
367 759 377 795 )
391 769 396 786 ;
411 759 478 786 Ποία.
502 768 534 794 με
550 760 685 796 πρόφασις
702 757 776 787 εἷλκε
791 761 894 797 γράψαι
910 760 950 796 τῷ

160 803 289 840 tandem;
317 805 396 831 Ποῖον
421 804 562 839 προοίμιον
593 804 642 840 τῆς
672 805 817 840 ἐπιστολῆς
840 805 950 832 ἔτασσον

159 851 272 885 γράφων
287 849 381 885 αὐτῷ;
403 850 463 877 Ὀτι
475 850 519 876 τὸν
534 850 657 885 τιμῶντά
683 859 727 886 με,
747 848 778 878 οὗ
796 851 849 878 τῶν
873 852 950 887 εὐερ-

159 897 257 930 γεσιῶν
270 897 320 923 οὐκ
344 897 377 924 ἄν
398 905 462 923 ποτε
483 897 672 933 ἐπιλαθοίμην,
692 897 786 924 τοῦτον
815 898 948 932 φονεύσας
963 898 984 925 Β

159 943 249 975 καλῶς
264 944 405 979 lituique,
423 943 470 970 καὶ
484 943 651 978 ἀποδέχομαι
671 952 700 970 σε
719 945 782 976 τοὺς
796 945 950 981 γνωρίμους

158 988 238 1026 ἡμῶν
248 990 425 1026 Χριστιανοὺς
438 991 485 1017 καὶ
498 990 674 1023 πιστοτάτους
690 990 790 1026 ἄνδρας
806 991 949 1024 ἀνελόντα;

160 1037 207 1063 καὶ
223 1036 390 1071 ἀποδέχομαι
407 1045 436 1063 σε
457 1036 596 1071 σφάξαντα
612 1038 674 1069 τοὺς
689 1037 718 1063 ὲν
734 1037 819 1074 Ρώμῃ
833 1037 951 1074 γνησίως

158 1082 232 1117 ἡμᾶς
258 1081 501 1117 ὺποδεξαμένους;
527 1082 583 1110 Hoc
609 1088 651 1110 cst
672 1092 678 1109 :
707 1082 829 1116 Quanam
856 1085 949 1112 ductus

158 1128 294 1156 occasione
309 1130 364 1155 uiro
384 1129 537 1164 ltujusmodi
551 1129 654 1156 litteras
671 1131 820 1158 misissem?
842 1131 950 1166 Ecquod

158 1175 278 1209 fecissem
307 1174 422 1209 epistola
451 1175 486 1201 ad
515 1175 593 1202 talem
621 1176 855 1204 virummittendw
874 1186 950 1204 exor-

157 1225 253 1251 dium?
267 1222 339 1250 Num
349 1223 437 1251 illud:
454 1222 540 1250 Probe
558 1223 643 1257 fecisti
662 1231 720 1251 eum
746 1224 886 1250 occidendo
904 1226 949 1259 qui

157 1278 199 1298 me
218 1278 277 1297 eum
293 1270 390 1297 honore
408 1270 528 1304 excipere
542 1269 659 1303 solebat,
675 1274 699 1297 et
713 1271 789 1305 cujus
811 1270 949 1305 beneﬁcio-

157 1324 217 1344 rum
242 1324 375 1351 nunquam
400 1316 651 1351 obliviscanteque
673 1317 753 1344 laudo
780 1318 850 1352 quod
880 1318 949 1345 uiros

157 1362 230 1390 nobis
256 1362 415 1396 familiares,
438 1370 531 1397 eosque
547 1361 712 1390 Christianos
731 1371 762 1389 ac
781 1363 949 1397 ﬁdelissimos

157 1409 312 1439 sustuleris;
336 1413 361 1434 te
373 1408 584 1439 acceptissimum
600 1408 692 1441 habeo,
712 1409 781 1444 quod
795 1417 838 1436 eos
860 1409 949 1437 Roma:

158 1454 325 1481 obtruncaris
349 1462 366 1480 α
387 1454 482 1488 quibus
513 1455 711 1488 perhumaniter
741 1460 862 1489 exceptus
889 1456 950 1491 fui.’

158 1498 274 1526 Prorsus
296 1498 386 1526 simile
407 1499 491 1527 habes
513 1499 582 1534 apud
607 1499 722 1527 Tullium
736 1500 761 1527 in
783 1500 894 1528 Verrina
909 1510 922 1528 v
940 1511 946 1529 :

158 1545 225 1578 Qui:
239 1554 318 1580 porro
332 1546 456 1580 pmfatio
470 1551 523 1574 tute
538 1547 689 1573 donationis
699 1547 769 1581 fuit?
784 1547 836 1574 Illa
850 1548 947 1575 scilicet

156 1597 230 1619 usus
244 1596 322 1626 atque
334 1592 505 1625 imperatoria
519 1600 528 1619 :
546 1593 660 1625 Quando
675 1597 704 1619 tu
715 1593 819 1628 quidem
836 1594 863 1620 in
878 1603 946 1629 pne-

157 1639 203 1669 .io,
219 1637 247 1664 in
261 1637 337 1669 bello,
360 1637 388 1664 in
405 1645 432 1664 re
449 1637 558 1664 militari
572 1646 581 1664 :
593 1637 668 1672 cujus
682 1646 713 1664 ne
728 1639 824 1666 utentia
841 1640 946 1675 quidem

157 1689 182 1710 te
193 1688 303 1718 praetore
314 1683 369 1710 ulla
383 1683 455 1717 facta
465 1684 526 1711 est?
545 1685 584 1711 Αη
599 1684 645 1711 illa
661 1693 669 1712 :
686 1684 902 1720 Quandoquidem
917 1693 945 1714 tu

158 1729 232 1755 nulla
255 1737 370 1762 unquam
399 1729 464 1755 mihi
495 1730 522 1756 in
548 1730 691 1764 cupiditate
722 1739 752 1757 ac
782 1733 946 1765 turpitudine

157 1774 282 1809 defuisti,
300 1775 470 1810 omnibusque
483 1775 512 1802 in
524 1775 617 1802 iisdem
637 1776 748 1810 ﬂagitiis
772 1785 871 1805 meeum
884 1779 946 1805 etin

157 1821 289 1856 legatione
303 1826 327 1848 et
345 1821 372 1848 in
388 1825 504 1856 prwtura
518 1840 525 1854 ,
548 1827 570 1848 et
595 1822 637 1849 hic
659 1823 685 1849 in
712 1823 807 1851 Sicilia
830 1830 945 1853 versatus

156 1873 185 1891 u
196 1865 210 1892 .‘
224 1869 277 1893 etc.

193 1911 222 1938 7.
237 1909 355 1946 Tempus
371 1919 413 1939 me
427 1912 567 1944 deﬁceret,
582 1912 604 1939 si
618 1912 675 1940 loca
687 1913 784 1941 similia
800 1922 945 1950 congerere

157 1958 266 1991 vellem,
283 1958 305 1985 si
325 1959 455 1986 adnotare
479 1966 539 1993 qua:
558 1963 650 1986 notatu
670 1960 749 1994 digna
766 1965 828 1988 sunt
843 1969 850 1987 :
864 1969 944 1996 quam

156 2005 230 2033 salse
242 2005 370 2033 nimirum
385 2006 507 2032 mordeat
519 2012 640 2033 aversam
658 2007 845 2034 cunuchorum
858 2008 945 2036 libidi-

158 2058 231 2084 nem,
248 2051 372 2079 admistis
392 2050 508 2083 facetiis,
534 2059 595 2086 quae
610 2056 699 2078 tamen
718 2052 786 2080 nihil
804 2054 837 2081 de
855 2055 945 2089 gravi-

159 2101 213 2124 tate
232 2094 398 2131 decer‘pant;
415 2103 495 2131 quam
512 2097 612 2124 acriter
625 2097 773 2125 insectetnr
785 2098 945 2128 Meletiano-

158 2150 217 2169 rum
229 2142 385 2175 avaritiam,
401 2142 447 2177 qui
463 2142 610 2177 dignitates
623 2145 826 2173 ecclesiasticas
835 2147 946 2175 venales

157 2188 322 2222 quibuslibet
338 2188 405 2216 viris
419 2190 615 2224 proponebant,
629 2194 681 2218 etc.
695 2191 866 2220 Acutissimae
883 2199 947 2221 sunt

127 2260 129 2264 Α
158 2234 238 2269 etiam
253 2233 392 2261 Orationes
405 2239 495 2261 contra
508 2234 713 2269 Apollinarium,
731 2236 757 2263 in
775 2236 861 2271 iisque
873 2238 947 2266 inve-

160 2279 249 2306 nimus
264 2279 443 2307 Athanasium
465 2280 613 2308 Athanasio
634 2281 806 2317 δριμύτερον.
825 2282 853 2309 In
873 2283 946 2318 pole-

160 2325 238 2352 micis
255 2325 326 2352 enim
342 2325 458 2352 maxime
479 2330 586 2353 :etatem
604 2326 742 2359 contrivit,
757 2335 856 2356 curans
874 2336 946 2356 sctu-

161 2378 208 2404 per
221 2377 255 2397 ne
272 2371 358 2398 aliena
383 2371 508 2407 dogmata
531 2371 747 2407 Arianorumque
771 2380 853 2401 ausus
876 2374 944 2408 plebi

159 2416 300 2444 catholicae
322 2417 386 2452 quid
409 2422 586 2453 apportarent
604 2418 677 2444 mali.
703 2418 757 2446 Etsi
778 2426 842 2447 vero
867 2427 945 2455 asper

159 2468 212 2495 est,
229 2467 257 2490 ct
271 2455 363 2491 sannis
378 2464 583 2499 maledictisque
603 2464 709 2498 plenus,
729 2466 836 2500 quando
848 2473 891 2493 res
903 2471 945 2494 est

160 2509 197 2536 Illi
213 2514 307 2545 contra
322 2510 568 2538 haereticosznemo
582 2515 669 2538 tamen
686 2516 737 2543 est,
749 2511 793 2546 qui
806 2516 946 2548 perspecta

161 2555 360 2587 hereticorum,
385 2557 504 2583 maxime
528 2556 585 2583 Arii
608 2556 764 2591 sequacium
787 2558 945 2592 pertinacia,

162 2601 262 2634 furore,
278 2602 447 2630 immanitate
472 2604 499 2630 in
524 2603 706 2635 Christianos,
736 2604 762 2630 in
792 2604 944 2640 episcopos,

161 2648 307 2683 proborum
331 2649 395 2676 item
423 2649 563 2677 hominum
589 2650 757 2682 carniﬁcina,
778 2650 805 2677 in
829 2651 946 2678 nefarios

161 2695 261 2730 aliquid
291 2694 480 2723 inclementius
513 2695 615 2722 dictum
652 2696 808 2723 arbitretur.
844 2696 947 2731 Aspero

160 2739 265 2768 scilicet
278 2740 335 2775 agit
351 2741 476 2773 Arianos,
493 2741 556 2775 quia
576 2741 644 2768 nihil
662 2747 756 2769 contra
775 2747 877 2769 tantam
892 2742 945 2769 vim

161 2786 220 2813 sine
236 2786 261 2813 vi
276 2786 333 2813 ﬁeri
358 2790 462 2820 poterat
477 2794 486 2813 '.
499 2790 526 2814 et
547 2787 661 2815 remisse
689 2787 820 2822 depellere
843 2787 947 2815 feroces

195 2885 235 2921 (α)
249 2884 417 2912 Archilucus.

1002 267 1065 287 vero
1082 260 1187 288 mordet
1203 260 1315 293 acriter,
1332 267 1393 287 cum
1410 260 1551 288 insolentia
1575 261 1717 288 criminum
1740 267 1787 289 aut

1001 306 1133 334 haercsum
1149 306 1289 334 temeritas
1312 314 1401 334 acrem
1426 307 1543 342 postulat
1566 313 1719 340 oratorem;
1742 309 1785 336 ubi

1001 355 1090 378 tamen
1111 358 1154 381 res
1177 350 1214 378 illi
1233 355 1274 379 est
1298 358 1358 378 cum
1385 351 1547 379 adversariis
1571 352 1687 387 aliquam
1717 354 1785 388 ωᾳυί

999 395 1119 430 bonique
1135 397 1266 426 rationem
1292 398 1458 430 tenentibus,
1481 398 1571 426 sobrie
1591 406 1623 426 ac
1641 399 1787 434 prudenter

1000 441 1080 469 verba
1095 441 1170 475 facit,
1499 479 1501 482 Ι

1108 509 1115 516 .
1129 507 1135 513 .
1149 507 1157 515 .
1172 508 1178 515 .
1193 507 1200 515 .
1215 488 1353 524 mollitque
1377 488 1477 516 animos
1496 493 1521 516 et
1539 494 1662 524 temperat
1680 491 1745 518 iras.

999 532 1061 560 Fuit
1075 538 1166 560 autem
1183 534 1245 560 illud
1258 534 1341 561 sobrii
1359 536 1588 570 temperantis-que
1603 537 1685 563 animi
1703 545 1785 571 argu-

1001 585 1134 612 mentum,
1151 588 1211 607 cnm
1225 585 1334 615 rogatus
1346 588 1360 607 a
1381 580 1529 615 Serapione
1550 585 1577 608 ut
1591 581 1648 608 Arii
1672 587 1785 610 mortem

1000 626 1142 653 mandaret
1172 626 1278 659 litteris,
1295 627 1411 654 hominis
1427 626 1480 654 Deo
1491 626 1567 661 juxta
1582 628 1787 663 hominibusque

1000 671 1097 705 invisi;
1117 673 1265 706 perniciem
1283 672 1412 700 divinitus
1431 672 1580 700 immissam
1597 681 1667 709 aegre
1690 682 1786 702 recen-

1000 725 1060 745 sere
1074 726 1104 746 se
1118 718 1279 746 testiﬁcatur
1295 719 1339 754 (p.
1355 718 1436 754 269).
1452 726 1486 747 ne
1506 720 1682 754 quantumvis
1702 720 1786 755 impio

999 768 1061 798 post
1075 764 1179 791 obitum
1199 764 1330 792 insultare
1349 764 1489 797 videatur;
1506 764 1632 793 nimirum
1644 785 1652 799 ,

1001 808 1120 842 Ζῶντας
1134 809 1271 839 κολάζειν
1283 810 1337 836 οὐκ
1349 810 1471 843 εὐσεϐές
1483 818 1489 825 ·

1003 855 1044 881 Οὐ
1069 854 1124 889 γὰρ
1154 855 1250 882 ἐσθλὰ
1277 856 1457 883 κατθανοῦσι
1489 856 1641 891 κερτομεῖν
1664 858 1709 884 ἐπ’
1735 858 1775 885 ἀν

1570 902 1698 938 [δράσιν
1717 903 1765 939 (α).
1776 903 1786 940 ]

1036 946 1063 974 8.
1083 946 1123 973 Ad
1140 946 1338 975 mansuetiores
1360 955 1423 975 vero
1438 956 1530 976 musas
1547 957 1580 976 an
1599 950 1743 984 aliquando
1757 958 1786 977 se

1001 991 1145 1020 contulerit
1156 992 1331 1025 Athanasius,
1345 1000 1442 1026 necne,
1463 993 1533 1021 haud
1549 994 1627 1022 facile
1638 995 1709 1022 dictu
1723 1000 1785 1023 est:

1001 1038 1127 1073 augurari
1145 1042 1234 1065 tamen
1250 1038 1312 1066 licet
1324 1043 1446 1066 sanctum
1469 1039 1623 1072 Doctorem,
1641 1048 1702 1067 cum
1715 1048 1782 1075 quo-

1003 1083 1108 1110 lidianre
1133 1091 1205 1111 curae
1228 1087 1357 1119 angerent
1382 1084 1513 1116 animum,
1536 1090 1564 1112 et
1593 1092 1642 1119 pro
1666 1086 1786 1114 Ecclesia

1001 1136 1106 1164 semper
1121 1129 1175 1162 ille,
1192 1137 1242 1165 pro
1263 1131 1361 1166 capite,
1376 1138 1425 1166 pro
1441 1131 1492 1160 [ide
1508 1132 1676 1164 decerneret,
1700 1132 1786 1160 modi-

1001 1181 1059 1201 cam
1076 1175 1232 1209 huiusmodi
1249 1176 1347 1204 studiis
1361 1184 1469 1212 operam
1487 1178 1611 1211 dedisse,
1627 1178 1786 1213 descriptio-

1000 1219 1080 1247 nibus
1102 1221 1237 1255 videlicet,
1266 1224 1415 1256 encomiis,
1446 1223 1632 1258 philosophiae.
1659 1223 1785 1252 Carmina

1001 1273 1066 1293 vero
1079 1274 1112 1294 ne
1128 1267 1268 1294 minimum
1284 1268 1406 1304 attigisse
1418 1270 1535 1297 videtur.
1555 1269 1641 1297 Dictio
1652 1270 1709 1304 ejus
1721 1278 1785 1305 pura

1000 1317 1027 1340 et
1046 1312 1155 1348 elegans
1172 1317 1214 1341 est
1239 1319 1268 1341 ut
1290 1314 1434 1349 plurimum
1457 1323 1464 1342 :
1484 1323 1534 1344 nec
1564 1315 1668 1344 inﬁcior
1697 1321 1785 1344 tamen

1001 1359 1139 1387 nonnullis
1168 1359 1226 1394 ejus
1258 1361 1386 1395 operibus
1416 1362 1534 1396 aliquam
1564 1363 1786 1397 peregrinitatem

1000 1406 1124 1434 attulisse
1158 1405 1263 1433 Latinae
1289 1407 1387 1442 linguae
1417 1415 1516 1441 usum;
1542 1408 1621 1442 quale
1646 1407 1710 1435 illud
1735 1413 1786 1441 est.

1005 1451 1167 1486 Ἐκκλησίαν
1181 1451 1279 1478 ἔδωκεν
1294 1453 1334 1484 εἰς
1346 1451 1458 1488 πρέδαν,
1472 1453 1628 1488 βετεράνος,
1649 1458 1677 1481 et
1695 1454 1747 1481 alia
1761 1455 1787 1482 id

999 1504 1093 1532 genus.
1119 1496 1293 1531 impetratum
1317 1497 1419 1525 scilicet
1434 1505 1448 1524 a
1472 1499 1665 1526 consuetudine
1688 1499 1786 1532 fuerat,

999 1547 1028 1570 ut
1041 1542 1064 1570 si
1076 1549 1110 1569 ex
1125 1543 1284 1577 quotidiana
1307 1543 1464 1570 Latinorum
1489 1543 1674 1572 familiaritate
1692 1544 1788 1580 aliqua:

1001 1588 1154 1623 hujusmodi
1174 1589 1307 1617 dictiones
1322 1590 1348 1617 in
1363 1590 1475 1618 buccam
1490 1591 1626 1624 venirent,
1646 1600 1680 1619 ne
1703 1592 1737 1619 ab
1753 1592 1786 1619 iis

1000 1635 1042 1662 vel
1059 1635 1154 1663 Graece
1172 1636 1314 1670 peritiores
1329 1637 1505 1666 abstinerent.
1528 1637 1603 1665 Licet
1619 1642 1708 1666 autem
1722 1638 1787 1666 insi-

1000 1682 1058 1710 dias
1071 1683 1184 1710 auribus
1196 1683 1306 1710 minime
1322 1688 1409 1718 paret,
1423 1683 1530 1710 lectoris
1543 1683 1593 1711 sibi
1612 1689 1712 1717 tamen,
1730 1683 1787 1711 ille-

1000 1728 1088 1755 cebris
1102 1727 1195 1756 nescio
1211 1728 1326 1762 quibus,
1350 1728 1567 1756 benevolentiam
1590 1734 1690 1764 captat.
1715 1728 1785 1756 Nihil

1000 1780 1125 1801 morosus
1147 1774 1174 1800 in
1198 1773 1317 1801 exordiis
1338 1778 1391 1807 est,
1415 1775 1461 1801 sed
1483 1775 1575 1801 statim
1598 1775 1632 1802 ab
1657 1775 1733 1802 initio
1758 1776 1785 1802 in

1000 1827 1089 1846 arcem
1116 1827 1204 1846 causae
1224 1819 1338 1853 invadit,
1362 1824 1390 1847 et
1416 1825 1510 1847 contra
1538 1821 1680 1848 haereticos
1714 1822 1787 1848 canit

999 1866 1198 1900 quodammodo
1211 1865 1368 1893 cla~sicum.
1385 1865 1506 1894 Platonis
1525 1865 1689 1902 Homerique
1704 1866 1787 1895 libros

1000 1912 1063 1947 legit
1074 1912 1192 1945 assidue,
1207 1920 1310 1941 necnon
1333 1913 1447 1941 aliorum
1466 1917 1599 1947 veterum,
1622 1919 1651 1941 ut
1669 1921 1703 1942 ex
1719 1914 1787 1941 Ora-

1000 1960 1070 1986 tione
1088 1963 1182 1986 contra
1202 1964 1290 1994 gentes
1305 1964 1333 1986 et
1347 1967 1380 1988 ex
1397 1959 1456 1987 aliis
1469 1959 1527 1994 ejus
1541 1959 1670 1994 operibus
1688 1967 1786 1996 propa-

1000 2004 1052 2031 lam
1064 2010 1117 2032 est.
1133 2004 1208 2037 Quod
1228 2004 1250 2031 si
1265 2004 1413 2040 Gregorius
1432 2004 1621 2033 Nazianzenus
1643 2005 1716 2032 illum
1735 2005 1786 2032 hac

1001 2050 1026 2077 in
1052 2056 1128 2085 parte
1159 2051 1334 2078 mediocriter
1367 2051 1501 2078 duntaxat
1533 2051 1668 2078 eruditum
1703 2051 1785 2079 fuisse

1000 2101 1101 2129 narret,
1113 2096 1138 2123 id
1150 2096 1276 2124 nimirum
1290 2096 1421 2131 Gregorio
1430 2096 1516 2124 visum
1531 2097 1590 2129 fuit,
1602 2098 1647 2132 qui
1661 2104 1785 2132 magnam

999 2143 1087 2170 aetatis
1109 2149 1164 2170 sum
1181 2147 1284 2176 partem
1312 2142 1355 2170 his
1380 2142 1407 2170 in
1433 2143 1531 2170 studiis
1560 2142 1696 2170 contrivit.
1719 2142 1788 2170 Aliis

999 2194 1088 2216 autem
1104 2188 1166 2223 jure
1186 2189 1310 2216 videatur
1331 2189 1498 2217 Athanasius
1523 2189 1674 2224 φιλολόγος,
1696 2193 1723 2216 et
1742 2188 1784 2216 his

999 2235 1025 2261 in
1042 2235 1122 2262 rebus
1133 2235 1216 2269 probe
1229 2235 1363 2262 eruditus.

1367 2280 1410 2308 ιιι.

1157 2325 1195 2352 De
1212 2325 1315 2353 amissis
1334 2326 1473 2353 Athanasii
1497 2326 1626 2360 operibus.

1034 2372 1061 2399 1.
1077 2372 1132 2399 Etsi
1144 2377 1200 2399 tam
1214 2373 1329 2408 peritutn
1346 2373 1450 2400 dicendi
1467 2373 1591 2408 opilicem
1606 2372 1782 2400 Athanasium

998 2416 1082 2444 fuisse
1097 2425 1159 2444 mox
1178 2417 1365 2450 narrabamus,
1390 2423 1419 2445 ut
1438 2427 1473 2446 ne
1492 2426 1540 2446 nos
1561 2419 1691 2453 pmniteat
1708 2418 1783 2450 dicti,

998 2462 1040 2490 vel
1057 2463 1083 2490 id
1099 2471 1181 2490 unum
1198 2463 1266 2491 satis
1286 2464 1332 2495 sit,
1354 2464 1425 2499 quod
1452 2469 1522 2490 tanta
1551 2464 1626 2491 vario
1647 2463 1782 2490 scribendi

1000 2516 1100 2544 genere
1113 2509 1255 2537 Athanasii
1269 2510 1370 2544 scripta
1389 2510 1488 2536 amissa
1506 2509 1620 2540 fuerint,
1635 2513 1664 2539 ut
1678 2507 1782 2536 nonnisi

1000 2560 1104 2590 partem
1125 2556 1223 2583 debitae
1246 2556 1334 2584 laudis
1354 2555 1449 2583 tulisse
1476 2555 1519 2582 ille
1546 2555 1676 2582 videatur.
1703 2555 1782 2589 Quot,

999 2602 1106 2634 amabo,
1122 2609 1203 2636 opera
1221 2602 1309 2629 emisit
1329 2602 1355 2629 in
1374 2601 1476 2634 lucent,
1491 2601 1536 2635 qui
1562 2601 1669 2628 ineunte
1694 2601 1784 2628 adole-

998 2649 1101 2675 scentia
1122 2647 1254 2682 ejusmodi
1275 2648 1366 2675 ludum
1387 2648 1537 2682 ingressus,
1557 2655 1616 2673 mox
1637 2647 1782 2681 specimina

998 2694 1080 2722 dabat
1093 2694 1223 2729 magistro
1239 2695 1334 2728 digna;
1358 2693 1404 2728 qui
1421 2694 1534 2720 decursa
1549 2692 1605 2726 jam
1619 2696 1698 2719 aetate
1715 2692 1786 2718 adeo.

998 2740 1102 2768 naviter
1112 2745 1139 2767 et
1152 2740 1221 2767 salse
1237 2739 1364 2767 Ecclesiae
1378 2740 1469 2766 hostes
1483 2737 1648 2773 aggreditur,
1668 2741 1697 2764 ut
1708 2737 1783 2766 dicas

998 2787 1055 2813 haec
1073 2785 1177 2813 dicendi
1198 2789 1358 2821 ornamenta
1382 2785 1534 2818 accrevisse
1549 2784 1621 2815 viro,
1634 2783 1701 2822 dum
1721 2789 1783 2818 ρῳ·
