2000 3045
211 168 274 191 [XVI

212 227 301 255 porcae
315 219 386 254 vires
398 219 562 247 deficerent?
584 218 662 252 Quot,
686 223 765 254 putas
777 240 784 252 ,
803 224 841 247 tot
856 227 985 246 annorum
1001 224 1024 252 Α

193 265 298 300 ἰρειίο
313 265 492 297 elucubravit,
514 267 549 292 ita
578 265 688 300 diligens
707 271 734 292 et
761 272 857 295 navus.
886 264 985 299 advigi-

213 309 271 337 lans
286 317 391 344 semper
403 309 554 345 frangendis
573 311 758 338 haereticorum
768 310 902 338 consiliis?
919 311 987 338 Anni

212 357 286 380 certe
320 353 452 382 intersunt
473 354 508 381 ab
532 355 602 381 edita
623 354 748 382 Oratione
771 361 861 383 contra
884 360 986 390 gentes,

212 399 245 426 ad
269 399 405 427 absolutos
435 407 518 434 usque
546 400 645 428 Contra
668 401 858 435 Apollinarium
886 401 1008 434 libros,_

213 446 271 479 plus
294 450 409 480 quatuor
433 450 460 472 et
490 446 702 481 quinquaginta.
728 447 825 481 quibus
847 447 987 474 innumera

214 489 282 517 haud
307 490 386 517 dubie
408 490 527 525 scripsit,
553 490 580 517 in
597 491 661 522 otio,
684 491 711 518 in
728 491 845 527 negotio,
866 492 988 519 homilias

213 535 348 568 videlicet,
379 536 523 571 epistolas,
554 537 776 569 commentarios,
801 538 987 566 haereticorum

213 580 420 609 confutationes.
433 581 538 615 Quanta
556 582 673 609 estimas
689 583 804 610 edidisse
823 583 849 610 in
869 584 985 615 deserto,

213 626 276 654 dum
302 626 454 660 calamitas,
482 631 585 658 metus,
612 627 728 654 solitudo
757 627 930 661 prohiberent
954 629 988 656 ab

212 671 310 704 otiicio,
326 676 354 700 et
367 673 446 707 spatii
456 672 568 700 multum
581 678 653 700 esset
666 673 698 700 ad
710 674 895 707 scribendum;
910 679 988 709 atque

214 716 321 744 aliunde
336 717 407 745 curis
429 717 566 745 confectus
584 719 689 746 animus
711 719 816 746 nonnisi
838 719 986 747 litterarum

213 768 264 798 usu
279 769 339 789 sese
349 769 498 790 exonerare
513 764 620 797 posset?
636 763 703 791 Hinc
719 765 856 799 propalam
870 770 922 798 est,
938 767 987 793 etsi

214 806 296 833 multa
316 807 350 834 ab
364 808 481 842 antiquis
496 808 636 835 laudantur
653 809 793 836 Athanasii
817 818 915 845 opera,
931 811 987 845 jam

213 852 310 887 injuria
331 857 479 891 temporum
492 855 643 887 exstincta,
663 855 747 882 multo
763 855 838 890 plura
855 863 915 884 esse
926 865 985 892 quae

213 905 228 925 a
244 898 422 933 scriptoribus
437 900 516 927 tacita
533 900 625 928 relicta
642 906 716 928 sunt.

247 943 274 970 2.
290 943 457 972 Paucissima
476 953 542 973 sane
554 951 694 973 enumerat
706 946 893 982 Hieronymus,
907 947 929 974 si
945 947 987 974 vel

212 989 299 1016 solum
315 991 440 1018 conferas
459 998 519 1018 cum
538 991 570 1018 iis
588 999 647 1025 quae
657 991 712 1025 jam
731 993 801 1020 edita
816 997 925 1020 exstant
943 1005 948 1020 :
963 997 989 1021 et

211 1042 245 1062 ex
261 1035 315 1070 illis
338 1041 426 1063 tamen
445 1036 478 1063 ab
493 1043 525 1064 eo
541 1037 695 1064 memoratis
717 1038 837 1072 quaedam
858 1045 988 1073 nusquam

212 1085 379 1114 comparent,
394 1081 461 1117 liber
472 1089 568 1116 nempe
581 1081 682 1109 Contra
697 1081 834 1109 Uraacium
848 1088 871 1110 el
896 1082 990 1110 Valen-

213 1129 275 1159 tem,
296 1125 363 1152 liber
381 1125 418 1152 De
434 1126 593 1160 virginitate,
617 1126 686 1154 alius
709 1127 814 1155 scilicet
836 1127 869 1154 ab
889 1135 920 1155 eo
944 1127 989 1162 qui

213 1170 283 1197 inter
297 1170 377 1198 dubia
401 1176 571 1205 computatur
599 1172 717 1203 secundo
738 1171 876 1208 [quarto]
906 1179 988 1201 tomo.

212 1215 284 1244 Duos
302 1216 401 1248 Contra
423 1221 509 1252 gentes
520 1217 603 1245 libros
624 1217 692 1244 idem
714 1218 807 1245 doctor
829 1226 991 1246 commemo-

213 1262 293 1294 ravit,
305 1269 374 1290 unus
382 1261 438 1296 jam
455 1268 577 1298 superest
591 1271 623 1298 ea
637 1264 831 1300 inscriptione;
854 1273 888 1293 ne
901 1270 990 1293 tamen

213 1306 358 1333 secundum
382 1307 511 1334 amissum
534 1307 698 1336 existimato.
725 1308 792 1336 Nam
819 1309 865 1344 qui
893 1309 990 1336 librum

213 1350 313 1388 Contra
328 1356 414 1386 gentes
431 1353 542 1387 excipit,
563 1353 600 1380 De
616 1354 799 1381 incarnatione
813 1359 991 1389 nuncupatus,

212 1397 302 1430 quoad
317 1404 439 1432 magnam
454 1403 557 1432 partem
580 1405 607 1425 et
621 1400 679 1434 ipse
702 1405 794 1427 contra
809 1405 901 1434 gentes
916 1401 992 1427 datus

212 1446 264 1474 est,
291 1446 319 1469 et
343 1442 414 1479 serie
439 1448 529 1470 mutua
547 1444 663 1471 coluerat
686 1452 745 1471 cum
765 1445 942 1479 prmcedenti;
964 1449 993 1472 ut

212 1487 378 1522 exploratum
393 1488 429 1515 sit
442 1489 492 1516 bos
508 1496 568 1516 esse
586 1489 663 1518 binos
677 1495 770 1518 contra
789 1495 882 1524 gentes
897 1490 990 1518 libros.

212 1532 292 1584 laiber
305 1532 526 1584 ?e_Psalmorum
546 1535 630 1562 titulis
654 1536 688 1563 ab
710 1536 802 1563 eodem
829 1536 992 1572 Hieronymo
1005 1555 1025 1584 ο

212 1579 282 1617 inter
305 1579 486 1607 Albanasiana
506 1585 725 1613 connumeratus,
748 1581 770 1608 si
796 1589 849 1610 non
874 1582 989 1617 idipsum

211 1628 253 1650 est
268 1618 515 1660 quodargumenta
535 1626 560 1652 in
576 1625 790 1661 expositionibus
810 1626 988 1661 Psalmorum,

211 1668 245 1696 ad
258 1668 372 1699 frontem
389 1670 518 1705 cujusque
534 1671 629 1706 psalmi
648 1672 733 1707 posita
745 1692 752 1704 ,
766 1672 808 1700 vel
821 1673 892 1708 quod
906 1680 990 1708 expo-

212 1714 324 1742 sitiones
338 1715 412 1751 ipsas,
427 1717 577 1745 exstinctus
589 1718 690 1752 pariter
701 1717 751 1745 fuit
766 1718 816 1754 (ι).

246 1761 274 1788 5.
292 1761 345 1797 sed
357 1762 428 1789 nulla
437 1783 445 1796 ,
457 1763 720 1798 opinamur.jactura
730 1765 814 1800 major
828 1772 908 1800 quam
927 1765 990 1801 Epi-

211 1806 338 1834 stolarum
352 1807 542 1848 topeaottzc'ov,
562 1815 605 1836 aut
630 1810 773 1846 (astutiam,
797 1812 853 1839 sive
873 1812 898 1839 in
919 1817 990 1839 cmtu

211 1852 338 1880 Ecclesiae
351 1853 535 1888 legendarum,
545 1863 612 1891 quas
624 1856 687 1883 item
702 1856 792 1884 laudat
803 1856 989 1893 Hieronymus.

211 1897 267 1925 llas
280 1898 380 1933 ingenti
394 1908 506 1936 numero
519 1901 695 1934 Athanasius,
711 1910 772 1930 cum
785 1903 904 1930 Arianici
918 1903 991 1930 iuro-

211 1942 250 1970 ris
265 1943 418 1981 declinandi
437 1953 518 1973 causa
546 1947 572 1974 in
601 1947 707 1975 deserto
730 1948 875 1976 Thebaidis
905 1949 991 1976 latens

211 1992 314 2022 ageret,
334 1990 366 2016 ad
381 1990 486 2024 plebem
503 1993 663 2020 catholicam
678 1993 887 2021 Alexandrinam
907 1994 990 2022 misit.

209 2033 298 2067 Atque
308 2038 337 2061 ut
351 2042 384 2076 ex
397 2035 428 2063 iis
446 2044 505 2072 quae
520 2037 652 2073 hodieque
664 2043 809 2073 supersunt
824 2039 989 2074 fragmentis,

212 2079 369 2114 conjectare
385 2081 459 2115 licet,
478 2090 572 2118 magna
587 2091 649 2118 pars
660 2085 686 2111 in
699 2085 847 2111 enarranda
859 2089 885 2112 et
899 2084 991 2117 deplo-

209 2125 294 2152 randa
322 2125 449 2155 Ecclesia:
477 2128 631 2157 calamitate
664 2131 840 2158 versabantur
867 2130 916 2166 (2).
941 2129 992 2158 Hic

213 2173 376 2205 quastiones
394 2175 428 2201 ab
443 2175 548 2207 Arianis
563 2175 686 2209 iniectas,
709 2181 738 2203 ut
756 2176 859 2211 plebem
881 2176 992 2204 absente

887 159 1148 188 PBOLEGOMENA.

1038 220 1143 247 tudines
1156 218 1345 250 Ecclesiarum,
1363 218 1396 244 ad
1409 224 1511 245 morum
1523 220 1655 251 praecepta
1669 215 1732 244 hinc
1749 215 1816 244 lueis

1040 265 1199 293 accederet!
1229 265 1263 292 Et
1288 264 1410 292 fortassis
1437 262 1524 291 adhuc
1553 262 1650 290 alicubl
1680 261 1764 289 latent
1789 263 1816 289 in

1040 310 1158 342 Oriente,
1171 310 1216 338 ubi
1229 310 1297 337 bene
1309 309 1389 336 multa
1408 313 1525 336 exstant.
1542 307 1608 335 Nam
1623 307 1686 335 licet
1697 307 1817 342 complu-

1040 362 1082 382 res
1094 354 1155 382 inde
1166 355 1200 382 ad
1216 361 1265 382 nos
1278 354 1372 389 perlati
1387 353 1493 381 codices
1504 353 1615 385 fuerint,
1634 357 1663 380 at
1681 360 1741 380 cum
1761 352 1816 387 ple-

1039 407 1152 436 rumque
1167 403 1196 426 ut
1211 399 1266 427 fors
1280 399 1348 431 tulit,
1367 399 1424 426 sine
1444 398 1547 426 delectu
1564 403 1590 426 et
1606 404 1736 434 apparatu
1751 406 1817 433 quo-

1039 447 1122 481 piam,
1154 445 1187 472 ad
1209 452 1268 473 eam
1303 451 1360 472 rem
1389 448 1476 472 tamen
1502 452 1629 479 perquam
1653 444 1815 477 necessario,

1039 491 1147 519 codices
1169 489 1363 518 accumularint
1383 490 1428 524 qui
1448 497 1541 517 curam
1558 489 1710 524 huiusmodi
1723 496 1817 517 susce-

1040 545 1121 572 pere;
1149 536 1212 564 binc
1236 536 1335 564 factum
1351 539 1380 562 ut
1403 542 1474 570 saepe
1493 543 1608 570 quorum
1626 535 1681 570 jam
1705 543 1815 571 operum

1039 583 1114 610 multi
1142 583 1249 610 codices
1273 581 1416 609 exstabant
1445 581 1471 608 in
1501 576 1669 608 bibliothecis
1694 581 1815 614 nostris;

1038 627 1191 655 eorumdem
1207 627 1274 654 alios
1290 627 1397 654 codices
1419 626 1478 654 sine
1500 626 1552 652 fine
1571 630 1774 660 compararent;
1790 629 1818 654 et

1039 675 1131 700 contra
1160 680 1273 707 quorum
1295 671 1336 699 vel
1358 671 1410 698 rari
1427 671 1467 698 vel
1487 671 1550 698 nulli
1569 679 1650 706 penes
1666 679 1714 698 nos
1728 676 1816 704 erant,

1039 725 1070 744 ea
1085 717 1331 752 praetermitterent.
1351 715 1391 743 Ad
1415 716 1549 750 Epistolas
1562 716 1665 750 [astulas
1678 720 1708 743 ut
1721 716 1815 744 redea-

1039 770 1110 794 mus,
1125 766 1212 789 exstat
1226 766 1268 789 sat
1281 761 1413 796 prolixum
1429 761 1572 788 tricesima:
1586 769 1663 788 nonae
1682 761 1817 796 fragmen-

1040 813 1106 840 tum,
1122 815 1172 842 qua
1185 807 1346 834 Arianorum
1363 807 1438 834 falsis
1449 806 1613 840 rumoribus,
1623 807 1656 834 de
1671 806 1817 842 Scriptura

1039 861 1123 881 sacrm
1138 853 1223 885 libris,
1248 858 1409 881 commotam
1433 852 1592 880 catholicam
1616 853 1718 887 plebem
1741 853 1818 880 sedat

1040 904 1150 927 sanctus
1164 900 1273 931 Doctor,
1291 903 1318 926 et
1334 905 1427 926 verum
1449 897 1652 932 Scripturarum
1678 905 1816 925 sacrarum

1041 944 1106 971 texit
1127 943 1290 979 catalogum.
1316 944 1356 971 Ad
1381 944 1438 972 haec
1463 943 1645 971 Colbertinum
1674 943 1816 977 quemdam

1038 989 1156 1016 codicem
1165 988 1378 1023 antiquissimum
1388 988 1544 1020 evolvendo,
1554 988 1581 1014 in
1595 987 1666 1015 aliud
1678 988 1816 1023 fragmen-

1040 1039 1095 1060 lnll
1124 1034 1265 1062 incidimus
1292 1033 1385 1061 Latine
1415 1041 1448 1061 ex
1473 1033 1568 1062 Graeco
1596 1041 1720 1066 versum,
1746 1036 1818 1069 quod

1039 1087 1166 1114 perquam
1182 1079 1362 1113 gratissimum
1381 1080 1487 1107 accidit.
1507 1079 1574 1106 Hinc
1592 1087 1686 1107 cernas
1700 1079 1726 1106 in
1739 1078 1819 1106 Occi-

1041 1125 1147 1152 dentem
1183 1131 1268 1158 usque
1300 1124 1415 1158 perlatas
1438 1124 1520 1152 fuisse
1548 1123 1680 1159 ejusmodi
1715 1124 1818 1158 {suam

1040 1169 1173 1204 epistolas.
1200 1169 1261 1196 Haec
1276 1175 1364 1196 autem
1378 1189 1385 1201 ,
1404 1169 1481 1204 cujus
1499 1169 1677 1205 fragmentum
1694 1169 1748 1204 jam
1764 1169 1818 1204 pri-

1041 1223 1112 1242 mum
1126 1215 1304 1250 publicamus,
1329 1216 1362 1242 ab
1378 1216 1524 1244 Athanasio
1544 1221 1603 1251 post
1619 1216 1730 1243 traditas
1748 1222 1819 1243 anno

1040 1262 1092 1289 356
1106 1261 1214 1289 Arianis
1226 1261 1366 1294 ecclesias,
1382 1261 1575 1289 consolationis
1592 1269 1672 1289 causa
1682 1281 1690 1294 ,
1715 1261 1748 1289 ad
1762 1261 1819 1297 ple-

1041 1308 1101 1335 bem
1127 1307 1285 1335 catholicam
1311 1308 1391 1335 missa
1420 1312 1471 1335 est.
1507 1306 1582 1335 Haud
1609 1306 1820 1342 improbabilitcr

1042 1352 1234 1386 conjectamus,
1251 1352 1431 1387 fragmentum
1448 1352 1511 1379 item
1535 1359 1549 1379 a
1569 1351 1739 1379 'I‘lteodoreto
1755 1351 1817 1378 alla-

1043 1402 1109 1429 tum,
1126 1398 1160 1424 ab
1179 1405 1265 1432 eoque
1288 1397 1327 1424 Ad
1347 1397 1457 1433 virgines
1474 1402 1653 1432 nuncupatum
1666 1417 1674 1429 ,
1695 1397 1777 1424 fuisse
1792 1397 1818 1424 in

1042 1448 1112 1469 cmtu
1136 1442 1262 1470 Ecclesia:
1285 1443 1427 1477 legendum
1446 1450 1529 1469 :nam
1542 1447 1640 1470 castum
1662 1442 1818 1477 populorum

1042 1487 1187 1522 alloquitur
1207 1487 1233 1514 in
1259 1487 1407 1515 masculino
1430 1495 1539 1522 genere.
1566 1487 1599 1514 Et
1620 1487 1681 1522 quia
1704 1487 1819 1522 virgines

1044 1532 1160 1560 maxime
1174 1532 1292 1560 omnium
1303 1532 1337 1560 ab
1348 1532 1455 1559 Arianis
1466 1536 1567 1559 vexatas
1586 1531 1702 1564 fuerant,
1719 1539 1778 1559 cum
1792 1532 1818 1559 in

1042 1578 1094 1606 illis
1120 1578 1354 1614 παραμυθητιχοῖς
1380 1578 1479 1612 λόγοις,
1509 1578 1535 1605 id
1567 1582 1609 1605 est
1639 1577 1819 1605 consolatoriis

1041 1625 1212 1656 sermonibus,
1236 1624 1361 1659 frequens
1384 1625 1516 1660 virginum
1535 1629 1606 1652 esset
1632 1624 1769 1656 memoria,
1793 1629 1821 1651 et

1040 1678 1110 1705 saepe
1138 1670 1253 1698 fortasse
1282 1671 1396 1706 virgines
1426 1670 1608 1705 alloqueretur
1633 1670 1819 1702 Athanasius,

1041 1717 1103 1744 hinc
1118 1716 1215 1743 factum
1230 1721 1258 1743 ut
1273 1716 1312 1743 Ad
1323 1717 1432 1751 uirgines
1447 1720 1655 1750 nuncuparetur.
1674 1714 1820 1743 Patalium

1042 1763 1105 1790 item
1120 1762 1289 1797 epistolarum
1310 1762 1409 1790 mentio
1420 1762 1593 1790 estinferius.

1074 1809 1102 1837 4.
1120 1808 1281 1836 Athanasius
1304 1808 1361 1843 ipse
1387 1808 1413 1836 in
1439 1815 1487 1836 sua
1510 1807 1549 1835 De
1572 1807 1689 1836 Nicwnis
1712 1807 1820 1835 decretis

1040 1855 1149 1890 epistola
1165 1855 1335 1890 prolixiorem
1351 1854 1441 1882 laudat
1456 1854 1490 1882 ab
1501 1861 1530 1882 se
1539 1855 1572 1881 ad
1588 1855 1704 1882 amicutn
1719 1854 1820 1885 datam,

1040 1909 1100 1936 qum
1127 1901 1228 1936 jamdiu
1250 1901 1352 1928 interiit
1379 1906 1407 1928 et
1436 1908 1451 1928 a
1477 1901 1584 1928 nemine
1610 1900 1721 1935 antiquo
1750 1900 1821 1934 quod

1041 1947 1158 1974 sciamus
1171 1953 1318 1974 memorata
1335 1946 1394 1974 fuit.
1414 1946 1477 1974 Item
1498 1947 1523 1973 in
1541 1946 1661 1981 Epistola
1678 1947 1712 1973 ad
1729 1945 1821 1973 Palla-

1040 1993 1123 2026 dium,
1136 1992 1246 2020 alterius
1265 1992 1396 2024 meminit,
1420 1993 1454 2018 ad
1473 1993 1613 2018 monac/tos
1637 1991 1820 2019 Caesarianus.

1076 2038 1103 2066 5.
1119 2038 1158 2066 Ad
1170 2038 1226 2065 haec
1236 2037 1360 2070 Basilius,
1377 2037 1454 2072 cujus
1470 2036 1588 2072 epistolae
1602 2037 1634 2063 ad
1645 2036 1820 2063 Athanasium

1041 2092 1094 2111 non
1115 2091 1206 2119 paucas
1229 2087 1383 2118 supersunt,
1410 2091 1470 2111 cum
1499 2090 1595 2118 magna
1622 2081 1822 2118 significatione

1041 2129 1246 2163 familiaritatis,
1271 2130 1374 2165 aliquas
1403 2134 1536 2157 memorat
1561 2130 1600 2164 (a)
1621 2128 1655 2156 ab
1679 2135 1711 2156 eo
1734 2128 1768 2155 ad
1793 2135 1823 2156 se

1043 2176 1225 2209 transmissas,
1241 2183 1307 2211 quas
1319 2177 1375 2211 ipse
1388 2175 1547 2204 asservabat
1566 2181 1649 2210 penes
1665 2181 1715 2207 se;
1737 2174 1823 2208 iisque

218 2224 325 2254 pastore
339 2227 354 2246 a
369 2220 451 2254 proba
465 2222 596 2248 sententia
612 2227 778 2256 excuterem,
793 2229 820 2250 et
836 2222 992 2250 vacillantes
1009 2226 1030 2253 D
1044 2222 1117 2249 velut
1139 2229 1231 2250 norma
1262 2223 1390 2257 quadatn,
1409 2222 1494 2250 sicubi
1519 2229 1562 2249 res
1583 2221 1750 2256 postularet,
1762 2224 1822 2248 ute-

214 2266 306 2293 animo
325 2266 359 2293 ad
375 2266 536 2294 deteriorem
551 2272 654 2302 partem
666 2268 843 2303 applicarent,
858 2269 892 2296 ab
909 2267 992 2295 Atha-

211 2311 289 2338 nasio
303 2310 487 2342 solvebantur.
505 2311 559 2346 .Hic
578 2320 637 2347 qua:
650 2313 812 2347 doctrinam,
831 2321 892 2348 quae
911 2313 991 2341 disci-

211 2356 324 2390 plinam,
346 2364 408 2390 qua:
421 2364 511 2385 mores
525 2358 694 2392 spectabant,
706 2365 754 2392 per
769 2359 853 2386 otium
870 2358 991 2386 solitudi-

211 2402 255 2430 nis
271 2395 500 2438 explanabat'ille.
514 2403 548 2431 Et
565 2403 684 2432 demiror
694 2404 774 2439 plane
787 2404 990 2433 amanuensium

210 2447 393 2476 Graeculorum
407 2454 514 2484 gustum
532 2458 539 2483 ;
559 2450 604 2484 qui
623 2450 686 2477 dum
707 2450 792 2481 aniles
813 2450 928 2483 fabulas,
941 2450 992 2478 fce-

209 2493 375 2529 dissimaque
387 2499 551 2527 commenta,
565 2495 704 2523 Athanasii
722 2496 831 2524 nomine
844 2495 990 2530 publicata,

210 2538 269 2572 plus
295 2539 392 2567 millies
414 2533 609 2577 exscriberent,
637 2549 696 2576 qua:
720 2549 800 2569 nemo
827 2549 908 2569 sanus
933 2542 991 2570 sine

209 2585 348 2613 Stomacho
378 2586 466 2621 legere
489 2587 582 2622 possit,
612 2587 668 2615 haec
687 2588 724 2615 ita
749 2588 935 2623 neglexerunt,
963 2593 992 2616 ut

210 2629 312 2657 incuria
339 2632 479 2665 perierint.
511 2632 560 2660 Hoi
586 2633 647 2661 hci!
682 2641 761 2669 quam
793 2634 887 2670 pungit
915 2634 991 2662 dolor

209 2674 301 2702 amissi
315 2677 449 2704 thesauri!
464 2685 595 2714 quantum
611 2681 643 2707 ad
656 2680 806 2713 historiam,
828 2681 861 2708 ad
877 2689 991 2709 consuc-

245 2733 283 2768 (a)
301 2733 386 2769 Epist.
401 2736 445 2762 75.

1041 2267 1132 2296 batur.
1166 2268 1231 2295 Nam
1267 2269 1300 2295 ad
1331 2276 1373 2296 res
1399 2268 1596 2296 ecclesiasticas
1625 2266 1823 2301 componendas

1042 2314 1142 2342 dabant
1154 2314 1191 2341 illi
1209 2322 1305 2350 operas
1319 2319 1437 2342 mutuas.

1077 2360 1102 2387 6.
1117 2360 1162 2386 Ait
1174 2360 1340 2395 Epiphanius
1353 2360 1531 2388 Athanasium
1542 2363 1637 2387 contra
1646 2357 1821 2385 Manichreum

1043 2407 1193 2442 scripsisse,
1208 2408 1279 2442 quod
1294 2415 1360 2442 opus
1380 2407 1498 2435 funditus
1521 2407 1607 2441 periit.
1632 2406 1695 2439 Ejus
1716 2405 1823 2433 nomine

1042 2460 1176 2487 perpauca
1191 2453 1268 2480 affert
1282 2453 1424 2481 Facundos
1435 2452 1637 2481 Hermianensis
1649 2451 1718 2478 libro
1738 2450 1822 2478 unde-

1043 2498 1123 2531 cimo,
1134 2507 1193 2534 qua-
1210 2504 1272 2526 sunt
1287 2499 1441 2534 Serapionis
1453 2519 1461 2532 ,
1477 2507 1530 2526 non
1545 2506 1609 2526 vero
1622 2496 1780 2529 Athanasii,
1794 2500 1824 2524 ut.

1042 2545 1181 2572 adnotavit
1204 2544 1374 2572 Sirmondus.
1391 2544 1518 2580 Dialogus
1534 2544 1605 2571 enim
1624 2547 1716 2570 contra
1735 2541 1822 2569 Manis

1042 2590 1137 2624 εΙιωοδ,
1152 2591 1198 2625 qui
1215 2591 1284 2618 inter
1296 2590 1454 2618 Damasceni
1474 2597 1557 2625 opera
1573 2593 1673 2621 exstat,
1686 2589 1713 2616 in
1728 2595 1822 2615 manu-

1042 2637 1141 2671 scripto
1163 2637 1279 2671 quodam
1303 2637 1448 2664 ascribitur
1474 2636 1637 2668 Athanasio,
1658 2638 1704 2663 sed
1726 2640 1822 2669 perpe-

1042 2690 1098 2709 ram
1114 2687 1177 2710 :est
1192 2683 1262 2710 enim
1282 2690 1376 2710 revera
1388 2681 1508 2717 ejusdem
1525 2680 1694 2709 Damasceni.
1717 2679 1774 2713 Qua
1789 2678 1823 2706 de

299 2793 324 2833 |_s
337 2799 383 2833 est
395 2797 660 2833 quem_publicijuris
676 2799 739 2826 fecit
751 2799 884 2826 Antonelli
898 2808 905 2826 :
920 2798 986 2833 Yide
1004 2798 1061 2832 ejus
1081 2797 1262 2832 prmfalionem
1272 2796 1362 2833 ihujus
1375 2796 1578 2833 editionis‘tom.
1595 2794 1636 2823 lli.
1650 2792 1754 2833 (ξυιυς.)

246 2827 284 2869 (ἢ)
301 2827 440 2869 Athanasii
465 2827 601 2869 epulata;
633 2833 736 2866 fatales
774 2834 885 2869 Syrisce
903 2827 1139 2869 rLondin'irnuper
1160 2833 1260 2869 edidit_
1271 2832 1303 2858 θ’
1317 2827 1478 2860 ’ὶνίυειιιιυε
1501 2830 1635 2862 Cureton;
1663 2828 1773 2864 Syriaco
1796 2830 1823 2854 ei

212 2860 308 2891 Latine
327 2864 403 2892 card.
426 2860 527 2901 Angelo
543 2867 603 2901 Mai,
622 2860 654 2895 ex
678 2877 731 2903 quo
749 2860 805 2896 eas‘
818 2860 981 2904 accepimus.
1002 2868 1050 2908 Adi
1070 2860 1167 2895 tomum
1183 2866 1223 2908 Ill.
1242 2866 1318 2894 Enn.
