2000 3045
675 140 859 170 ΡΒΑΞΡΑΤΙΟ
880 141 1048 171 EDITIONIS
1067 143 1315 173 BENEDICTINA‘Z.

1716 154 1787 174 Πνιι

179 206 208 226 ro
221 198 246 225 in
259 197 416 234 prmfatione
436 199 546 227 secundi
559 199 663 236 [quarti
676 200 684 236 j
699 201 773 228 tomi.
796 202 958 230 .‘llentoratur
972 203 993 231 A
1006 201 1060 235 jam
1080 207 1198 235 exstant,
1221 203 1310 230 verbis
1338 202 1444 236 paulum
1470 203 1625 239 immutatis.
1648 202 1676 229 ln
1697 203 1789 230 codice

178 245 241 272 item
257 245 326 280 apud
342 245 518 280 Epiphanium
534 246 572 281 (a)
587 246 612 273 in
625 246 737 280 epistola
751 249 843 282 synodi
859 249 959 275 Diocze-

177 290 307 318 sariensis
323 290 436 325 epistola
451 291 591 319 Athanasii
612 292 644 318 ad
665 291 784 326 ejusdem
800 294 894 328 synodi
908 294 957 320 Pa—

178 339 242 361 tres.
258 334 286 361 ln
308 335 440 361 Ancorato
456 335 574 369 ejusdem
594 335 620 362 in
644 335 754 370 epistola
766 335 888 370 Tarsini,
904 337 958 365 Ma-

178 380 236 407 tidii
251 384 278 407 et
292 380 405 407 aliorum
426 380 511 407 fertur
532 381 697 410 Athanasius
715 381 812 409 litteris
823 384 879 410 suis
891 383 958 410 Inul-

178 432 231 458 ιω,
250 425 296 460 qui
311 426 489 453 circumventi
517 426 543 453 in
567 434 686 454 errorem
710 427 776 463 lapsi
792 428 908 462 fuerant,
925 429 957 456 ad

176 471 430 510 sanumconsilium
449 473 599 500 reduxisse.

212 517 238 544 7.
254 517 283 543 ln
298 517 426 544 Chronico
444 518 624 546 Alexandrino
636 518 756 553 epistola:
772 519 910 547 Athanasii
924 520 957 546 ad

177 563 354 598 Epiphanium
375 568 530 598 excerptum
553 564 676 600 legimus,
691 565 790 593 editum
814 574 865 593 una
895 574 956 594 cum

176 609 238 636 aliis
250 609 406 644 fragmentis
423 610 455 636 ad
473 609 584 637 calcem.

209 654 236 680 8.
251 652 370 681 Meminit
389 654 498 688 insuper
511 654 697 682 Theodoretus
709 655 844 690 Sermonis
858 657 890 683 de
903 656 956 691 ﬁde

174 699 294 733 majoris,
309 698 421 734 ejusque
435 700 493 726 loca
510 700 638 727 nonnulla
653 700 750 733 alfert,
776 709 835 736 quae
857 710 905 730 nos
922 703 955 730 ad

173 743 274 770 calcem
287 744 356 770 inter
369 744 519 779 fragmenta
538 745 688 772 locaviinus
703 744 753 780 (1).

207 790 234 817 9.
264 790 388 825 Synodus
416 798 442 817 νι
471 792 638 818 mcumenica
672 793 818 819 maximam
851 797 953 827 partem

173 835 250 862 affert
265 836 355 869 operis
374 835 401 862 in
418 837 474 863 haec
494 837 640 872 Scriptum
653 838 733 864 verba
750 847 757 864 :
771 837 848 864 Nunc
867 838 953 864 animo

173 888 229 906 mea
242 881 346 907 turbata
364 885 412 907 est.

210 926 251 952 l0.
282 925 424 953 Facundus
442 927 505 954 item
522 926 722 954 Hermianensis
737 927 794 954 hzec
814 928 951 956 Athanasii

171 971 272 1006 scripta
294 971 350 1005 jam
373 973 472 999 amissa
490 978 632 1005 memorat,
651 973 802 1007 horumque
826 979 952 1008 excerpta

171 1016 249 1044 alfert
271 1025 331 1052 qua:
356 1025 406 1046 nos
426 1018 559 1045 edidimus
584 1019 616 1045 ad
642 1019 744 1046 calcem
772 1019 836 1046 tomi
863 1019 951 1054 primi.

173 1063 317 1097 Epistulam
331 1064 365 1090 ad
386 1063 530 1091 Diodorum
549 1063 700 1092 Tarsensem
720 1064 784 1100 Tyri
804 1069 860 1091 tum
875 1072 953 1100 agen-

171 1114 235 1140 tem,
248 1109 396 1143 Epistulam
406 1109 527 1136 etiamad
539 1109 809 1145 Antiochenosmujus
821 1110 885 1137 item
901 1110 954 1137 fra-

170 1159 307 1188 gmentum
318 1154 429 1182 habetur
441 1155 467 1182 in
478 1155 552 1183 Actis
564 1156 671 1183 concilii
681 1156 882 1184 Lateranensis.
890 1157 954 1184 Ant-

170 1202 205 1229 bo
216 1201 287 1229 edita
299 1207 362 1228 sunt
373 1202 404 1228 ad
416 1201 517 1228 calcem
530 1201 610 1235 primi
623 1201 699 1229 tomi.
711 1201 788 1231 Aliud
798 1202 860 1230 item
870 1201 954 1229 Atha-

170 1247 240 1273 nasii
255 1247 414 1281 rescriptum
432 1254 459 1274 In
480 1247 574 1274 eodem
591 1247 705 1275 concilio
726 1253 889 1275 memoratur
903 1247 952 1282 (ὁ).

205 1291 248 1318 11.
258 1291 384 1319 Leontius
395 1291 556 1327 Byzantinus
566 1292 592 1318 in
604 1291 673 1320 libro
679 1292 809 1321 Aduersus
817 1292 953 1326 Apollina-

169 1338 297 1364 risturum
312 1336 432 1371 fraudes,
443 1337 619 1371 quorumdam
632 1337 772 1363 Athanasii
790 1337 952 1372 scriptorum

168 1383 299 1410 meminit.
325 1382 388 1410 Hac
414 1388 475 1410 sunt
494 1383 553 1418 ejus
575 1383 654 1410 verba
669 1393 675 1410 :
693 1383 831 1418 Suﬂiciunt
848 1385 902 1412 hcce
920 1384 952 1411 iis

167 1429 214 1462 qui
233 1437 284 1456 non
297 1434 356 1455 sunt
379 1428 486 1455 nimium
505 1429 580 1455 rudes
595 1435 619 1456 et
637 1429 705 1456 tardi
718 1449 725 1462 ,
754 1430 789 1457 ad
814 1430 952 1457 ostenden-

167 1475 230 1501 dum
253 1474 411 1508 Apollinarii
437 1482 492 1501 esse
517 1474 640 1508 epistolas
665 1483 723 1510 qnw
749 1475 854 1502 nomine
883 1475 953 1502 Julii

169 1520 300 1553 feruntur,
316 1526 416 1554 .prteter
426 1528 469 1546 eas
481 1519 602 1553 epistolas
621 1520 791 1555 Apollinarii,
808 1520 840 1547 de
859 1521 952 1555 quibus

168 1565 328 1592 Athanasius
349 1571 373 1592 et
390 1566 508 1593 historici
522 1567 706 1593 meminerunt.
731 1565 858 1599 Discipuli
883 1567 950 1594 enim

167 1610 328 1644 Apollinarii
354 1611 514 1645 antiquiores
543 1617 602 1639 sunt
632 1612 752 1639 omnibus
774 1613 819 1646 qui
846 1612 886 1639 his
910 1613 951 1639 usi

168 1662 239 1689 sunt,
250 1665 325 1691 quas,
342 1661 370 1683 ut
390 1657 530 1684 verisimile
546 1663 595 1689 est,
607 1658 652 1692 qui
665 1666 681 1684 a
692 1656 766 1684 Julia
779 1665 825 1691 per
836 1657 949 1691 schisma

169 1703 353 1734 discesserunt,
367 1702 532 1736 inscripsere.
549 1702 639 1737 Neque
649 1702 733 1729 solum
747 1703 796 1729 hoc
808 1710 818 1730 .'
830 1703 875 1730 sed
889 1708 950 1730 sunt

167 1755 200 1774 es
218 1747 370 1774 orthodoxis
388 1749 444 1782 qui,
468 1747 637 1783 inscriptione
656 1748 765 1782 decepti,
796 1753 881 1775 rectas
907 1757 950 1776 eas

167 1802 223 1820 esse
242 1794 385 1829 intelligere
404 1799 428 1821 et
443 1795 529 1821 dicere
546 1795 742 1828 perseverabant
763 1800 866 1829 propter
892 1803 950 1829 per-

166 1848 238 1865 sona:
251 1841 432 1866 auctoritatem
446 1840 499 1873 ﬁde
509 1840 627 1875 digitum.
649 1840 755 1873 Alioqui
768 1841 851 1875 magis
865 1841 950 1867 ortho-

167 1886 298 1911 doxorum
311 1890 348 1911 est
357 1893 494 1920 agnoscere
505 1884 565 1913 illos
580 1894 710 1912 sermones
723 1886 824 1920 proprii
835 1886 950 1913 doctoris

167 1939 233 1957 esse.
265 1930 307 1958 Νε
330 1936 415 1958 autem
441 1939 474 1958 ea:
498 1931 554 1958 solo
577 1931 725 1958 testimonio
750 1931 948 1966 discipulorum,

167 1984 300 2003 sermones
328 1977 411 2010 ipsius
432 1976 592 2010 Apollinarii
611 1984 784 2011 agnoscamus
799 1996 808 2008 ,
833 1978 950 2010 quamvis

166 2023 248 2057 aliqui
263 2031 306 2050 eos
320 2023 405 2053 Julia.
426 2022 543 2057 quamvis
569 2022 707 2057 Gregorio,
725 2022 844 2057 quamvis
868 2022 946 2049 Atha-

168 2068 243 2096 nasio
257 2068 328 2102 [also
348 2069 509 2100 inscribant;
527 2068 572 2095 sed
593 2069 672 2095 etiam
694 2077 725 2095 es:
746 2068 836 2095 eodem
859 2076 951 2103 genere

166 2115 291 2141 sermonis
300 2119 325 2142 et
342 2114 421 2150 stylo.
435 2114 463 2141 In
475 2114 588 2141 concilio
601 2113 788 2146 Lateranensi,
806 2119 825 2141 t.
835 2114 868 2141 Vl
879 2114 949 2142 Cort-

166 2160 299 2193 ciliorum,
315 2168 340 2195 p.
358 2160 420 2193 501,
435 2164 523 2187 exstat
540 2160 719 2194 fragmentnm
727 2159 845 2194 epistola:
856 2159 948 2194 cujus-

1010 246 1164 274 Felkmanni
1181 248 1296 282 quodam
1309 247 1420 275 atTe'rtur
1436 248 1511 276 locus
1523 255 1555 276 ex
1570 248 1638 276 libro
1649 248 1788 276 Athanasii

1009 292 1047 319 De
1064 293 1209 320 honorabili
1224 294 1355 329 conjugio.

1044 338 1088 365 11.
1103 338 1215 366 Photius
1227 339 1253 366 in
1268 339 1427 366 Bibliotheca
1441 347 1489 368 sua
1504 345 1634 368 memorat
1652 339 1788 367 Commen-

1008 385 1105 412 tarium
1126 385 1265 412 Athanasii
1283 386 1310 413 in
1325 385 1508 419 Ecclesiasten,
1519 386 1573 421 jam
1589 386 1694 421 penitus
1704 385 1788 413 amis-

1007 437 1076 457 sum.
1103 429 1168 457 Item
1184 430 1210 456 in
1224 429 1332 457 Cantica
1351 431 1521 463 canticorum,
1542 431 1618 466 cujus
1640 431 1788 466 fragmenta

1007 475 1138 502 dedimus.
1155 475 1212 502 Alia
1228 483 1308 510 porro
1322 475 1469 511 fragmenta
1490 475 1739 504 Commentariorum
1759 476 1789 503 in

1006 520 1103 547 Jobum
1119 525 1145 548 et
1169 521 1196 547 in
1211 519 1362 556 Evangelia,
1388 529 1446 556 qua:
1462 521 1554 549 itidem
1574 521 1616 549 edi
1637 522 1789 548 curavimus

1006 569 1039 593 ad
1051 566 1161 598 calcem,
1173 567 1341 600 smpicamur
1353 573 1384 593 ex
1403 567 1482 594 variis
1499 567 1635 594 Athanasii
1650 567 1788 602 operibus,

1008 621 1069 640 cum
1084 612 1139 647 jam
1161 612 1340 643 exstantibus,
1361 616 1416 639 tum
1433 612 1588 646 deperditis,
1603 620 1617 639 a
1632 617 1788 639 catenarum

1006 658 1194 686 collectoribus
1213 662 1339 692 excerpta
1356 657 1448 690 fuisse,
1464 665 1516 684 non
1539 662 1627 684 autem
1646 665 1679 684 ex
1691 665 1789 692 perpe-

1006 703 1058 731 tuis
1068 703 1152 731 sancti
1167 702 1288 731 Doctoris
1300 702 1510 730 commentariis.
1527 702 1608 737 Cujus
1623 703 1660 730 rei
1676 707 1718 730 sat
1728 710 1789 737 per~

1006 749 1128 784 spicuum
1146 752 1332 783 argumentum
1348 747 1413 775 illud
1434 753 1485 780 est,
1505 749 1576 783 quod
1593 756 1685 775 eorum
1706 748 1788 776 multa

1007 795 1032 821 in
1046 794 1172 829 operibus
1185 795 1241 829 jam
1256 794 1425 821 exstantibus
1438 798 1621 828 compareant.

1042 839 1084 867 l5.
1099 839 1208 866 Librum
1221 840 1363 874 quemdam
1378 838 1413 866 De
1426 838 1612 865 Incarnatione
1628 838 1717 866 laudat
1738 839 1788 866 Mi-

1005 885 1081 914 chael
1095 885 1202 920 Glycas,
1219 892 1246 919 p.
1263 884 1325 917 208,
1337 883 1446 918 ejusque
1460 884 1522 911 bina
1534 883 1609 911 all'ert
1629 884 1788 918 fragmenta.

1006 939 1064 966 qua;
1079 931 1105 958 ni
1122 931 1198 957 fallor
1214 938 1264 957 non
1276 935 1380 957 exstant
1402 930 1427 956 in
1445 929 1532 957 editis.
1550 929 1577 956 ln
1593 930 1707 957 COttt'lllO
1725 930 1782 957 Flo~

1006 974 1111 1002 rentino
1123 974 1178 1000 hmc
1190 973 1315 1008 leguntur
1329 982 1335 1000 :
1352 973 1436 1000 Τοῦτο
1454 974 1508 1008 γὰρ
1522 974 1552 1000 τὸ
1571 973 1689 1009 πνεῦμα,
1706 975 1788 1009 φησὶν

1005 1019 1019 1045 ό
1036 1019 1108 1054 ῑερὸς
1133 1018 1298 1050 Ἀϐανάσιος,
1319 1019 1385 1054 πνοή
1410 1019 1466 1045 ἐστι
1491 1018 1537 1045 ὀὖ
1558 1019 1632 1045 Υἰοῦ.
1650 1018 1705 1046 Hoc
1721 1024 1785 1046 est:

1006 1063 1057 1090 Hic
1072 1064 1140 1091 enint
1152 1065 1270 1098 spiritus,
1283 1070 1310 1091 ut
1326 1064 1362 1091 ait
1376 1068 1481 1092 sanctus
1492 1065 1661 1096 Athanasius,
1677 1065 1787 1099 spiratio

1005 1109 1069 1135 Filii
1081 1114 1128 1136 est.
1143 1109 1206 1142 Quae
1221 1108 1346 1136 videntur
1358 1116 1390 1135 ex
1400 1109 1515 1143 quodam
1526 1109 1695 1144 supposititio
1704 1117 1786 1144 opere

1005 1153 1249 1233 prigcgispntatio
1269 1190 1339 1225 cum]
1351 1197 1476 1225 Zacchreo
1491 1197 1644 1224 Iudaeorum
1669 1197 1789 1224 nomodi-

1005 1245 1121 1276 dascalo,
1131 1252 1190 1279 quae
1201 1249 1290 1272 exstat
1308 1245 1333 1271 in
1349 1244 1508 1272 bibliotheca
1528 1243 1725 1271 Viuduhoneusi
1737 1263 1746 1275 ,
1761 1248 1788 1271 et

1005 1290 1142 1318 Athanasii
1155 1290 1263 1317 nomine
1275 1293 1439 1317 memoratur
1449 1297 1464 1316 a
1478 1288 1710 1318 PetroLambecio
1721 1294 1785 1317 tom.

1005 1335 1036 1365 V.
1055 1343 1113 1370 pag.
1130 1335 1192 1362 155.

1041 1381 1082 1408 17.
1100 1380 1127 1408 In
1145 1379 1252 1407 schedis
1267 1379 1424 1414 quibusdam
1437 1379 1551 1407 Etnerici
1570 1379 1663 1414 Bigotii
1674 1379 1720 1407 τοῦ
1735 1389 1787 1415 μα-

1005 1428 1126 1464 καρίτου,
1146 1435 1205 1463 quae
1224 1435 1307 1462 penes
1331 1435 1372 1455 me
1394 1432 1465 1461 sunt,
1484 1427 1568 1455 fertur
1584 1435 1643 1456 esse
1663 1429 1786 1463 quadam

1004 1474 1088 1501 beata:
1102 1473 1209 1501 Theclae
1225 1473 1283 1500 Vita
1300 1474 1325 1500 in
1346 1473 1506 1502 bibliotheca
1530 1474 1702 1507 Scorialensi,
1726 1482 1787 1510 quae

1004 1520 1143 1547 Athanasii
1158 1527 1254 1547 nomen
1267 1518 1400 1553 praeferat.

1039 1566 1082 1593 18.
1099 1565 1192 1593 Exstat
1206 1565 1268 1592 item
1283 1564 1417 1600 Spicilrgii
1437 1571 1500 1593 tom.
1523 1565 1545 1593 ll
1565 1565 1683 1600 Epistula
1701 1564 1785 1593 Pota-

1001 1611 1047 1637 mii
1061 1611 1095 1637 ad
1107 1610 1292 1641 Athanasium,
1315 1615 1343 1638 et
1366 1610 1485 1646 quidem,
1511 1611 1537 1638 ni
1555 1611 1631 1638 labor
1649 1611 1784 1646 opinione,

1002 1655 1102 1691 ingenti
1117 1656 1267 1690 suspicione
1280 1656 1394 1684 laborat.

1036 1701 1078 1730 19.
1095 1700 1123 1729 1η
1154 1701 1221 1729 Vitis
1245 1707 1396 1729 sanctorum
1419 1701 1580 1734 Siculorum,
1603 1702 1714 1730 Octavio
1735 1702 1786 1731 Ca-

997 1747 1089 1782 jetano
1119 1747 1289 1783 Syracusano
1316 1747 1473 1780 collectore,
1500 1753 1540 1776 est
1567 1749 1675 1776 nomine
1701 1749 1785 1776 Atha-

1001 1792 1070 1820 nasii
1084 1791 1142 1819 Vita
1155 1791 1183 1818 S.
1203 1791 1318 1827 Philippi
1331 1792 1503 1827 Agyrrensis,
1517 1793 1549 1820 de
1564 1800 1616 1828 qua
1630 1793 1657 1821 in
1673 1794 1784 1828 spuriis.

1035 1838 1081 1865 20.
1102 1837 1149 1865 Vir
1165 1837 1230 1864 clar.
1251 1844 1279 1864 et
1294 1837 1371 1865 nobis
1386 1838 1566 1867 amicissimus
1586 1839 1693 1867 Gabriel
1715 1839 1786 1868 Gro-

1001 1878 1109 1916 decius,
1143 1882 1240 1917 lingua:
1273 1881 1411 1911 Hebraicse
1442 1883 1539 1919 Lipsiae
1572 1884 1725 1919 professor.
1757 1885 1786 1912 In

1001 1928 1122 1962 catalogo
1147 1929 1262 1964 quodam
1288 1928 1353 1956 mihi
1376 1930 1546 1961 transmisso.
1572 1931 1605 1958 de
1635 1937 1688 1964 quo
1718 1930 1785 1958 alias

1001 1975 1097 2006 fusius,
1125 1979 1242 2002 testatur
1262 1982 1292 2003 se
1317 1974 1458 2003 Mediolani
1483 1975 1510 2002 in
1535 1975 1693 2003 bibliotheca
1722 1975 1787 2003 Am-

1001 2019 1126 2048 brosiana
1152 2020 1254 2048 vidisse
1286 2020 1424 2052 codicem,
1451 2020 1563 2057 in.quo
1588 2025 1677 2049 exstat
1706 2021 1786 2048 Com.

1001 2067 1144 2093 mentarius
1161 2066 1270 2094 nomine
1293 2066 1431 2094 Athanasii
1452 2067 1480 2094 in
1494 2067 1623 2094 canticum
1638 2066 1739 2102 Moysis
1761 2070 1785 2093 et

1001 2111 1106 2140 Mariis.
1763 2114 1766 2118 '

1036 2157 1080 2185 2i.
1099 2158 1201 2193 Agmen
1218 2157 1327 2185 claudat
1341 2165 1410 2193 opus
1430 2158 1506 2193 jussu
1522 2159 1660 2186 Athanasii
1683 2166 1698 2186 a
1716 2166 1784 2193 quo-

166 2207 227 2233 dam
246 2207 279 2233 ad
299 2206 481 2234 Antiochenos
505 2206 540 2233 de
562 2206 684 2233 doctrina
706 2214 769 2233 vera
793 2206 910 2242 agentis,
933 2214 946 2232 a
964 2207 987 2234 1)
1001 2203 1062 2231 dam
1079 2204 1137 2239 ejus
1156 2203 1282 2231 familiari
1296 2204 1495 2236 elucubratum,
1513 2204 1546 2232 de
1561 2212 1614 2240 quo
1632 2205 1689 2232 haec
1705 2204 1785 2231 Lam-

167 2253 244 2280 nobis
257 2253 358 2286 pariter
369 2259 463 2279 cusum
477 2252 510 2281 ad
526 2252 638 2279 calcem.

202 2298 245 2325 12.
260 2297 363 2325 Laudat
377 2297 498 2325 Joannes
518 2297 699 2325 Damascenus
722 2297 748 2324 in
769 2296 894 2325 Oratione
918 2298 949 2326 de

165 2342 306 2377 defunctis,
325 2343 376 2370 sub
399 2342 490 2374 finem,
508 2342 604 2369 librum
619 2343 758 2370 Athanasii
780 2342 820 2370 De
839 2345 949 2370 mortuis

166 2391 193 2416 in
209 2389 330 2422 Domino,
346 2388 457 2423 quijam
470 2396 522 2415 non
535 2394 632 2416 exstat.
650 2389 714 2415 Item
738 2389 820 2416 alium
841 2389 891 2416 hac
907 2390 945 2416 in-

165 2435 322 2470 scriptione,
331 2436 382 2468 Εὶς
393 2435 464 2468 τοὺς
479 2434 672 2470 κοιμηθέντας
684 2435 883 2470 παναρμόνιος
896 2436 948 2462 .ld-

164 2489 228 2514 γος,
241 2481 286 2516 qui
302 2481 417 2508 fortasse
430 2481 512 2508 idem.

202 2527 244 2562 l5.
263 2527 290 2554 In
303 2528 422 2554 secunda
437 2526 544 2553 Nicmna
559 2526 753 2562 synodolocum
763 2530 805 2554 sat
815 2527 946 2560 prolixum

165 2561 248 2600 habes
265 2580 296 2600 ex
317 2571 436 2605 Epistola
456 2572 594 2599 Athanasii
613 2572 647 2598 ad
663 2571 840 2607 Eupsychium
861 2570 949 2599 Cma-

166 2627 216 2646 rew
229 2620 416 2654 presbyterum,
430 2626 508 2654 quem
526 2618 627 2653 pariter
638 2617 769 2646 edidimus
787 2618 820 2645 ad
836 2618 947 2650 calcem,

165 2673 218 2692 una
229 2658 290 2693 cum
305 2665 464 2700 fragmentis
481 2672 512 2692 ex
531 2664 639 2692 Gelasio
652 2664 797 2699 desumptis
813 2671 891 2699 :qua:
909 2669 949 2691 ta-

166 2718 226 2738 men
250 2716 378 2746 excerpta
394 2710 517 2738 videntur
536 2718 569 2737 ex
584 2709 709 2744 operibus
723 2710 871 2744 Athanasii,
890 2718 949 2744 qua?

203 2770 242 2803 (α)
259 2767 330 2796 Hier.
345 2775 425 2795 Lxxv.

1000 2250 1093 2277 becins
1120 2250 1152 2276 ad
1167 2249 1332 2277 tricesimum
1350 2251 1493 2284 septimum
1513 2250 1634 2278 codicem
1655 2250 1785 2285 theologi-

1001 2303 1073 2327 cum,
1087 2302 1114 2330 p.
1126 2294 1178 2322 58:
1195 2294 1277 2322 Valde
1293 2300 1380 2322 autem
1402 2295 1515 2322 notabile
1534 2299 1581 2326 est,
1603 2295 1631 2321 in
1658 2294 1714 2321 solo
1736 2295 1785 2322 hoc

1001 2342 1088 2368 codice
1100 2340 1134 2368 57
1147 2346 1208 2368 ante
1221 2341 1357 2376 epistolam
1372 2341 1457 2368 sancti
1468 2340 1561 2368 Jacobi
1574 2346 1785 2375 exstareanouy-

1002 2387 1037 2412 mi
1054 2386 1192 2420 cujusdam
1204 2386 1344 2420 pervetusti
1356 2386 1473 2412 auctoris
1491 2387 1643 2420 prooemium
1662 2387 1715 2413 sive
1730 2387 1784 2422 epi-

1002 2432 1096 2459 stolam
1114 2432 1303 2459 dedicatoriam
1316 2432 1350 2458 ad
1364 2437 1484 2459 sanctum
1499 2432 1672 2459 Athanasium
1692 2423 1796 2459 ιιγιατΙιί-ἲ

1000 2479 1146 2513 episcopum
1170 2479 1387 2511 Alexandrinum,
1409 2487 1462 2512 qua
1477 2478 1547 2506 clare
1563 2484 1641 2514 atque
1664 2487 1784 2514 expresse

1001 2529 1121 2557 testatur,
1131 2532 1158 2551 se
1167 2524 1317 2558 hypotheses
1325 2524 1385 2550 illas
1393 2529 1416 2551 et
1425 2524 1546 2551 lemmata
1555 2525 1670 2559 capitum
1679 2524 1784 2559 Episto-

1001 2570 1086 2596 larum
1098 2570 1285 2596 catholicarum
1295 2569 1410 2604 fraterno
1425 2570 1505 2604 ipsius
1511 2569 1590 2603 jussu
1598 2571 1781 2604 composuisse.

1003 2614 1105 2641 Titulus
1118 2614 1193 2641 istius
1205 2615 1332 2648 prowmii,
1347 2622 1399 2641 una
1417 2622 1474 2640 cum
1490 2614 1626 2650 principio,
1641 2620 1679 2642 est
1698 2615 1758 2643 talis
1773 2623 1783 2642 :

1001 2659 1135 2695 Πρόλογος
1161 2659 1214 2686 τῶν
1237 2659 1387 2686 καθολικῶν
1409 2659 1580 2687 Ἐπιστολῶν.
1602 2661 1716 2697 Μικροῖς
1734 2662 1784 2698 μὲν

1001 2707 1052 2734 κᾶν
1062 2706 1148 2742 μικρὰ
1155 2706 1299 2742 τολμῶσιν,
1315 2707 1364 2732 οὐκ
1380 2706 1470 2737 ἀδεές.
1490 2707 1519 2734 '0
1531 2707 1560 2735 δὲ
1580 2707 1719 2744 ἐλάχιστος
1727 2708 1784 2744 ἐγὼ

1042 2766 1078 2800 (b)
1089 2765 1190 2793 Concil.
1203 2765 1340 2797 Latet-an.,
1354 2763 1412 2792 LVI
1422 2765 1512 2799 (Iona,
1524 2774 1550 2802 p.
1563 2768 1609 2795 501
1622 2773 1648 2796 et
1663 2768 1763 2804 p.228.

201 2849 240 2886 (1)
267 2850 405 2884 lntegrum
436 2854 528 2885 postea
555 2850 637 2879 edidit
672 2849 884 2877 Montlauconius
904 2849 929 2876 in
946 2847 1106 2876 Bibliotheca
1119 2855 1181 2874 noua
1199 2844 1308 2873 Patrum
1327 2845 1489 2875 (ira-corum,
