2000 3045
206 166 288 197 xxviii

888 157 1154 185 PROLEGOMENA.

204 220 260 250 τοις
283 218 353 254 ὑπὲρ
368 218 417 254 ἐμὲ
438 218 528 249 πόνοις
547 216 678 254 ἐγχειρῶν
695 217 743 252 οὐχ
764 217 862 252 ἣκιστα
880 217 987 252 πέφυκα

1040 217 1078 244 sci
1095 224 1128 244 ex
1143 217 1283 248 concinnis
1305 221 1332 249 et
1346 225 1406 244 cum
1428 218 1530 245 ratione
1545 218 1682 246 adornatis
1697 220 1819 254 corporis

203 264 352 295 ἀκινδύνως
364 273 370 279 ·
386 264 480 299 ὥσπερ
497 264 530 290 ἂν
548 264 574 290 ετ
585 272 636 295 τις,
653 268 706 290 etc.
723 262 749 289 Id
771 268 812 290 est
835 273 840 290 :
861 272 871 288 ε
895 261 988 290 Prola-

161 315 164 319 '
203 319 252 345 gus
266 310 294 337 in
307 310 450 336 catholicas
467 309 607 344 Epistolas.
628 309 737 336 Pusillis
750 315 773 336 et
791 309 889 343 pusilla
901 318 989 344 aggre-

203 355 345 388 dicntibus,
367 364 408 382 res
422 361 491 382 metu
504 363 554 382 non
570 361 655 382 vocnt.
672 355 749 388 Quod
765 361 852 382 autem
869 364 915 391 ego
929 364 988 388 per-

202 409 282 436 quam
308 402 431 428 minimus
457 402 533 428 homo
547 401 661 428 laborent
683 402 728 436 qui
747 402 811 428 vires
825 409 894 428 meas
914 401 988 435 longe

203 452 306 480 superet
318 446 466 481 aggrediar,
483 455 533 473 non
546 448 643 473 modici
658 448 767 480 periculi
780 456 820 474 res
832 453 879 474 est.
893 448 988 480 Quem-

204 492 345 526 admodum
357 492 379 518 si
393 492 462 526 quis,
479 501 488 518 ›
510 497 565 519 etc.
584 492 640 519 Nec
656 493 736 519 multo
752 498 808 526 post
829 499 920 520 auctor
937 494 987 519 ltu-

200 537 246 571 jus
267 538 383 572 praemii
407 542 526 569 sanctum
549 539 722 571 Athanasium
740 539 854 572 appellnt
878 539 988 572 fratrem

203 579 244 615 his
258 584 358 610 verbis:
372 583 428 618 Ἐφ’
444 580 484 614 οἷς
498 582 543 610 οὖν
559 584 645 617 ἔγωγε
661 584 752 619 τολμῶ
769 584 932 620 συγγνώμην
947 586 988 611 ιιι-

202 630 256 657 τῶν
281 630 385 664 νέμειν,
408 629 517 664 ἀγάπης
541 629 614 664 νόμῳ
644 629 821 664 βεϐιασμένος
846 630 899 656 ὑπὸ
923 631 988 656 ΣΟΥ

203 677 333 704 ΛΔΕΛΦΕ
360 677 529 703 ΔΘΑΝΑΣΙΕ
564 677 760 707 ΤΙΜΙΩΤΑΤΕ.
785 674 836 703 Οἷα
867 677 919 712 γάρ
948 685 989 708 τις

202 723 370 760 ἡμιθνήτων,
388 728 440 751 etc.
454 722 482 750 ld
500 728 541 750 est
561 732 567 750 :
587 723 624 749 De
640 723 688 749 tali
718 732 785 750 ausu
809 731 866 749 meo
889 724 988 749 veniant

203 778 310 805 rogans,
322 770 347 797 vi
358 776 382 797 et
394 771 447 804 lege
459 769 596 796 charitatis
607 769 653 796 abs
664 775 688 796 te
700 768 859 803 compulsus,
871 777 990 796 V'ENERA-

203 823 336 849 exussum
365 824 470 844 FBATER
495 816 645 842 Amatnst.
668 815 737 842 Nam
760 815 836 850 quasi
853 816 988 841 semimar-

203 867 274 891 tuus.
290 861 430 889 Clauditur
442 862 552 895 denique
566 862 632 887 idem
651 861 805 894 prowmium
825 861 873 887 hoc
887 861 963 887 modo
977 869 987 887 :

203 908 281 940 Δέξαι
297 908 451 944 τοιγαροῦν,
463 907 535 941 δέξαι
552 908 616 943 παρ’
631 908 708 942 ἡμῶν
723 907 847 942 ἀσμένως
863 907 915 934 τῶν
934 907 987 933 σῶν

203 954 395 989 ἐπιταγμάτων
416 954 465 989 τὴν
480 954 679 989 πραγματείαλ,
700 954 764 988 εὐχῇ
781 954 813 988 τῇ
827 953 896 988 ὑπὲρ
910 953 988 988 ἡμῶν

202 1000 275 1035 ἡμᾶς
297 1000 347 1034 τῆς
369 999 477 1031 πειθοῦς
499 999 629 1035 διηνεκῶς
652 999 838 1033 ἀμειϐόμενος.
868 999 936 1032 Ἐγὼ
959 999 987 1024 δὲ

204 1046 340 1081 στοιχηδὸν
355 1046 404 1077 τὰς
430 1044 576 1076 καθολικὰς
606 1045 722 1079 καθεξῆς
745 1044 902 1076 Ἐπιπολὰς
922 1044 986 1070 ἀνα-

203 1092 352 1127 γνώσομαι,
360 1092 409 1127 τὴν
419 1092 473 1118 τῶν
487 1091 639 1125 κεφαλαίων
651 1090 757 1117 ἔκθεσιν
771 1090 837 1125 ὁμοῦ
849 1091 895 1116 καὶ
910 1090 987 1116 θείων

205 1138 362 1174 μαρτυρίων
388 1136 492 1163 ὲνθένδε
517 1136 684 1171 ποιούμενος.
703 1136 731 1163 ld
744 1139 784 1163 est
803 1135 918 1168 :Accipe
937 1136 987 1170 igi-

203 1189 255 1215 tur,
270 1184 357 1216 accipe
368 1182 476 1209 libenter
495 1190 510 1208 a
531 1182 603 1208 nobis
616 1189 680 1215 opus
692 1181 770 1216 jussu
783 1186 827 1207 tuo
840 1181 947 1212 editum,
961 1184 986 1207 el

203 1228 309 1256 assidue
323 1228 443 1263 precibus
462 1227 513 1253 tuis
530 1226 721 1261 obsequentium
739 1231 855 1254 nostram
869 1235 988 1253 remune-

203 1283 244 1301 ra.
270 1273 327 1309 Ego
345 1282 404 1300 vero
419 1272 561 1300 catholicas
583 1271 715 1306 Epistolas
733 1273 823 1299 ordine
845 1272 984 1306 perlegam,

203 1326 280 1356 atque
304 1321 418 1355 capitum
440 1328 493 1346 una
511 1325 587 1354 atque
608 1319 756 1344 divinorum
779 1319 985 1345 testimoniorum

202 1367 389 1399 expositionem
405 1365 493 1392 edam.
509 1365 633 1400 Sequitur
643 1365 735 1392 deinde
752 1364 900 1398 hypotltesis
921 1363 985 1396 Epi—

203 1412 276 1439 stoltz
287 1411 371 1439 sancti
384 1410 476 1438 Jacobi
489 1411 528 1437 his
543 1411 626 1437 verbis
642 1420 650 1438 :
672 1410 780 1445 Ἐπειδὴ
798 1409 877 1441 αὐτὸς
900 1410 914 1436 ὁ
935 1410 981 1436 Ίά-

203 1457 290 1489 χωδος
315 1456 416 1490 ταύτην
443 1456 543 1491 γράφει
573 1457 628 1485 τοῖς
656 1456 709 1483 ἀπὸ
734 1455 787 1481 τῶν
809 1455 911 1482 δώδεκα
934 1464 984 1489 φυ-

202 1503 266 1535 λῶν,
286 1507 337 1530 etc.
356 1503 385 1530 Id
399 1507 441 1530 est
457 1510 465 1529 :
480 1502 610 1534 Quoniam
629 1501 743 1528 Iacobus
761 1501 828 1528 hanc
847 1502 984 1528 duodecim

203 1549 320 1587 tribubus
331 1547 457 1580 rescribit,
474 1551 528 1575 etc.

570 1594 615 1622 IV.

428 1641 465 1667 De
481 1640 601 1667 doctrina
612 1639 759 1666 Athanasii.

237 1686 264 1714 ι.
284 1685 312 1712 1η
324 1685 485 1713 Christiana!
502 1685 562 1712 fidei
582 1689 676 1712 exortu
690 1692 742 1712 non
761 1688 838 1711 erant
850 1683 907 1719 ejus
926 1692 987 1719 my-

203 1730 284 1758 steria
301 1734 437 1758 certarum
452 1737 547 1757 vocum
559 1729 689 1756 limitibus
701 1729 925 1764 circumscripta;
940 1729 986 1756 sed

202 1775 404 1811 emergentibus
424 1775 530 1802 demum
552 1774 689 1805 erroribus
712 1774 843 1801 vocabula
864 1775 986 1809 quaedam

203 1820 311 1848 definiri
326 1828 466 1848 necessum
481 1820 540 1852 fuit,
555 1819 651 1854 quibus
665 1826 712 1847 seu
723 1819 848 1847 claustris
865 1819 987 1847 contine-

202 1870 298 1893 rentur
315 1865 452 1893 temerarii
473 1864 596 1892 homines
620 1872 710 1892 rerum
726 1865 910 1892 novandarum
930 1869 986 1892 stu-

203 1910 282 1938 diosi.
296 1910 329 1938 Et
351 1910 470 1940 indicare
492 1917 526 1937 ne
541 1909 639 1944 pigeat,
661 1916 722 1937 cum
741 1909 805 1936 nihil
821 1909 936 1944 periculi
953 1916 987 1936 ex

203 1955 304 1983 indicio
324 1956 370 1988 sit.
385 1955 467 1984 salvis
481 1962 587 1988 semper
603 1959 631 1982 et
647 1955 759 1989 integris
772 1955 864 1987 rebus,
887 1962 919 1982 ac
936 1955 987 1983 fide

203 2001 273 2029 nihil
286 2004 399 2032 mutata,
417 2000 501 2029 multa
517 1999 658 2027 Athanasii
677 2006 733 2026 aevo
752 1999 865 2034 ejusque
880 2007 931 2034 ope
946 2000 988 2027 in-

203 2046 285 2074 ducta
306 2045 388 2072 verba
407 2044 504 2076 fuisse,
519 2048 547 2072 et
564 2044 597 2071 ad
617 2048 718 2071 certam
743 2044 858 2071 formam
881 2045 988 2073 redacta

203 2092 265 2120 tldei
282 2091 387 2126 capita;
403 2094 432 2117 ut
455 2095 532 2125 pater
555 2090 694 2117 hodiernae
716 2089 857 2124 theologia:
870 2090 931 2125 jure
944 2090 988 2118 ille

204 2137 298 2166 vocari
310 2137 404 2172 possit.
415 2136 473 2170 Quo
482 2135 568 2170 major
576 2135 618 2162 vir
629 2134 768 2163 habendus
776 2139 828 2167 est,
838 2141 866 2162 ut
875 2135 920 2170 qui
928 2143 988 2163 eam

204 2184 266 2211 fidei
277 2183 436 2211 enarranda:
446 2183 575 2209 rationem
586 2181 659 2216 prior
672 2181 816 2215 induxerit,
829 2188 862 2209 ex
871 2189 922 2216 qua
940 2189 988 2216 pe-

1041 263 1165 290 motibus.
1179 263 1231 290 Sed
1247 263 1374 297 quoniam
1389 263 1433 298 qui
1449 264 1598 299 profligatis
1612 266 1732 293 moribus
1747 271 1818 298 sunt.

1039 316 1093 343 quo
1109 308 1218 336 liberius
1238 309 1343 336 Viventii
1367 309 1402 336 sit
1419 313 1548 344 potestas.
1568 314 1596 336 et
1615 309 1699 336 Deum
1721 318 1780 337 esse
1794 316 1821 338 et

1039 355 1156 382 animam
1165 362 1225 382 esse
1240 355 1419 382 immortalem
1433 356 1609 388 inflcianlur;
1623 357 1761 383 contendit
1776 356 1820 385 ille

1041 401 1135 428 validis
1151 402 1315 436 argumentis
1330 402 1367 436 (p.
1381 401 1436 437 25),
1464 402 1581 429 animant
1604 410 1656 429 non
1688 404 1819 438 exstingui

1039 447 1175 474 exstincto
1193 455 1317 482 ecrpore.
1332 447 1562 482 scelestorumque
1577 448 1726 483 perfugium
1745 456 1819 475 auio-

1040 497 1100 526 vet;
1129 493 1186 527 qui,
1203 494 1270 528 proh
1288 493 1380 520 dolor!
1404 494 1429 520 id
1446 494 1542 521 summi
1565 495 1627 521 boni
1651 495 1708 522 loco
1721 494 1819 530 (παιδεία

1040 543 1108 570 tant.
1131 543 1161 565 ut
1177 538 1322 573 aliquando
1339 539 1485 566 exsistendi
1509 539 1588 566 finem
1613 539 1723 568 faciant.
1739 541 1819 575 Cujus

1040 587 1077 613 rei
1103 586 1130 613 in
1147 586 1255 621 propria
1275 587 1361 613 salute
1384 587 1531 621 periculum
1557 586 1647 614 facere
1664 596 1744 622 grave
1768 593 1818 616 est.

1039 632 1166 659 Ferreum
1189 639 1255 659 sane
1281 637 1385 667 pectus.
1405 632 1476 666 quod
1497 636 1573 660 tanto
1594 633 1750 660 discrimine
1766 641 1818 660 non

1040 682 1195 710 moveatur;
1212 685 1274 705 cum
1288 677 1330 705 vel
1357 678 1406 712 ipsi
1427 677 1542 713 gentiles
1568 681 1595 705 et
1627 678 1730 712 profani
1750 686 1819 713 prte-

1039 723 1092 750 mia
1114 728 1142 750 et
1161 730 1266 758 poenas.
1281 722 1434 750 felicitatem
1461 727 1489 750 et
1511 723 1654 750 infortunia
1671 724 1817 751 secundum

1039 770 1108 796 hanc
1124 770 1206 796 vitam
1221 776 1281 797 esse
1295 769 1418 796 arbitrati
1434 768 1500 801 sint,
1520 768 1595 802 juxta
1610 768 1673 795 illud
1692 768 1796 804 Tragici
1811 779 1817 796 :

1074 826 1313 860 Εὐδαιμονοῖτον,
1326 825 1393 852 ἀλλ’
1409 824 1487 851 ὲκεῖ’
1505 824 1539 851 τὰ
1557 824 1583 851 δ’
1597 825 1667 852 ἔνθα
1683 824 1717 851 δὲ

1075 861 1175 895 Πατὴρ
1190 861 1321 895 ἀφείλετ’
1337 861 1375 894 (a)

1004 897 1024 926 Β
1040 907 1158 934 Furiosa:
1171 907 1265 934 matris
1283 906 1394 937 dictum.
1410 913 1470 940 quae
1487 905 1548 941 dum
1561 912 1652 932 necem
1669 905 1759 932 liberis
1775 912 1820 940 pa-

1040 957 1090 984 rat.
1112 953 1267 979 felicitatem
1287 951 1352 986 ipsis
1373 952 1398 978 in
1415 951 1504 978 futura
1521 951 1573 978 vita
1590 956 1725 986 precatur.
1740 958 1819 985 quam

1039 1004 1114 1034 pater
1128 998 1274 1026 abstulerat
1289 999 1314 1025 in
1329 998 1463 1033 praesenti.
1481 997 1564 1025 Deum
1588 1004 1647 1024 esse
1666 1004 1746 1022 unum
1762 996 1820 1030 plu-

1039 1045 1113 1071 ribus
1132 1049 1328 1072 commmtstrat
1347 1048 1439 1071 contra
1454 1043 1577 1078 gentiles.
1608 1046 1761 1076 pugnatque
1779 1040 1821 1069 vel

1038 1097 1118 1116 unum
1134 1089 1176 1116 vel
1191 1089 1292 1116 nullum
1309 1096 1369 1116 esse
1385 1097 1391 1115 :
1406 1089 1441 1115 ibi
1461 1087 1499 1122 (p.
1513 1086 1558 1122 50)
1574 1087 1645 1114 hanc
1663 1086 1818 1121 pratclaram

1037 1135 1092 1162 edit
1117 1134 1291 1165 sententiam.
1311 1140 1370 1168 quae
1396 1132 1481 1159 fertur
1505 1131 1530 1158 in
1548 1132 1651 1166 primis,
1675 1130 1819 1165 Ἐλέγομεν

1036 1181 1085 1217 τὴν
1100 1180 1282 1215 πολυθεότητα
1294 1179 1425 1214 ἀθεότητα
1438 1176 1516 1206 εἶναι.
1527 1177 1582 1206 Hoc
1594 1183 1635 1205 est
1646 1186 1653 1203 :
1667 1177 1819 1204 Dicebamus

1036 1226 1256 1260 multiplicitatem
1271 1226 1389 1257 deorum,
1409 1232 1464 1251 esse
1479 1223 1627 1250 nullitatem
1637 1223 1755 1249 deorum.
1770 1221 1819 1249 Cui

1036 1272 1154 1299 alludere
1166 1272 1234 1299 forte
1251 1272 1373 1298 Videntur
1387 1270 1534 1304 Gregorius
1549 1269 1735 1296 Nazianzenus
1759 1275 1820 1295 ora-

1037 1318 1110 1345 tione
1125 1318 1170 1351 24,
1183 1325 1243 1345 cum
1259 1317 1398 1352 gentilium
1415 1316 1630 1350 superstitionem
1644 1320 1723 1342 vocat
1735 1313 1819 1340 πολύ-

1036 1364 1096 1390 θεον
1111 1364 1214 1390 ἀθεῖαν.
1231 1363 1331 1398 Lepide
1345 1367 1435 1390 autem
1452 1369 1500 1389 nec
1512 1362 1570 1389 sine
1586 1361 1690 1388 facetiis
1702 1360 1820 1396 exagitat

1037 1410 1108 1436 illam
1126 1410 1267 1444 gentilium
1286 1409 1396 1436 deorum
1423 1407 1540 1440 turbam,
1570 1414 1684 1441 quorum
1707 1406 1820 1440 quisque

1036 1455 1143 1489 flagitiis
1151 1456 1207 1482 suis
1217 1453 1421 1485 nobilitabatur,
1431 1454 1467 1480 ita
1476 1458 1505 1480 ut
1513 1452 1617 1479 nonnisi
1633 1455 1694 1478 nota
1703 1450 1818 1485 quadam

1037 1501 1208 1536 turpitudinis
1236 1501 1305 1527 alius
1317 1503 1502 1528 secerneretur
1522 1499 1555 1525 ab
1572 1497 1634 1525 alio.
1655 1496 1818 1531 Religionem

1037 1554 1101 1574 sane
1117 1546 1227 1581 pulchre
1251 1547 1283 1573 ad
1307 1545 1453 1580 perniciem
1481 1544 1618 1572 hominum
1650 1543 1819 1574 instructam,

1038 1600 1098 1619 cum
1115 1591 1203 1619 nullus
1218 1591 1314 1619 modus
1331 1591 1441 1619 sceleris
1458 1594 1526 1618 esset
1541 1609 1548 1622 ,
1566 1590 1629 1624 quin
1650 1587 1763 1622 alicujus
1777 1588 1819 1615 dei

1037 1639 1158 1674 exemplo
1178 1639 1318 1666 niteretur.

1071 1685 1098 1711 ὅ.
1116 1683 1153 1711 De
1166 1683 1219 1710 Deo
1229 1692 1291 1711 uno.
1308 1699 1344 1703 —
1361 1684 1406 1710 Ait
1433 1683 1496 1711 item
1522 1687 1633 1711 sanctus
1663 1683 1759 1710 Doctor
1780 1682 1817 1717 (p.

1037 1729 1092 1764 '50),
1117 1729 1139 1756 si
1161 1729 1235 1756 multi
1263 1732 1351 1756 essent
1377 1729 1426 1760 dii,
1458 1735 1568 1756 necesse
1600 1727 1657 1755 fore
1686 1732 1716 1754 ut
1742 1726 1818 1754 multi

1038 1774 1131 1802 tnundi
1151 1779 1252 1808 essent,
1270 1782 1319 1801 nec
1331 1781 1412 1809 posse
1424 1774 1586 1809 ἀταράκτως
1599 1781 1614 1800 a
1629 1773 1720 1800 multis
1737 1780 1819 1800 unum

1038 1821 1093 1855 regi
1110 1821 1247 1847 mundum.
1268 1819 1366 1852 Unum,
1380 1820 1467 1854 inquit
1489 1820 1527 1854 (p.
1543 1819 1588 1851 49,
1608 1819 1682 1854 171),
1699 1819 1780 1846 Deum
1793 1824 1820 1846 et

1039 1867 1064 1894 in
1081 1866 1179 1894 mundo
1205 1870 1232 1893 et
1254 1869 1331 1893 extra
1355 1866 1482 1892 mundum
1513 1869 1607 1899 suapte
1627 1869 1722 1891 natura
1747 1871 1820 1895 esse,

1037 1912 1101 1946 quin
1134 1911 1221 1946 spatio
1250 1911 1304 1938 ullo
1331 1910 1577 1938 circumscribatur.
1612 1909 1725 1945 Depellit
1756 1909 1818 1936 item

1039 1957 1076 1992 (p.
1093 1957 1138 1990 38)
1169 1956 1362 1991 Epicureorum
1392 1960 1584 1985 commentum.
1609 1955 1654 1990 qui
1684 1954 1820 1989 nugaban-

1039 2007 1083 2029 tur
1097 2002 1224 2029 mundum
1243 2001 1352 2028 fortuito
1369 2000 1487 2034 factum;
1510 2004 1538 2027 et
1555 1999 1704 2030 Platonem,
1727 1999 1772 2033 qui
1787 2006 1818 2026 ex

1038 2048 1113 2081 prius
1136 2052 1260 2075 exstante
1288 2047 1401 2074 materia
1427 2046 1563 2073 conditum
1586 2044 1746 2071 allirmabat.
1769 2043 1820 2071 Ge-

1038 2094 1125 2121 nesim
1144 2094 1200 2120 sive
1219 2092 1454 2128 genethlialogiam
1474 2092 1616 2119 exitiosam
1638 2094 1734 2124 artem,
1761 2096 1821 2124 qua

1038 2141 1071 2167 ad
1087 2140 1144 2168 haec
1161 2146 1246 2174 usque
1262 2143 1383 2174 tempora
1404 2142 1568 2174 perseverat,
1596 2137 1713 2173 graviter
1729 2135 1820 2171 exagi-

1039 2191 1078 2213 tat
1095 2186 1131 2221 (p.
1145 2185 1200 2220 46).

193 2230 328 2267 ητίιίεείῐηί
339 2229 448 2264 quique,
460 2232 588 2262 tanquam
604 2235 637 2254 ex
651 2226 733 2258 fonte,
748 2234 841 2254 verum
855 2227 987 2255 sentiendi
1003 2228 1025 2255 D
1073 2232 1101 2259 4,
1123 2231 1160 2258 οι
1174 2231 1339 2265 generatione
1352 2230 1427 2258 Filii,
1439 2245 1474 2251 .-
1498 2230 1601 2257 passim
1628 2238 1660 2257 ac
1682 2237 1749 2265 pene
1765 2229 1821 2256 ubi.

204 2274 307 2309 pariter
330 2278 357 2302 et
374 2273 499 2308 loquendi
520 2273 629 2300 modum
648 2272 787 2299 haurirent
804 2281 811 2299 :
829 2273 900 2300 inter
921 2280 988 2308 quos

204 2319 334 2348 Ecclesia:
345 2320 445 2347 lumina
457 2319 573 2347 Basilius
593 2323 621 2346 et
637 2318 784 2354 Gregorius
803 2318 989 2346 Nazianzenus

204 2373 254 2401 pro
266 2365 327 2394 fidei
344 2365 474 2400 magistro
493 2366 582 2392 virum
597 2364 725 2392 habuere.
740 2363 794 2391 Nos
805 2368 834 2390 ut
849 2364 986 2391 Athanasii

205 2412 336 2440 doctrinae
351 2411 488 2445 specimen
505 2411 608 2443 demus,
638 2418 652 2436 a
676 2410 730 2440 Deo
751 2409 854 2444 optimo
870 2409 988 2436 maximo

205 2455 271 2487 orsi,
290 2456 323 2483 ad
336 2460 432 2487 caetera
450 2454 663 2490 progrediemur.

236 2500 265 2528 2.
276 2501 313 2529 De
323 2501 384 2529 Deo.
392 2500 522 2528 —Prituo
532 2500 612 2534 ait(p.
620 2499 655 2527 27
663 2500 761 2535 seqq.).
771 2500 853 2527 Dcum
863 2499 986 2535 cognosci

205 2555 238 2574 cx
247 2547 371 2582 opificiis.
378 2554 465 2581 exque
473 2546 612 2574 harmonia
624 2553 723 2578 rerum,
736 2554 796 2580 qure
803 2546 912 2580 quidem
920 2546 988 2573 ratio

208 2592 384 2626 cognoscendi
397 2592 442 2619 Dei
462 2592 558 2627 cuique
569 2591 648 2619 obvia
661 2595 712 2624 est,
728 2596 758 2623 ut
774 2591 844 2619 nulla
861 2592 896 2618 sit.
909 2591 987 2618 venia

207 2643 254 2664 aut
271 2638 408 2670 excusatio
422 2638 465 2670 iis,
493 2638 537 2672 qui
554 2641 701 2669 tantarum,
718 2641 772 2665 tam
791 2637 987 2671 disparatarum

207 2690 296 2710 rerum
313 2687 471 2713 concentum
484 2689 512 2715 et
529 2690 631 2711 motum
645 2684 766 2719 ἀνοήτως
780 2687 807 2710 et
819 2683 890 2722 citra.
901 2682 991 2716 cujus-

207 2729 269 2757 dam
287 2728 470 2764 intelligenliat
494 2730 666 2758 moderamen
697 2731 751 2766 regi
779 2735 806 2757 et
823 2729 926 2757 servari
942 2736 991 2763 pu-

208 2779 277 2802 tent.
296 2775 317 2802 Α
330 2774 410 2802 simili
425 2779 514 2802 autem
527 2777 623 2804 urohat
637 2777 674 2811 (p.
688 2775 744 2811 29),
760 2775 877 2803 animam
892 2781 990 2810 cogno-

243 2864 281 2900 (a)
297 2864 401 2898 Eurip.,
416 2863 517 2892 Medea.

1038 2285 1091 2312 que
1114 2277 1235 2305 locorum
1258 2277 1306 2310 ait,
1323 2277 1428 2304 Patrem
1445 2277 1542 2304 Filium
1565 2283 1642 2303 suum
1669 2276 1702 2303 ab
1721 2280 1821 2303 aeterno

1038 2325 1166 2358 gignere:
1185 2323 1440 2357 generationemque
1463 2323 1535 2349 illam
1552 2328 1620 2360 esse
1640 2321 1760 2355 passione
1777 2327 1822 2346 va-

1038 2376 1125 2396 cuam.
1149 2368 1254 2402 Pugnat
1281 2369 1344 2395 item
1363 2368 1490 2402 frequens
1506 2367 1545 2402 (p.
1562 2366 1636 2402 5M),
1650 2366 1747 2394 Filium
1763 2373 1822 2394 esse

1038 2412 1179 2449 ὁμοούσιον
1198 2413 1236 2448 τῷ
1264 2413 1362 2449 Πατρι,
1376 2418 1519 2445 aeternum,
1544 2420 1597 2440 non
1621 2411 1735 2444 factum,
1759 2419 1821 2446 per-

1039 2459 1100 2486 inde
1113 2463 1192 2494 atque
1206 2459 1311 2487 Patrem
1327 2467 1334 2484 :
1348 2467 1397 2486 nec
1410 2458 1568 2486 insolentem
1584 2464 1645 2486 esse
1658 2465 1750 2485 vocem
1761 2458 1821 2492 ὀμο-

1038 2504 1137 2535 ούσιον,
1154 2504 1276 2538 exemplo
1291 2504 1411 2539 Dionysii
1426 2503 1601 2532 Alexandrini
1615 2508 1821 2535 commonstrat,

1040 2547 1082 2574 cui
1100 2547 1165 2575 vitio
1181 2547 1271 2574 datmn
1289 2546 1348 2578 fuit.
1377 2548 1448 2581 quod
1477 2554 1508 2574 ea
1531 2553 1597 2573 voce
1624 2554 1678 2574 non
1703 2550 1823 2574 uteretur

1040 2600 1100 2620 cum
1134 2592 1167 2620 de
1194 2593 1299 2627 origine
1329 2592 1410 2621 Verbi
1437 2592 1484 2620 Dei
1518 2598 1670 2620 sermonem
1699 2591 1820 2618 haberet.

1038 2638 1066 2666 Id
1097 2643 1256 2674 argumento
1277 2643 1335 2672 est,
1364 2646 1424 2666 eam
1456 2645 1562 2669 vocem.
1589 2637 1653 2666 licet
1684 2645 1699 2664 ι
1733 2637 1822 2664 Patri-

1038 2683 1090 2712 bus
1106 2688 1169 2711 ante
1185 2684 1342 2720 Dionysium
1366 2691 1418 2711 non
1438 2688 1613 2716 memoretur,
1631 2683 1716 2710 fuisse
1732 2687 1820 2709 tamen

1039 2734 1119 2756 antea
1135 2729 1343 2764 frequentatam.
1358 2728 1455 2758 Exstat
1469 2737 1550 2764 porro
1563 2730 1633 2757 inter
1643 2727 1820 2764 nugacissima

1040 2774 1290 2804 Valentinianorum
1303 2779 1453 2804 commenta
1470 2782 1521 2803 vox
1537 2775 1690 2811 ὸμοούσιον.
1703 2773 1750 2802 sed
1763 2772 1821 2803 l0n-
