2000 3045
687 150 873 179 ΡΒᾸΞΈΑΤΙΟ
893 151 1065 179 EDITIONIS
1084 151 1332 180 BENEDICTINJE.

1739 162 1803 182 ικιι

186 212 219 240 ge
232 205 284 233 alio
297 213 356 232 usu.
376 206 499 234 Allirmat
514 212 606 236 contra
620 209 713 236 Arium
738 214 764 236 et
780 209 896 236 asseclas
911 209 968 244 ejus
982 212 1005 239 Α
1021 214 1069 241 ter,
1100 216 1161 236 mox
1191 209 1441 243 interpretationem
1465 210 1556 245 adjicit
1584 211 1634 239 boc
1662 215 1741 244 pacto
1763 212 1802 246 (p.

186 250 375 286 (ρ.17ι,598)
403 251 518 280 Verbum
544 261 559 280 a
587 253 641 280 Deo
666 261 747 281 unum
771 254 895 288 proferri,
916 262 968 281 non

186 296 281 324 multa.
296 296 378 330 Deus,
392 297 481 331 inquit
496 303 603 326 sanctus
617 299 715 326 Doctor
731 301 769 333 (p.
781 300 826 333 51,
839 299 895 334 54),
921 307 969 334 per

186 342 305 371 Verbum
329 351 406 371 suum
421 346 510 372 omnia
530 345 593 373 facit
607 354 638 372 ac
656 347 807 381 dispensat;
827 355 858 375 ac
879 355 927 382 per
941 348 967 375 id

186 389 298 424 intelligi
316 389 405 422 datur,
421 391 492 425 quod
510 391 618 424 dicitur,
633 392 720 427 ipsum
733 400 793 420 esse
808 393 966 427 principium

186 433 289 461 viarum
303 433 409 460 Domini
423 443 430 460 :
446 442 495 469 per
509 435 596 470 ipsum
617 443 706 464 movet
720 438 801 464 etiam
820 437 967 465 invisibiles

186 479 244 506 illas
259 485 416 514 potestates.
430 480 574 508 Contendit
591 482 753 510 Athanasius
769 484 909 511 adversutn
923 482 967 511 Ju-

184 524 259 552 dteos
275 525 312 560 (p.
326 525 372 560 56)
388 524 496 553 Patrem
519 534 579 553 cum
599 528 710 560 diceret,
727 527 868 556 Faciamus
882 530 967 556 Immi-

187 578 244 597 nem
256 572 288 597 ad
301 571 501 598 similitudinem
525 577 651 605 nostram,
674 573 770 600 Filium
792 575 966 609 compellasse

186 623 263 642 suum
273 625 280 649 ;
292 620 319 642 ct
329 615 386 643 hac
400 617 460 643 trita
477 616 526 643 fuit
537 617 657 644 ninnium
669 619 840 653 antiquorum
856 619 964 648 Patrum

185 661 327 688 sententia.
341 660 375 688 Ut
389 666 583 689 commonstret
598 667 686 689 autem
705 663 820 690 Verbum
837 672 889 692 non
905 672 966 692 esse

185 713 240 733 rem
255 706 364 738 lactant,
380 713 413 733 ex
429 706 584 740 quotidiano
606 707 733 735 Ecclesiae
754 716 802 735 usu
830 710 966 744 progredi-

185 756 238 781 tur.
257 756 339 785 atque
355 750 404 777 hoc
418 750 503 777 utitur
517 757 676 787 argumento
691 753 729 787 (p.
747 753 811 788 388)
828 762 836 780 :
852 755 909 781 Non
931 754 964 781 li-

183 805 225 826 cet
241 807 297 826 rem
313 799 412 827 factam
424 800 538 828 adorare
553 809 558 827 :
575 799 689 828 Verbum
700 800 827 828 aduratur
838 808 846 827 :
859 808 912 828 non
924 805 966 828 est

183 851 247 879 ergo
263 853 306 872 res
323 845 404 872 facta.

1024 255 1112 290 1016),
1128 256 1164 282 Ἦ
1177 255 1206 288 si
1217 255 1312 290 ἑτέρας
1327 256 1510 288 ὑποστάσεως,
1520 257 1536 291 ἢ
1548 257 1641 288 οὐσίας
1652 256 1804 291 φάσκοντας

1021 297 1089 326 εἷναι
1101 300 1146 326 τὸν
1158 299 1222 326 Υἱὸν
1237 300 1284 327 τοῦ
1295 300 1372 334 Θεοῦ,
1391 301 1407 336 ἢ
1421 301 1451 327 τὸ
1467 302 1580 337 Πνεῦμα
1594 302 1625 328 τὸ
1642 301 1729 337 ἅγιον,
1743 311 1804 339 sps.

1021 345 1115 380 πτὺνῆ
1134 345 1286 377 ἀλλοιωτὸν,
1304 346 1416 377 τούτους
1434 347 1674 383 ἀναθεματιζομεν.
1700 347 1729 375 Id
1740 353 1801 376 est:

1020 391 1070 416 Aut
1092 391 1136 425 qui
1154 390 1242 416 dicunt
1258 398 1290 417 ea;
1308 390 1361 417 alia
1379 392 1512 425 hypottati
1531 391 1569 418 ne!
1587 393 1733 419 substantia
1748 401 1803 420 om

1022 434 1119 461 Filium
1144 435 1203 466 Dei,
1226 440 1272 462 aut
1292 435 1417 468 Spiritum
1434 442 1560 468 sanctum,
1585 437 1733 465 mutabilem
1756 443 1803 464 aut

1020 481 1181 512 variabilem,
1202 482 1248 508 ltas
1270 482 1433 508 anathemate
1454 482 1618 510 damnamus.
1647 483 1679 510 Et
1697 484 1723 510 in
1736 483 1802 518 Epi-

1018 525 1087 552 stola
1111 526 1145 552 ad
1165 526 1242 560 Afros
1266 525 1389 554 situiliter
1414 527 1560 563 ὑπόσταᾳιν
1575 535 1622 562 per
1637 528 1729 555 οὐσίαν
1746 529 1802 556 sive

1017 571 1190 598 substantiam
1203 571 1329 605 explicat,
1351 572 1387 598 ita
1403 576 1432 599 ut
1448 573 1492 599 ubi
1507 573 1663 608 hypostasin
1680 574 1801 601 eamdem

1018 624 1077 644 esse
1093 617 1119 643 in
1134 616 1214 643 Patre
1233 622 1260 644 et
1275 617 1301 643 in
1314 617 1381 644 Filio
1393 618 1532 652 praedicat,
1553 626 1614 645 mox
1631 619 1738 653 adjiciat
1755 619 1801 646 οὺ-

1019 661 1078 692 σίας
1099 661 1156 688 sive
1173 661 1330 689 substantia:
1342 663 1558 696 explicationem.
1578 663 1737 698 Hypostasin
1750 671 1800 691 au-

1018 710 1072 733 tern
1099 705 1256 739 simpliciter
1279 713 1311 733 ac
1339 706 1397 734 sine
1422 707 1511 734 addito
1531 707 1692 741 hujusmodi,
1718 716 1799 735 unam

1018 752 1044 778 in
1075 751 1153 778 Patre
1178 756 1258 786 atque
1282 754 1403 779 eamdem
1437 753 1462 779 in
1482 753 1548 780 Filio
1575 761 1644 786 esse,
1671 761 1723 781 non
1744 762 1799 782 mo-

1017 797 1082 823 ntini
1115 804 1158 824 me
1191 797 1287 832 legisse
1315 798 1341 825 in
1375 799 1509 833 germanis
1539 799 1679 827 Athanasii
1712 800 1799 834 operi-

1017 843 1076 870 bus.

219 891 246 919 5.
266 890 304 918 De
318 890 418 926 Spiritu
431 897 529 919 sancto.
544 891 606 918 Tres
617 892 776 926 hypostasu.
787 906 821 912 —
836 891 965 926 Spiritum
980 889 1002 916 Β
1051 889 1078 916 6.
1099 888 1210 917 Patrum
1233 889 1395 924 antiquioris
1409 891 1458 918 arvi
1472 891 1572 925 scripta
1593 898 1797 926 commemorat,

184 941 305 964 sanctum
336 937 374 964 ait
396 938 433 972 (p.
456 937 503 971 86)
517 945 576 964 esse
592 938 762 973 ὲκπόρευμα,
789 938 865 971 quasi
891 937 967 965 dicas

183 981 346 1009 emissionem
360 982 457 1009 Patris.
472 983 510 1009 Ex
527 982 595 1009 Filio
611 990 717 1017 qttoque
734 983 878 1017 procedere
895 983 966 1010 haud

182 1029 297 1056 obscure
320 1028 457 1063 praedicat,
471 1036 531 1055 cum
546 1029 584 1055 ait
599 1037 651 1056 non
665 1029 748 1056 semel
760 1030 797 1064 (p.
813 1029 875 1062 701,
891 1029 964 1065 782),

182 1074 251 1108 apud
277 1073 360 1100 Deum
388 1072 496 1100 Patrem
520 1073 618 1100 Filium
637 1081 696 1101 esse
725 1074 834 1102 fontem.
849 1073 966 1111 Spiritu;

182 1118 287 1146 sancti:
303 1123 330 1146 et
346 1118 398 1145 alio
412 1120 470 1146 loco
485 1118 523 1154 (p.
538 1118 612 1154 555),
629 1120 687 1146 ideo
699 1119 830 1154 Spiritum
841 1125 964 1148 sanctum

181 1172 197 1191 a
223 1164 301 1192 Patre
313 1166 470 1200 procedere,
490 1166 553 1201 quia
570 1174 602 1193 ex
616 1166 684 1193 Filio
696 1165 813 1202 etiulget,
835 1172 917 1202 atque
930 1167 964 1195 ab

181 1218 214 1237 eo
228 1211 343 1237 mittitur
356 1211 394 1246 (p.
408 1211 464 1245 81).
483 1213 536 1239 Res
548 1220 610 1239 cum
623 1212 717 1247 primis
729 1213 871 1240 observatu
883 1214 963 1248 digna

179 1260 232 1288 cst,
245 1263 293 1284 nec
307 1258 544 1291 praetermittenda,
563 1259 633 1292 quod
647 1258 791 1294 Dionysius
803 1259 964 1286 Alexandri-

179 1309 229 1328 nus
245 1306 325 1336 atque
341 1302 505 1330 Athanasius
519 1303 558 1337 (p.
569 1302 632 1338 200)
652 1303 760 1337 dicant,
784 1304 809 1330 in
839 1305 963 1331 manibus

176 1346 267 1375 Patris
291 1352 318 1375 et
334 1348 395 1375 Filii
410 1355 471 1375 esse
494 1347 624 1383 Spiritum
643 1355 776 1382 sanctum,
792 1355 819 1377 et
843 1358 929 1384 neque
947 1359 961 1378 ι

176 1393 301 1421 mittente
313 1393 403 1426 Patre,
419 1401 506 1429 neque
519 1402 532 1421 a
551 1396 654 1423 ferente
669 1395 738 1422 Filio
755 1395 849 1422 dividi.
875 1396 962 1430 Spirit-

177 1442 220 1464 tns
231 1445 339 1472 quoque
350 1439 492 1474 όμοούσιος
508 1445 549 1467 est
561 1440 632 1467 Patri
647 1440 684 1475 (p.
699 1440 773 1472 540),
786 1445 814 1467 et
828 1444 882 1468 tota
899 1441 961 1468 Tri-

176 1483 247 1510 nitas
257 1483 399 1519 ὀμοούσιος
411 1486 510 1512 dicitur
527 1486 563 1521 (p.
577 1486 651 1521 741).
664 1486 781 1521 Vulgare
796 1492 838 1515 est
854 1493 881 1515 et
900 1495 962 1522 pas-

175 1529 226 1555 sim
242 1530 350 1556 obvium
363 1531 400 1565 (p.
418 1530 479 1564 700,
497 1531 558 1563 558,
577 1531 651 1567 718),
678 1532 706 1559 iu
729 1532 818 1564 Patre,
839 1533 916 1565 Filio,
934 1538 962 1561 et

175 1574 278 1609 Spiritu
304 1581 399 1605 sancto
422 1585 501 1604 unam
526 1585 586 1606 esse
612 1578 751 1609 deitatem,
770 1586 849 1605 ttnam
867 1583 960 1614 poten-

175 1621 250 1653 tiam,
268 1628 349 1648 unam
363 1622 551 1650 substantiam.
568 1622 648 1650 Pater
662 1631 710 1657 per
725 1623 842 1651 Verbum
859 1624 885 1651 in
899 1625 960 1659 Spi-

175 1667 228 1693 ritu
242 1667 333 1693 omnia
351 1667 470 1694 condidit
488 1667 524 1703 (p.
542 1667 604 1701 540,
622 1667 695 1701 554),
717 1676 769 1695 ηοη
795 1669 902 1703 quidem
922 1670 958 1697 ita

175 1717 204 1737 ut
217 1710 313 1745 Verbo,
334 1713 375 1739 vel
391 1712 492 1746 Spiritu
509 1718 614 1744 sancto,
630 1721 679 1740 ceu
703 1713 889 1741 instrumentis
912 1720 959 1741 aut

175 1757 343 1785 administris
355 1758 494 1792 spiritibus
511 1758 544 1785 ab
556 1766 586 1785 se
601 1758 727 1790 conditis,
740 1758 817 1786 Pater
829 1767 892 1786 usus
907 1760 956 1786 sit:

174 1803 222 1829 sed
239 1807 292 1830 tres
307 1812 427 1838 persona:
444 1805 569 1839 principii
590 1805 669 1832 unius
689 1805 818 1831 rationem
838 1811 957 1838 tenuere,

175 1853 331 1883 tenentque.
344 1849 410 1876 Tres
424 1850 592 1885 hypostases,
602 1851 775 1882 ὑποστάσεις,
787 1851 812 1877 in
826 1851 958 1879 Trinitate

174 1901 234 1921 esse
253 1901 304 1920 non
320 1895 402 1922 semel
417 1896 505 1927 docet,
532 1901 558 1923 et
577 1897 685 1930 quidem
704 1897 837 1931 perfectas
855 1898 892 1931 (p.
912 1896 956 1930 86,

174 1938 236 1972 616,
252 1939 332 1974 701);
347 1947 399 1967 non
415 1946 504 1967 tamen
514 1941 584 1968 inter
599 1949 629 1969 se
645 1942 744 1970 divisas
757 1946 795 1977 (p.
807 1942 865 1977 80);
878 1948 957 1970 caute

173 1986 244 2012 enim
262 1986 355 2013 isthaec
372 1986 551 2021 explicantur,
582 1996 616 2015 ne
634 1989 790 2016 suboriatur
803 1989 894 2023 lapsus
911 1997 957 2016 oc-

173 2031 255 2059 casio.
285 2032 319 2059 Et
341 2032 466 2060 advertas
482 2037 568 2068 'quam
594 2035 744 2061 inconsulte
773 2035 881 2068 quidam
907 2035 955 2062 :evi

174 2077 258 2103 nostri
274 2077 422 2112 scriptores
432 2079 608 2106 Athanasium
620 2079 713 2106 dicant
732 2087 862 2114 nusquam
876 2080 956 2115 hypo-

174 2128 257 2149 stases
271 2131 446 2151 memorasse.
470 2124 561 2152 Ariani
589 2132 697 2159 quoque
721 2130 775 2152 tres
798 2126 957 2160 hypostases

173 2169 368 2204 proﬁtebantur
377 2177 446 2202 esse,
463 2178 555 2196 verum
568 2170 680 2197 subdolo
693 2171 821 2203 consilio;
836 2178 868 2197 eo
883 2171 955 2204 quip-

1017 942 1048 961 ac
1062 939 1190 969 excerpta
1206 942 1298 962 eorum
1312 934 1438 968 all‘erens,
1461 936 1590 964 doctrinae
1605 944 1660 964 suae
1680 939 1798 966 auctori-

1017 984 1098 1007 tatem
1119 985 1206 1014 parat.
1223 979 1366 1014 Origenem
1384 988 1520 1015 nunquam
1534 981 1592 1009 sine
1606 981 1682 1010 laude
1696 991 1798 1011 memo-

1015 1029 1065 1057 rat,
1083 1025 1135 1052 imo
1162 1030 1259 1060 purgat
1284 1033 1344 1052 cum
1367 1033 1383 1052 a
1402 1026 1600 1061 suspicionibus
1624 1027 1680 1061 jam
1703 1033 1798 1056 contra

1015 1070 1081 1097 tanti
1097 1070 1148 1097 viri
1163 1071 1315 1098 doctrinam
1334 1071 1438 1098 obortis
1455 1079 1461 1096 :
1478 1071 1579 1106 aitque,
1603 1080 1670 1107 quas
1689 1079 1798 1102 senten-

1015 1117 1065 1142 tias
1080 1116 1252 1150 problematis
1266 1124 1340 1144 more
1353 1118 1366 1143 ὁ
1382 1117 1524 1151 φιλόπονος
1539 1118 1653 1151 dixerat,
1668 1127 1720 1146 non
1737 1127 1798 1154 per-

1015 1161 1077 1188 inde
1096 1169 1128 1188 ac
1142 1161 1165 1188 si
1179 1161 1337 1189 afﬁrmando
1355 1162 1433 1189 dieue
1443 1163 1566 1195 fuissent.
1585 1169 1710 1199 acceptas
1722 1172 1788 1199 opor

1015 1209 1080 1233 tere.
1096 1205 1211 1240 ldipsum
1226 1214 1289 1233 vero
1305 1206 1459 1242 Pamphilus
1469 1213 1583 1243 martyr,
1595 1209 1620 1235 in
1633 1209 1796 1245 Apologetico

1013 1259 1059 1285 pro
1076 1251 1196 1286 Origene.
1222 1252 1312 1286 Quare
1335 1261 1387 1281 non
1402 1258 1444 1281 est
1455 1254 1526 1289 quod
1545 1254 1718 1284 inclementer
1735 1264 1796 1284 cttm

1013 1297 1071 1323 viro
1086 1302 1161 1324 tanto
1176 1303 1287 1332 agatur;
1317 1299 1339 1326 si
1354 1299 1416 1326 dum
1429 1300 1542 1327 liberum
1557 1306 1628 1328 esset
1643 1302 1717 1329 varie
1740 1309 1797 1338 my-
1811 1302 1817 1308 '

1013 1343 1093 1369 steria
1108 1351 1186 1370 sacra
1202 1344 1355 1377 enuntiare,
1376 1352 1407 1372 ea
1428 1345 1536 1379 dixerit,
1553 1354 1613 1381 quae
1633 1347 1665 1374 ad
1688 1347 1796 1375 hodier-

1013 1396 1075 1415 num
1092 1397 1169 1417 usum
1185 1397 1238 1417 non
1254 1391 1321 1418 satis
1337 1391 1476 1418 accedant.
1505 1391 1603 1419 Duram
1628 1393 1794 1428 provinciam

1012 1437 1095 1471 capit.
1123 1437 1167 1471 qui
1192 1438 1225 1465 ad
1241 1443 1329 1466 certos
1353 1439 1495 1466 verborum
1513 1439 1611 1467 limites
1632 1440 1688 1468 vult
1704 1440 1794 1468 omnis

1011 1483 1130 1510 omnium
1155 1483 1312 1511 saeculorum
1338 1484 1417 1512 eti'ata
1436 1493 1573 1513 revocare.
1596 1485 1659 1519 Res,
1681 1491 1794 1521 tempus,

1013 1529 1117 1557 animus
1132 1535 1160 1556 et
1174 1534 1270 1557 caetera
1290 1531 1479 1564 ponderanda;
1497 1537 1523 1558 et
1542 1533 1581 1560 sic
1598 1533 1657 1560 odia
1677 1534 1792 1561 minuas.

1012 1574 1113 1602 Praeter
1128 1575 1282 1611 Origenem,
1297 1575 1495 1611 Theoguostum
1508 1578 1569 1604 item
1584 1578 1741 1611 przeclarum
1757 1579 1794 1605 vi-

1010 1628 1068 1647 rutn
1083 1620 1207 1656 Origenis
1223 1621 1352 1656 aequalem
1367 1622 1470 1654 laudat,
1483 1628 1510 1649 et
1523 1623 1622 1656 scripta
1645 1623 1702 1658 ejus
1716 1621 1794 1650 affert

1011 1666 1036 1693 in
1054 1667 1235 1694 testimonium
1253 1667 1383 1694 doctrinae
1395 1675 1459 1694 suae.
1473 1667 1563 1695 Utitur
1579 1675 1685 1702 quoque
1697 1668 1794 1704 Diony-

1009 1712 1041 1739 sii
1068 1711 1182 1738 Romani
1205 1713 1339 1746 pontificis
1364 1713 1422 1740 loco
1446 1713 1545 1740 eximio
1572 1713 1606 1740 ad
1630 1713 1793 1740 Arianorum

1009 1763 1162 1785 commenta
1179 1758 1368 1792 propulsanda.
1383 1757 1470 1792 (Eque
1485 1758 1548 1785 huic
1570 1759 1608 1785 rei
1626 1762 1792 1792 opportunus

1010 1803 1151 1838 Dionysius
1162 1803 1369 1835 Alexandrinus,
1387 1803 1463 1837 cujus
1480 1803 1640 1831 auctoritate
1653 1803 1685 1829 τὸ
1697 1802 1794 1838 ὁμοσύ-

1009 1857 1065 1876 σιον
1081 1848 1232 1875 c0nfirmat.
1249 1849 1304 1876 Etsi
1317 1851 1388 1877 enim
1403 1850 1447 1877 ille
1461 1850 1487 1876 in
1504 1849 1685 1883 suspicionem
1703 1856 1792 1883 pravae

1008 1894 1078 1921 circa
1088 1893 1184 1920 Filium
1197 1893 1243 1920 Dei
1257 1894 1397 1922 sententias
1412 1900 1524 1923 vocatus
1537 1894 1637 1928 fuerat.
1651 1895 1790 1931 cujusdam

1007 1939 1070 1967 dicti
1091 1947 1173 1967 causa
1195 1947 1248 1974 quo
1264 1939 1361 1967 Filium
1384 1940 1517 1968 incautius
1545 1941 1616 1968 inter
1646 1948 1688 1968 res
1707 1940 1792 1968 factas

1007 1992 1202 2013 connutnerare
1232 1986 1382 2019 videbatur,
1402 1993 1454 2021 qua
1476 1987 1510 2014 de
1534 1993 1614 2013 causa
1638 1986 1665 2013 in
1688 1987 1790 2014 crimen

1006 2035 1117 2058 vocatus
1131 2038 1146 2058 κ
1160 2031 1260 2059 Basilio
1275 2037 1333 2066 est;
1351 2037 1378 2058 at
1401 2039 1461 2059 cum
1478 2037 1569 2066 postea
1594 2032 1635 2060 sui
1659 2033 1790 2066 purgandi

1005 2077 1104 2111 gratia,
1131 2081 1158 2103 et
1174 2077 1237 2111 quid
1255 2084 1318 2105 vere
1339 2078 1453 2105 sentiret
1476 2077 1583 2111 eifatus,
1601 2083 1628 2105 et
1642 2078 1674 2104 τὸ
1694 2077 1791 2113 ὁμοούε

1007 2130 1064 2148 σιον
1085 2121 1224 2157 professus
1237 2122 1329 2154 fuerit,
1345 2123 1486 2150 adversum
1497 2123 1614 2151 Arianos
1625 2123 1653 2150 in
1670 2124 1788 2151 medium

1005 2167 1142 2202 profertur
1158 2169 1191 2196 ab
1202 2168 1360 2201 Athanasio,
1373 2169 1418 2203 qui
1436 2176 1485 2196 suo
1498 2169 1570 2204 ipsos
1591 2169 1642 2197 telo
1659 2169 1786 2197 confodit.

174 2222 205 2248 pe
216 2215 323 2242 nomine
334 2216 455 2242 diversas
471 2221 498 2243 et
517 2216 617 2243 divisas
638 2217 802 2243 substantias
826 2217 957 2250 intellige—
972 2221 994 2248 ι)
1009 2213 1075 2240 Nam
1106 2221 1167 2241 cum
1195 2214 1351 2249 Dionysium
1384 2214 1422 2241 illi
1447 2215 1548 2242 erroris
1577 2215 1627 2241 sibi
1651 2219 1788 2242 auctorem

173 2259 237 2286 bant
251 2269 257 2286 :
269 2266 419 2288 monstrum
435 2261 538 2288 scilicet
549 2262 660 2293 erroris,
676 2270 729 2296 quo
744 2262 784 2289 vel
796 2262 884 2289 unitas
896 2262 952 2294 Dei,

173 2305 213 2332 vel
231 2306 335 2333 trinitas
363 2314 537 2342 personarum
564 2307 695 2335 elevatur.
715 2308 770 2335 Etsi
796 2315 877 2342 porro
901 2313 954 2336 tres

174 2350 328 2386 hypostases
339 2360 398 2379 esse
409 2353 567 2387 plerumque
581 2353 654 2380 dicat
666 2354 838 2385 Athanasius,
857 2361 954 2388 nequa-

173 2404 251 2430 quam
281 2397 405 2432 repudiat
431 2405 478 2425 eos
497 2399 534 2434 (p.
550 2399 611 2433 616)
636 2401 681 2434 qui
708 2400 813 2426 unicam
834 2400 952 2426 ὑπόστα-

175 2449 215 2468 σιν
234 2442 377 2470 admissam
394 2444 493 2470 vellent
510 2445 536 2471 in
553 2445 698 2477 Trinitate,
718 2445 779 2471 dum
797 2445 823 2472 id
839 2445 872 2472 de
890 2446 954 2473 sub-

174 2488 268 2514 stantia
283 2489 417 2515 cotnmuni
431 2497 607 2524 personarum
627 2490 788 2525 intelligant,
808 2498 953 2526 earumque

173 2532 371 2560 distinctionem
386 2539 494 2562 servent
508 2535 633 2567 illacsam;
650 2536 704 2562 imo
719 2537 776 2570 ipse
787 2543 893 2570 quoque
907 2537 954 2564 ali-

173 2576 232 2603 cubi
247 2577 284 2613 (p.
297 2578 358 2612 7M)
381 2579 427 2611 ait,
444 2579 592 2606 ὑπόστασιν
607 2581 719 2614 idipsum
736 2587 796 2607 esse
813 2582 884 2614 quod
908 2581 953 2607 οὐ-

174 2620 242 2655 σίαν,
257 2631 302 2650 seu
317 2624 506 2658 substantiam,
520 2633 551 2652 ea
566 2625 774 2660 videlicetquam
785 2633 864 2660 supra
878 2633 952 2653 com-

173 2668 388 2700 memoravimus,
408 2671 549 2697 sententia.
572 2670 599 2697 ln
615 2671 717 2706 synodo
733 2676 822 2698 autem
837 2671 951 2698 Alexan-

173 2711 247 2739 drina
265 2721 335 2741 anno
346 2714 398 2742 562
408 2720 520 2750 utraque
532 2715 656 2748 formula,
670 2716 695 2742 id
707 2719 749 2743 est
761 2723 813 2743 una
825 2716 951 2752 hyposta-

174 2756 220 2790 sis,
231 2762 256 2785 et
267 2765 322 2786 tres
333 2759 500 2794 hypnstases,
516 2761 648 2789 catholica
670 2761 778 2795 dicitur,
796 2761 859 2789 dum
879 2766 950 2789 recta

174 2807 293 2830 servetur
315 2805 460 2832 sententiis.
476 2805 508 2832 Et
527 2806 549 2833 si
566 2806 673 2840 quando
689 2811 760 2835 vetat
775 2807 949 2840 Athanasius.

175 2852 208 2873 ne
222 2847 323 2877 dicatur
336 2849 420 2878 Filius
445 2858 476 2878 ex
500 2851 552 2880 alia
570 2852 705 2887 hypostasi
725 2859 783 2880 esse
802 2861 882 2888 quam
899 2854 949 2881 Pa-

1005 2265 1065 2286 esse
1079 2258 1259 2291 clamitarent,
1287 2259 1345 2294 ejus
1360 2261 1519 2287 aucIOritate
1541 2265 1674 2287 assertum
1691 2260 1789 2295 ὁμοσύ-

1006 2312 1062 2331 σιον
1084 2312 1133 2332 nec
1154 2305 1211 2332 sine
1229 2306 1331 2339 pudore
1346 2311 1556 2340 conspexerunt.
1579 2306 1683 2333 Eximia
1708 2314 1789 2341 porro

1006 2350 1122 2385 Dionysii
1139 2351 1288 2385 fragmenta
1303 2351 1382 2378 nobis
1395 2351 1486 2378 attulit
1496 2351 1671 2384 Athanasius,
1685 2359 1716 2378 ac
1731 2358 1790 2386 per-

1004 2401 1096 2430 optato
1110 2396 1187 2423 nobis
1202 2396 1294 2423 datum
1310 2402 1361 2429 est,
1376 2402 1406 2424 ut
1420 2398 1543 2425 codicum
1564 2405 1614 2431 ope
1629 2396 1786 2432 praeclaram

1005 2442 1175 2469 deTrinitate
1185 2443 1332 2469 clausulam
1345 2443 1558 2474 restitueremus,
1571 2451 1629 2477 quae
1641 2444 1680 2470 sic
1690 2443 1784 2470 habet:

1004 2488 1082 2515 Οὕτω
1103 2489 1152 2524 μὲν
1163 2490 1242 2524 ἡμεῖς
1259 2489 1296 2520 εἷς
1313 2498 1342 2515 τε
1357 2489 1406 2524 τὴν
1428 2489 1531 2524 Τριάόα
1544 2489 1592 2524 τὴν
1608 2488 1708 2524 μονάδα
1720 2488 1787 2515 πλα-

1002 2534 1126 2569 τύνωμεν
1139 2535 1297 2570 ἀδιαίρετον,
1317 2537 1364 2562 καὶ
1378 2536 1426 2571 τὴν
1441 2535 1545 2570 Τριάδιι
1559 2535 1638 2561 πάλιν
1653 2534 1786 2570 ἀμείωτον

1003 2581 1042 2611 εἰς
1057 2580 1106 2616 τὴν
1122 2580 1223 2615 μονάδα
1247 2581 1529 2616 συγκεφαλαιούμεθα.
1548 2580 1575 2607 Id
1590 2585 1630 2608 est
1645 2590 1652 2608 :
1669 2580 1712 2608 Sic
1727 2581 1784 2616 qui-

1003 2626 1060 2652 dem
1079 2633 1124 2652 nos
1148 2627 1273 2653 unitatem
1295 2635 1353 2661 quin
1370 2626 1450 2653 dividi
1471 2627 1557 2661 nequit
1583 2627 1610 2652 in
1630 2625 1785 2653 Trinitatem

1003 2673 1154 2706 dilatamus,
1166 2679 1189 2701 et
1205 2682 1308 2702 rursum
1328 2673 1480 2701 Trinitatem
1495 2683 1552 2709 quin
1564 2675 1684 2701 imminui
1698 2676 1783 2709 nequit

1002 2719 1030 2745 in
1051 2719 1177 2745 unitatem
1195 2718 1382 2745 contra/timus.
1402 2718 1475 2745 Hanc
1492 2719 1664 2751 sententiam,
1681 2726 1741 2753 qua:
1755 2719 1782 2746 in

1002 2764 1083 2792 nullis
1095 2769 1183 2792 exstat
1198 2764 1277 2791 editis
1291 2763 1404 2796 Graecis,
1421 2772 1454 2792 ex
1468 2765 1592 2793 omnibus
1604 2765 1701 2800 quibus
1714 2765 1782 2793 bene

1002 2809 1093 2838 multis
1116 2809 1156 2837 usi
1176 2817 1269 2837 sumus
1283 2809 1423 2838 codicibus
1438 2810 1493 2845 jam
1518 2811 1649 2846 integram
1667 2811 1779 2841 damus.

1004 2855 1093 2890 magni
1118 2863 1181 2884 usus
1204 2863 1268 2884 sne
1290 2860 1384 2885 contra
1401 2864 1483 2886 novos
1497 2857 1620 2891 Arianos,
1642 2857 1688 2892 qui
1706 2856 1779 2889 tertii
