2000 3045
207 171 259 190 ΠΧ

886 157 1152 186 PROLEGOMENA.

207 220 298 249 saeculi
315 219 408 247 Patres
433 225 524 246 secum
546 217 702 246 consentire
718 217 854 253 jactitant.
876 217 918 245 0b
938 218 989 243 alia
1004 219 1025 247 Α
1042 215 1215 244 Nestorianos
1243 215 1292 242 fuit
1308 215 1449 243 Athanasii
1471 215 1522 243 hac
1552 215 1579 243 in
1610 223 1638 243 re
1663 215 1820 243 auctoritas.

206 273 272 294 vero
302 273 362 300 quae
394 265 484 292 minus
517 263 688 292 considerate
719 263 820 291 dixisse
846 263 987 291 videbatur

208 311 361 347 Dionysius,
382 311 407 338 in
423 310 514 337 Basilii
529 310 767 345 reprehensionem
792 309 906 337 incurrit
920 318 926 336 :
943 317 988 338 ve-

207 365 266 384 rum
276 360 317 383 sat
332 356 366 383 ab
378 355 526 383 Athanasio
540 359 670 390 purgatur
695 354 729 382 ab
749 354 822 381 omni
846 354 987 382 adversum

206 403 370 437 suspicione.

242 449 268 475 7.
279 448 315 475 De
325 447 522 475 lncarnatione.
533 461 567 466 -—
578 446 622 473 Alt
631 446 730 474 Doctor
741 445 928 473 sanctissimus
947 445 985 480 (p.

206 492 287 528 737),
308 491 399 519 carnis
420 499 481 519 cum
502 490 592 518 Verbo
617 491 833 524 conjunctionem
857 497 890 517 ex
912 494 989 517 utero

205 538 302 566 iactant
318 537 411 565 fuisse.
426 536 572 571 Frequenti
591 542 682 563 autem
698 544 758 568 usu,
775 536 866 562 carnis
880 535 988 562 nomine

206 583 368 610 testiﬁcatur
381 590 410 610 se
426 582 509 609 totius
523 581 650 612 hominis.
665 581 761 607 animae
776 581 880 608 scilicet
890 584 918 607 et
929 587 988 608 cor-

206 629 288 663 poris.
307 633 432 655 naturam
443 627 586 662 complecti
600 627 638 661 (p.
650 626 724 660 762).
740 626 772 654 Et
785 626 922 654 contendit
934 633 987 653 non

205 675 290 709 magis
312 674 409 704 rationi
425 674 558 701 absonum
577 680 637 700 esse
650 672 767 700 Verbum
784 673 927 700 humanam
945 679 988 699 as-

205 720 351 755 sumpsisse
371 724 506 753 naturam,
529 727 609 754 quam
623 719 750 746 omnibus
774 719 799 745 in
822 719 901 745 rebus
917 719 988 746 exsi—

206 772 278 793 stere
291 765 398 800 (p.66).
420 766 464 793 Ait
478 770 567 792 autem
587 764 624 800 (p.
638 765 684 798 42)
706 765 766 792 ideo
784 764 881 791 Filium
903 764 989 791 homi-

207 819 268 838 Item
286 811 386 838 factum
403 810 497 844 fuisse,
516 811 589 845 quia,
609 817 669 837 cum
682 810 772 837 omnia
787 814 916 842 creasset,
931 817 989 837 om-

200 857 250 883 .nia
276 857 348 884 soltts
365 857 516 883 instaurare
536 856 634 890 potuit.
659 856 795 883 Christum
811 863 872 883 esse
887 855 988 882 τέλειον

1040 263 1110 290 Duas
1126 270 1186 290 esse
1206 263 1232 290 in
1246 261 1355 290 Christo
1376 262 1527 290 voluntates
1547 261 1636 298 ῥητῶς
1652 262 1767 289 atllrmat
1782 263 1819 296 (p.

1038 308 1114 343 709),
1133 312 1161 336 et
1184 312 1381 335 commonstrat
1403 315 1437 334 ex
1453 307 1588 342 plerisque
1605 307 1755 334 litterarum
1777 315 1821 334 sa-

1037 361 1143 381 crarum
1155 353 1230 381 locis.
1245 353 1374 380 Moriente
1381 353 1498 384 Christo.
1515 354 1642 381 deitatem
1654 361 1751 387 corpus
1765 353 1823 387 eius

1038 407 1090 426 non
1112 400 1251 434 reliquisse
1264 400 1334 426 haud
1345 399 1382 426 ait
1395 400 1478 426 semel
1489 400 1527 434 (p.
1542 399 1604 430 723,
1620 399 1682 431 748,
1695 399 1775 433 758);
1793 403 1823 426 et

1038 445 1060 471 si
1077 444 1141 479 qttid
1161 444 1279 472 alienum
1299 445 1389 472 dicere
1403 445 1548 480 aliquando
1565 445 1704 478 videatur,
1719 451 1762 472 res
1777 447 1821 472 est

1038 490 1098 517 aliis
1116 490 1182 517 locis
1195 490 1365 525 explicanda.

1075 537 1100 563 8.
1119 536 1218 564 Christi
1231 536 1376 563 adventum
1396 536 1591 571 veritatemque
1603 536 1764 564 Christiana
1779 543 1820 564 re-

1039 582 1147 617 ligionis
1174 582 1300 616 pluribus
1319 582 1496 616 comprobat:
1513 587 1606 610 contra
1626 581 1732 609 Iudaeos
1761 582 1820 617 qui-

1039 627 1099 654 dem
1117 628 1155 661 (p.
1172 627 1216 661 60,
1231 627 1276 662 64)
1295 628 1430 655 sexcentis
1446 628 1551 655 Veteris
1562 627 1725 655 Testamenti
1742 628 1819 659 locis,

1038 680 1070 699 ac
1087 673 1254 707 potissimum
1277 680 1311 700 ex
1337 673 1438 700 famosa
1461 673 1502 700 illa
1525 673 1643 700 Danielis
1667 673 1818 708 prophetia.

1039 718 1138 745 Contra
1155 718 1268 753 gentiles
1283 724 1374 746 autem
1391 720 1428 753 (p.
1444 718 1488 753 7t)
1501 719 1647 747 Christiani
1665 719 1754 746 cultus
1774 726 1819 746 ve-

1040 767 1144 794 ritatem
1176 771 1328 802 propugnat
1357 766 1400 793 his
1421 766 1587 801 argumentis
1609 774 1616 792 :
1638 766 1710 800 quod
1733 765 1819 794 οι·κοί

1039 812 1188 847 philosophi
1202 817 1275 839 tanta
1288 819 1376 839 rerum
1389 812 1496 845 peritia,
1510 816 1548 839 tot
1560 811 1718 845 conscriptis
1732 811 1818 844 libris.

1040 865 1072 884 ne
1088 857 1216 892 pauculos
1230 858 1337 892 quidem
1352 857 1502 885 vicinorum
1517 858 1550 884 ad
1566 865 1642 884 suam
1661 857 1820 892 pellexerint

205 901 349 937 ἄνθρωπον
373 902 421 928 καὶ
436 901 538 928 τέλειον
554 901 620 928 Θεόν
639 901 676 935 (p.
689 901 768 936 747),
784 901 809 927 id
826 905 885 933 est,
903 901 987 935 perfe-

1039 903 1209 937 opinionem;
1228 910 1287 930 cum
1300 908 1392 930 contra
1405 902 1559 938 evangelica
1576 903 1698 930 doctrina
1712 903 1820 930 humili-

205 954 274 975 ctum
289 949 416 976 hominem
433 953 457 976 et
473 948 613 982 perfectum
630 947 731 979 Deum,
752 954 831 982 quem
847 954 908 974 cum
925 946 989 973 ado-

206 1001 298 1021 ramus
321 1001 372 1020 non
404 1000 460 1021 rem
477 998 596 1021 creatam
622 993 739 1027 aliquam
763 992 916 1023 adoramus,
941 993 988 1020 sed

205 1040 324 1067 omnium
339 1047 426 1066 rerum
440 1039 563 1073 opificem
578 1039 652 1072 (729,
667 1037 740 1073 752).
759 1037 859 1072 Estque
870 1037 990 1064 Athana-

205 1084 238 1111 sii
267 1084 332 1111 illud
357 1084 465 1111 eﬂ'aittm
496 1084 669 1111 memorabile
700 1084 737 1118 (p.
759 1083 821 1118 705)
843 1091 850 1110 :
873 1084 989 1119 Χριστός

206 1131 279 1156 ἐστιν
295 1131 311 1165 ὴ
325 1130 384 1165 χεὶρ
399 1130 445 1156 καὶ
464 1130 492 1156 αἱ
512 1131 601 1165 χεῖρες
617 1129 663 1155 τοῦ
678 1130 792 1165 Πατρός.
818 1129 934 1156 Christus
951 1135 989 1156 est

206 1182 298 1200 manus
313 1175 380 1208 ipsa,
395 1178 419 1200 et
434 1183 526 1200 manus
539 1174 602 1207 ipsi:
612 1172 718 1204 Patris;
731 1181 783 1207 quo
797 1173 907 1206 indicat,
923 1173 988 1200 nihil

206 1218 258 1245 nisi
280 1226 328 1252 per
345 1218 477 1246 Christum
494 1226 508 1246 a
525 1218 605 1246 Patre
623 1218 692 1246 ellici
712 1219 753 1246 vel
775 1219 872 1246 creari.
897 1218 989 1254 Neque

206 1264 296 1290 minus
322 1268 470 1291 memoratu
497 1263 606 1297 dignum
635 1269 692 1296 est,
715 1263 860 1297 aliquando
884 1271 988 1296 vocem,

205 1309 350 1341 Dominus,
371 1309 398 1336 in
416 1309 503 1336 Veteri
523 1309 695 1337 Testamento
718 1317 767 1343 pro
790 1309 848 1336 Filii
875 1317 987 1344 persona

206 1355 329 1390 intelligi,
351 1362 412 1382 cum
434 1355 468 1382 ab
485 1355 634 1382 Athanasio
651 1357 689 1390 (p.
708 1355 782 1390 707),
808 1362 862 1383 tum
879 1355 914 1382 ab
928 1356 988 1383 aliis

205 1401 343 1435 plerisque
368 1400 501 1429 Patribus.
523 1401 613 1429 Multis
635 1407 829 1430 commonstrat
843 1403 879 1437 (p.
897 1403 953 1436 53),
973 1409 989 1429 ο

206 1454 235 1472 re
258 1446 339 1473 fuisse
359 1451 388 1473 ut
411 1446 537 1474 Christus
567 1446 774 1478 interﬁceretur,
810 1454 859 1474 nec
884 1447 987 1482 vulgari

205 1492 345 1519 hominum
359 1497 445 1519 morte
459 1493 592 1520 interiret.
614 1493 728 1520 Verbum
745 1493 830 1527 ipsum
852 1498 942 1519 natum
956 1497 984 1519 et

206 1545 313 1572 passum
335 1545 396 1566 esse
412 1538 510 1566 dicitur
524 1539 562 1573 (p.
577 1538 640 1572 50),
657 1539 718 1572 quia
735 1545 833 1572 carpus
849 1545 900 1565 non
918 1538 984 1565 alte-

207 1585 272 1618 rius,
290 1584 336 1611 sed
357 1585 416 1619 ejus
433 1584 516 1618 ipsius
533 1590 602 1611 erat.
624 1583 757 1616 Quoniam
772 1591 836 1610 vero
850 1583 986 1618 Apollina-

204 1632 278 1656 ri~taa
292 1629 373 1656 Deum
393 1629 490 1664 ipsum,
506 1629 532 1656 id
544 1633 587 1655 est
603 1629 771 1655 divinitatem
784 1635 890 1661 passam
905 1627 986 1655 fuisse

205 1673 394 1708 nugabantur,
420 1674 477 1701 lucc
500 1673 628 1701 adversus
654 1673 785 1709 lucifugas
815 1674 894 1700 verba
924 1673 986 1700 iacit

203 1720 369 1747 Athanasius
384 1720 421 1754 (p.
435 1719 498 1755 758)
513 1728 519 1746 :
538 1719 592 1746 Cur
609 1728 654 1754 ego
667 1720 808 1753 scripsistis
824 1719 905 1746 Deum
920 1727 985 1752 ease,

204 1765 248 1798 qui
262 1765 290 1792 in
307 1773 387 1792 carne
398 1774 491 1800 passus
507 1771 545 1792 est
563 1770 587 1793 et
606 1765 769 1792 resurrexit?
786 1765 817 1793 Si
835 1765 903 1792 enim
916 1764 986 1793 Deus

204 1810 248 1841 sit.
262 1810 307 1844 qni
316 1819 361 1844 per
368 1818 471 1837 carnem
483 1819 577 1845 passus
585 1811 618 1838 sit
628 1818 658 1837 ac
671 1810 822 1842 resurrexil,
837 1810 985 1844 passibilem

204 1865 264 1891 ergo
280 1857 368 1884 dicitis
385 1861 408 1883 et
426 1855 533 1883 Patrem
547 1861 572 1884 et
590 1856 766 1890 Paracletum,
785 1865 843 1883 cum
857 1865 936 1883 unum
953 1857 985 1883 sit

205 1910 308 1935 nomen,
319 1908 342 1929 et
356 1910 407 1929 una
418 1903 506 1929 divina
518 1908 624 1929 natura.
638 1903 707 1929 Ante
716 1902 903 1929 Nestorianam
914 1903 985 1929 enim

204 1948 331 1978 ita-resin.
349 1955 409 1975 cum
431 1948 548 1975 nondum
572 1956 616 1976 res
641 1947 831 1975 controversiis
853 1947 985 1982 implicata

204 1998 286 2026 esset,
307 2001 356 2020 nec
375 1994 499 2020 cautione
519 1999 592 2021 esset
608 2001 692 2028 opus,
721 1993 790 2020 bono
810 1993 911 2025 animo,
935 1992 986 2033 sal:

204 2047 290 2074 raque
309 2038 360 2066 ﬁde
378 2038 434 2065 haec
449 2039 536 2066 locum
553 2039 686 2066 habebant
704 2047 711 2064 :
730 2039 799 2066 Deus
818 2047 910 2072 passus
935 2047 986 2065 non

203 2090 254 2121 est,
271 2084 340 2112 Deus
358 2093 409 2112 non
432 2091 468 2111 est
490 2090 577 2117 natus,
605 2084 738 2119 intelligas
759 2085 872 2117 scilicet,
897 2085 985 2111 divina

206 2136 299 2159 natura
317 2135 363 2157 aut
380 2130 515 2164 divinitas,
528 2136 556 2157 ut
572 2130 856 2166 explicatAthanasius
870 2131 908 2165 (p.
928 2130 984 2162 65),

206 2177 274 2214 llinc
287 2176 373 2212 palam
395 2181 447 2209 est,
473 2184 524 2204 non
544 2184 605 2205 esse
623 2177 693 2211 quod
709 2175 911 2203 Nestorianisnti
924 2180 985 2202 nota

206 2227 366 2258 aspergatur
392 2223 461 2250 liber
483 2223 527 2251 ille
547 2223 704 2258 Anonymus
726 2223 844 2250 secundo
865 2221 985 2269 [quarto]
1002 2242 1024 2269 ο

205 2275 278 2296 ιοιιιο
299 2269 359 2303 quia
383 2269 452 2296 inter
473 2268 540 2296 alias
569 2269 703 2296 clausulas
732 2268 825 2296 istlucc
855 2268 983 2303 rejicitur,

206 2316 318 2349 Passum
333 2321 369 2342 est
385 2315 496 2349 Verbum
511 2323 589 2342 carne
604 2323 613 2342 :
636 2315 751 2342 nondum
775 2315 872 2350 quippe
894 2322 936 2341 res
952 2314 984 2340 ad

204 2366 307 2395 certum
329 2369 424 2388 vocum
452 2369 530 2388 usum
552 2361 664 2388 deducta
689 2360 785 2388 fuerat.
810 2359 843 2387 Et
860 2361 921 2388 dunt
939 2361 982 2388 Dei

205 2408 313 2438 nomine
332 2408 420 2435 ditina
438 2412 532 2434 natura
555 2406 758 2439 intelligeretur,
779 2407 860 2434 Deum
877 2414 983 2441 passum

203 2461 263 2487 esse
279 2461 377 2488 negare
399 2454 440 2480 l'as
458 2460 516 2480 erat
535 2462 542 2480 :
560 2453 609 2480 ltoc
630 2458 708 2486 pacto
728 2458 807 2487 negat
821 2452 985 2479 Athanasius

206 2500 242 2534 (p.
258 2500 332 2535 55l),
357 2505 436 2534 atque
452 2508 483 2526 eo
503 2500 612 2527 nomine
623 2499 845 2534 Appollinaristas
867 2499 983 2526 insecta-

205 2551 258 2572 tur.
278 2546 344 2573 Cutn
363 2546 448 2574 Filius
467 2546 581 2574 exaltari
599 2545 707 2577 dicitur,
732 2544 808 2578 iubet
823 2543 986 2571 Athanasius

205 2591 243 2626 (p.
254 2591 299 2626 47)
317 2593 450 2627 intelligas
462 2594 494 2620 de
503 2592 609 2620 Christo
621 2591 766 2618 secundum
779 2590 923 2617 humanam
940 2597 987 2615 na-

206 2642 303 2663 turam.
325 2637 381 2670 Qua
401 2638 536 2665 sententia
555 2644 635 2672 porro
649 2637 754 2664 dicatur
770 2634 853 2662 Filius
870 2633 986 2662 hominis

206 2684 333 2718 ignorare
353 2684 444 2718 judicii
457 2685 540 2717 diem,
556 2683 679 2718 pluribus
693 2681 884 2717 explanatille,
897 2685 923 2707 et
937 2687 986 2707 nos

205 2735 284 2762 spero
300 2736 352 2755 non
372 2730 543 2764 indiligenter
566 2730 591 2756 in
611 2729 690 2760 notis,
708 2727 757 2756 etsi
773 2727 866 2762 paucis
882 2733 931 2760 pro
947 2725 986 2752 in-

206 2774 291 2801 stituti
318 2775 431 2800 ratione.
466 2774 576 2801 Mariam
598 2773 732 2807 Virginem
764 2772 862 2807 passim
889 2770 983 2797 Θεοτό-

205 2828 264 2851 κον,
282 2819 338 2846 sive
353 2819 491 2853 Dciparam
507 2824 664 2854 nuncupat:
682 2819 829 2854 sapienter,
853 2817 876 2845 si
897 2816 985 2843 consi-

206 2866 253 2903 lio,
271 2864 396 2901 feliciter,
416 2864 438 2892 si
454 2871 517 2895 casu
535 2873 540 2891 :
560 2870 756 2900 peropportuna
775 2863 872 2899 quippe
892 2866 985 2890 contra

1039 948 1088 974 bus
1101 947 1190 980 dictis,
1209 953 1290 983 atque
1306 956 1354 976 usu
1370 949 1476 983 plebeio
1498 949 1568 976 tritis
1587 949 1641 976 late
1655 953 1776 984 serperet
1792 949 1819 976 in

1040 992 1096 1019 dies
1120 998 1145 1020 et
1171 997 1254 1020 totum
1281 993 1441 1028 pervaderet
1462 995 1556 1021 orbem
1577 1003 1584 1020 :
1608 994 1681 1028 quod
1705 1001 1736 1022 ea
1764 994 1819 1029 ipsa

1039 1037 1160 1064 doctrina
1184 1038 1221 1073 (p.
1237 1038 1292 1073 74),
1316 1038 1460 1066 simulacra
1486 1040 1607 1071 deorum.
1630 1039 1760 1075 magicam
1776 1047 1821 1066 ar-

1040 1089 1103 1116 tem,
1127 1084 1300 1119 philosophos
1321 1093 1414 1112 omnes
1436 1085 1630 1120 proﬂigaverit,
1654 1093 1706 1112 non
1725 1086 1821 1120 opibus

1039 1130 1186 1164 armisque,
1202 1130 1248 1157 sed
1269 1130 1360 1157 innata
1389 1132 1413 1158 t'i
1436 1131 1576 1158 veritatis:
1600 1132 1670 1163 quod
1691 1130 1820 1158 falsorum

1039 1175 1177 1202 numinum
1194 1175 1282 1203 cultus
1296 1175 1330 1202 ab
1342 1175 1457 1203 adventu
1471 1175 1568 1202 Christi
1582 1175 1708 1210 paulatim
1718 1175 1820 1204 fractus

1038 1220 1138 1247 viribus
1152 1220 1186 1248 ad
1201 1221 1341 1248 interilutn
1357 1226 1478 1255 pergeret
1493 1220 1530 1255 (p.
1542 1221 1604 1255 76);
1621 1220 1683 1248 dum
1699 1220 1821 1248 homines

1039 1266 1091 1293 alio
1113 1266 1267 1294 conferrent
1293 1266 1414 1294 animum
1438 1266 1657 1301 conlluerentque
1675 1267 1708 1294 ad
1726 1275 1820 1294 veram

1039 1311 1206 1346 religionem.

1072 1356 1099 1384 9.
1117 1357 1154 1384 De
1165 1357 1302 1391 Scriptura
1311 1366 1386 1385 sacra
1392 1363 1416 1384 et
1426 1358 1457 1384 de
1464 1358 1528 1392 ﬁde.
1537 1373 1573 1378 —
1584 1357 1731 1394 Scriptura
1738 1367 1822 1387 sacra

1038 1402 1197 1436 dignitatem
1220 1403 1292 1430 haud
1317 1404 1400 1431 sentel
1428 1404 1568 1438 praedicat,
1599 1404 1691 1438 aitque
1716 1407 1822 1432 caeteris

1038 1447 1163 1476 omnibus
1183 1453 1313 1482 praestare
1330 1449 1367 1483 (p.
1381 1448 1466 1483 575):
1487 1457 1538 1476 non
1564 1457 1618 1484 quo
1642 1449 1718 1477 tollat
1741 1450 1820 1477 tradi-

1041 1492 1124 1520 tionis
1142 1498 1188 1520 attt
1206 1495 1369 1529 synodorum
1392 1495 1600 1528 auctoritatem;
1623 1495 1733 1522 minituc
1754 1503 1821 1532 gen-

1044 1539 1107 1565 tiutn
1122 1548 1128 1571 ;
1149 1539 1203 1567 into
1220 1547 1283 1567 vero
1299 1547 1350 1567 non
1365 1547 1418 1568 uno
1434 1540 1493 1568 loco
1509 1541 1547 1567 ait
1562 1540 1670 1576 (p.166,
1684 1541 1744 1576 167)
1763 1541 1822 1568 lici-

1041 1589 1095 1611 tum
1114 1585 1223 1620 synodis
1238 1594 1297 1613 esse
1312 1594 1390 1614 voces
1414 1594 1564 1621 proponere
1576 1594 1608 1614 ex
1628 1587 1724 1615 litteris
1738 1588 1823 1616 sacris

1039 1639 1091 1658 non
1104 1636 1249 1658 mutuatas.
1260 1631 1381 1658 Atlirntat
1393 1632 1574 1667 evangelicatn
1587 1632 1738 1660 doctrinam
1747 1641 1824 1660 eam-

1039 1676 1098 1703 dem
1115 1684 1184 1709 esse.
1199 1684 1278 1711 quam
1301 1678 1471 1711 antiquorum
1488 1678 1608 1712 Patrum,
1623 1678 1730 1710 Adami,
1750 1680 1822 1707 Abe-

1039 1722 1083 1754 lis,
1094 1722 1209 1755 Enochi,
1224 1721 1296 1754 Noae,
1312 1723 1439 1756 Abrahae,
1455 1723 1563 1759 Moysis.
1574 1723 1669 1752 Libros
1678 1724 1823 1760 Scriptum

1039 1775 1123 1795 sacra:
1144 1768 1170 1794 iit
1191 1775 1295 1795 canone
1319 1774 1440 1803 receptos
1463 1774 1604 1797 enutnerat
1620 1770 1823 1798 accuratissime

1039 1813 1162 1848 (p.768).
1178 1813 1320 1848 Eleganter
1328 1814 1360 1841 de
1375 1814 1425 1840 [ide
1437 1814 1550 1850 loquens
1563 1815 1598 1842 ita
1612 1814 1684 1842 latur
1695 1815 1821 1851 (p.559):

1039 1857 1079 1884 Τὰ
1100 1858 1155 1894 γὰρ
1181 1858 1270 1885 πίστει
1297 1859 1497 1894 παραδιδόμενα
1528 1859 1742 1896 ἀπεριέργαστον
1767 1860 1822 1896 ἔχει

1037 1904 1087 1939 τὴν
1099 1905 1208 1938 γνῶσιν.
1230 1904 1287 1931 Hoc
1306 1909 1347 1931 est
1361 1914 1367 1931 :
1386 1904 1450 1937 Qua:
1468 1905 1520 1939 [ide
1533 1906 1685 1940 traduntur,
1701 1907 1822 1934 notitiam

1039 1950 1133 1976 habent
1148 1958 1199 1977 non
1220 1950 1322 1977 curiose
1337 1950 1554 1984 investigandum.
1573 1950 1756 1977 Mentorabilia
1772 1951 1821 1977 ist-

1039 1994 1095 2021 haec
1114 2002 1220 2029 quoque
1242 1999 1303 2022 sunt
1327 1994 1367 2029 (p.
1379 1994 1441 2029 757)
1457 2003 1462 2021 :
1477 1994 1545 2021 Οὔτε
1564 1994 1618 2029 γὰρ
1640 1995 1729 2026 πίστις
1753 1995 1822 2022 κατὰ

1038 2041 1117 2076 δήλω»
1131 2040 1279 2076 φαινομένη
1297 2040 1386 2072 πίστις
1400 2040 1433 2067 ἂν
1451 2040 1571 2074 λέγοιτο·
1593 2040 1649 2067 ἀλλ’
1659 2041 1716 2067 ἔστι
1732 2041 1820 2074 πίστις

1038 2089 1054 2122 ἡ
1069 2087 1098 2113 τὸ
1111 2087 1240 2114 ἀδύνατον
1252 2087 1281 2112 ὲν
1295 2086 1405 2121 δυνάμει
1419 2087 1590 2119 πιστεύουσα,
1608 2087 1656 2114 καὶ
1666 2087 1695 2113 τὸ
1710 2087 1821 2118 ἀσθενὲς

1039 2133 1067 2158 ὲν
1085 2132 1171 2167 ἰσχύϊ,
1194 2132 1245 2158 καὶ
1259 2131 1290 2158 τὸ
1303 2131 1421 2167 παθητὸν
1438 2133 1466 2159 ἐν
1478 2132 1605 2168 ἀπαθείᾳ,
1627 2132 1670 2159 καὶ
1687 2132 1716 2159 τὸ
1734 2132 1821 2167 φθαρ-

1038 2177 1083 2203 τὸν
1101 2177 1129 2203 ὲν
1145 2176 1292 2212 ἀφθαρσίᾳ,
1312 2174 1362 2203 ’καὶ
1384 2177 1414 2203 τὺ
1430 2177 1526 2212 Θνητὸν
1546 2179 1575 2204 ὲν
1598 2177 1739 2213 ἀθανασίᾳ.
1766 2177 1821 2204 lloc

1038 2227 1079 2249 est
1093 2231 1100 2250 :
1120 2222 1211 2257 Neque
1227 2223 1295 2249 enim
1312 2223 1378 2256 [idea
1395 2223 1526 2250 evidenter
1538 2232 1676 2258 apparens,
1689 2223 1753 2257 fit/es
1769 2223 1821 2250 dici

1039 2268 1151 2302 poluerit
1167 2276 1176 2295 .'
1190 2277 1275 2295 verum
1297 2269 1363 2302 [idea
1381 2274 1435 2302 est,
1450 2277 1508 2304 qum
1524 2270 1593 2302 quod
1613 2269 1767 2303 impossibile
1783 2274 1820 2296 est

1040 2315 1209 2347 inpotentia,
1241 2316 1309 2349 quod
1331 2315 1462 2348 inﬁrmum
1490 2315 1517 2341 in
1541 2315 1654 2346 virtute,
1672 2316 1741 2349 quod
1760 2323 1820 2341 car-

1039 2359 1160 2393 ruptibile
1179 2359 1207 2386 in
1223 2360 1428 2394 incorruptione,
1448 2361 1517 2395 quod
1537 2360 1649 2387 mortale
1668 2361 1697 2387 in
1716 2361 1820 2387 immor-

1038 2405 1139 2432 talitate
1152 2413 1208 2432 esse
1229 2405 1321 2432 credit.
1351 2406 1414 2433 Eant
1428 2406 1585 2434 Christiana:
1605 2407 1664 2434 ﬁdei
1680 2411 1819 2439 tesseram,

1038 2452 1108 2479 ltunc
1126 2452 1288 2488 χαρακτῆρα
1314 2459 1374 2479 esss
1400 2453 1438 2479 ait
1463 2453 1501 2486 (p.
1517 2452 1590 2485 550),
1618 2453 1689 2487 quod
1704 2453 1818 2480 Verbum

1039 2499 1084 2526 Dei
1103 2499 1198 2532 Filius,
1215 2503 1326 2534 propter
1342 2503 1463 2526 nostram
1482 2498 1607 2532 salutem,
1627 2499 1652 2525 itt
1669 2499 1720 2526 line
1735 2506 1819 2526 saacu:

1040 2545 1126 2572 lorutn
1145 2545 1226 2572 homo
1246 2544 1334 2572 factus
1353 2544 1398 2572 sit.

1075 2591 1118 2617 10.
1141 2590 1180 2618 De
1197 2591 1388 2617 rertauratione
1405 2589 1513 2616 humani
1532 2589 1642 2623 generis.
1673 2588 1710 2615 De
1720 2590 1818 2624 gratia.

1041 2635 1079 2662 De
1099 2634 1428 2670 baptismo.——ll0tuinem
1440 2638 1536 2668 suapte
1551 2633 1652 2660 malitia
1676 2633 1820 2667 collapsum

1038 2688 1097 2708 esse
1120 2681 1186 2708 dicit
1207 2681 1245 2714 (p.
1260 2680 1287 2714 5)
1305 2689 1310 2706 :
1334 2687 1394 2706 nam
1419 2687 1433 2706 a
1449 2679 1504 2706 Deo
1521 2683 1628 2706 creatus
1652 2686 1713 2706 cum
1736 2678 1820 2705 libero

1039 2726 1080 2753 vel
1105 2726 1179 2757 boni,
1200 2725 1240 2753 vel
1259 2725 1321 2753 mali
1344 2724 1439 2758 agendi
1461 2724 1586 2756 arbitrio,
1609 2723 1642 2750 ad
1660 2723 1819 2750 deteriorem

1037 2776 1141 2806 partem
1157 2771 1311 2799 declinavit.
1340 2769 1407 2797 llinc
1434 2769 1533 2797 lmdata
1549 2769 1761 2802 laliel'actataque
1777 2769 1818 2794 di-

1039 2816 1098 2843 vina
1125 2815 1169 2843 illa
1195 2816 1229 2842 ab
1245 2819 1306 2842 ortu
1323 2814 1448 2848 imagine,
1468 2821 1534 2847 opus
1561 2814 1610 2841 fuit
1629 2814 1742 2841 adventu
1758 2812 1817 2840 Filii

1041 2862 1106 2895 Dei,
1131 2861 1175 2896 qui
1194 2861 1308 2889 sarciret
1322 2859 1460 2891 damnum.
1480 2864 1506 2886 ct
1521 2863 1655 2888 recrearet
1671 2858 1817 2893 collapwutn
