2000 3045
649 173 834 203 ΡΒᾸΞΕΑΤΙΟ
853 169 1025 199 EDITIONIS
1045 169 1295 200 BENEDICTINE.

1719 173 1787 197 XXXI

160 237 308 265 humanum
344 242 431 271 genus
443 255 452 268 ,
478 235 698 270 instauraretque
730 234 848 262 divinam
876 234 949 261 illam
967 235 986 262 Α
1004 236 1080 258 rante
1093 230 1184 262 llosio,
1208 234 1339 264 quotquot
1354 229 1399 255 tali
1416 228 1488 256 aditu
1509 228 1706 256 ecclesiasticos
1720 235 1786 263 gra-

160 282 304 317 imaginem
321 291 328 310 :
346 281 511 317 Sufﬁciebat,
536 281 623 316 inquit
640 280 806 309 Athanasius
829 280 867 315 (p.
888 279 945 314 £6),

159 329 246 364 gratia
273 336 325 360 qua
345 328 380 354 ad
401 328 541 360 imaginem
557 327 606 354 Dei
621 327 685 361 (acti
704 335 804 361 sumus,
819 326 852 353 ad
864 325 946 352 Deum

166 374 288 406 Verbum,
300 378 324 400 et
336 373 442 400 Patrem
453 381 498 408 per
509 373 593 407 ipsum
606 372 719 400 Verbum
731 372 946 408 cognoscendum.

168 418 262 446 Verum
284 419 372 452 Deus,
395 419 439 446 cui
462 419 598 446 hominum
616 419 759 452 inﬁrmitas
782 419 861 452 probe
886 423 948 444 nota

161 470 227 498 eral,
241 473 332 492 eorum
345 465 509 500 negligentia
522 465 674 500 prospexit;
690 469 718 491 ut
732 472 820 498 nempe
832 463 853 490 si
866 463 948 490 Deam

162 518 207 545 per
221 511 319 544 seipsos
331 518 485 545 cognoscere
497 510 667 545 negligerent,
679 514 782 544 possent
800 517 832 535 ea:
847 513 949 535 naturce

164 557 277 594 opiﬁciis
295 559 445 585 Creatorem
475 565 527 584 non
555 557 687 592 ignorare.
717 555 809 583 Gratia
832 556 870 591 (p.
886 554 949 590 542)

164 609 189 630 et
212 604 321 635 donum,
344 603 413 638 quod
433 611 449 629 a
464 601 596 630 Trinitate
617 602 708 633 datur,
730 601 811 628 datur
835 611 850 628 a
870 601 951 628 Patre

165 658 212 684 per
223 648 324 676 Filium
344 650 370 676 in
392 654 482 675 sancto
497 647 611 683 Spiritu.
627 648 720 675 Gratia
736 654 825 675 autem
841 652 951 681 peccato

166 695 300 722 aniittitur
312 694 350 729 (p.
363 693 610 729 455),,pcenitentia
623 699 808 728 recuperatur.
823 692 951 728 Daptismi

166 740 356 768 necessitatem
383 740 482 775 ubique
508 739 657 775 praedicat:
676 740 724 767 sed
745 740 782 766 ait
797 739 897 767 diserte
912 739 950 774 (p.

165 785 229 820 403)
249 785 370 812 inutilem
393 793 453 813 esse
472 785 635 821 baptismum
651 786 811 813 Arianorum
834 793 865 813 ac
887 793 954 820 quo-

167 831 286 858 rumdam
309 831 510 859 haereticorum.
540 831 591 860 Ubi
615 832 770 860 meminisse
791 832 898 868 juvabit
921 840 952 860 ea

136 912 141 916 _
167 881 327 911 tempestate
341 877 425 904 moris
439 875 535 909 fuisse,
553 881 583 905 ut
597 878 642 913 qui
661 877 823 912 baptismum
836 877 952 909 adirent,

167 923 328 950 Christiana:
341 924 474 951 doctrinae
493 923 663 952 addiscenda
676 932 723 959 per
738 929 846 951 aetatem
866 923 953 951 idenei

167 973 278 995 essent:
297 968 345 994 'Iv’
365 969 397 995 ὲκ
418 969 466 1004 τῆς
486 969 647 1005 μαθήσεως,
674 970 762 1005 inquit
779 970 954 1002 Athanasius,

168 1013 185 1048 ή
210 1013 300 1046 πίστις
318 1013 384 1050 ὀρθὴ
409 1015 538 1050 γένηται,
563 1016 611 1043 καὶ
637 1016 706 1052 μετὰ
730 1016 848 1047 πίστεως
871 1016 888 1051 ἡ
909 1015 955 1043 τοῦ

169 1060 355 1097 βαπτίσματος
366 1062 505 1095 τελείωσις
518 1063 665 1099 προστεθῇ,
684 1061 716 1089 Ut
730 1071 762 1090 ex
772 1063 892 1089 doctrina
907 1063 957 1090 ori-

168 1112 240 1133 retur
257 1112 328 1134 recta
347 1107 423 1142 ﬁdes,
446 1113 469 1135 et
490 1116 548 1134 eum
563 1108 615 1142 ﬁde
634 1107 757 1142 baptismi
775 1108 891 1134 initiatio
911 1116 956 1133 ac-

167 1153 278 1180 cederet.
294 1153 409 1181 Inferius
420 1158 523 1187 autem,
535 1154 568 1182 de
580 1155 728 1182 haresibus
741 1153 853 1189 loquens
866 1154 958 1181 :‘Alsa-

172 1198 290 1231 σιτελὶς,
318 1199 371 1230 ait,
396 1198 486 1234 ἔχουσι
511 1199 557 1226 καὶ
578 1199 608 1226 τὸ
627 1200 693 1235 παρ’
708 1200 797 1226 αὐτῶν
821 1199 958 1235 διδόμενον

171 1242 255 1278 ὕδωρ,
275 1243 433 1278 λειπόμενον
447 1243 581 1279 εὐσεϐείᾳ,
599 1244 624 1271 id
637 1249 697 1272 est:
716 1244 822 1271 Inutilis
838 1250 876 1272 est
890 1253 958 1278 aqua

171 1297 249 1323 quam
261 1289 369 1322 donant,
388 1290 483 1324 quippe
500 1290 542 1316 cui
560 1290 626 1317 desit
643 1290 741 1324 pietas.
754 1288 889 1316 Nimirum
900 1289 960 1316 ideo

172 1334 276 1362 inutilis
289 1354 296 1366 ,
313 1335 440 1369 quoniam
459 1335 504 1370 qui
530 1335 574 1362 illa
600 1335 749 1370 tinguntur,
765 1335 877 1362 salutem
896 1342 960 1362 con-

172 1381 246 1414 sequi
275 1388 327 1408 non
352 1381 452 1408 valent.
473 1381 619 1408 Enimvero
637 1381 708 1416 quod
724 1381 888 1408 Athanasius
910 1380 961 1407 ite-

173 1425 287 1452 randum
299 1433 360 1453 esse
380 1426 512 1461 baptisma
530 1426 677 1460 censuerit,
695 1433 747 1453 non
764 1429 889 1458 constat;
907 1425 962 1452 imo

173 1472 261 1506 potius
284 1472 427 1499 contrariae
449 1472 590 1500 sententia:
613 1479 674 1500 esse
696 1472 802 1499 videtur
823 1478 857 1498 ex
873 1471 963 1498 Antio-

173 1517 261 1544 cheruz
287 1517 382 1552 synodi
405 1523 475 1545 tomo
499 1523 527 1546 et
545 1525 577 1545 ex
602 1518 713 1553 epistola
728 1518 762 1544 ad
778 1517 960 1551 Ruﬁnianum,

174 1563 219 1590 ubi
242 1564 274 1591 de
289 1564 444 1591 conditione
467 1563 588 1591 hcet-elici
612 1563 758 1598 recipiendi
780 1564 886 1598 agitur,
911 1570 962 1590 nec

1001 278 1051 305 dus
1077 277 1241 309 invaserant,
1260 276 1292 303 ad
1320 275 1448 302 laicorum
1472 273 1654 302 conditionem
1681 273 1786 301 reducti

1001 328 1073 350 suttt.
1089 322 1237 350 Memoratu
1256 321 1364 356 dignum
1382 324 1439 353 est,
1454 320 1603 354 episcopus,
1620 326 1682 346 cum
1699 318 1725 345 in
1742 318 1787 345 lit-

1003 369 1067 397 teris
1085 369 1141 396 suis
1163 369 1196 395 de
1218 368 1376 402 presbytero
1397 370 1444 392 aut
1465 365 1580 392 diacono
1604 369 1724 399 agerent,
1750 365 1787 390 ita

1001 422 1049 443 eos
1062 420 1218 448 nurtCupare
1237 412 1330 440 solitos
1343 419 1419 442 esse,
1445 410 1699 446 συμπρεσϐύτερος,
1726 417 1788 435 συν-

1002 460 1124 490 διάκονος
1146 458 1242 494 ἡμῶν,
1267 457 1465 491 compresbyter,
1490 455 1663 482 condiaconus
1687 459 1786 481 noster.

1003 505 1078 539 Quod
1102 505 1206 540 signum
1222 509 1274 536 est,
1293 510 1324 530 ea
1338 501 1398 529 illos
1418 501 1500 528 fuisse
1520 501 1665 532 sententia,
1685 504 1714 527 ut
1730 499 1788 534 epi-

1003 551 1076 586 scopi
1093 550 1207 586 gradutn
1224 547 1375 584 presbyteri
1397 551 1425 574 et
1449 546 1555 573 diaconi
1576 546 1697 573 ordinem
1713 553 1789 572 com-

1004 597 1085 632 plecti
1103 599 1243 631 putarent.
1265 593 1366 621 Prtcter
1387 593 1540 626 episcopos,
1558 591 1742 626 presbyteros,
1762 594 1789 616 et

1005 643 1149 674 diaconos,
1170 638 1325 667 subdiaconi
1340 658 1347 670 ,
1367 637 1556 670 osoataxtvou,
1584 636 1646 663 item
1670 634 1792 663 meminit

1005 686 1179 715 Athanasius.

1041 733 1086 761 i5.
1103 732 1228 759 Animam
1245 730 1380 765 iustorum
1397 729 1488 756 statim
1506 732 1565 762 post
1578 727 1680 754 obitum
1698 727 1725 754 in
1740 731 1793 752 caa-

1007 779 1060 807 lum
1073 778 1138 806 ferri
1153 778 1253 805 dicitur
1267 776 1293 804 in
1310 775 1370 802 Vita
1383 775 1491 802 Antonii
1502 774 1539 809 (p.
1550 772 1624 808 675).
1645 772 1792 807 Suspectus

1007 831 1097 853 autem
1110 830 1151 852 est
1167 824 1212 851 ille
1233 823 1308 850 locus
1331 830 1363 848 es
1380 821 1545 848 Datnasceuo
1562 820 1659 846 allatus
1675 816 1792 852 p.1024,

1009 880 1087 906 quem
1107 871 1150 897 hic
1168 870 1250 896 etiam
1274 867 1371 895 afferre
1391 874 1424 893 ne
1441 867 1530 900 pigeat
1548 873 1555 891 :
1577 861 1644 890 Εἶτα
1660 865 1674 889 ὸ
1699 864 1727 889 ὲν
1745 860 1794 897 βίῳ

971 916 990 943 Β
1006 918 1051 945 καὶ
1067 917 1139 952 λόγῳ
1155 915 1345 951 περίϐλεπτος,
1363 914 1409 941 καὶ
1423 914 1473 948 τῆς
1486 912 1532 938 τοῦ
1546 910 1612 937 Θεοῦ
1632 908 1795 944 Ἐκκλησίας

1006 964 1131 999 θεμέλιος
1154 961 1321 992 Ἀθανάσιος,
1337 960 1400 987 τάδε
1422 959 1488 994 φησὶ
1507 957 1570 991 περὶ
1587 955 1640 982 τῶν
1657 957 1685 981 ὲν
1700 954 1795 990 Κυρίῳ

1006 1009 1111 1045 νεκρῶν
1123 1017 1130 1024 ·
1150 1009 1191 1035 ὅτι
1203 1016 1255 1043 περ
1269 1007 1314 1033 διὰ
1333 1006 1412 1032 τοῦτο
1432 1005 1494 1035 τοὺς
1517 1002 1686 1037 σωζομένους
1701 1001 1715 1026 ὁ
1730 1000 1796 1030 Θεὸς

1007 1054 1166 1090 κεχάρισται
1188 1053 1218 1079 τὸ
1236 1052 1316 1088 μέχρι
1335 1051 1383 1086 τῆς
1405 1050 1496 1084 κοινῆς
1513 1047 1696 1078 ἀναστάσεως,
1718 1045 1795 1080 ψυχι-

1007 1100 1063 1132 κῶς
1091 1099 1217 1134 ἀλλήλοις
1246 1098 1364 1124 συνεῖναι
1395 1096 1442 1122 καὶ
1465 1092 1725 1129 συνευφραίνεσοαι,
1748 1092 1797 1118 ἀπ-

1008 1146 1119 1182 εκδοχὴν
1140 1145 1247 1181 ἔχοντες
1270 1144 1324 1171 τῶν
1347 1143 1497 1178 μελλόντων
1521 1141 1612 1172 αὺτοῖς
1631 1137 1798 1173 ἀποκληροῦ-

1009 1193 1070 1220 σοαι
1086 1192 1166 1219 θείων
1177 1190 1297 1226 δωρεῶν,
1315 1189 1340 1216 id
1356 1193 1417 1216 est:
1434 1187 1567 1214 Pt'wterea
1585 1185 1740 1220 conspicuus
1753 1182 1797 1209 ille

1008 1239 1062 1265 vita
1075 1242 1098 1264 et
1112 1236 1245 1268 moribus,
1259 1239 1335 1269 atque
1351 1233 1475 1260 Ecclesitz
1492 1231 1693 1266 fundamentum
1714 1228 1798 1255 Atha-

1010 1282 1111 1312 nasius,
1135 1281 1190 1307 hate
1211 1280 1286 1306 habet
1311 1278 1343 1305 de
1365 1277 1474 1304 mortuis
1493 1278 1519 1303 in
1536 1275 1672 1302 Domino:
1696 1272 1798 1300 Idcirco

1011 1328 1094 1355 Deum
1110 1327 1143 1354 iis
1156 1327 1201 1360 qui
1222 1325 1332 1352 salutem
1355 1328 1550 1356 consequuntur
1575 1319 1742 1352 concessisse,
1770 1322 1798 1344 ut

1011 1381 1092 1408 usque
1108 1372 1143 1399 ad
1164 1378 1326 1398 communem
1347 1368 1563 1396 resurrectionem
1575 1386 1582 1399 ,
1599 1366 1697 1392 animm
1705 1372 1755 1390 uno
1772 1364 1799 1389 in

1012 1420 1068 1446 loco
1095 1417 1173 1445 simul
1194 1420 1401 1448 commorantes,
1425 1413 1598 1446 colla'lentur,
1623 1419 1681 1438 cum
1701 1417 1746 1445 spe
1770 1413 1800 1435 ut

1012 1466 1161 1500 futurorum
1193 1463 1297 1490 tandem
1321 1461 1447 1488 bonorum
1476 1459 1638 1494 possessione
1666 1457 1799 1491 fruantur.
1836 1482 1838 1484 _

1012 1511 1077 1545 Quae
1103 1518 1163 1537 cum
1191 1508 1401 1536 millcnariorum
1439 1505 1602 1533 sententiam
1637 1502 1744 1534 oleant,
1775 1505 1802 1528 et

1013 1562 1105 1593 aperte
1123 1559 1272 1591 repugnent
1296 1562 1356 1581 cunt
1378 1553 1437 1580 loco
1455 1550 1596 1579 Athanasii
1622 1556 1683 1576 mox
1701 1554 1803 1575 memo-

174 1609 272 1636 dicitur
296 1610 428 1645 baptisma
453 1610 488 1638 ab
501 1610 610 1638 Arianis
626 1595 717 1637 datum
744 1612 778 1638 de
798 1595 903 1645 integro
920 1617 962 1637 re-

1016 1610 1084 1636 rato,
1105 1603 1167 1638 jure
1189 1602 1214 1629 in
1234 1601 1413 1636 suspicionem
1435 1598 1540 1629 νοθείας
1557 1600 1696 1624 vocentur.

175 1657 316 1691 petendum
330 1662 465 1692 oportere.
479 1657 512 1684 Et
525 1664 600 1689 sane,
612 1657 676 1684 dum
691 1657 727 1683 ait
743 1656 841 1684 ibidem
855 1655 963 1691 (p.403)

177 1703 203 1729 in
225 1703 376 1737 periculum
407 1703 497 1730 venire
513 1702 629 1730 Arianos
654 1702 809 1730 amittendae
837 1701 964 1737 baptismi

177 1747 350 1784 integritatis,
370 1749 524 1776 subindicat
552 1756 586 1778 se
607 1756 660 1776 non
680 1756 711 1776 ea
736 1755 796 1776 esse
819 1748 964 1779 sententia,

178 1794 326 1822 iterandum
350 1802 411 1822 esse
429 1802 525 1822 e0rum
554 1795 699 1830 baptisma.
726 1793 793 1822 Vide
809 1799 900 1822 notam
917 1793 965 1821 ibi.

178 1840 241 1868 Haec
258 1842 290 1868 de
304 1841 448 1869 iteratione
467 1841 596 1876 baptismi
616 1841 682 1868 satis
703 1846 800 1872 sunto;
821 1848 878 1868 rem
893 1841 965 1868 enim

178 1886 300 1920 pluribus
314 1887 417 1921 agitare
429 1894 478 1921 per
493 1887 576 1915 otium
593 1895 645 1914 non
662 1887 735 1913 licet.
750 1885 784 1913 Et
797 1885 966 1921 exploratum

179 1936 221 1958 est
236 1939 294 1959 eam
320 1931 403 1959 fuisse
425 1931 489 1960 olim
506 1936 549 1959 sat
568 1932 659 1959 tritam
688 1931 714 1959 in
731 1930 842 1959 Oriente
857 1935 967 1958 senten-

180 1977 255 2009 tiatn,
279 1977 471 2004 haereticorum
490 1977 623 2012 baptisma
643 1983 704 2004 esse
729 1976 967 2011 redintegrandum

179 2020 216 2056 (p.
229 2020 290 2052 100,
303 2019 375 2056 706).
394 2020 535 2048 Adeantur
547 2020 592 2056 qui
605 2019 664 2048 haec
678 2019 738 2048 fuse
754 2023 968 2055 pertractarunt,

180 2068 249 2096 inter
261 2075 330 2102 quos
351 2067 432 2095 facile
449 2068 574 2103 princeps
588 2067 766 2103 Augustinus.

215 2114 260 2142 Η.
276 2114 315 2141 De
329 2108 654 2148 Eucharistia.—Corpus
662 2118 689 2141 et
698 2113 857 2149 sanguinem
867 2111 968 2140 Christi

182 2161 208 2189 in
221 2161 391 2189 Eucharistia
413 2168 473 2188 esse
494 2161 596 2189 diserte
615 2168 702 2196 neque
722 2150 806 2188 setﬁcl
829 2159 968 2194 praedicat,

182 2207 351 2242 apertissime
376 2214 441 2235 vero
468 2206 513 2234 ubi
541 2207 602 2239 ait,
633 2213 732 2240 corpus
759 2207 830 2242 quod
860 2206 934 2233 sedet
954 2213 968 2231 a

183 2253 285 2281 dextris
307 2253 366 2286 Dei,
387 2252 452 2280 illud
471 2253 561 2288 ipsum
577 2259 637 2280 esse
651 2259 705 2286 quo
728 2251 847 2286 pontifex
865 2257 891 2278 et
905 2258 969 2285 apo-
986 2269 1008 2296 Β

184 2299 268 2327 stultts
291 2303 350 2332 est,
375 2306 426 2333 per
447 2299 608 2333 mysterium
627 2297 699 2333 quod
720 2297 793 2325 dedit
815 2299 910 2331 nobis,
931 2298 971 2324 di-

185 2353 248 2372 cens
265 2353 272 2372 :
291 2344 349 2371 lloc
369 2349 407 2371 est
426 2352 519 2380 corpus
539 2351 644 2375 meum,
663 2349 715 2370 etc.
741 2342 792 2370 Ubi
810 2349 875 2370 vero
896 2343 971 2374 dicit,

185 2399 282 2426 corpus
302 2390 367 2418 illud
383 2398 443 2418 esse
455 2390 619 2425 spiritualem
635 2390 732 2421 cibum,
756 2393 782 2416 et
801 2389 974 2423 spiritualiter

186 2437 244 2463 dari
259 2437 286 2463 in
298 2444 394 2469 escam,
411 2436 438 2463 id
454 2436 492 2463 ita
510 2435 656 2470 intelligas,
673 2439 701 2461 ιιι
718 2434 838 2469 pluribus
859 2434 885 2461 in
902 2434 973 2462 notis

187 2481 357 2516 explicatur:
373 2489 426 2509 non
447 2488 522 2509 more
540 2480 592 2509 cibi
609 2480 730 2514 corporei
751 2479 833 2511 sttmi,
850 2486 899 2506 nec
913 2487 974 2506 8:58

189 2527 276 2555 cibum
301 2527 491 2562 corporalem,
520 2526 565 2561 qui
597 2533 645 2561 per
669 2526 785 2560 partium
813 2525 972 2552 divisionem

191 2573 462 2600 comminutionemve
476 2572 635 2599 comedatur
652 2580 658 2598 :
679 2571 748 2603 Quot
771 2571 840 2598 enim
861 2570 974 2597 [tamini-

193 2619 256 2653 btts,
276 2619 380 2653 inquit,
401 2627 495 2653 corpus
511 2619 575 2645 satis
599 2623 663 2645 esset
689 2616 722 2644 ad
745 2626 828 2650 esum,
847 2621 875 2643 ut
895 2617 975 2643 totius

193 2664 280 2690 mundi
293 2663 364 2697 ﬁeret
379 2663 531 2690 alimentum
544 2663 556 2689 ?
569 2662 608 2688 lbi
624 2661 736 2689 videsis.

226 2709 268 2737 12.
277 2709 316 2736 De
325 2708 613 2736 ordine.——0rdinatio
623 2707 771 2743 presbyteri
788 2715 802 2733 a
819 2706 975 2741 presbytero

194 2754 272 2789 facta,
297 2755 370 2783 nulla
392 2755 551 2786 habebatur,
581 2759 611 2781 ut
629 2753 766 2790 propalam
788 2757 830 2781 est
855 2751 977 2787 exemplo

193 2800 310 2830 Colluthi
337 2801 498 2837 presbyteri,
519 2801 563 2835 qui
588 2807 654 2828 ausu
683 2799 826 2827 temerario
856 2803 884 2826 et
904 2799 978 2825 inso-

195 2849 258 2876 .enti
289 2849 460 2883 presbyteros
495 2846 677 2874 constituendi
705 2849 863 2881 potestatem
893 2844 979 2871 vindi-

196 2894 274 2922 cabat
297 2893 357 2922 sibi.
383 2893 481 2922 Verum
499 2892 574 2927 jussu
594 2891 781 2922 Alexandrina:
798 2890 910 2926 synodi,
933 2897 980 2918 cu-

1050 1651 1208 1678 Juramento
1229 1654 1370 1683 perperam
1391 1650 1436 1672 aut
1452 1643 1651 1679 pnecipitanter
1664 1641 1726 1667 dato
1749 1646 1802 1665 non

1015 1698 1140 1727 standum
1162 1702 1222 1723 esse
1238 1694 1316 1722 docet
1336 1699 1388 1720 non
1412 1690 1495 1719 semel
1512 1686 1676 1715 Athanasius
1689 1684 1802 1720 (p.209,

1015 1745 1081 1777 sto,
1096 1742 1161 1778 εδδ)

1398 1783 1427 1810 ν.

1034 1836 1071 1865 De
1079 1836 1210 1863 Itwreticis
1222 1834 1253 1860 ab
1263 1830 1407 1859 Athanasio
1424 1826 1582 1862 impugnatis
1593 1830 1616 1852 et
1627 1822 1785 1852 memoratis.

1053 1885 1079 1911 i.
1097 1879 1273 1916 lmpuguandi
1293 1875 1436 1905 ltazrcticos
1449 1873 1567 1901 studium
1583 1871 1683 1905 ubique
1697 1866 1806 1904 praefert

1016 1926 1205 1956 Athanasius:
1231 1923 1302 1959 quod
1322 1923 1459 1956 inceptum
1486 1925 1501 1946 a
1528 1923 1612 1954 parvo
1640 1923 1700 1943 cum
1729 1917 1807 1941 astate

1017 1972 1138 2002 accrevit
1151 1971 1242 1999 simul.
1264 1968 1345 1996 Arius
1363 1967 1435 1994 enim
1450 1972 1519 1992 unus
1533 1963 1701 1998 perniciosus
1714 1959 1807 1987 Eccle-

1017 2021 1066 2048 sia:
1080 2023 1106 2047 et
1122 2018 1217 2053 patria:
1232 2023 1287 2044 suae
1303 2014 1386 2047 civis,
1403 2016 1486 2039 totam
1504 2017 1572 2045 pene
1583 2007 1722 2036 Athanasii
1741 2010 1807 2034 seta-

1019 2072 1074 2094 tem
1086 2064 1176 2097 bellis,
1188 2062 1298 2098 pugnis,
1313 2057 1515 2089 controversiis,
1533 2053 1730 2083 calamitatibus
1742 2059 1807 2079 con-

1019 2112 1094 2141 trivit
1111 2120 1117 2138 :
1139 2117 1201 2137 nam
1216 2107 1336 2136 defuncti
1352 2104 1517 2140 provinciam
1534 2103 1561 2129 in
1576 2101 1669 2129 eadem
1680 2099 1807 2134 palaestra

1020 2161 1205 2193 exceperunt,
1225 2155 1269 2189 qui
1287 2153 1352 2180 Ario
1368 2150 1434 2178 nihil
1451 2148 1636 2177 concedebant
1655 2143 1807 2176 ferocitate,

1021 2188 1132 2234 astutia,
1149 2188 1294 2236 protervia.
1312 2198 1350 2225 Ac
1365 2200 1463 2231 praeter
1484 2195 1560 2226 istos,
1579 2192 1624 2219 alii
1636 2188 1755 2218 haeretici
1774 2195 1811 2226 ex.

1023 2234 1179 2277 transverso
1194 2244 1309 2273 subinde
1327 2241 1503 2276 inexspectati
1519 2239 1687 2269 accedentes,
1704 2236 1731 2263 in
1756 2234 1809 2270 dis-

1022 2295 1126 2323 crimen
1148 2292 1282 2320 vocabant
1305 2288 1435 2316 Ecclesia:
1459 2283 1693 2320 tranquillitatem.
1724 2280 1808 2307 Atha-

1022 2340 1114 2368 nasius
1135 2345 1199 2366 vero
1220 2344 1290 2363 unus
1310 2341 1378 2369 pene
1399 2332 1519 2360 omnium
1542 2331 1670 2364 impetum
1693 2326 1815 2366 excepit,

1023 2394 1092 2414 ttnus
1105 2386 1260 2412 innumeros
1276 2379 1438 2417 proﬂigavit.
1454 2379 1551 2406 Annon
1564 2376 1725 2404 exstinctam
1740 2374 1809 2408 apud

1023 2432 1146 2460 homines
1163 2436 1234 2457 verae
1256 2427 1317 2455 lidei
1341 2433 1436 2453 curam
1457 2425 1581 2454 dixisses.
1604 2428 1665 2449 cum
1695 2420 1818 2449 instante.

1026 2478 1176 2508 Constantii
1192 2481 1264 2505 metu
1282 2475 1359 2503 tracti
1382 2481 1487 2504 omnes,
1504 2475 1551 2498 aut
1566 2469 1660 2497 cedere
1671 2488 1679 2500 ,
1694 2472 1740 2494 aut
1755 2467 1811 2494 dis-

1027 2525 1156 2554 simulare
1187 2523 1319 2558 compulsi
1353 2524 1432 2551 sunt;
1470 2515 1665 2549 Athanasiique
1694 2512 1819 2545 solitudo,

1028 2576 1101 2598 tanta
1117 2574 1183 2602 erat,
1203 2574 1232 2596 ut
1256 2576 1290 2595 nc
1305 2569 1443 2594 desertum
1463 2563 1573 2599 quidem
1592 2565 1634 2588 sat
1652 2564 1737 2587 tutum
1761 2558 1812 2593 ipsi

1027 2621 1099 2644 esset
1122 2616 1155 2642 ab
1182 2614 1286 2642 insidiis
1308 2607 1572 2640 consceleratorum?
1598 2607 1631 2634 Et
1651 2611 1741 2634 tamen
1768 2604 1819 2635 ille.

1029 2668 1155 2690 strenuus
1190 2667 1261 2687 verat
1294 2659 1355 2686 ﬁdei
1387 2661 1527 2692 patronus.
1563 2661 1616 2681 non
1651 2653 1813 2679 Arianorum

1029 2707 1122 2738 modo,
1147 2706 1194 2733 sed
1218 2705 1330 2732 aliorum
1351 2709 1458 2738 quoque
1478 2705 1591 2728 conatus
1613 2698 1702 2733 fregit,
1717 2703 1817 2730 eorum,

1030 2751 1133 2779 scilicet
1159 2751 1205 2785 qui
1227 2753 1369 2784 postquam
1386 2751 1548 2775 exoneratus
1566 2745 1610 2772 ille
1624 2744 1726 2771 Ariano
1741 2745 1813 2768 metu

1032 2797 1129 2828 fuerat,
1152 2801 1281 2822 novarum
1301 2793 1456 2828 opinionum
1480 2796 1605 2818 auctores
1630 2789 1716 2816 fuere.
1743 2786 1764 2814 Ε
1785 2793 1814 2813 re

1032 2847 1121 2869 autem
1143 2840 1200 2868 fore
1220 2847 1373 2875 speramus,
1397 2838 1419 2866 si
1443 2838 1476 2866 de
1497 2837 1662 2867 hteresibus,
1681 2841 1749 2869 quas
1772 2832 1813 2859 vel

1034 2890 1095 2917 data
1109 2894 1191 2916 onera
1207 2885 1364 2920 confutavit,
1385 2885 1427 2913 vel
1449 2883 1562 2919 carptim
1589 2880 1676 2915 tetigit
1694 2878 1813 2914 Athana-
