2000 3045
197 150 273 170 XXXII

876 142 1145 172 PRDLEGOME‘NA.

198 201 264 234 sius,
288 201 381 235 paucis
401 209 449 236 pro
476 209 550 230 more
568 202 649 230 verba
672 202 812 231 faciamus.
835 202 902 230 Nam
921 203 985 237 Epi-
999 205 1023 234 Α
1037 202 1205 237 iujectasque
1226 201 1396 230 difﬁcultates
1417 202 1527 230 elevat:
1545 202 1660 231 Arianos
1684 210 1749 230 vero
1770 202 1820 232 hoc

197 246 324 281 phanius,
343 248 449 274 tametsi
467 255 564 283 magno
583 248 675 276 labore
693 253 720 275 et
736 249 909 277 accuratione
931 248 985 276 hie-

197 292 343 319 reticorum
375 293 524 321 sententias
548 293 667 328 collegit,
696 299 826 328 attamen,
852 295 890 322 uti
917 295 985 323 solet

198 339 224 364 in
262 337 415 372 hujusmodi
451 339 700 367 enumerationibus
738 340 865 372 evenire,
902 340 984 368 multa

197 384 369 417 praetermisit
391 385 502 417 intacta,
517 392 577 419 quae
596 385 629 412 ab
641 385 790 413 Athanasio
803 386 917 421 aliisque
936 386 986 414 Pa-

198 429 286 456 tribus
308 434 447 457 notantur.
473 430 608 464 Quoniam
629 439 694 458 vero
711 432 839 459 Arianam
860 433 984 460 haeresim

198 473 368 507 potissimum
389 475 499 502 adortus
519 480 560 502 est
574 475 740 503 Athanasius
758 483 765 502 :
788 481 815 504 et
840 477 862 504 si
879 478 986 511 quando

198 518 266 547 alias
290 519 448 553 insectatur,
469 520 511 548 vel
532 521 676 548 occasione
695 522 868 555 Arianorum,
892 523 933 550 vel
952 523 986 551 ab

197 565 306 592 Arianis
331 567 529 600 proseminatas
552 567 681 601 exagitat,
701 567 733 595 de
746 569 845 595 Ariana
870 569 986 603 primum

198 615 302 645 agetur.

233 656 260 683 2.
288 657 435 685 Arianlsmi
457 658 483 685 in
515 659 573 693 ipso
594 663 690 686 exortu
719 659 775 686 haec
800 659 986 693 fundamenta,

197 702 240 729 hze
265 707 374 730 tessera:
400 704 518 732 fuerunt.
549 704 602 732 Ore
626 705 709 739 impio
722 706 813 737 Arius,
840 712 909 740 quos
932 707 988 740 pri-

197 753 281 780 vatim
307 758 333 780 et
359 754 384 781 in
407 754 513 788 angulis
532 760 724 790 consperserat
744 763 865 790 errores,
892 756 917 783 in
944 763 988 791 sy-

199 798 269 826 nodo
287 799 395 826 demum
409 801 589 828 Alexandrina
606 801 715 834 protulit
731 802 913 837 audacterque
929 809 988 836 pro-

198 844 337 879 pugnavit.
361 845 457 872 Aiebat
483 853 564 881 ergo,
590 845 637 873 Dei
660 845 776 873 Verbum
804 854 856 874 non
882 854 988 882 semper

198 890 292 922 fuisse,
305 891 352 918 sed
365 899 395 918 ex
412 891 496 918 nihilo
511 891 610 918 factum
625 896 649 919 et
664 897 785 919 creatum
798 891 918 928 (p.?)u),
934 900 985 919 non

197 941 340 967 aeternum.
361 945 414 964 non
431 937 502 964 Patri
523 938 611 965 simile
631 938 778 966 secundum
796 938 987 971 substantiam,

198 990 286 1016 neque
301 990 394 1010 verum
412 983 458 1010 Dei
477 983 609 1015 Verbum,
622 987 668 1010 aut
683 984 853 1018 sapientiam,
872 984 919 1011 sed
940 993 988 1010 κα-

196 1027 390 1064 ταχρηστικῶς
411 1028 446 1055 ita
462 1029 553 1055 vocari
571 1039 577 1056 :
598 1036 658 1056 esse
677 1033 774 1056 natura
790 1028 926 1061 mutabile,
942 1035 988 1055 ne-
1003 1055 1007 1059 λ

197 1081 250 1107 que
270 1079 350 1100 nosse
364 1072 484 1106 Patrem,
502 1073 556 1100 imo
573 1080 606 1100 ne
629 1081 705 1101 suam
719 1073 827 1108 quidem
843 1073 926 1108 ipsius
942 1081 989 1102 na-

199 1124 298 1145 turam.
325 1117 440 1152 Propter
458 1125 508 1146 nos
524 1118 625 1146 factum
650 1118 744 1151 fuisse,
765 1124 796 1146 ut
812 1119 858 1146 illo
873 1127 922 1147 ceu
945 1120 987 1146 in-

198 1168 350 1191 strumento
379 1171 428 1191 nos
454 1165 582 1192 conderet
612 1165 696 1197 Deus;
725 1172 811 1200 neque
839 1166 986 1193 creandum

198 1217 316 1244 unquam
340 1209 435 1241 fuisse.
467 1210 518 1238 nisi
545 1218 594 1238 nos
614 1210 684 1238 Deus
709 1212 826 1239 condere
849 1211 988 1240 voluisset.

199 1255 262 1283 Haec
275 1263 337 1283 vera
352 1256 407 1282 Arii
426 1257 560 1288 doctrina,
579 1257 637 1284 haec
653 1257 775 1291 pluribus
789 1258 833 1285 ille
845 1258 871 1285 in
881 1258 986 1291 Thalia,

197 1307 279 1334 quam
303 1308 396 1328 vocem
413 1301 484 1329 inter
501 1309 544 1330 res
563 1307 618 1328 tam
644 1302 730 1330 serias
755 1311 788 1329 ne
811 1310 987 1332 memoratam

197 1346 305 1380 quidem
324 1348 452 1382 oportuit.
476 1348 540 1376 Erat
563 1349 662 1383 quippe
683 1349 726 1376 illa
748 1349 909 1377 effeminatis
925 1351 987 1385 qui-

199 1392 310 1419 busdam
327 1400 358 1420 ac
373 1393 515 1428 joculariis
530 1394 617 1421 modis
631 1394 773 1426 adornata,
796 1396 918 1430 exemplo
933 1397 987 1423 sci-

146 1444 149 1450 ·
198 1437 261 1464 licet
288 1439 463 1473 impurissimi
491 1440 608 1471 Sotadm,
639 1440 735 1468 nobilis
763 1442 814 1469 hoc
840 1442 866 1468 in
889 1449 988 1477 genere

198 1487 293 1518 poeta.
327 1484 405 1512 Unde
429 1489 472 1512 est
496 1486 569 1520 quod
598 1494 613 1514 a
638 1487 770 1521 Gregorio
797 1487 918 1523 Nysseno
948 1489 986 1524 (a)

199 1527 310 1556 Arianae
339 1529 447 1577 Thaliae.
475 1530 547 1557 dicta
570 1531 821 1568 παρατεθρυμμένα
849 1533 1021 1577 Σωτάδειαε

200 1580 404 1608 nuncupentur.
428 1574 530 1603 Callide
557 1576 621 1604 item
638 1578 719 1604 Arius
729 1586 790 1605 cum
803 1578 876 1614 vulgi
895 1579 987 1607 multi~

200 1621 264 1646 tudo
291 1621 413 1648 nascenti
442 1621 538 1649 haeresi
570 1630 668 1650 nomen
693 1623 780 1656 daret,
813 1625 935 1652 carmina
960 1630 988 1653 et

197 1671 295 1693 cantus
305 1666 481 1702 popularibus
495 1668 653 1703 adornavit,
669 1670 767 1704 quibus
784 1678 905 1699 errorem
922 1679 987 1707 pro-

199 1712 305 1746 pinat-et
321 1720 398 1740 suum
414 1722 421 1740 :
443 1721 505 1741 nam
520 1715 638 1749 priscum
652 1721 695 1742 est
711 1724 717 1741 :

234 1756 295 1802 ζῇν
311 1758 366 1802 γᾴρ
381 1759 620 1802 ἀοεδὴνμᾶλλον
636 1761 984 1802 ξπικᾼείουοςιᾶνθρῳξηοι

246 1794 318 1826 Hm;
334 1794 538 1822 ἀκουόντεσσι
553 1796 686 1830 νεωτάτη
701 1794 904 1832 ἀμφιπέλητάι
920 1799 969 1833 ib).

231 1851 259 1878 3.
283 1850 363 1879 Hisce
378 1852 461 1886 probe
481 1852 516 1880 ad
538 1853 685 1887 perniciem
709 1853 874 1887 instructus.)
894 1855 987 1882 multis

198 1896 282 1923 uitio
295 1897 356 1923 fuit.
373 1895 402 1924 Si
417 1897 527 1932 quando
539 1905 604 1925 vero
615 1899 746 1933 posthaec
758 1899 802 1927 vel
816 1900 873 1934 ipse
883 1901 965 1929 Arius
979 1922 986 1932 .

199 1941 241 1970 vel
256 1942 315 1977 ejus
329 1950 472 1978 sequaces,
486 1944 513 1970 in
527 1943 589 1972 ﬁdei
604 1944 727 1972 formulis
737 1953 770 1972 ac
784 1947 988 1979 controversiis.

199 1988 322 2023 quaedam
339 1989 381 2016 vel
398 1988 546 2016 cclaverint
561 1997 683 2024 prorsus,
708 1991 753 2018 vel
770 1992 921 2027 mitigarint
937 2013 946 2026 ,
962 1993 988 2021 id

199 2033 275 2061 vafre
285 2039 313 2061 et
324 2034 519 2068 fraudulenter,
535 2041 606 2062 metu
617 2037 826 2071 impendentium
844 2038 988 2072 malorum,

201 2085 230 2107 ut
245 2080 353 2114 paulum
371 2082 486 2115 tempori
497 2082 693 2109 concederent.
710 2082 743 2110 Et
767 2083 831 2118 quia
856 2084 924 2111 solet
940 2085 989 2112 ad-

201 2126 338 2153 versarius
363 2126 408 2154 ille
432 2126 544 2154 humani
569 2130 677 2163 generis
700 2129 806 2156 litteras
835 2137 927 2157 sacras
942 2130 991 2158 ob-

201 2173 314 2199 tendere
327 2174 352 2199 iu
365 2171 488 2199 velamen
504 2173 740 2206 errorum,Arius,
756 2174 857 2202 diaboli
872 2175 990 2202 versutia

1035 247 1192 276 dilemmate
1208 252 1345 283 oppugnat
1360 249 1397 282 (p.
1421 248 1483 284 167)
1501 259 1507 276 :
1527 248 1643 276 Verbum
1659 247 1699 276 vel
1717 254 1759 276 est
1776 248 1822 277 Fi-

1037 293 1088 321 lius
1105 294 1149 320 Dei
1164 297 1270 325 natura,
1284 292 1323 320 vel
1339 293 1437 327 gratia,
1447 298 1475 320 ut
1486 299 1547 320 sunt
1559 293 1574 320 ii
1590 293 1622 320 de
1633 293 1731 327 quibus
1743 293 1823 321 Joan-

1038 347 1105 367 nes:
1124 338 1258 374 Quotquot
1270 344 1356 365 autem
1370 344 1520 373 receperunt
1535 347 1594 366 eum
1605 339 1677 366 dedit
1695 339 1732 367 eis
1750 345 1823 374 pate~

1037 391 1129 413 uatem
1140 386 1210 420 ﬁlios
1221 385 1270 412 Dei
1283 385 1352 419 ﬁeri.
1365 384 1393 412 Si
1405 385 1494 420 priore
1504 385 1592 416 modo,
1604 389 1648 412 est
1657 385 1738 419 igitur
1749 384 1822 418 ejus-

1037 433 1097 460 dem
1113 432 1271 460 substantize
1285 436 1368 466 atque
1387 431 1482 464 Pater;
1500 432 1523 459 si
1537 432 1697 465 posteriore,
1709 435 1739 458 ut
1751 431 1823 458 vole-

1037 480 1103 504 bant
1115 477 1207 504 Ariani
1221 477 1259 512 (p.
1272 477 1344 512 168),
1355 476 1423 504 falso
1438 477 1591 512 unigenitus
1600 481 1722 508 vocatur,
1735 483 1824 511 neque

1037 532 1051 551 a
1072 524 1150 551 nobis
1166 524 1191 551 in
1208 523 1268 550 Filii
1284 523 1389 550 ratione
1404 520 1503 550 diﬂ'ert.
1523 522 1822 557 BeponebantAriani:

1038 571 1075 598 Ita
1092 570 1270 606 intelligimus
1281 569 1379 597 Filium
1396 569 1477 596 rebus
1494 569 1594 596 creatis
1610 568 1784 601 antecellere,
1797 573 1824 596 et

1039 617 1100 645 ideo
1117 617 1284 652 unigenitum
1306 617 1370 649 dici,
1387 616 1460 652 quod
1479 616 1536 651 ipse
1559 614 1633 643 solus
1651 623 1666 642 a
1687 615 1746 642 solo
1769 615 1822 642 Deo

1039 663 1127 691 factus
1151 664 1206 695 sit;
1236 667 1332 691 cetera
1354 670 1420 690 vero
1436 662 1526 690 omnia
1542 669 1557 688 a
1577 662 1631 689 Deo
1658 668 1706 696 per
1725 660 1823 688 Filium

1038 709 1092 735 sint
1104 713 1205 736 creata.
1219 709 1247 736 Id
1259 708 1368 743 depellit
1377 707 1545 734 Athanasius
1558 707 1634 734 hisce
1647 706 1822 742 argumentis;

1039 756 1068 784 Si
1088 756 1169 784 Pater
1182 756 1268 784 solum
1284 760 1361 783 creat
1372 753 1510 786 Verbum,
1539 762 1574 781 au
1595 762 1649 788 pra:
1667 753 1824 781 lassitudine

1039 810 1054 830 ι
1070 802 1177 830 caeteris
1191 802 1340 830 condendis
1361 801 1496 829 abstinet?
1525 800 1600 836 atqui
1624 801 1734 835 impium
1761 799 1824 827 illud

1038 853 1101 876 est:
1118 855 1151 875 an
1162 847 1223 883 quia
1237 855 1287 874 sua
1300 847 1419 882 polentia
1432 847 1574 882 indignum
1588 851 1687 880 putans
1696 853 1726 873 ea
1734 845 1824 872 omnia

1039 893 1168 925 condere,
1197 892 1388 920 adminislrum
1414 896 1479 918 ante
1503 891 1623 918 creavit?
1638 898 1730 917 verum
1752 890 1825 917 nulla

1041 940 1067 967 in
1083 939 1137 966 Deo
1148 938 1287 974 superbia,
1306 943 1397 965 tumor
1409 937 1498 976 nullus
1512 945 1519 969 ;
1536 941 1564 964 et
1587 936 1704 971 alioquin
1726 941 1826 971 pugnat

1040 984 1105 1012 illud
1117 992 1178 1012 cum
1190 984 1329 1012 sexcentis
1343 982 1488 1018 Scriptura:
1499 982 1576 1015 locis,
1589 982 1632 1009 ubi
1647 982 1736 1009 omnia
1748 990 1762 1008 ι
1772 982 1827 1011 Deo

1041 1030 1110 1058 facta
1126 1030 1265 1063 dicuntur,
1282 1029 1386 1057 scilicet
1398 1037 1445 1065 per
1464 1029 1582 1056 Verbum
1599 1036 1675 1055 suqu
1690 1037 1697 1055 :
1717 1035 1751 1055 an
1763 1028 1825 1063 quia

1040 1080 1138 1103 cielera
1155 1075 1262 1111 opiﬁcia
1279 1075 1407 1102 invictam
1425 1075 1470 1102 Dei
1493 1074 1540 1101 τοῦ
1563 1074 1696 1110 ἀγενήτου
1709 1093 1716 1105 ,
1734 1073 1760 1100 id
1773 1077 1825 1105 est.

1040 1130 1090 1149 non
1100 1122 1174 1156 facti,
1192 1129 1301 1148 manum
1315 1121 1387 1148 ferre
1403 1128 1453 1148 non
1467 1120 1598 1153 valerent,
1612 1127 1680 1154 opus
1696 1118 1747 1146 fuit
1758 1119 1830 1152 Filio,

1040 1167 1084 1201 qui
1097 1166 1236 1198 conderet,
1250 1165 1410 1193 utAsterius
1422 1164 1537 1192 etArius
1552 1163 1710 1192 tradidere?
1724 1163 1823 1191 Verum

1040 1217 1135 1246 argute
1149 1211 1314 1239 Athanasius
1333 1211 1360 1238 id
1376 1211 1514 1246 propulsat
1529 1222 1535 1238 :
1557 1210 1597 1243 Si,
1611 1210 1673 1245 quia
1688 1218 1733 1238 res
1746 1210 1826 1238 facta

1040 1263 1115 1289 sunt,
1131 1265 1182 1284 non
1197 1257 1260 1284 facti
1279 1264 1386 1283 manum
1401 1257 1473 1284 ferre
1484 1263 1537 1284 non
1556 1260 1683 1291 possunt;
1699 1263 1763 1283 sane
1782 1263 1826 1283 ne-

1040 1311 1093 1338 que
1108 1302 1204 1336 Filius,
1216 1303 1274 1337 qui,
1295 1307 1324 1329 ut
1341 1309 1387 1329 vos
1404 1302 1504 1334 dicitis,
1529 1301 1619 1329 factus
1638 1306 1689 1334 est,
1716 1309 1824 1328 manum

1040 1347 1101 1382 eius
1117 1347 1186 1375 ferre
1197 1347 1305 1382 potuit:
1323 1353 1350 1374 et
1370 1346 1423 1374 alio
1449 1347 1538 1374 medio
1564 1347 1617 1374 erit
1633 1354 1712 1382 opus.
1735 1347 1826 1381 itaque

1040 1395 1092 1422 erit
1110 1393 1137 1420 in
1151 1393 1286 1420 infinitum
1302 1394 1467 1429 progressio.
1483 1393 1550 1420 Aliis
1565 1393 1629 1420 item
1658 1392 1826 1428 argumentis

1040 1442 1095 1470 Arii
1107 1442 1242 1470 insaniam
1256 1442 1364 1477 depellit
1381 1450 1389 1469 :
1406 1441 1433 1469 Si
1444 1441 1530 1468 Filius
1542 1440 1687 1476 aliquando
1700 1447 1752 1468 non
1764 1440 1826 1473 fuit,

1040 1496 1093 1516 non
1106 1487 1157 1515 fuit
1184 1495 1291 1522 semper
1319 1487 1461 1520 Trinitas;
1487 1486 1569 1513 Pater
1586 1486 1649 1513 item
1663 1493 1719 1512 non
1743 1484 1828 1513 fuerit

1039 1542 1146 1569 semper
1159 1533 1252 1566 Pater,
1268 1541 1321 1561 non
1341 1533 1490 1560 exsistente
1510 1532 1597 1564 Filio;
1618 1531 1728 1567 insuper
1742 1532 1827 1560 Pater.

1039 1580 1124 1608 fuerit
1150 1579 1297 1615 aliquando
1312 1578 1409 1613 ἄλογος
1420 1598 1428 1612 ,
1440 1578 1495 1605 sine
1515 1579 1602 1606 verba.
1617 1577 1685 1605 Nam
1703 1577 1826 1605 animado

1038 1632 1131 1654 vertas
1148 1626 1239 1660 velim,
1268 1633 1330 1654 eam
1347 1626 1402 1653 Arii
1414 1625 1570 1660 opinionem
1585 1623 1679 1656 fuisse,
1692 1623 1763 1658 quod
1779 1623 1828 1650 Pa-

1039 1679 1080 1701 ter
1097 1673 1178 1701 verba
1199 1672 1282 1700 multa
1297 1671 1465 1706 produxerit.
1486 1670 1552 1705 Quae
1565 1671 1713 1702 sententia.
1730 1675 1758 1697 ut
1775 1670 1825 1697 im—

1039 1719 1083 1753 pia
1095 1718 1129 1745 ab
1140 1717 1288 1745 Athanasio
1300 1717 1434 1752 rejicitur,
1443 1724 1475 1744 ac
1488 1716 1587 1744 merito
1598 1716 1725 1750 quidem;
1743 1723 1827 1743 unum

1039 1764 1139 1799 quippe
1156 1763 1182 1789 in
1200 1763 1255 1790 Deo
1270 1761 1388 1790 Verbum
1405 1767 1457 1789 est.
1473 1761 1541 1788 Nam
1563 1761 1635 1792 Deus
1662 1761 1771 1796 sapiens
1784 1765 1827 1788 est

1040 1817 1089 1844 per
1101 1808 1260 1844 sapientiam
1276 1815 1364 1839 suam,
1377 1807 1402 1834 id
1414 1812 1455 1834 est
1469 1813 1516 1842 per
1527 1806 1625 1834 Filium
1640 1815 1647 1833 :
1665 1810 1694 1838 et
1707 1806 1827 1833 rationa-

1040 1855 1074 1882 lis
1088 1862 1136 1889 per
1148 1853 1280 1881 rationem
1293 1860 1380 1885 suam,
1400 1852 1424 1879 id
1444 1856 1486 1880 est
1510 1851 1610 1886 Λόγον.
1634 1858 1682 1878 seu
1696 1850 1826 1879 Verbum.

1040 1900 1152 1927 Demum
1167 1899 1190 1927 si
1200 1907 1233 1926 ex
1242 1898 1299 1925 Arii
1316 1898 1408 1925 furore
1430 1897 1539 1932 aliquod
1557 1901 1713 1931 erumperet
1726 1904 1830 1927 novum

1040 1950 1239 1980 argumentum,
1253 1943 1344 1971 omnia
1360 1942 1510 1970 Athanasio
1531 1947 1609 1970 erant
1624 1942 1657 1968 ad
1670 1941 1734 1969 illud
1751 1941 1827 1969 fran-

1040 1991 1155 2027 gendum
1172 1989 1308 2024 expedita.

1075 2037 1102 2063 4.
1116 2035 1205 2063 Sentit
1219 2035 1338 2063 fortasse
1354 2034 1440 2062 lector
1451 2041 1531 2069 quam
1556 2032 1650 2068 procul
1678 2032 1827 2060 abducere-

1041 2090 1112 2115 mur,
1125 2082 1147 2109 si
1167 2081 1257 2109 omnia
1268 2080 1410 2108 Athanasii
1422 2084 1592 2115 argumenta.
1613 2079 1635 2106 si
1662 2078 1826 2106 Arianorum

1041 2129 1207 2164 sophismata
1221 2135 1428 2155 recenseremus
1442 2135 1450 2154 :
1468 2133 1564 2162 quare,
1591 2125 1682 2152 missis
1694 2125 1763 2156 aliis,
1785 2125 1827 2151 vi-

1041 2176 1153 2203 deamus
1168 2181 1222 2209 quo
1237 2179 1317 2209 pacto
1330 2172 1449 2208 depellat
1463 2177 1650 2207 argumentum
1664 2171 1827 2198 Arianorum

202 2226 277 2250 usus,
294 2219 351 2245 haec
367 2226 400 2246 ex
419 2218 561 2252 Scriptura
578 2227 654 2246 sacra
668 2225 830 2255 argumenta
847 2221 988 2248 mutuaba-
1005 2217 1026 2244 D
1042 2229 1073 2249 ex
1091 2221 1141 2248 hoc
1156 2220 1364 2247 Proverbiorum
1379 2219 1451 2246 dicto
1465 2220 1651 2253 depromptum
1669 2226 1677 2244 :
1699 2216 1826 2243 Dominus

199 2269 244 2291 tur
258 2264 294 2299 (p.
309 2264 386 2300 405),
402 2264 444 2292 bis
466 2263 548 2292 Verbi
575 2265 746 2293 divinitatem
778 2266 834 2293 tolli
856 2267 987 2301 putabat:

201 2311 326 2338 Dilexisli
353 2311 488 2345 justitiam
515 2316 539 2339 et
568 2313 647 2338 odisti
662 2313 839 2347 iniquitatem,
851 2319 989 2348 propterea

201 2358 277 2383 unin
293 2362 317 2383 le
333 2357 412 2390 Deus,
428 2357 498 2384 Deus
513 2363 573 2385 tuus
587 2358 644 2384 aleo
661 2358 772 2390 (miliae,
785 2367 839 2392 prta
862 2361 991 2386 consorti-

202 2402 249 2429 bus
263 2403 327 2431 tuis.
353 2403 403 2434 Et,
428 2403 558 2430 Dominus
576 2405 673 2430 creavit
690 2412 732 2431 me
758 2405 863 2431 initium
885 2406 989 2431 piarunt

201 2457 313 2476 suarum
326 2450 353 2476 in
364 2458 442 2485 opera
456 2458 514 2477 tua.
529 2450 605 2484 Item,
618 2451 716 2477 Omnia
730 2451 794 2477 milii
817 2451 916 2477 tradita
929 2456 988 2477 sunt

201 2505 217 2522 α
234 2495 312 2523 Patre
326 2504 391 2524 meo.
403 2497 452 2524 Et:
464 2496 542 2523 Nunc
555 2497 643 2522 anima
658 2504 715 2523 mea
729 2497 835 2523 turbata
846 2501 895 2528 est,
912 2501 992 2531 atque

201 2542 263 2569 aliis
274 2543 343 2570 bene
355 2543 457 2570 multis.
479 2551 538 2576 qua:
556 2543 581 2570 in
597 2544 685 2570 indice
698 2548 827 2577 congesta
840 2543 990 2570 videreest.

201 2585 318 2612 Aiebam
336 2586 398 2613 item
413 2596 419 2614 :
437 2587 466 2614 Si
478 2587 562 2614 Filius
576 2594 683 2622 semper
694 2587 799 2619 fuisset,
813 2587 895 2615 frater
904 2588 991 2615 Patris

203 2631 292 2657 vocari
302 2636 404 2665 posset,
417 2637 509 2668 utpote
521 2633 572 2667 ipsi
589 2641 706 2660 coaevus.
722 2633 766 2665 Et,
785 2633 813 2660 Si
833 2633 918 2661 Filius
932 2642 990 2668 per-

203 2677 272 2703 fecta
289 2681 362 2704 esset
377 2678 468 2713 imago
484 2678 584 2711 Patris,
597 2679 680 2706 etiam
692 2679 816 2715 gignendi
834 2679 987 2706 facultatem

203 2723 325 2750 haberet.
341 2723 393 2750 Eos
408 2724 549 2758 perspicue
567 2725 664 2753 refellit
676 2725 842 2754 Athanasius
860 2726 897 2760 (p.
912 2725 987 2759 240),

239 2819 246 2834 ¹
264 2819 342 2846 I‘rov.
357 2827 414 2852 vui,
429 2820 475 2846 22.

240 2876 279 2913 (α)
292 2875 390 2906 Contra
408 2879 575 2908 Eunomium.

1043 2268 1137 2294 creauit
1151 2274 1191 2294 me
1216 2267 1320 2293 initium
1349 2267 1450 2293 viarum
1470 2273 1579 2291 suarum
1605 2265 1633 2290 in
1651 2271 1729 2297 opera
1743 2271 1792 2289 sua
1805 2263 1826 2290 ¹.

1043 2314 1124 2341 lnsita
1138 2313 1277 2340 hominum
1294 2312 1430 2340 mentibus
1455 2315 1496 2338 est
1511 2311 1612 2345 opinio,
1638 2310 1827 2339 Athanasium,

1042 2361 1065 2387 si
1081 2359 1213 2387 Hebraice
1228 2359 1331 2393 peritus
1345 2357 1452 2390 fuisset,
1479 2357 1501 2384 si
1515 2364 1606 2384 veram
1633 2355 1743 2390 hujusce
1763 2355 1827 2382 dicti

1043 2405 1205 2447 sententiam
1226 2405 1356 2431 tenuisset
1381 2409 1454 2447 D'Tp
1476 2407 1540 2433 ‘D‘t't
1563 2406 1662 2432 n'tDtt't
1686 2406 1745 2433 ’JJD
1766 2404 1826 2431 ττι-ι’

1043 2456 1102 2481 1RD
1119 2443 1222 2482 ubam:
1237 2458 1297 2485 qum
1315 2455 1376 2478 est:
1393 2443 1521 2477 Dominus
1537 2449 1652 2484 possedit
1672 2457 1712 2476 me
1724 2449 1828 2475 initium

1042 2499 1091 2524 uite
1103 2505 1159 2524 mw
1176 2501 1237 2524 ante
1249 2505 1328 2530 opera
1342 2505 1391 2524 sua
1404 2504 1436 2524 ea:
1448 2502 1519 2528 tunc.
1540 2503 1593 2523 non
1609 2499 1713 2522 tantum
1728 2493 1829 2521 laboris

1042 2546 1229 2577 strscepturum
1244 2542 1326 2570 fuisse
1338 2542 1531 2569 in'enervando
1541 2544 1701 2576 argumento
1713 2540 1828 2567 Ariano-

1043 2595 1113 2619 rum,
1125 2588 1171 2622 qui
1187 2588 1287 2615 dictum
1302 2588 1457 2622 hujusmodi
1475 2596 1481 2615 :
1512 2586 1640 2614 Dominus
1653 2586 1750 2613 creavit
1777 2594 1827 2618 me.

1042 2633 1075 2660 ad
1096 2633 1193 2660 Filium
1221 2634 1291 2661 inter
1306 2639 1414 2661 creatas
1444 2641 1488 2661 res
1513 2632 1764 2660 conuumerandum
1783 2632 1829 2658 de-

1043 2679 1213 2714 torquebant.
1231 2679 1331 2707 Verum
1348 2687 1478 2715 perquam
1506 2678 1588 2706 facile
1605 2677 1754 2705 Athanasio
1778 2676 1830 2704 fuit

1041 2732 1074 2752 ex
1085 2725 1256 2760 Origenianis
1271 2725 1411 2759 Hexaplis,
1435 2732 1494 2760 quae
1510 2731 1592 2759 penes
1617 2724 1704 2758 ipsum
1729 2726 1829 2755 erant,

1081 2879 1116 2915 (ὸ)
1131 2878 1227 2914 Odyss.
1241 2878 1274 2906 A.
