2000 3045
648 154 831 183 ΡΒΕΕΑΤΙΟ
851 152 1023 182 EDITIONIS
1042 149 1295 180 BENEDICTINAE.

1683 158 1772 180 ιιιιιι

156 229 313 260 germanam
328 220 470 249 Hebraicte
483 218 610 246 lectionis
632 217 795 245 sententiam
813 215 941 242 mutuari.
957 217 978 244 Α
994 213 1122 241 haereses.
1138 212 1183 240 Ille
1200 220 1277 244 vero,
1291 211 1454 247 impietatem
1471 218 1547 239 suam
1559 218 1592 239 ex
1604 212 1775 247 superiorum

158 268 191 296 At
205 268 321 296 fortasse
343 267 368 293 id
387 273 440 293 non
468 265 534 292 tanti
559 264 686 299 ponderis
710 263 831 290 futurum
860 266 917 288 erat
931 280 939 293 ,

158 315 250 350 quanti
267 314 437 341 arbitrantur
452 311 498 339 illi.
520 310 587 338 Nam
608 318 661 337 una
679 309 856 344 Septuaginta
870 308 941 334 viro-

159 369 217 388 rum
232 359 423 394 interpretatio
438 358 464 385 in
476 357 596 385 Ecclesia
614 356 707 384 Graeca
725 355 873 387 obtinebat,
891 361 941 381 nec

158 407 283 435 sedanda:
295 404 487 434 controversia:
502 409 581 435 pares
599 407 678 430 erant
693 401 797 436 Aquila:
811 400 943 427 aliorum-

158 459 211 487 que
230 452 406 486 interpretum
431 449 581 476 versiones.
598 447 681 481 Cujus
709 447 747 473 rei
765 446 791 474 id
812 446 942 472 indicium

159 503 200 525 est
217 497 406 531 conspicuum,
423 495 495 529 quod
514 493 646 521 Eusebius
659 492 801 526 Pamphili,
815 498 868 526 quo
884 497 943 518 sese

160 551 193 572 ex
209 543 260 570 hac
272 541 426 569 diﬁicultate
441 541 581 575 expediat,
603 547 656 567 non
673 538 833 566 Hebraicam
851 537 943 565 lectio-

162 599 235 623 nem,
253 598 305 618 non
319 586 479 625 Origeniana
496 589 631 623 Hexaplo,
645 594 704 622 quae
717 591 806 614 tamen
818 586 944 621 frequens

163 637 207 665 ille
221 636 322 669 adibat,
337 636 362 662 in
385 634 503 663 medium
527 634 666 667 attulerit;
679 634 727 661 sed
741 632 943 667 interpretatio»

162 690 223 710 nem
241 680 354 714 dederit,
366 680 560 708 Athanasianze
574 679 715 706 ﬁnitimam
736 679 786 712 (α).
801 677 900 704 Verum
915 681 944 704 ut

162 732 192 755 ut
206 728 252 760 sit,
271 732 453 762 opportunam
468 725 635 753 Athanasius
664 725 726 752 huic
739 724 880 752 sentcntiae
896 730 944 750 ex-

161 773 332 809 plicationem
345 771 508 807 suppeditat,
521 772 584 799 dum
600 771 638 798 ait
650 771 698 798 has
709 777 800 803 voces,
815 770 876 804 feci,
885 778 945 804 ροι-

161 821 225 853 udi,
240 819 338 853 peperi,
355 818 470 854 idipsum
483 818 510 845 in
526 817 675 852 Scripturis
689 817 848 852 plerumque
859 816 944 852 signi-

163 865 255 897 ﬁcare,
273 869 300 891 et
317 864 351 891 ad
376 871 433 891 rem
448 863 565 898 perbelle
587 863 640 890 hoc
656 862 793 890 Geneseos
819 861 945 896 exemplo

162 911 248 938 utitur
273 910 310 946 (p.
330 910 415 946 575):
436 909 546 936 Possedi
570 910 701 936 hominem
724 916 771 942 per
790 908 884 939 Deum.
901 908 946 935 ubi

162 956 277 990 possedi,
296 956 366 984 idem
380 960 422 984 est
435 955 506 990 quod
524 955 621 991 genui;
637 955 709 989 quod
724 955 826 981 referas
838 955 902 982 item
913 954 947 982 ad

164 1009 223 1029 eam
235 1001 399 1029 sententiam
415 1009 423 1028 :
437 1000 565 1028 Dominus
577 1001 692 1035 possedit
706 1000 833 1027 meinitio
847 1001 948 1027 viarum

164 1048 283 1076 mrem.
302 1046 369 1074 Nam
390 1047 533 1082 utrobique
550 1045 666 1074 Verbum
680 1049 734 1089 t'ljp
749 1045 858 1081 legitur.
872 1046 949 1073 Aria~

164 1102 260 1122 norum
277 1101 341 1121 vero
354 1093 498 1126 sententia,
516 1100 597 1128 quam
612 1093 705 1128 paucis
717 1099 798 1127 supra
814 1092 949 1126 complexi

165 1148 267 1173 sumus,
285 1147 338 1168 non
353 1147 404 1167 una
418 1146 523 1174 semper
538 1139 589 1166 fuit
604 1148 611 1165 :
626 1138 689 1165 dum
705 1139 776 1166 enim
786 1143 909 1165 manaret
921 1137 949 1164 in

166 1186 224 1214 dies
238 1186 336 1219 latius,
353 1185 397 1213 alii
415 1185 467 1212 alia
492 1184 739 1220 apprehenderunt,
757 1189 784 1212 et
808 1183 833 1210 in
859 1183 950 1210 varias

166 1232 306 1265 opiniones
319 1231 442 1258 distracti
468 1234 532 1258 sunt
549 1237 556 1256 :
585 1229 663 1257 multi
680 1230 790 1264 quippe,
815 1237 867 1256 non
884 1235 951 1263 qna-

167 1274 201 1304 lis
212 1277 288 1304 initio
310 1276 458 1312 prodierat,
474 1272 591 1303 bteresin
607 1275 795 1307 vindicabant,
820 1275 867 1303 sed
885 1282 951 1309 quo-

167 1323 229 1349 dam
245 1321 384 1350 delinitum
402 1321 546 1349 verborum
566 1319 668 1348 colore.
685 1319 740 1347 Soli
757 1327 821 1346 vero
845 1319 950 1347 Aetiani

167 1367 328 1395 etAnomei
354 1365 601 1394 dissimilitudinem
626 1364 786 1393 substantia:
799 1371 952 1399 propugna-

168 1415 242 1446 bant,
254 1413 319 1441 dum
346 1412 390 1440 alii
407 1417 558 1447 temporum
576 1411 723 1438 conditioni
741 1417 803 1438 sese
815 1409 952 1444 adtempe-

169 1464 268 1491 rantes,
287 1464 317 1486 ut
330 1466 418 1486 rerum
433 1462 546 1486 eventus
559 1456 674 1488 ferebat,
693 1456 753 1491 plus
772 1456 895 1482 minusve
907 1456 954 1482 de—

170 1504 308 1532 traherent
321 1511 353 1530 ex
375 1509 499 1530 errorum
515 1501 639 1536 perﬁdia.
654 1500 722 1528 Orso
736 1505 825 1527 autem
841 1499 953 1526 dissidio

171 1549 332 1578 Semiariani
365 1549 399 1576 ab
416 1549 537 1580 Arianis,
550 1547 669 1582 priscum
689 1545 879 1578 retinentibus,
892 1545 955 1572 aba-

171 1601 321 1624 cesserunt.
338 1596 420 1622 Erant
432 1601 514 1630 porro
530 1593 692 1621 Semiariani
706 1592 723 1620 ii
737 1593 795 1627 qui,
810 1591 954 1626 repudiato

169 1641 314 1678 ὁμωυσίῳ,
327 1640 422 1668 Filium
437 1639 615 1675 ὁμοιοούσιον,
640 1638 698 1665 sive
713 1638 865 1665 substantia
879 1637 955 1664 simi-

172 1688 222 1715 lem
233 1695 293 1715 esse
306 1686 510 1722 proﬁtebantur.
530 1685 617 1718 Quam
634 1684 796 1712 sententiam
808 1691 860 1711 non
877 1683 955 1719 peni-

172 1738 216 1761 tus
231 1732 546 1767 improbatAthanasius,
558 1739 608 1759 nec
622 1731 672 1759 nisi
687 1735 718 1757 ut
733 1731 822 1758 minus
833 1731 955 1758 idoneam

174 1779 284 1812 respuit.
301 1778 386 1805 Erant
406 1782 495 1804 tamen
516 1785 550 1804 ex
572 1777 823 1804 Seminarianorum
851 1784 932 1812 grege
948 1797 956 1810 ,

173 1823 219 1858 qui
232 1824 343 1851 obtenta
355 1824 500 1851 verborum
514 1822 576 1850 fuco
588 1823 614 1850 in
627 1823 684 1850 Arii
698 1823 863 1857 impietatem
874 1830 954 1857 pror-

177 1876 225 1896 sus
242 1869 436 1897 relaberentur.
451 1868 509 1896 Etsi
524 1869 597 1896 enim
614 1868 721 1895 aiebant
732 1867 829 1896 Filium
843 1875 903 1895 esse
919 1867 957 1894 si-

175 1914 266 1942 milem
279 1915 361 1948 Patri,
376 1920 404 1942 at
419 1921 551 1942 censensu
570 1918 596 1941 et
610 1913 746 1941 voluntate
760 1918 875 1947 tantum,
903 1920 955 1940 non

176 1966 264 1990 autem
281 1966 390 1989 natura.

209 2007 236 2035 5.
250 2007 288 2034 Ex
304 2007 470 2042 inauspicata
498 2006 651 2042 hujusmodi
680 2006 771 2033 radice
799 2005 958 2040 prodierunt

176 2053 239 2080 item
255 2052 508 2084 Pneumatomacbi,
523 2052 645 2087 principe
663 2050 820 2079 Macedonio
831 2051 958 2085 episcopo

175 2098 488 2132 Constantinopolitano.
498 2098 530 2125 Hi
539 2099 661 2132 ingentes
676 2097 702 2124 in
715 2095 825 2124 Oriente
838 2101 920 2130 atque
931 2096 958 2123 in

178 2143 292 2178 Egypto
307 2143 402 2170 turbas
426 2143 567 2176 dederunt,
590 2143 653 2169 dum
682 2142 804 2169 dicerent
829 2140 958 2175 Spiritum

177 2194 300 2215 sanctum
320 2195 381 2215 esse
398 2195 455 2215 rem
470 2193 600 2223 creatam,
625 2193 762 2220 unumque
783 2193 818 2212 ex
842 2184 958 2211 admini-

177 2235 240 2261 stris
248 2234 396 2269 spiritibus,
406 2233 653 2266 Patridissimilem,
661 2236 713 2260 etc.
724 2231 789 2258 Rem
798 2235 827 2258 ut
843 2231 958 2265 primum

178 2281 281 2314 accepit
297 2280 459 2307 Athanasius
474 2299 481 2312 ,
495 2279 632 2307 indicante
664 2279 813 2314 Serapione
841 2277 957 2304 Thmui-

179 2332 242 2354 tano
253 2326 389 2362 episcopo.
411 2330 566 2353 nascentem
589 2325 713 2357 haeresia,
728 2323 819 2350 missis
833 2323 864 2349 ad
880 2329 958 2349 eum-

178 2373 238 2400 dem
254 2373 427 2407 Serapionem
444 2372 553 2403 litteris,
564 2371 686 2406 pluribus
699 2369 851 2404 exagitavit.
871 2368 959 2396 Novas

179 2424 268 2447 autem
289 2419 422 2453 lucifugae
449 2417 627 2453 Tropicorum
653 2416 760 2443 nomine
789 2416 958 2446 insectatur,

178 2466 240 2499 quia
253 2466 336 2500 tropis
349 2465 494 2499 ﬁgurisque
504 2470 597 2490 sacras
610 2461 918 2489 adulterabantlitteras.
927 2458 959 2486 Hi

178 2509 297 2546 Tropici,
312 2518 345 2537 ex
352 2511 417 2537 Ario
428 2508 561 2544 prognati,
578 2515 638 2534 cum
647 2507 754 2533 Arianis
768 2507 884 2533 maxima
900 2512 962 2540 pars

178 2556 391 2584 consentiebant.
405 2555 471 2582 Nam
489 2553 597 2589 plurimi
609 2553 772 2579 Arianorum
798 2551 853 2585 pari
868 2551 895 2577 in
911 2550 958 2577 ιη-

179 2603 243 2629 lium
255 2607 336 2636 atque
353 2602 380 2628 in
393 2601 524 2635 Spiritum
540 2603 662 2626 sanctum
683 2598 793 2624 Vesania
809 2597 960 2624 debaccha-

178 2650 287 2675 bantur.
299 2647 382 2673 Arius
393 2647 485 2680 igitur,
502 2645 547 2679 qui
562 2648 591 2670 ut
606 2643 697 2670 novali
712 2642 844 2676 dogmatis
871 2641 957 2674 snspi.

177 2695 284 2721 nionem
303 2691 463 2723 declinaret,
476 2690 503 2717 in
516 2690 582 2717 alios
608 2689 748 2716 haereticos
768 2686 959 2714 declamitabat

177 2739 295 2770 assidue,
312 2738 502 2765 hereticorum
516 2736 574 2770 ipse
595 2735 758 2763 deterrimus
776 2733 836 2760 mit.
855 2732 876 2760 A
905 2739 959 2766 quo

177 2785 263 2812 ferme
274 2789 364 2811 ortum
375 2783 477 2810 duxere
493 2788 588 2809 omnes
604 2781 692 2816 quarti
715 2784 742 2807 et
754 2779 842 2814 quinti
868 2778 959 2806 saeculi

214 2887 254 2922 (ι)
267 2885 365 2914 Euseb.
379 2884 508 2921 Pamphil.
524 2889 614 2913 contra
635 2883 802 2916 Marcellum,
815 2889 841 2918 p.
857 2881 901 2909 65.

994 262 1103 285 aetatum
1117 257 1251 284 hareticis
1262 257 1400 289 hauserat,
1409 261 1436 283 et
1446 257 1665 291 simplicioribus,
1677 257 1775 291 quibus

995 311 1043 339 per
1057 303 1139 330 animi
1154 303 1364 330 imbecillitatem
1378 310 1430 330 non
1443 302 1646 330 licebatbonam
1663 310 1676 329 a
1693 310 1776 337 prava

995 347 1118 375 doctrina
1134 349 1328 380 internoscere,
1345 348 1470 374 haustum
1496 355 1628 374 venenum
1651 347 1779 382 propina-

997 394 1052 420 bat.
1079 393 1111 420 Et
1135 400 1197 420 vero
1223 392 1289 427 quid
1314 400 1348 420 ex
1374 393 1494 427 qualibet
1526 393 1621 420 haeresi
1640 397 1779 420 mutuatus

996 440 1078 467 Arius
1095 440 1140 471 sit,
1157 440 1246 466 obiter
1259 444 1453 467 commemorat
1467 439 1640 466 Athanasius.
1652 439 1714 466 Ilaec
1729 446 1779 466 nos

997 488 1091 522 paucis
1115 486 1210 513 lectori
1228 486 1262 513 ob
1284 486 1378 513 oculos
1397 493 1537 520 ponemus,
1564 485 1619 512 orsi
1637 485 1671 512 ab
1686 485 1719 512 iis
1732 485 1779 520 qui

996 532 1092 568 primis
1115 531 1242 559 Ecclesiae
1270 531 1435 565 temporibus
1468 538 1552 558 novas
1580 531 1724 566 opiniones
1751 530 1779 557 in

996 578 1176 606 Christianum
1188 577 1279 604 orbem
1293 577 1464 604 invexerunt.

1033 623 1059 651 6.
1072 623 1202 650 Basilides
1219 623 1330 658 putabat
1355 622 1466 657 angelos
1489 623 1624 650 creavisse
1650 623 1780 650 mundum

998 669 1036 705 (p.
1052 668 1126 704 586),
1141 669 1183 696 cui
1198 668 1249 696 hac
1267 668 1293 695 in
1305 673 1384 703 parte
1401 667 1492 695 amnes
1507 668 1599 695 Ariani
1613 674 1701 700 erant,
1711 669 1782 702 quod

998 716 1049 751 ipsi
1061 714 1151 742 aFilio
1168 714 1224 746 Dei,
1240 721 1281 746 re,
1297 718 1325 740 ut
1337 713 1416 747 impie
1428 714 1688 747 dicebant,condita,
1702 722 1781 741 mun-

998 761 1061 788 dum
1074 765 1195 787 creatum
1213 758 1299 787 fuisse
1314 760 1523 787 arbitrarentur.
1551 759 1668 793 ldipsurn
1691 759 1784 786 docuit

998 805 1174 840 Carpocrates
1204 808 1243 839 (p.
1266 804 1340 839 364),
1358 804 1471 840 ideoque
1486 812 1547 832 eum
1562 804 1619 831 Arii
1646 805 1783 840 magistris

998 848 1243 876 connumerandus.

963 896 983 924 Β
1032 895 1059 921 7.
1077 893 1233 922 Valentinus
1251 901 1303 922 non
1318 894 1398 922 modo
1413 893 1522 929 angelos
1537 902 1644 923 creasse
1652 895 1783 922 mundum

1000 941 1170 974 autumabat,
1184 948 1276 968 verum
1293 942 1376 968 etiam
1400 939 1537 968 Christum
1564 941 1682 975 ejusdem
1703 947 1786 976 atque

999 987 1108 1021 angelos
1125 987 1232 1021 generis
1250 993 1321 1019 esse,
1341 991 1423 1021 atque
1454 993 1485 1013 ea
1507 988 1534 1014 in
1557 994 1586 1014 re
1601 987 1725 1021 proxime
1751 987 1786 1014 ad

999 1031 1126 1058 Arianam
1139 1031 1254 1057 hrcresin
1268 1031 1385 1058 accessit
1401 1030 1439 1066 (p.
1452 1030 1516 1063 564,
1537 1030 1612 1066 586).
1631 1031 1689 1059 Duo
1711 1031 1787 1066 prin-

999 1075 1068 1110 cipia
1083 1075 1109 1102 in
1127 1076 1181 1103 Deo
1199 1076 1361 1111 nugabatur,
1379 1083 1432 1108 qua
1448 1076 1475 1103 in
1498 1081 1575 1111 parte
1592 1084 1654 1104 cum
1676 1076 1787 1104 Arionis

1001 1121 1064 1147 item
1077 1120 1213 1147 consentit
1229 1131 1236 1147 :
1261 1120 1277 1146 ii
1296 1128 1412 1155 namque
1436 1128 1498 1148 cum
1522 1121 1620 1148 Filium
1640 1121 1756 1149 diversae
1772 1130 1786 1149 τι

1001 1164 1081 1192 Patre
1097 1170 1200 1192 natura:
1215 1173 1274 1192 esse
1289 1166 1572 1198 comminiscerentur,
1588 1171 1615 1194 et
1633 1172 1722 1195 tamen
1740 1167 1787 1196 Fi-

1001 1210 1065 1238 lium
1081 1211 1178 1246 ἀρχήν,
1193 1211 1356 1245 principium
1373 1218 1464 1239 rerum
1488 1217 1642 1240 creatarum
1670 1221 1732 1242 esse
1746 1215 1788 1242 di-

1002 1262 1095 1285 cerent
1111 1258 1150 1292 (p.
1165 1257 1239 1292 6H),
1256 1257 1310 1284 duo
1334 1257 1464 1292 principia
1490 1266 1589 1293 genere
1606 1260 1789 1295 discrepantia

1004 1303 1181 1332 inducebant.
1202 1303 1243 1330 Ad
1269 1303 1328 1330 hrec
1358 1303 1540 1332 Valentiniani
1566 1305 1672 1334 litteras
1696 1314 1789 1335 sacras

1003 1350 1192 1377 adulterabant
1205 1349 1242 1385 (p.
1259 1348 1335 1383 503),
1351 1349 1376 1376 in
1395 1357 1448 1384 quo
1460 1350 1555 1378 iisdem
1572 1351 1680 1379 ﬁnitimi
1694 1352 1788 1380 Ariani

1004 1399 1091 1427 erant,
1108 1394 1152 1429 qui
1182 1393 1245 1421 licet
1271 1393 1356 1428 ipsam
1383 1393 1586 1429 Scripturarum
1604 1395 1722 1423 litteram
1737 1404 1790 1424 mt-

1005 1440 1076 1466 nime
1094 1439 1232 1470 vitiarent,
1253 1438 1443 1466 adulterabant
1463 1443 1551 1466 tamen
1566 1440 1599 1467 ad
1616 1448 1726 1475 pravam
1740 1442 1790 1469 do-

1005 1485 1119 1512 ctrinam
1143 1483 1340 1517 detorquendo.
1369 1482 1424 1511 llac
1438 1484 1464 1511 in
1479 1492 1508 1511 re
1522 1492 1629 1520 quoque
1640 1493 1700 1513 cum
1725 1487 1790 1514 Arlo

1006 1537 1139 1560 comonat
1154 1531 1314 1560 Valentinus
1331 1532 1370 1566 (p.
1387 1531 1462 1566 486),
1479 1532 1550 1566 quod
1564 1532 1645 1559 Arius
1659 1532 1715 1560 sive
1733 1531 1791 1567 ejus

968 1578 989 1607 C
1004 1586 1137 1614 sequaces
1153 1577 1246 1605 Ariani
1263 1578 1318 1605 duo
1335 1578 1417 1606 verba
1441 1578 1620 1612 praedicarent
1634 1586 1641 1604 :
1666 1577 1737 1604 aliud
1763 1578 1791 1605 in

1006 1624 1096 1656 Patre,
1112 1623 1263 1650 ἐνδιάθετον
1277 1623 1391 1656 scilicet,
1407 1623 1466 1651 sive
1480 1623 1620 1650 internum
1633 1630 1641 1654 ;
1653 1623 1725 1650 aliud
1740 1630 1792 1650 ex-

1006 1675 1048 1698 tra
1066 1670 1174 1698 Patrem
1190 1669 1356 1705 προφορικόν
1372 1673 1569 1703 nuncupatum,
1596 1669 1654 1696 sive
1675 1669 1790 1704 prolati-

1007 1717 1072 1744 tium
1090 1721 1137 1743 aut
1156 1721 1310 1748 externum,
1324 1722 1383 1750 qua
1401 1719 1489 1742 tamen
1511 1720 1591 1742 voces
1607 1721 1659 1741 non
1676 1721 1709 1741 ex
1734 1715 1792 1742 Arii

1006 1761 1112 1790 officina
1128 1760 1266 1796 profecta,
1285 1761 1333 1788 sed
1348 1759 1432 1787 multo
1443 1759 1615 1794 antiquiores
1630 1763 1711 1792 sunt;
1739 1758 1792 1786 Va-

1007 1809 1124 1836 lentinus
1137 1813 1227 1835 autem
1240 1806 1410 1842 Unigenitum
1425 1809 1504 1833 vocat
1526 1805 1590 1832 νοῦν
1601 1812 1648 1833 seu
1662 1809 1792 1837 mentem.

1007 1859 1088 1888 atque
1100 1853 1134 1881 ab
1145 1861 1178 1881 eo
1196 1853 1275 1887 λόγον
1295 1851 1443 1887 procedere
1467 1851 1545 1884 dicit,
1572 1858 1632 1886 qua
1655 1851 1792 1878 sententia

1008 1908 1069 1928 cum
1088 1900 1188 1927 Ariana
1206 1899 1291 1934 probe
1302 1901 1443 1926 consonat.
1456 1897 1521 1924 Cum
1537 1896 1794 1925 Pneumatomacbis

1008 1948 1071 1975 item
1086 1947 1154 1974 mira
1173 1945 1315 1973 Valentino
1330 1944 1448 1972 aﬁlnitas
1465 1943 1504 1979 (p.
1518 1943 1602 1978 527);
1619 1943 1657 1969 ait
1672 1943 1792 1978 quippe:

1008 1992 1090 2020 Misso
1103 1991 1257 2025 Paracleto,
1275 1998 1327 2018 una
1345 1997 1406 2017 cum
1427 1996 1459 2017 eo
1480 1996 1586 2016 cozevos
1604 1989 1655 2023 ipsi
1682 1988 1794 2023 angelos

1008 2039 1093 2066 fuisse
1110 2039 1219 2070 missos,
1249 2036 1288 2063 illi
1318 2043 1383 2063 vero
1398 2035 1616 2062 comministrum
1632 2033 1789 2068 angelorum

1009 2084 1138 2119 Spiritum
1167 2089 1292 2112 sanctum
1317 2089 1378 2110 esse
1409 2081 1490 2115 impie
1505 2079 1793 2107 comminiscebantur.

1009 2130 1180 2158 Valentinum
1203 2130 1230 2157 in
1256 2129 1360 2156 crimen
1385 2128 1520 2155 vocabant
1546 2126 1640 2153 Ariani
1658 2125 1698 2159 (p.
1712 2124 1793 2160 i583),

1009 2178 1079 2212 quod
1093 2176 1232 2203 docuisset
1246 2174 1346 2202 Filium
1365 2181 1424 2201 esse
1435 2172 1524 2200 Patris
1537 2170 1684 2208 προϐολήν,
1705 2170 1731 2197 id
1742 2174 1794 2202 est,

1012 2230 1069 2250 rem
1083 2222 1221 2254 emissam,
1234 2228 1294 2255 quae
1308 2225 1400 2247 tamen
1413 2218 1560 2249 sententia,
1575 2217 1626 2244 nisi
1644 2216 1678 2243 ab
1706 2216 1796 2243 bare-

1013 2269 1081 2301 ticis,
1094 2273 1222 2302 corrupta
1234 2271 1325 2294 mente
1337 2265 1470 2300 praeditis,
1486 2271 1518 2291 ac
1532 2263 1578 2290 vix
1596 2262 1734 2296 quidpiam
1748 2269 1790 2288 sa-

1011 2323 1073 2342 num
1090 2313 1295 2342 admittentibus
1307 2312 1429 2347 proiecta
1443 2314 1525 2342 esset,
1538 2308 1653 2344 benigne
1679 2308 1796 2336 fortasse

1010 2360 1138 2394 explicari
1155 2364 1254 2394 posset.
1267 2358 1332 2385 Erat
1345 2358 1408 2384 item
1423 2355 1581 2383 Valentinus
1596 2362 1628 2381 ex
1641 2361 1735 2381 eorum
1748 2361 1796 2380 ηιμ

1012 2415 1097 2438 mero,
1109 2406 1153 2440 qui
1166 2406 1288 2432 dicerent
1298 2403 1434 2431 Christum
1445 2402 1554 2437 δοκήσει
1564 2405 1667 2427 tantum
1679 2399 1795 2434 (p.728),

1013 2455 1039 2482 id
1059 2458 1110 2486 est,
1127 2452 1183 2480 sola
1196 2451 1285 2486 specie
1301 2454 1328 2477 et
1342 2449 1482 2485 phantasia
1496 2449 1602 2474 venisse
1616 2447 1642 2473 in
1656 2445 1795 2478 mundum;

1015 2502 1197 2528 commentum
1217 2495 1358 2523 Valentino
1372 2495 1526 2528 antiquius,
1549 2498 1576 2520 et
1598 2497 1659 2528 post
1674 2491 1796 2519 Valenti-

1014 2553 1076 2573 num
1093 2545 1165 2572 inter
1191 2541 1394 2569 Dimteritarum
1421 2547 1529 2567 errores
1557 2542 1796 2566 connumeratum.

1012 2591 1145 2620 Putabant
1160 2588 1224 2615 item
1238 2586 1419 2614 Valentiniani
1438 2586 1475 2620 (p.
1493 2584 1555 2618 745)
1567 2583 1676 2610 Patrem
1690 2587 1717 2609 et
1735 2581 1797 2617 Spi-

1012 2638 1093 2664 ritum
1108 2638 1231 2662 sanctum
1246 2637 1366 2666 gestasse
1381 2638 1502 2658 carnem.
1518 2629 1551 2656 Et
1567 2629 1589 2657 si
1601 2635 1796 2662 nonnunquam

1011 2683 1045 2711 iis
1069 2681 1213 2717 pugnantia
1237 2680 1338 2706 sentire
1353 2676 1604 2712 deprehendantur,
1629 2674 1655 2701 id
1676 2673 1798 2700 solemne

1013 2728 1148 2757 haereticis
1165 2731 1216 2759 est,
1236 2731 1274 2757 ut,
1289 2725 1391 2751 amisso
1405 2722 1488 2750 semel
1511 2721 1636 2749 veritatis
1663 2719 1773 2746 tramite
1786 2737 1795 2748 .

1013 2776 1066 2803 huc
1086 2774 1147 2802 illuc
1159 2774 1298 2804 oberrent,
1317 2773 1344 2798 et
1359 2776 1393 2797 ne
1406 2776 1497 2797 secum
1514 2768 1621 2802 quidem
1644 2764 1796 2793 consistere
