2000 3045
218 158 299 180 ΣῚῙΣΠ

219 211 322 246 possint
334 217 341 236 :
355 213 437 243 atque
447 207 511 235 item
521 205 651 240 contingit
662 205 831 239 plerumque,
839 200 995 236 utejusdem
1011 202 1034 230 Α

217 261 299 284 sectze
316 254 439 282 homines
454 253 498 280 alii
508 252 582 279 aliud
597 249 802 286 apprehendant
813 267 821 280 ,
850 252 877 275 et
894 247 1000 274 diversa

219 302 367 336 proferant.
380 299 512 327 Caeterum
529 297 688 325 Ptolemmus
702 294 838 323 Valentini
854 291 1001 328 discipulus

219 347 287 375 dixit
303 347 375 381 (pag.
388 344 462 379 182),
479 352 540 371 cum
552 343 685 378 ἀγενήτῳ,
701 342 758 368 sive
777 348 839 367 cum
856 339 922 370 Deo,
948 338 1001 364 duo

219 392 363 426 conjuncta
379 398 451 422 esse,
472 390 599 417 nimirum
613 388 805 423 cogitationem
829 390 857 412 et
878 384 1001 412 volunta-

221 442 274 464 tem
289 446 295 463 :
314 443 345 463 ac
357 436 472 470 primum
484 435 628 469 cogitasse,
637 433 733 461 deinde
744 432 870 463 voluisse,
882 437 931 457 nec
942 436 1002 464 quae

219 481 350 516 cogitaret
362 481 481 515 potuisse
496 479 628 515 proferre,
647 478 698 505 nisi
716 481 859 512 postquam
876 475 1001 502 volunta-

221 526 256 553 tis
267 526 353 553 virtus
372 530 536 552 accesserat.
548 524 617 551 llinc
631 530 706 554 sane,
727 520 901 555 subsequitur
919 519 1002 546 Atha-

221 571 322 603 nasius,
336 571 485 598 doctrinam
499 578 575 597 suam
591 568 703 596 mutuati
719 567 823 598 Ariani,
839 565 1001 593 voluntatem

220 621 248 644 et
264 617 406 644 arbitrium
428 616 517 643 Verbo
536 615 632 650 przeire
648 614 750 641 volunt.
764 612 830 639 Nam
843 612 924 646 impie
938 618 1003 638 cen-

220 663 318 690 sebant
332 662 438 695 Ariani,
455 661 592 688 voluntate
607 664 635 687 et
663 658 778 686 consilio
804 657 910 684 Patrem
925 663 1003 683 crea-

223 708 292 736 visse
308 708 426 735 Verbum
440 715 529 734 suum.

256 753 284 781 8.
303 753 422 780 Marcion
453 751 648 784 monarchiam,
671 751 696 777 id
715 755 758 778 est
782 750 911 778 unitatem
928 748 1003 784 prin-

221 800 285 836 clpii
314 800 341 826 in
364 799 428 831 Deo,
452 799 478 825 in
504 798 553 824 tria
570 796 701 831 principia
721 796 842 827 secabat,
857 803 909 830 qua
929 795 956 822 in
974 801 1003 821 re

221 853 283 872 cum
301 845 409 872 Arianis
429 848 456 871 et
478 842 730 878 pneumatomachis
751 841 907 869 consentire
926 840 1002 867 vide-

222 896 276 918 tur.
295 890 320 918 Is
330 889 413 918 Vetus
428 889 630 917 Testamentum
645 887 776 923 negabat;
808 893 835 914 et
851 894 912 914 cum
943 886 1002 913 aliis

222 936 346 971 superius
367 935 524 963 memoratis
549 934 686 962 haereticis
715 933 866 960 aliirmabat
893 933 1004 967 angelos

1018 871 1038 899 Β

222 989 331 1010 creasse
346 981 486 1008 mundum.
498 980 572 1008 Dixit
583 979 675 1012 etiam,
691 979 827 1007 Christum
839 986 891 1006 non
913 986 1005 1006 verum

221 1035 332 1062 corpus,
346 1027 394 1055 sed
407 1026 613 1054 similitudinem
639 1024 760 1058 corporis
774 1028 894 1058 gestasse
908 1043 915 1054 ,
933 1024 1005 1056 quod

224 1073 274 1099 fuit
285 1072 349 1099 item
365 1071 568 1098 Dimasritarum
595 1073 776 1097 commentum
794 1070 840 1102 (p.
857 1067 920 1100 182,
941 1067 1006 1100 215,

222 1117 287 1149 386.
297 1116 371 1152 ut).
437 1146 444 1153 _

257 1163 286 1191 9.
303 1163 439 1198 Phrygum
453 1169 500 1190 seu
515 1161 742 1189 Montanistarum
757 1159 918 1188 sententiam
934 1159 1005 1186 hanc

211 1209 267 1237 .ait.
278 1216 339 1236 esse
353 1209 392 1244 (p.
404 1208 478 1242 475),
490 1207 637 1243 prophetas
647 1211 675 1233 et
689 1206 757 1233 alios
769 1205 842 1233 verbi
855 1205 1006 1236 ministros,

224 1262 286 1282 cum
301 1262 332 1281 ea
343 1261 403 1289 qua:
429 1257 522 1288 agunt,
539 1257 594 1280 tum
611 1260 642 1280 ea
666 1259 726 1286 qua:
751 1251 915 1278 annuntiant
930 1251 1007 1285 igno-

225 1307 255 1327 ra
259 1307 296 1327 re.

261 1345 307 1372 10.
318 1344 487 1372 Manichasos
514 1344 664 1379 saepissime
679 1347 873 1371 commemorat
889 1342 1008 1370 Athana-

225 1391 291 1423 sius,
307 1391 478 1425 haeresiaque
499 1390 617 1422 illorum,
635 1394 664 1416 ut
677 1390 832 1417 dicebamus
845 1409 852 1421 ,
879 1389 1007 1424 peculiari

224 1437 342 1471 quodam
353 1443 434 1471 opere
452 1435 615 1464 confutavit.
639 1435 656 1462 li
670 1437 722 1462 duo
745 1435 876 1470 principia
894 1435 1008 1462 induce-

225 1483 300 1515 bant,
315 1482 421 1517 duoque
433 1482 578 1517 ἀγέννητα,
593 1489 676 1508 unum
695 1482 806 1513 bonum,
823 1481 940 1508 alterum
954 1488 1009 1508 ma-

875 138 1126 168 PROLEGOMENA
1131 158 1139 167 .

1048 199 1190 230 πόςτατον.
1209 197 1235 224 id
1249 201 1291 225 est
1305 217 1312 230 ,
1341 197 1399 224 sine
1412 195 1563 232 hypostasi,
1583 199 1611 223 et
1624 195 1755 231 Spiritum
1770 203 1834 225 san-

1052 250 1123 272 ctum
1138 243 1321 279 ἀνύπαρκτον,
1332 242 1436 270 scilicet
1453 242 1512 269 sine
1527 233 1697 269 exsisteutia.

1086 291 1130 317 12.
1149 289 1249 317 Paulus
1261 289 1454 315 Samosatenus
1474 287 1623 314 doctrinam
1651 291 1770 314 sectatus
1793 293 1835 314 est

1051 337 1168 364 Arteiute
1188 334 1340 369 cujusdam,
1361 332 1524 359 aldrmautis
1539 331 1677 359 Christum
1692 339 1752 359 esse
1776 340 1834 359 me-

1052 389 1110 408 rum
1129 380 1274 408 hominem.
1290 379 1311 405 Δ
1327 386 1381 413 quo
1399 379 1520 411 Artema,
1542 378 1598 404 sive
1621 378 1781 409 Artemone,
1798 379 1836 404 ait

1051 427 1214 456 Athanasius
1228 426 1266 462 (p.
1276 426 1340 460 586)
1354 425 1440 460 posita
1451 424 1532 452 fuisse
1541 424 1714 451 fundamenta
1728 424 1836 451 Arianae

1052 474 1193 501 lnereseos.
1213 472 1313 500 Paulus
1329 476 1419 498 autem
1437 470 1632 498 Samosatenus
1643 470 1742 502 aiebat,
1756 470 1835 497 Chri-

1051 524 1122 547 stum
1138 527 1190 546 uon
1206 518 1291 546 fuisse
1305 521 1448 551 antequam
1463 516 1549 548 ﬁeret,
1572 521 1599 542 et
1613 516 1748 543 hominem
1775 519 1836 542 tan-

1053 569 1107 592 tum
1121 572 1181 591 esse
1193 563 1305 598 perinde
1323 568 1404 596 atque
1418 568 1530 589 ceteros
1541 561 1677 594 homines,
1694 566 1775 596 atque
1787 561 1837 588 Pa-

1054 611 1086 638 tri
1103 615 1243 637 externum
1259 609 1297 644 (p.
1312 608 1375 642 559,
1386 607 1448 641 519,
1460 607 1522 640 579,
1535 607 1600 639 175,
1612 606 1684 642 180).
1698 606 1736 633 Ex
1756 607 1838 633 disci-

1052 653 1123 689 pulis
1143 660 1223 687 porro
1236 653 1295 688 ejus
1307 657 1385 680 erant
1403 652 1512 686 quidam
1537 652 1665 686 magistro
1680 652 1738 686 ipso
1753 659 1837 686 nuga-

1052 701 1149 732 ciores,
1162 700 1207 734 qui
1220 697 1336 726 Verbum
1353 706 1368 724 a
1382 697 1452 724 Filio
1466 702 1635 732 separarent.
1654 697 1688 724 Ut
1697 697 1734 724 ait
1747 703 1836 724 autem

1052 747 1214 774 Athanasius
1228 746 1264 781 (p.
1275 744 1348 779 606),
1365 743 1408 772 cui
1421 743 1519 770 accinit
1536 742 1648 770 Basilius
1663 742 1711 778 (a),
1722 743 1781 770 ideo
1791 742 1838 769 Pa-

1054 797 1108 819 tres
1120 791 1278 818 Antiocheni
1291 799 1382 819 vocem
1391 790 1533 826 ὀμωύσιον
1543 789 1760 824 repudiaverunt,
1775 789 1838 823 quia

1054 837 1155 864 Paulus
1165 837 1283 871 argutari
1293 836 1364 863 vellet
1375 845 1405 863 ac
1413 836 1518 862 diceret:
1526 835 1554 862 Si
1565 834 1683 862 Christus
1693 842 1744 860 non
1750 842 1781 860 ex
1789 834 1838 860 lio-

1055 886 1122 911 mine
1133 884 1201 911 Deus
1217 883 1303 916 factus
1328 887 1375 915 est,
1387 890 1446 917 ergo
1460 880 1688 908 consubstantialis
1699 884 1735 906 est
1753 878 1836 912 Patri,

1055 935 1130 965 atque
1145 929 1204 955 hinc
1214 937 1315 956 necesse
1322 933 1359 955 est
1371 933 1422 960 tres
1432 935 1485 955 esse
1496 927 1667 958 substantias,
1677 933 1756 952 unam
1768 925 1839 960 prio-

1055 987 1127 1012 rem,
1145 980 1212 1006 duas
1230 987 1288 1006 vero
1314 986 1347 1005 ea;
1363 977 1411 1004 illa
1435 976 1614 1011 procedentes.
1636 974 1750 1009 Ideoque
1772 974 1838 1000 illud

1056 1024 1135 1052 Pauli
1162 1024 1296 1059 sophisma
1321 1027 1438 1050 caventes
1455 1022 1544 1048 dicere
1565 1019 1700 1047 Christum
1718 1027 1769 1046 non
1785 1027 1840 1047 esse

1056 1068 1322 1100 consubstantialem;
1336 1067 1492 1102 nequeenim
1505 1065 1593 1092 Filius
1607 1066 1644 1092 ita
1657 1072 1718 1100 erga
1731 1063 1838 1091 Patrem

1056 1123 1083 1141 se
1096 1114 1184 1147 habet,
1200 1118 1228 1140 ut
1244 1113 1288 1140 ille
1300 1113 1443 1148 cogitabat.

1093 1160 1136 1187 l3.
1151 1159 1297 1187 Rhetorius
1307 1158 1450 1194 Egyptius
1470 1157 1583 1193 prodigii
1599 1157 1716 1185 similem
1734 1156 1839 1184 induxit

1057 1205 1233 1237 sententiam,
1258 1212 1340 1239 quam
1367 1208 1501 1231 memorat
1529 1202 1701 1230 Philastrius.
1725 1202 1840 1230 Putabat

1057 1252 1128 1279 enim
1145 1258 1240 1279 onmes
1267 1250 1384 1277 haereses
1413 1249 1542 1285 optimas,
1569 1256 1666 1277 omnes
1699 1249 1840 1276 haereticos

1058 1299 1140 1332 probe
1155 1297 1266 1324 sentire.
1278 1296 1342 1329 Quae
1353 1295 1486 1323 sententia
1503 1295 1539 1322 ita
1550 1300 1706 1330 portentosa
1722 1295 1841 1322 Athana-

1058 1344 1099 1370 sio
1116 1343 1222 1370 videtnr
1237 1343 1274 1376 (p.
1292 1341 1369 1377 759),
1392 1346 1420 1368 ut
1442 1349 1475 1368 ne
1497 1348 1710 1373 commemorare
1732 1342 1840 1376 quidem

1058 1390 1141 1424 ipsam
1157 1389 1233 1415 velit.
1249 1388 1333 1423 Hujus
1350 1392 1513 1415 sectatorum
1531 1395 1664 1414 summam
1684 1386 1840 1423 infrequen-

1059 1436 1123 1462 tiam
1138 1435 1221 1462 fuisse
1246 1434 1393 1462 verisimile
1414 1439 1466 1462 est.
1490 1433 1558 1461 Nam
1569 1434 1666 1468 exigua
1692 1434 1843 1470 permansit

1059 1481 1176 1508 hominis
1189 1481 1329 1508 memoria.

226 1528 293 1556 tum.
311 1528 338 1555 ln
353 1527 405 1555 hoc
419 1527 514 1555 attines
541 1527 661 1559 Arianis,
682 1526 753 1561 quod
777 1527 849 1554 sicut
862 1526 1006 1554 Μωίείιωί
1021 1537 1044 1568 c
1095 1527 1139 1554 14.
1153 1526 1283 1554 Hieracas
1294 1526 1357 1553 item
1378 1525 1520 1562 Egyptius
1534 1526 1623 1555 aiebat
1634 1527 1731 1555 Filium
1748 1535 1782 1556 ex
1792 1527 1843 1555 Pa-

226 1574 309 1601 Deum
323 1573 405 1600 alium
428 1573 575 1600 commenti
593 1577 674 1604 sunt,
692 1572 737 1606 qui
758 1573 849 1600 omnia
866 1572 916 1600 sub
928 1580 1009 1607 aspe-

225 1623 298 1646 ctum
308 1618 432 1645 cadentia
446 1617 598 1645 condiderit
606 1617 644 1653 (p.
653 1617 718 1650 401,
731 1616 793 1650 402)
807 1625 814 1649 ;
831 1617 866 1644 ita
878 1622 906 1646 et
916 1617 1009 1644 Ariani

226 1669 324 1698 praeter
340 1663 458 1690 Verbum
475 1663 546 1697 quod
559 1666 601 1689 est
620 1662 647 1688 in
668 1661 759 1694 Patre.
776 1662 848 1690 aliud
865 1662 917 1689 sibi
942 1661 1009 1690 Ver-

227 1710 302 1741 bum,
322 1709 474 1744 Filiumque
487 1709 606 1736 onmium
625 1709 792 1736 conditorem
807 1709 1008 1744 sxcogitarunt.

225 1755 267 1782 Ad
281 1755 337 1782 haec
347 1759 448 1785 autem,
464 1755 514 1782 hos
528 1753 736 1782 Manichaaorum
754 1761 863 1782 errores
887 1755 969 1782 variis
983 1755 1010 1783 in

226 1799 295 1827 locis
305 1800 343 1833 (p.
359 1799 421 1831 215,
437 1798 501 1831 502,
514 1799 576 1830 505,
597 1798 650 1826 560
661 1819 670 1831 ,
683 1799 734 1825 724
744 1819 752 1833 ,
770 1800 820 1827 757
836 1820 843 1833 ,
857 1800 908 1827 745
921 1821 929 1833 ,
946 1800 1010 1832 475,

226 1844 291 1878 585,
305 1844 369 1876 222)
383 1849 525 1872 enumerat
539 1845 716 1872 Athanasius.
725 1845 870 1874 Manichmi
887 1846 971 1882 legem
984 1851 1011 1873 et

227 1889 311 1917 Vetus
335 1889 538 1917 Testamentum
565 1891 710 1925 negabant,
736 1891 893 1926 Scripturas
918 1899 1010 1919 sacras

227 1935 428 1968 adulterabant,
443 1935 560 1963 Verbum
572 1943 682 1963 carnem
700 1943 760 1963 esse
778 1937 889 1970 factum,
914 1945 1010 1972 corpo-

228 1987 358 2015 reamque
372 1980 446 2008 illius
456 1980 600 2008 adventum
617 1980 823 2016 iuticiabantur;
837 1983 884 2010 sed
900 1982 1008 2019 δοκήσει

228 2033 276 2054 seu
288 2026 377 2060 specie
387 2026 476 2053 solum
492 2026 633 2054 advenisse
645 2026 811 2055 dictitabant.
831 2027 915 2062 Cujus
931 2033 1011 2056 natu-

226 2078 298 2103 ram,
314 2077 367 2097 non
390 2077 454 2097 vero
477 2069 587 2106 πρᾶξιν,
613 2077 753 2105 peccatum
769 2079 830 2100 esse
845 2073 924 2108 impie
938 2074 1011 2101 adir-

229 2116 340 2144 mabant
352 2124 359 2142 :
373 2123 437 2143 nam
451 2115 559 2144 aiebant
571 2121 712 2151 peccatum
721 2124 754 2144 ex
763 2122 859 2145 natura
872 2126 942 2146 esse.
956 2118 1011 2146 Nu-

228 2161 361 2196 gabantur
376 2161 495 2197 insuper,
519 2169 554 2189 ex
578 2162 728 2197 ignorantia
744 2163 886 2198 quaesiisse
901 2164 984 2192 Deum
1001 2185 1008 2197 ,

1060 1578 1101 1600 tre
1117 1579 1188 1605 esse,
1209 1576 1238 1598 ut
1256 1572 1393 1599 lucernam
1409 1579 1444 1599 ex
1460 1572 1582 1605 lucerna,
1606 1577 1636 1600 ut
1650 1572 1800 1608 lampadem
1814 1573 1842 1600 in

1059 1619 1112 1646 duo
1128 1618 1282 1646 distinctam
1300 1617 1338 1653 (p.
1359 1618 1434 1650 583).
1449 1618 1514 1651 Quae
1531 1623 1621 1647 tamen
1647 1618 1757 1647 tolerari
1773 1618 1844 1647 forte

1059 1664 1223 1700 potuissent,
1251 1664 1304 1691 uisi
1323 1663 1468 1692 insolentia
1486 1665 1551 1693 dicti
1567 1665 1593 1692 in
1611 1665 1791 1701 suspicionem
1803 1674 1844 1694 er-

1061 1710 1133 1738 roris
1145 1713 1300 1737 vocaretur.
1314 1709 1355 1736 Ad
1364 1709 1422 1737 haec
1435 1714 1537 1742 autem,
1552 1710 1575 1737 si
1590 1709 1768 1738 ﬁdesauctori
1783 1711 1843 1738 libri

1060 1755 1159 1782 Contra
1172 1763 1258 1782 omnes
1268 1755 1389 1788 haereses,
1403 1755 1449 1790 qui
1462 1755 1532 1782 inter
1545 1755 1636 1790 spuria
1650 1756 1788 1791 ablegatus
1804 1761 1845 1784 est

1061 1800 1091 1832 (t.
1107 1798 1127 1825 ll
1140 1798 1199 1835 [Ν]
1211 1820 1218 1831 ,
1238 1806 1265 1834 p.
1285 1798 1366 1834 186),
1386 1799 1493 1833 nuptias
1507 1799 1795 1835 rejiciebatHieracas,
1812 1809 1844 1829 ac

1062 1843 1142 1872 Vetus
1156 1844 1357 1872 Testamentum
1370 1845 1496 1880 negabat.

1097 1890 1141 1917 15.
1156 1889 1256 1918 Meletii
1271 1890 1360 1918 nullus
1374 1891 1451 1918 initio
1461 1898 1540 1918 error
1558 1898 1652 1920 contra
1668 1892 1749 1920 ﬁdem
1762 1899 1820 1921 erat
1836 1904 1842 1921 :

1060 1937 1106 1964 sed
1118 1937 1235 1964 hominis
1246 1937 1373 1970 ambitus,
1387 1939 1486 1970 scelus,
1498 1939 1645 1972 protervia,
1661 1943 1745 1967 totam
1761 1939 1846 1976 Egy-

1060 1987 1133 2016 ptum
1157 1982 1184 2009 in
1203 1983 1385 2017 perniciosum
1401 1983 1543 2011 dissidium
1558 1984 1684 2018 conjecit.
1702 1984 1800 2013 Verum
1815 1987 1842 2014 in

1060 2029 1183 2056 ordinem
1195 2037 1210 2056 a
1223 2029 1328 2064 synodo
1341 2029 1449 2057 Nicena
1467 2029 1569 2057 redacti
1589 2030 1733 2064 Meletiani,
1749 2032 1846 2059 stimu-

1061 2074 1133 2102 laute
1153 2074 1247 2102 dolore
1269 2075 1377 2102 amissas
1396 2075 1553 2109 dignitatis,
1573 2076 1729 2106 societatem
1751 2079 1845 2108 ineunt

1060 2127 1121 2148 cum
1134 2120 1260 2153 Arianis,;
1276 2124 1305 2148 et
1318 2121 1381 2148 dum
1394 2121 1546 2149 communis
1558 2123 1596 2150 rei
1615 2125 1740 2158 gerendas
1753 2127 1842 2154 studio

1061 2168 1168 2191 mutuas
1176 2165 1386 2200 darentoperas,
1402 2166 1511 2194 demum
1525 2166 1702 2199 Meletianiex
1710 2169 1845 2206 frequenti

229 2206 315 2246 Adam
326 2206 370 2233 ubi
381 2214 407 2233 es
420 2206 433 2233 2
457 2211 484 2234 et
497 2215 505 2234 :
520 2205 571 2234 Ubi
583 2212 621 2234 est
646 2207 711 2235 Abel
731 2208 815 2242 [ratur
831 2210 914 2237 tuus}
934 2210 963 2237 Si
975 2210 1011 2237 sit
1025 2208 1048 2237 D
1061 2211 1224 2238 Arianorum
1240 2219 1289 2239 usu
1303 2216 1331 2238 et
1345 2211 1529 2240 familiaritate
1546 2221 1618 2241 verat
1635 2214 1697 2242 fidei
1707 2205 1844 2250 jacturam

229 2251 337 2279 Arianis
354 2252 431 2285 fides,
446 2253 558 2287 putabat
581 2253 744 2282 Manichacus
757 2274 764 2287 ,
793 2254 883 2283 Patris
909 2256 1010 2291 prolem

229 2305 290 2326 esse
304 2302 408 2333 partem
419 2297 476 2332 eius
486 2298 699 2334 ἰρείόμοούσιον.
713 2299 824 2328 Demum
839 2301 878 2328 ait
890 2301 995 2329 Athana
1007 2316 1011 2321 -

230 2343 297 2376 sius,
313 2351 396 2379 penes
416 2344 577 2373 Manichaos
590 2345 692 2372 nullam
707 2352 768 2374 esse
785 2346 1010 2380 misericordiam,

230 2396 342 2424 remque
360 2396 484 2424 perosam
500 2391 566 2426 ipsis
582 2398 641 2418 esse
660 2398 806 2426 pauperem
822 2393 957 2422 miserari.

265 2435 310 2462 11.
322 2435 431 2463 Sabellii
445 2436 556 2464 haeresis
569 2437 706 2472 disparata
734 2438 843 2466 omnino
855 2438 889 2466 ab
896 2438 1010 2472 Ariana,

231 2480 258 2507 in
271 2487 303 2508 eo
318 2481 370 2508 sita
385 2485 454 2514 erat,
472 2482 543 2517 quod
563 2481 674 2515 diceret,
695 2482 795 2510 nullam
814 2483 841 2511 in
870 2483 926 2512 Deo
952 2492 1012 2513 esse

232 2535 404 2562 personarum
418 2528 629 2562 distinctionem,
641 2529 778 2565 Deumque
790 2538 843 2557 non
859 2531 1012 2566 ὀμοούσιον,

232 2572 278 2599 sed
290 2573 450 2608 μονωύσιον
474 2581 544 2608 esse,
571 2575 597 2602 id
613 2579 654 2602 est
672 2583 726 2602 non
743 2576 1012 2611 consubstantialem,

231 2617 279 2645 sed
292 2618 371 2645 unius
385 2623 412 2645 et
422 2619 542 2653 ejusdem
557 2619 715 2647 substantiae
729 2627 782 2648 non
801 2621 936 2649 distinctae
950 2630 1013 2657 per-

230 2663 317 2690 sonis.
332 2663 464 2691 Nimirum
478 2672 560 2692 unum
578 2665 673 2698 Deum,
694 2673 777 2701 penes
800 2667 877 2694 varia
903 2667 990 2695 ofﬁcia
1003 2688 1010 2701 ,

233 2707 349 2740 Patrem,
364 2707 482 2736 Verbum
494 2717 541 2737 seu
553 2710 660 2743 Filium,
681 2716 708 2739 et
726 2709 857 2746 Spiritum
886 2718 1010 2741 sanctum

232 2753 381 2788 nuncupari
396 2754 435 2789 (p.
450 2753 511 2789 182,
527 2755 602 2791 205).
615 2756 683 2784 Nam
699 2758 813 2787 vocabat
825 2757 923 2787 Filium
943 2760 1008 2787 ἀνυ-

267 2856 307 2886 la)
326 2855 410 2885 Basil.
422 2857 500 2891 epist.
516 2859 578 2888 300.

1062 2258 1192 2286 fecerunt.
1206 2257 1306 2286 Horum
1319 2258 1431 2286 historia
1443 2259 1564 2293 pluribus
1573 2260 1599 2287 in
1614 2259 1677 2288 Vita
1690 2261 1827 2291 Athanasii
1835 2271 1845 2294 .'

1063 2304 1238 2338 quamobrem
1253 2304 1344 2332 missis
1355 2304 1427 2336 aliis,
1445 2304 1575 2333 famosam
1591 2306 1666 2334 illam
1682 2307 1714 2335 de
1730 2310 1846 2344 receptis

1064 2350 1090 2376 in
1102 2349 1208 2377 Nician:
1223 2351 1326 2386 synodo
1340 2351 1493 2378 Meletianis
1508 2353 1684 2386 quaestionem
1705 2354 1792 2382 obiter
1801 2362 1844 2382 at-

1064 2395 1209 2430 tingamus.
1225 2397 1303 2431 Apud
1321 2397 1520 2424 Theodoretum
1535 2397 1618 2432 igitur
1629 2399 1656 2426 in
1668 2400 1783 2435 epistola
1799 2401 1846 2428 Ni-

1064 2449 1145 2470 caznze
1158 2442 1251 2477 synodi
1268 2441 1366 2476 fertur,
1378 2450 1425 2471 eos
1436 2445 1484 2479 qui
1502 2451 1516 2472 a
1532 2444 1638 2472 Meletio
1649 2446 1766 2474 ordinati
1777 2446 1846 2474 fuis-

1065 2493 1135 2522 sent,
1150 2489 1285 2517 sanctiore
1310 2497 1438 2517 manuum
1462 2491 1634 2526 impositione
1661 2494 1845 2525 confirmatos,

1066 2535 1255 2572 μυστικωτέρᾳ
1280 2537 1434 2573 χειροτονίᾳ
1451 2537 1648 2572 βεϐαιωθὲντας
1665 2539 1699 2566 ad
1725 2546 1846 2567 commu-

1065 2580 1175 2608 nionem
1198 2581 1276 2608 statis
1293 2582 1494 2610 conditionibus
1505 2583 1638 2611 admissos
1661 2584 1755 2612 fuisse.
1777 2584 1845 2613 Hinc

1063 2627 1266 2660 controversiae,
1284 2628 1346 2655 hinc
1360 2635 1455 2664 pugna
1471 2638 1478 2656 τ
1496 2629 1557 2657 aliis
1571 2630 1683 2658 collatas
1702 2638 1751 2665 per
1766 2630 1845 2658 Mele~

1063 2672 1129 2700 tium
1143 2673 1337 2706 ordinationes,
1353 2674 1445 2703 irritas
1462 2676 1674 2710 arbitrantibus;
1693 2676 1754 2704 aliis
1769 2684 1846 2705 veras

1061 2718 1246 2753 opinantibus,
1258 2719 1304 2748 sed
1320 2720 1376 2748 ritu
1389 2721 1507 2756 quodam
1523 2723 1706 2750 conﬁrmatas.
1717 2722 1846 2751 Nonnihil

1061 2763 1176 2793 fortasse
1185 2765 1251 2793 lucis
1265 2765 1327 2793 huic
1333 2767 1524 2797 controversia:
1531 2767 1642 2796 atl'erant
1656 2769 1712 2796 haec
1726 2767 1846 2796 Pseudo—
