2000 3045
671 158 854 185 PREFATIO
875 157 1046 186 EDlTiONIS
1065 157 1316 186 BENEDICTth‘E.

1721 167 1791 187 XXXV

175 219 273 249 Justini
295 220 378 248 verba
400 218 438 256 (α)
456 218 527 246 ;Τοῦ
536 219 673 255 αἱρετικοῦ
684 219 730 246 ἐπὶ
749 219 797 254 τὴν
811 218 958 255 ὀρθοδοξῐαιι

1015 219 1130 246 Basilius
1141 219 1212 246 enim
1227 219 1318 246 multis
1330 218 1356 246 in
1367 218 1433 246 locis
1443 225 1538 253 aspere
1547 218 1794 248 hominemviolata‘.

176 266 323 302 ἐρχομένου
340 265 370 292 τὸ
383 265 493 301 σφάλμα
502 265 653 300 διορθοῦται
661 273 668 280 ο
685 265 734 300 τῆς
745 265 792 301 μὲν
803 265 959 298 κακοδοξίας

175 314 209 348 τῇ
228 312 376 348 μεταθέσει
401 311 448 338 τοῦ
472 312 658 347 φρονήματοςδ
675 311 720 338 τοῦ
734 311 762 337 δὲ
776 311 959 346 βαπτίσματος

175 360 208 394 τῇ
225 358 361 394 ὲπιχρίσει
374 358 420 384 τοῦ
432 358 509 392 ἁγίου
522 358 618 393 μύρον
633 358 683 392 τῆς
702 357 730 384 δὲ
745 357 909 393 χειροτονίας
925 358 958 392 τῇ

175 404 339 441 χειροθεσίᾳ·
351 405 398 430 καὶ
412 404 487 430 οὐδὲν
496 403 549 430 τῶν
559 404 641 431 πάλαι
652 404 726 439 μένει
736 403 842 430 ἄλυτον.
858 403 884 430 ΙιΙ
900 408 955 429 est:

175 450 241 478 Cum
256 449 392 477 haereticus
414 451 449 475 ad
464 457 555 476 sanam
569 449 647 483 ﬁdem
661 450 771 480 accedit,
791 449 828 475 sic
842 453 959 475 erratum

176 495 232 529 ejus
246 500 375 530 purgatur
388 503 397 521 :
411 502 500 528 prome
511 494 638 520 doctrina:
650 494 745 520 scilicet
759 494 886 520 mutando
900 501 959 520 aen-

175 544 301 574 tentiam;
319 542 483 577 baptismatis
498 550 545 576 per
561 542 688 576 unguenti
703 542 773 568 sacri
793 542 959 574 unctionem;

176 588 350 616 ordinationis
374 596 432 614 vero
448 596 494 621 per
513 596 637 614 manuum
660 588 864 622 impositionem,
879 590 916 615 ita
931 593 958 615 ut

178 633 246 661 nihil
262 641 293 660 ea:
306 633 436 667 prioribus
461 634 609 669 abrogetur.
627 634 703 668 Quod
725 635 747 662 si
771 635 959 663 hereticorum

177 678 361 706 ordinationes
376 679 447 705 inter
463 678 555 705 irritas
570 686 623 706 non
636 679 859 712 munerabantur,
875 679 959 706 multo

178 725 267 752 minus
282 724 518 752 schismaticarum
534 724 581 758 qui
603 724 670 751 nihil
688 725 713 751 in
733 724 785 752 fide
804 729 956 758 peccarent.

175 771 374 807 Μυστικωτέρα
386 776 487 803 autem,
498 771 554 798 sive
566 772 687 798 sanctior
701 776 747 798 aut
760 771 890 798 secretior
901 771 959 798 ideo

176 818 324 853 nuncupari
334 817 439 844 videtur
448 817 542 844 iterata
555 816 597 843 illa
607 823 731 843 manuum
743 816 889 852 impositio,
898 816 958 851 quia

175 870 190 889 ι
206 863 308 890 sanctis
330 866 358 890 et
372 862 514 889 catholicis
528 861 687 896 pnesulibus
710 861 818 889 collata.
843 861 959 896 Ingentis

174 914 263 942 operte
275 906 345 934 foret
360 914 414 934 rem
425 914 473 941 pro
488 906 617 941 dignitate
625 913 716 940 agere,
726 913 785 940 qua:
797 913 845 932 nos
856 913 870 932 a
879 912 958 933 cursu

175 953 316 981 destinata:
333 952 383 980 vite
400 957 549 980 revocaret.

211 999 254 1027 l6.
271 998 436 1026 Collutliiani
461 1005 475 1024 a
502 996 638 1030 Collutho,
667 997 711 1032 qui
730 996 871 1032 presbyter
898 1003 960 1023 cum

175 1049 248 1073 esset
272 1049 387 1075 tantum,
406 1051 438 1071 eo
460 1043 550 1078 erupit
572 1043 710 1075 audaciae,
739 1047 768 1070 ut
788 1042 960 1078 presbyteros

175 1088 357 1116 constituendi
375 1088 426 1115 sibi
444 1087 599 1115 facultatem
625 1087 791 1120 vindicaret;
812 1094 844 1114 ac
869 1087 960 1115 multis

175 1134 235 1169 ejus
248 1133 367 1168 cupidini
382 1132 595 1167 suffragantibus
610 1136 738 1167 praeesset
750 1132 834 1160 invito
844 1133 960 1160 Alexan-

174 1182 225 1208 dro
241 1181 364 1215 episcopo
377 1179 413 1215 (p.
430 1178 491 1212 153,
509 1179 581 1213 154).
596 1178 652 1206 lmo
666 1179 747 1206 etiam
761 1184 853 1206 contra
864 1187 959 1206 sanam

175 1225 256 1252 tidem
273 1223 411 1259 peccabat,
438 1231 498 1251 cum
523 1224 696 1258 perspicuum
717 1223 753 1250 sit
785 1231 837 1251 non
871 1223 959 1250 inesse

174 1270 332 1306 presbytero
352 1269 503 1306 hujusmodi
527 1269 694 1297 facultatem.
719 1268 880 1297 Colluthiani
896 1276 958 1303 per-

174 1317 237 1344 inde
252 1321 332 1352 alque
349 1315 487 1343 Meletiani
499 1315 533 1343 ad
547 1315 712 1343 Arianorum
734 1319 824 1350 partes
853 1313 958 1342 centiu-

174 1367 280 1390 ιετιιηι.

209 1407 252 1435 17.
267 1406 408 1434 Marcellus
423 1409 581 1442 Ancyranus
592 1406 632 1441 (p.
648 1406 711 1437 M8.
728 1405 788 1437 130,
803 1404 867 1438 494,
882 1404 957 1439 506),

173 1453 281 1488 quicum
306 1453 454 1480 Athanasio
479 1452 621 1479 diuturnus
652 1459 716 1479 usus
734 1456 762 1478 et
789 1450 959 1478 familiaritas

171 1498 338 1531 intercessit,
351 1497 512 1525 Arianorum
531 1496 618 1524 hostis
636 1496 795 1529 acerrimus,
813 1497 840 1523 in
855 1496 958 1523 crimen

172 1547 278 1571 novata;
286 1542 416 1570 doctrinae
425 1542 530 1577 abipsis
543 1546 655 1569 vocatus
663 1545 714 1568 est.
726 1540 859 1568 Eusebius
868 1545 958 1567 autem

173 1589 358 1621 Casariensis,
367 1588 444 1624 jussu
458 1586 761 1620 Constantinopolitanae
770 1587 865 1622 synodi
878 1586 957 1614 Aria-

174 1642 223 1667 nae,
237 1639 266 1661 ut
282 1634 440 1661 testiﬁcatur
454 1634 520 1668 ipse,
540 1631 659 1659 Marcelli
674 1632 771 1659 librum
792 1631 862 1666 Περὶ
880 1632 957 1659 ὐπο-

172 1679 265 1715 ταγῆς
272 1680 395 1714 Κυρίου,
404 1679 431 1707 id
442 1683 493 1711 est,
510 1678 547 1706 De
560 1677 719 1712 subjectioue
734 1677 841 1704 Domini
860 1677 958 1704 inscri-

174 1730 249 1761 ptum
266 1724 364 1760 insigni
380 1723 516 1752 volumine
527 1723 685 1758 exagitavit.
700 1723 791 1757 Atque
805 1722 832 1749 in
846 1722 905 1756 ipso
917 1721 957 1750 sul

173 1771 264 1806 operis
280 1771 404 1802 exordio,
418 1769 512 1797 livoris
526 1769 636 1804 odiique
653 1774 716 1802 erga
729 1767 827 1795 fratres
846 1767 959 1795 Marcol-

176 1817 232 1844 lom
245 1817 350 1843 incusat
368 1815 409 1842 his
422 1815 522 1848 verbis,
540 1814 573 1840 Ἦ
590 1812 718 1844 ὑπόθεσις
733 1812 807 1848 αὐτῷ
828 1814 878 1848 τῆς
891 1821 959 1848 γρα-

173 1863 229 1899 φῆς
246 1861 404 1898 μισαδελφίσ.
415 1861 535 1896 κατέστη
546 1868 552 1876 '
573 1859 604 1887 τὸ
615 1860 651 1886 ’δὲ
660 1859 763 1894 ταύτης
780 1859 865 1886 αἴτιον
879 1859 958 1894 ζῆλος

174 1909 223 1935 καὶ
249 1907 354 1942 φθόνος.
380 1907 436 1934 Hoc
456 1912 498 1933 est
517 1914 523 1933 :
542 1906 731 1940 Argumentum
761 1904 870 1937 huiusce
897 1904 958 1931 libri

173 1952 306 1985 scribendi
317 1951 367 1986 ipsi
386 1950 437 1985 fuit
453 1951 543 1977 odium
556 1951 582 1976 in
603 1950 719 1985 fratres:
733 1957 813 1976 causa
833 1957 890 1976 vero
903 1949 959 1983 ejus

172 1999 268 2027 edendi
279 1998 347 2025 livor
363 2003 386 2024 et
397 1997 509 2024 invidia.
524 1996 589 2031 Ejus
606 2003 686 2031 porro
699 1994 850 2022 doctrinam
869 1994 910 2021 his
928 1994 960 2021 de

174 2044 263 2072 causis
277 2044 304 2071 in
321 2043 425 2070 crimen
438 2046 519 2069 vocat
531 2049 539 2069 :
553 2041 624 2076 quod
637 2040 761 2072 aﬂirmet,
778 2040 895 2067 Verbum
907 2046 959 2067 non

172 2094 235 2117 ante
250 2088 331 2116 fuisse
345 2088 454 2120 Filium,
468 2094 548 2122 quam
558 2093 668 2114 carnem
681 2090 843 2118 assumeret;
853 2085 959 2113 Patrem

173 2141 201 2163 et
222 2135 320 2162 Filium
336 2141 419 2161 unum
435 2140 495 2161 esse
513 2132 679 2159 ὑποστάσει·
695 2131 795 2158 nullam
816 2139 876 2159 esse
900 2131 958 2158 Filii

173 2180 360 2210 essistcntiam
370 2188 378 2213 ;
391 2179 529 2208 Christum
538 2182 601 2205 ante
609 2177 795 2206 ascensiOnem
813 2184 866 2204 non
878 2175 961 2204 fuisse

1013 274 1083 294 verae
1097 265 1227 293 doctrina:
1240 272 1319 293 causa
1334 265 1494 298 insectatur,
1507 271 1538 291 ac
1545 264 1633 292 missis
1647 264 1794 293 Athanasio

1013 312 1062 340 sub
1076 317 1225 340 extremum
1240 312 1302 338 vita:
1329 311 1388 346 ejus
1411 311 1509 338 litteris
1530 310 1579 345 (ιι),
1601 311 1638 337 ait
1655 318 1793 338 necessum

1013 358 1097 386 videri
1111 358 1160 386 sibi
1174 358 1342 391 Marcellum,
1367 359 1529 393 disparatam
1549 358 1656 385 Arianae
1679 358 1793 385 haeresin

1013 405 1196 437 invehentem,
1216 404 1330 439 perinde
1355 408 1436 438 atque
1458 403 1550 430 Arium
1571 403 1703 430 damnari.
1720 402 1794 431 Unde

1014 449 1040 476 id
1058 453 1161 477 certum
1189 450 1328 481 videatur,
1353 449 1541 482 Athanasium,
1567 449 1616 476 etsi
1641 453 1792 483 suspectam

1013 495 1130 522 Marcelli
1149 496 1228 523 ﬁdem
1244 499 1311 523 teste
1328 495 1477 530 Epiphanio
1500 495 1643 530 aliquando
1660 495 1792 526 habuerit,

1013 540 1130 568 nondum
1147 545 1236 567 tamen
1253 540 1340 567 virum
1352 540 1543 568 communione
1563 540 1735 568 interdixisse
1745 548 1792 567 sua

1012 594 1072 613 cum
1094 585 1208 613 Basilius
1229 587 1286 614 haec
1303 586 1443 614 scriberet.
1463 586 1495 613 Et
1519 594 1582 613 vero
1600 591 1715 614 testatur
1732 586 1792 622 Epi-

1012 632 1137 666 phanius.
1151 632 1268 660 amultis
1286 639 1334 659 suo
1347 639 1404 659 avo
1429 632 1456 658 in
1481 632 1690 659 controversiam
1713 639 1793 660 voca-

1013 683 1067 706 tum
1093 678 1185 711 fuisse,
1204 679 1383 706 haereticusne
1412 686 1444 706 an
1474 679 1624 706 catholicus
1651 678 1792 707 Marcellus

1012 730 1093 753 88581».

1047 793 1091 821 18.
1107 790 1204 820 Verum
1216 793 1238 820 si
1251 792 1329 820 dubia
1341 791 1469 823 Marcelli,
1484 791 1651 826 apertissima
1667 799 1730 820 sane
1743 792 1792 818 fuit

1013 839 1137 874 discipuli
1152 839 1210 873 ejus
1223 839 1330 867 Photini
1347 839 1481 874 impietas,
1492 839 1537 873 qui
1548 838 1697 866 aliirmabat
1713 838 1791 866 Chri-

976 898 996 926 Β
1012 890 1082 913 stum
1098 893 1149 913 non
1165 885 1249 913 fuisse
1265 889 1328 912 ante
1339 885 1464 918 Mar'mm,
1490 891 1575 919 eaque
1595 885 1629 912 de
1646 891 1727 912 causa
1745 885 1791 911 da-

1013 935 1119 958 mnatus
1131 930 1181 958 fuit
1201 931 1227 958 in
1242 931 1325 959 variis
1338 931 1448 966 synodis

1045 995 1089 1023 l9.
1105 996 1208 1030 Agmen
1224 996 1329 1023 claudat
1355 995 1558 1023 Dimteritarum
1574 996 1631 1023 sive
1653 996 1790 1032 Apollina-

1011 1042 1135 1069 ristarum
1153 1042 1274 1074 haeresis,
1301 1042 1430 1070 extremis
1457 1042 1596 1070 Athanasii
1621 1043 1681 1070 vine
1713 1043 1790 1070 annis

1009 1092 1117 1120 exorta;
1145 1088 1178 1116 de
1205 1088 1403 1116 Dimmritarum
1423 1089 1532 1115 nomine
1548 1096 1599 1116 non
1617 1088 1701 1116 semel
1724 1090 1790 1116 alias

1010 1139 1110 1165 actum.
1127 1134 1225 1162 Eorum
1239 1142 1321 1169 porro
1335 1136 1478 1163 sententia
1501 1135 1631 1170 ejusmodi
1653 1140 1740 1163 erant.
1763 1136 1790 1163 1⁸

1011 1179 1126 1207 Verbum
1142 1187 1194 1207 non
1207 1180 1386 1215 assumpsisse
1400 1188 1508 1208 carnem
1522 1181 1720 1214 humanam;2'
1730 1188 1791 1208 cor-

1009 1232 1058 1260 pus
1089 1233 1121 1252 ex
1145 1225 1229 1253 Maria
1252 1230 1356 1259 natum,
1381 1233 1440 1254 esse
1469 1227 1696 1255 consubstantiale
1710 1227 1790 1255 Verbi

1009 1269 1102 1297 deitati
1114 1278 1122 1303 ;
1136 1270 1165 1297 '5'
1184 1270 1300 1298 Verbum
1317 1270 1344 1297 in
1364 1277 1484 1303 carnem,
1498 1278 1571 1304 ossa,
1587 1272 1709 1306 capillos,
1722 1276 1749 1299 et
1763 1273 1789 1299 in

1009 1320 1094 1344 totum
1112 1323 1210 1351 corpus
1226 1320 1357 1343 mutatum
1376 1315 1459 1343 fuisse
1478 1324 1484 1342 :
1507 1323 1585 1344 error
1600 1316 1663 1344 olim
1680 1316 1791 1344 Marcio-

1009 1362 1067 1394 nis;
1082 1362 1110 1389 4⁸
1127 1361 1267 1390 Dominum
1282 1362 1392 1398 δοκήσει
1402 1361 1487 1389 solum
1505 1361 1702 1390 adventassein
1714 1369 1791 1389 mun-

1008 1407 1082 1440 dum.
1098 1407 1283 1442 antiquissima
1299 1411 1326 1435 et
1342 1407 1466 1435 omnibus
1484 1412 1555 1435 rctro
1577 1408 1682 1435 saeculis
1700 1407 1792 1444 vulga-

1009 1452 1111 1480 tissima
1129 1452 1258 1486 heresis;
1271 1453 1300 1480 5'
1317 1454 1401 1488 ipsam
1418 1453 1547 1480 deitatem
1563 1453 1750 1481 circumcisam
1763 1458 1792 1481 et

1008 1505 1115 1534 passam
1130 1498 1229 1532 fuisse;
1246 1499 1275 1526 6'
1295 1497 1413 1526 Verbum
1439 1505 1608 1533 nequaquam
1636 1506 1669 1526 ex
1693 1498 1789 1532 laris,

1009 1545 1055 1573 sed
1077 1553 1109 1572 ex
1132 1552 1181 1573 sua
1200 1545 1251 1573 sibi
1274 1545 1436 1577 substantia,
1457 1551 1557 1579 corpus
1573 1543 1746 1578 eiiormasse;
1762 1544 1791 1571 7°

1009 1592 1053 1626 qui
1076 1591 1114 1619 ait
1129 1591 1235 1619 Domini
1247 1598 1344 1625 corpus
1361 1598 1394 1618 ex
1413 1589 1498 1617 Maria
1516 1598 1585 1622 esse,
1617 1598 1669 1618 non
1685 1591 1789 1617 trinita-

1010 1642 1074 1671 tem,
1093 1637 1141 1665 sed
1156 1638 1364 1672 quaternitatem
1384 1637 1539 1664 admittere.
1559 1637 1600 1664 Ab
1618 1636 1788 1671 argumentis

1009 1687 1098 1710 autem
1109 1683 1251 1710 adversum
1260 1682 1441 1718 pugnantibus
1448 1681 1596 1709 referendis
1607 1681 1773 1708 abstinemus
1781 1701 1789 1714 ,

1008 1728 1133 1762 quoniam
1147 1728 1227 1755 hosce
1238 1734 1346 1755 errores
1371 1727 1488 1754 dilucide
1510 1732 1537 1753 et
1552 1726 1657 1754 naviter
1669 1727 1790 1753 Athana-

1008 1774 1065 1801 sius
1075 1773 1213 1808 propulsat
1228 1773 1253 1799 in
1269 1771 1391 1807 Epistola
1406 1772 1441 1798 ad
1468 1771 1623 1806 Epictetum,
1646 1775 1674 1799 et
1694 1771 1720 1798 in
1735 1771 1790 1799 ele-

1008 1820 1176 1855 gautissimis
1198 1824 1290 1846 contra
1307 1818 1500 1853 Apollinarium
1520 1817 1606 1846 libris.
1622 1817 1680 1852 ipse
1700 1822 1791 1844 autem

1008 1864 1203 1900 Apollinarius,
1217 1863 1364 1899 superstite
1388 1862 1550 1895 Athanasio,
1577 1861 1635 1897 ejus
1649 1863 1790 1898 captanda:

1009 1910 1136 1938 amicitiae
1155 1910 1253 1946 gratia,
1281 1909 1440 1936 catholicam
1470 1908 1548 1935 fidem
1575 1908 1790 1941 ementiebatur;

1010 1955 1046 1982 ita
1056 1960 1085 1982 ut
1099 1955 1180 1983 etiam
1193 1955 1368 1986 Athanasius,
1377 1953 1472 1980 fraude
1484 1953 1643 1980 veteratoris
1651 1953 1789 1987 deceptus,

1009 2000 1178 2028 Timotheum
1186 2000 1244 2034 ejus
1255 2000 1414 2034 discipulum
1430 1999 1546 2026 Damaso
1562 2006 1637 2034 papa:
1652 2005 1790 2026 commen—

1010 2048 1096 2079 daret,
1109 2051 1176 2075 teste
1193 2046 1320 2074 Facundo
1340 2045 1445 2073 Hermia
1452 2045 1538 2077 nensi,
1551 2045 1627 2080 cujus
1640 2045 1697 2072 haec
1708 2045 1789 2072 verba

1009 2092 1116 2127 sunt(c)
1132 2100 1137 2117 :
1155 2092 1223 2119 Nam
1233 2096 1256 2118 et
1269 2092 1291 2118 si
1305 2091 1387 2126 legere
1399 2091 1453 2117 alia
1469 2091 1609 2125 dignentur
1623 2090 1668 2125 qui
1682 2089 1791 2124 legenda

1009 2138 1185 2169 conscribunt,
1201 2138 1333 2164 invenient
1354 2138 1432 2163 etiam
1445 2135 1608 2163 Timotheum
1627 2135 1790 2168 Apollinaris

1010 2183 1178 2217 discipulum,
1193 2191 1208 2209 a
1222 2183 1296 2210 beato
1307 2182 1453 2209 Athanasio
1464 2190 1510 2216 per
1523 2182 1712 2216 ignorantiam,
1724 2186 1789 2207 tem-

175 2228 223 2255 Dei
243 2226 388 2261 imaginem
405 2233 410 2250 :
428 2225 467 2252 ait
481 2223 562 2252 etiam
578 2223 653 2250 illum
671 2222 783 2250 Sabeliii
796 2229 890 2250 errore
905 2223 955 2249 im-

1009 2229 1115 2263 paribus
1128 2228 1196 2256 beati
1210 2227 1332 2261 Damasi,
1347 2227 1401 2254 sedi
1417 2227 1566 2261 apostolica:
1579 2226 1646 2254 velut
1665 2226 1791 2253 orthodo-

175 2275 268 2301 butum
282 2280 353 2306 esse,
371 2272 422 2300 etsi
436 2279 488 2298 non
499 2270 583 2299 semel
598 2269 642 2297 ille
657 2268 803 2296 Sabellium
814 2273 958 2304 oppugnet.

175 2319 258 2354 Impie
271 2325 379 2353 quoque
394 2318 419 2345 in
433 2316 588 2344 Marcellum
603 2314 751 2347 iuveltltur,
762 2314 832 2349 quod
842 2314 960 2341 Verbum

175 2369 306 2392 aeternum
333 2371 396 2391 csse
420 2364 501 2391 dicat.
517 2362 583 2390 Viro
598 2362 662 2389 item
675 2361 752 2393 _vitio
768 2359 859 2393 vcrtit,
889 2360 960 2394 quod

177 2411 262 2438 Deum
276 2411 348 2438 dicat
366 2417 426 2438 esse
436 2408 640 2446 τριπρόσωπον,
653 2414 711 2441 quae
724 2411 812 2433 tamen
825 2406 959 2432 sententia

176 2465 210 2484 ex
224 2464 300 2491 aequo
311 2461 338 2484 et
348 2456 421 2484 bono
436 2460 546 2490 accepta
570 2461 633 2481 vera
647 2457 688 2480 est
700 2456 726 2480 et
740 2451 886 2479 catholica.
907 2451 959 2479 Ve-

176 2511 235 2531 rum
251 2504 307 2531 haec
322 2503 412 2530 omnia
427 2500 561 2529 Eusebius
575 2496 616 2527 (δι’
629 2498 748 2526 Marcelli
774 2496 883 2532 scriptis
897 2497 960 2524 hinc

176 2550 238 2577 inde
248 2553 376 2584 excerpta
386 2547 503 2583 collegit,
513 2547 619 2574 detorta
628 2551 747 2580 persaepe
756 2544 805 2571 viri
815 2543 960 2572 sententia.

175 2601 258 2631 atque
273 2597 307 2623 ad
324 2603 434 2630 pravam
453 2593 605 2622 doctrinam
619 2593 644 2618 vi
671 2590 804 2618 ratiocinii
821 2589 935 2617 deducta
950 2597 958 2622 ;

175 2642 307 2671 Eusebius
319 2642 422 2670 scilicet
431 2645 460 2668 et
474 2641 531 2675 ipse
541 2642 673 2675 suspectat
692 2637 752 2664 fidei
770 2637 862 2668 homo,
878 2643 957 2671 quem

177 2689 247 2716 inter
257 2688 417 2716 Arianorum
432 2685 614 2722 primipilares
639 2687 780 2712 recensent
795 2682 960 2710 Athanasius

176 2739 204 2762 et
220 2735 347 2762 Hilarius.
363 2733 418 2762 Nec
436 2732 547 2760 defuere
570 2735 660 2758 tamen
686 2737 719 2757 ex
732 2728 860 2757 Ecclesiae
876 2727 958 2762 magi-

177 2783 253 2814 stris,
267 2782 314 2816 qui
329 2781 456 2809 Marcello
471 2784 606 2814 corruptae
626 2778 688 2806 ﬁdei
700 2781 790 2806 notam
808 2777 958 2805 inurerent.

214 2841 253 2911 (ag
267 2840 366 2880 Justin.
383 2839 450 2867 edit.
462 2838 549 2866 Paris.
561 2845 588 2874 p.
598 2837 661 2865 390.

214 2877 239 2911 rb
267 2875 347 2903 Baeti.
361 2876 441 2910 epist.
457 2874 501 2901 52.

213 2874 251 2913 (ι)
267 2875 347 2903 Basil.
361 2876 441 2910 epist.
457 2874 501 2901 52.

1008 2282 1070 2301 sum
1084 2274 1293 2301 commendatum
1305 2281 1315 2300 :
1330 2280 1408 2308 atque
1421 2273 1452 2300 ab
1463 2273 1519 2308 ipso
1530 2281 1598 2307 papa
1614 2272 1727 2298 Damaaa
1737 2273 1792 2298 sine

1009 2320 1154 2347 cohibentia
1171 2320 1277 2347 heresis
1288 2319 1441 2353 simpliciter
1455 2323 1509 2346 este
1521 2323 1677 2352 susceptum.
1693 2318 1791 2344 Verutn

1009 2367 1031 2393 si
1044 2366 1221 2401 fragmentum
1242 2365 1305 2392 illud
1317 2365 1345 2392 in
1362 2364 1518 2392 Matt/imum
1532 2364 1588 2399 jam
1604 2363 1690 2398 primo
1703 2362 1791 2398 publi-

1009 2416 1097 2440 catum
1113 2419 1173 2446 pag.
1191 2411 1259 2438 1006
1271 2411 1328 2446 (ubi
1343 2411 1376 2438 ad
1395 2411 1451 2438 haec
1462 2410 1610 2444 Scriptura:
1622 2409 1713 2441 verba,
1727 2408 1792 2436 Sur~

1009 2467 1072 2494 gens
1086 2459 1175 2493 accipe
1185 2466 1309 2494 puerum,
1327 2458 1425 2484 dicitur
1442 2457 1482 2484 his
1497 2457 1572 2492 argui
1598 2455 1793 2490 Apollinarium

1010 2503 1056 2537 qni
1070 2502 1139 2530 dixit
1154 2502 1272 2529 animam
1298 2500 1483 2535 intelligentia
1497 2506 1622 2535 capacem
1638 2507 1690 2527 non
1706 2499 1793 2527 inesse

1008 2548 1140 2583 Christo).
1163 2547 1305 2575 Athanasii
1326 2554 1390 2574 vero
1415 2546 1459 2578 sit,
1487 2546 1537 2573 sub
1556 2546 1636 2572 finem
1652 2545 1714 2572 vita;
1735 2543 1793 2579 ejus

1009 2594 1190 2628 conscriptum
1215 2593 1310 2625 fuerit,
1333 2600 1365 2620 ac
1383 2596 1455 2620 recte
1482 2591 1602 2626 arguerit
1615 2590 1792 2618 Athanasium

1010 2640 1059 2667 sub
1074 2644 1226 2666 extremum
1252 2638 1313 2666 vitae
1335 2636 1493 2673 Apollinarii
1516 2636 1681 2671 impietatem
1705 2635 1792 2662 edidi-

1010 2686 1090 2718 cisse;
1103 2685 1156 2712 nisi
1172 2684 1241 2711 forte
1255 2684 1358 2712 dicatur
1370 2690 1442 2716 eum,
1455 2681 1500 2717 qui
1512 2681 1593 2709 hasce
1605 2681 1632 2709 in
1641 2681 1792 2709 Hattlnzum

1010 2729 1191 2764 expositiones
1205 2735 1237 2755 ex
1255 2727 1337 2755 variis
1351 2726 1409 2761 ejus
1430 2726 1558 2762 operibus
1584 2724 1792 2757 consarcinavit,

1011 2781 1109 2803 nomen
1121 2773 1279 2809 Apollinarii
1294 2780 1343 2801 suo
1356 2777 1442 2801 marte
1455 2771 1595 2808 adiecisse.

1051 2834 1086 2872 (c)
1100 2833 1158 2862 Lib.
1177 2840 1224 2861 vu.
