2000 3045
223 148 304 168 nm

596 196 638 223 Vi.

226 245 262 272 De
277 243 414 278 disciplina
430 243 552 270 Ecclesia
565 241 702 280 Athanasii
716 247 818 274 κοσμεῖ
831 239 887 273 ejus
900 239 1004 272 scriptis

485 284 684 308 συνοπτικως.

262 326 288 353 1.
303 324 419 352 Grandis
436 323 484 350 otii
510 329 553 349 res
569 325 654 351 esset,
676 319 764 355 quarti
781 318 871 346 saeculi
887 317 1006 352 discipli-

227 378 290 397 nam
310 369 535 400 ecclesiasticam,
555 372 593 394 tot
611 366 806 393 controversiis
829 364 1005 398 implicatam,

229 415 384 443 minutatim
397 422 428 441 ac
444 421 493 449 pro
506 420 593 440 rerum
609 412 774 447 singularum
791 411 921 445 dignitate
933 417 1006 437 com-

229 468 380 488 memorare
396 469 402 485 :
422 467 509 495 neque
526 463 613 486 tamen
639 458 764 484 horreret
786 457 891 483 animus
906 456 940 483 ab
958 456 1007 482 hu-

225 507 342 542 jusmodi
355 506 444 533 studio
458 511 486 533 et
501 505 605 536 labore,
628 503 649 531 si
668 504 765 538 aliqua:
778 503 902 530 venirent
923 502 1006 530 feriae.

229 552 329 580 Verum
356 552 384 579 in
405 551 543 586 prasenti,
567 558 617 585 pro
634 549 749 576 instituti
776 549 828 575 mei
851 548 964 580 ratione,
981 548 1006 575 id

229 599 293 626 mihi
314 597 413 632 negotii
425 598 508 624 credo
528 596 612 623 solum
629 595 700 626 dari,
717 600 746 621 ut
762 602 821 629 qme
849 594 880 621 de
897 601 1008 621 consue-

230 646 322 673 tudine
350 643 477 670 Ecclesite
497 641 664 669 Athanasius
680 640 720 667 vel
739 640 859 674 pluribus
886 639 951 674 agit,
965 638 1008 666 vel

230 690 315 725 tangit
335 689 433 721 obiter,
455 694 611 714 recenseam
638 690 775 718 accurate,
800 685 834 712 iis
853 684 1009 719 plerumque

231 736 339 768 additis,
358 742 416 770 qua:
429 733 497 760 scitu
513 740 580 766 opus
592 736 654 760 sunt
667 731 700 758 ad
721 730 862 758 Athanasii
888 730 1007 757 iocorutn

231 781 446 816 intelligentiam.

265 827 292 854 9.
306 826 446 854 Sacrorum
465 825 603 852 celebratio
618 824 655 860 (p.
667 823 728 854 100.
737 822 853 854 261,88,
865 821 1006 856 £17,298).

231 871 334 900 —Mos
351 876 408 898 erat
427 871 473 898 illo
487 879 545 898 τενο
562 871 589 897 ἰη
613 870 759 898 secretiore
775 868 863 902 aiiqtta
889 868 1008 895 ecclesiae
1023 860 1045 888 Β

231 923 307 953 parte
315 924 392 945 sacra
407 917 505 949 facere,
516 917 561 951 qui
571 915 644 942 locus
656 916 787 951 ῑερατεῖον
801 914 857 942 sive
864 914 1009 941 sacrarium

232 965 341 992 dicitur.
356 963 564 998 Signiﬁcabatur
579 961 642 989 item
655 968 689 988 eo
708 961 815 988 nomine
830 964 916 987 cattus
930 959 1011 985 mini-

232 1010 350 1037 strorum
362 1000 465 1034 altaris.
480 1005 609 1040 Exempla
621 1006 681 1032 vide
697 1005 723 1032 in
733 1003 910 1031 Onomastico.
920 1003 1011 1030 Altare

233 1059 323 1081 autem
349 1061 396 1081 seu
419 1060 523 1084 mensa,
547 1056 662 1086 utroque
675 1051 747 1078 enim
763 1051 873 1077 nomine
887 1054 1010 1081 notatur,

233 1104 280 1126 aut
297 1093 384 1134 lignea
398 1103 469 1130 erat,
482 1103 531 1124 aut
545 1097 650 1132 lapidea
663 1115 670 1127 ,
686 1100 716 1122 ut
726 1095 837 1122 innuere
848 1093 1013 1120 Athanasius

233 1146 339 1173 videtur
347 1152 407 1172 cum
418 1144 470 1171 ait:
480 1141 547 1170 Εἶτα
557 1143 594 1174 ὼς
600 1143 631 1169 τὺ
639 1141 697 1168 ὅλον
705 1141 752 1176 τῆς
764 1140 874 1174 ἐντολῆς
882 1139 933 1174 πλη
939 1138 1012 1174 ροῦν-

233 1199 288 1224 τες,
297 1189 374 1217 τοῦτο
387 1189 441 1224 γὰρ
448 1187 481 1224 ἧν
492 1189 523 1215 τὸ
536 1187 759 1222 σπουδαζόμενον,
773 1185 851 1212 τοῦτο
863 1185 910 1211 καὶ
925 1184 1013 1220 κόμης

234 1236 282 1264 καὶ
296 1235 456 1266 ὀκαθολικδς
466 1234 662 1270 παρήγγελλον
672 1233 842 1268 ἁρπάσαντες
853 1231 888 1257 τὰ
898 1230 1014 1266 συμψέλ-

234 1282 289 1313 λια,
305 1283 352 1308 καὶ
372 1281 416 1308 τὴν
436 1280 539 1316 θρόνον,
559 1281 606 1306 καὶ
627 1279 676 1314 τὴν
695 1278 841 1314 τράπεζαν,
857 1277 947 1311 ξυλίνη
959 1276 1013 1310 γὰρ

233 1325 278 1361 ἦν,
290 1326 382 1353 καὶτὰ
393 1325 462 1360 βῆλα
473 1325 523 1359 τῆς
535 1323 692 1359 ἐκκλησίας,
703 1323 737 1350 τά
745 1331 774 1349 τε
782 1322 849 1350 ἄλλα
861 1322 910 1348 ὅσα
921 1321 1014 1356 ἠδυνή-

235 1372 321 1407 θησαν
332 1370 521 1404 ἐξενέγκαντες
537 1369 664 1396 ἔκαυσαν.
681 1368 707 1395 ld
723 1372 764 1395 est
777 1377 783 1395 :
801 1367 871 1394 Hinc
881 1375 930 1401 quo
942 1366 1011 1399 peni-

235 1422 277 1444 tus
294 1417 447 1444 mandatum
462 1419 663 1449 exsequerentur
683 1414 740 1450 (hoc
755 1421 865 1448 namque
879 1412 930 1439 illis
942 1412 1014 1438 cordi

235 1468 303 1496 erat,
332 1464 380 1489 hoc
400 1463 459 1488 item
485 1469 568 1488 comes
582 1460 787 1494 catholicusque,
806 1456 1013 1493 pracipiebanl),

235 1508 371 1541 subsellia,
388 1508 523 1540 thronum,
541 1514 668 1537 mensam,
687 1513 747 1532 nam
767 1505 853 1540 lignea
874 1508 941 1535 erat,
960 1503 1013 1530 celo

235 1555 362 1586 ecclesiae,
375 1562 405 1580 ac
420 1558 514 1580 uetera
528 1560 586 1582 ante
602 1557 717 1586 potuere,
735 1551 836 1584 direpta
849 1556 871 1576 et
879 1554 1014 1584 asportata

235 1599 444 1626 lombusserunt.
458 1598 506 1625 Ubi
527 1598 570 1624 illa
585 1598 751 1631 exceptione,
772 1604 830 1622 nam
843 1595 927 1630 lignea
940 1599 996 1621 erat
1006 1613 1013 1626 ,

235 1645 337 1672 indicat
348 1652 380 1671 ex
392 1644 445 1671 alia
462 1643 573 1670 materia
590 1649 782 1676 nonnunquam
793 1641 894 1669 exstrui
908 1640 1013 1672 altaria,

235 1686 338 1717 scilicet
360 1697 392 1717 ex
418 1689 516 1724 lapide.
540 1688 669 1723 Ligneum
691 1687 777 1714 altare
801 1691 933 1713 memorat
951 1685 1014 1712 item

235 1734 349 1770 Optatus
368 1735 538 1763 Milevitanus
556 1733 593 1769 (ai
615 1733 659 1761 ubi
677 1733 732 1760 ait:
752 1732 816 1765 Quis
827 1731 945 1766 fidelium
969 1739 1014 1757 ne-

235 1784 297 1814 scit.
326 1783 353 1809 in
377 1781 530 1816 peragendis
544 1780 672 1814 mysteriis
696 1780 751 1813 ipsa
767 1778 839 1813 ligna
863 1777 1016 1803 linteamine

235 1823 385 1862 eooperirif
401 1822 538 1861 Interipsa
555 1832 719 1853 sacramenta
735 1825 850 1852 velamen
864 1824 946 1858 potuit
960 1829 1015 1850 tan-

234 1875 272 1909 gi,
282 1882 332 1900 non
341 1873 451 1907 lignum.
463 1870 513 1898 Aut
527 1871 550 1897 si
564 1876 634 1897 tactu
646 1871 726 1903 possit
738 1874 874 1903 penetrare
890 1869 1014 1900 velamen,

235 1927 296 1954 ergo
311 1924 481 1952 penetrantur
494 1918 608 1951 ettigna.
623 1916 652 1943 Si
664 1916 796 1950 penetrari
807 1919 914 1950 possunt
930 1914 1014 1948 ligna,

234 1969 384 1999 penetratur
391 1969 414 1990 et
427 1968 506 1989 terra.
524 1962 552 1988 Si
561 1971 576 1988 a
589 1962 657 1988 vobis
673 1961 771 1996 lignum
785 1961 898 1992 raditur,
906 1964 930 1986 et
943 1965 1015 1986 terra

235 2018 296 2044 qua
310 2009 398 2035 subter
412 2013 449 2034 est
464 2007 590 2042 fodiatur.
608 2007 694 2033 Altam
719 2006 796 2040 facite
811 2005 938 2037 scrobem,
954 2005 1015 2031 dum

235 2065 283 2091 pro
296 2060 381 2082 uestro
395 2054 505 2081 arbitrio
517 2053 633 2088 queritis
650 2053 800 2087 puritatem.
815 2051 867 2078 Sed
885 2052 1016 2077 observate

235 2110 267 2129 ste
277 2099 385 2129 ceniatis
400 2100 434 2126 ad
446 2098 553 2133 inferos,
566 2102 589 2124 et
604 2098 657 2124 illic
670 2097 806 2124 inveniatis
818 2096 895 2129 Core,
912 2096 1015 2122 Datltan

235 2152 259 2174 et
276 2146 373 2173 Abiron
400 2143 597 2175 scltismaticoa,
623 2142 763 2177 magistros
785 2142 883 2168 scilicet
907 2147 1014 2169 uestros.

884 132 1148 161 PBOLEGOMENA.

1021 195 1045 223 Α
1058 207 1092 212 -
1111 191 1169 218 Mos
1196 190 1259 217 item
1286 190 1313 216 in
1331 189 1445 225 ,λεωριο
1467 189 1511 216 illa
1529 192 1608 216 aetate
1633 188 1702 222 fuit,
1719 192 1748 216 ut
1770 195 1839 216 non-

1058 236 1110 263 nisi
1131 235 1272 262 Dominico
1298 235 1342 261 die
1357 242 1435 261 saera
1459 233 1599 261 adirentur
1615 240 1623 260 :
1639 233 1683 268 qui
1698 240 1837 261 sacrorum

1056 288 1121 308 usus
1157 279 1266 312 σύναξις
1296 280 1390 308 Graece
1422 279 1591 312 vocabatur,
1626 279 1701 306 varia
1740 278 1838 306 exinde

1056 327 1164 353 nomina
1191 330 1365 353 consecutus.
1393 324 1450 352 Non
1481 325 1584 351 licitum
1613 323 1839 355 catechumenis,

1057 373 1196 407 multoque
1211 372 1301 399 minus
1314 370 1459 406 gentilibus
1483 376 1510 397 et
1529 370 1704 402 Juduaiserat,
1712 368 1840 396 oblationi

1057 423 1103 446 aut
1123 418 1210 446 sacris
1227 418 1309 444 rebus
1328 417 1470 444 interesse.
1486 416 1600 443 Sacrum
1615 415 1724 443 calicem
1736 414 1842 450 populis

1057 465 1176 499 episcopi
1191 463 1382 498 propinabant,
1396 462 1663 495 ministrantibus,ut
1674 469 1738 488 vero
1752 459 1841 488 simile

1057 509 1246 542 est,diaconis.
1258 507 1340 534 Erant
1356 508 1497 542 populares
1513 515 1618 539 omnes,
1634 511 1746 541 excepto
1760 505 1840 533 cieri-

1057 564 1150 584 corum
1168 555 1372 589 cetu,sacrarii
1390 555 1462 582 aditu
1478 554 1628 581 interclusi.
1645 552 1715 580 lntra
1729 551 1840 579 sacrarii

1058 602 1187 629 ambitum
1201 605 1342 635 suggestus
1356 600 1459 635 ligneus
1472 605 1545 630 erat,
1561 599 1653 634 θρόνος
1672 599 1770 630 dictus,
1782 597 1839 625 edi-

1059 647 1131 679 tior,
1155 653 1209 681 quo
1228 651 1387 681 prospectus
1412 645 1540 679 episcopo
1564 644 1596 670 ad
1622 643 1723 677 plebem
1750 647 1840 676 esset;

1060 697 1153 726 atque,
1170 691 1328 722 utvidetur,
1345 690 1469 725 proxime
1495 689 1639 723 populares
1668 688 1783 722 positus,
1811 693 1841 714 ut

1059 736 1123 763 hinc
1138 735 1236 768 clerus,
1247 736 1310 763 inde
1321 735 1436 770 populus
1444 734 1562 769 episcopi
1572 733 1760 767 conspectibus
1769 736 1841 765 pato-

1059 786 1109 809 ret.
1119 781 1312 817 Utepiscopale
1321 789 1418 808 munus
1426 780 1548 811 decebat.
1557 785 1615 807 erat
1626 780 1736 806 thronus
1746 778 1840 813 tapeti-

1059 827 1109 855 bus
1122 827 1357 860 velaminibnsque
1379 826 1590 860 circumquaque
1605 829 1761 857 exornatus,
1781 824 1841 850 ἐπι-

1059 874 1199 905 σκοπικῶς
1211 872 1413 908 ὲστολισμένος·
1430 876 1457 899 et
1473 872 1591 906 quidem,
1609 873 1637 897 ut
1656 877 1689 897 ex
1704 869 1840 896 Athanasii

1060 921 1148 948 verbis
1156 920 1282 955 augurari
1298 919 1371 951 licet,
1381 925 1457 945 muro
1470 916 1584 949 deﬁxus,
1596 923 1648 950 quo
1658 915 1761 943 ﬁrmius
1775 922 1840 942 con-

1060 967 1181 995 sisteret.
1201 966 1268 993 Erat
1287 965 1399 993 ecclesia
1417 963 1483 991 velis
1495 968 1541 990 aut
1553 963 1587 989 ad
1603 967 1738 994 ornatum,
1752 966 1797 988 aut
1809 960 1841 987 ad

1060 1020 1138 1040 usum
1152 1011 1301 1046 quemlibet
1314 1011 1458 1042 instructa,
1472 1009 1592 1043 itemque
1605 1007 1742 1035 subselliis
1762 1011 1842 1041 atque

1061 1058 1188 1085 cancellis
1202 1057 1234 1083 ad
1251 1055 1341 1091 populi
1355 1055 1534 1082 commodum.
1549 1054 1625 1082 Cerei
1641 1058 1667 1080 et
1681 1052 1841 1080 candelabra

1062 1104 1131 1131 haud
1145 1103 1227 1131 semel
1241 1106 1441 1133 memorantur;
1460 1106 1487 1128 et
1502 1101 1618 1135 quidem,
1636 1105 1665 1126 ut
1679 1099 1792 1131 videtur,
1809 1098 1841 1125 ad

1063 1157 1119 1177 rem
1132 1156 1237 1176 sacram
1252 1149 1391 1183 deputata,
1407 1154 1456 1173 nec
1468 1146 1519 1173 nisi
1536 1154 1596 1173 cum
1614 1146 1717 1173 honore
1731 1145 1842 1171 tractari

1063 1195 1153 1222 solita.
1166 1193 1235 1221 Hinc
1249 1193 1372 1228 queritur
1388 1192 1562 1223 Athanasius,
1583 1190 1744 1218 candelabra
1757 1189 1843 1217 eccle-

1062 1240 1108 1267 siae
1133 1239 1166 1266 ad
1184 1238 1313 1274 parietem
1339 1237 1468 1265 reclinata
1491 1235 1584 1267 fuisse,
1604 1243 1635 1262 ac
1651 1235 1673 1262 si
1697 1235 1735 1262 rei
1758 1241 1843 1262 sacra:

1064 1285 1172 1313 violatae
1185 1285 1301 1312 Arianos
1326 1288 1479 1311 accusaret.
1497 1282 1582 1316 Quem
1605 1289 1682 1309 usum
1701 1289 1842 1309 cereorum

1063 1332 1096 1358 ad
1109 1339 1165 1358 rem
1183 1337 1288 1357 sacram
1310 1330 1336 1356 in
1351 1329 1496 1357 Occidente
1514 1336 1564 1355 suo
1585 1335 1642 1355 τενο
1660 1327 1745 1355 fuisse
1764 1332 1842 1362 negat

1065 1376 1242 1411 Hieronymus
1255 1374 1304 1410 (ὁ).
1320 1375 1498 1408 conceditque
1514 1378 1603 1400 tamen
1620 1373 1646 1400 in
1657 1372 1767 1401 Oriente
1794 1372 1844 1400 ad-

1065 1421 1175 1448 missum
1191 1420 1283 1447 fuisse.
1297 1420 1443 1454 Frequenti
1465 1427 1497 1446 ac
1511 1419 1617 1453 vulgato
1631 1426 1691 1452 usu,
1708 1426 1770 1445 cum
1787 1425 1845 1446 me-

1065 1470 1107 1493 tus
1125 1466 1250 1498 instaret,
1268 1470 1315 1492 aut
1334 1465 1500 1493 incursionis
1518 1464 1662 1492 formidine
1678 1463 1768 1499 populi
1787 1465 1845 1499 agi-

1028 1524 1048 1553 c
1066 1516 1198 1543 tarentur,
1218 1511 1319 1544 oleum,
1336 1511 1441 1542 vinum,
1460 1510 1603 1537 facultates
1622 1509 1800 1544 deportabant
1819 1509 1846 1536 in

1065 1555 1195 1583 ecclesias
1208 1563 1258 1583 ceu
1281 1556 1308 1583 in
1326 1555 1441 1590 perfugii
1459 1563 1490 1582 ac
1503 1554 1620 1590 praesidii
1637 1555 1704 1582 loca.

1100 1602 1126 1628 ι.
1136 1601 1322 1637 Baptisterium
1333 1601 1369 1636 (p.
1383 1600 1525 1636 90).Fidei
1539 1599 1667 1636 confessio
1681 1602 1708 1628 in
1720 1601 1846 1636 baptismo

1066 1649 1103 1682 (p.
1118 1648 1175 1683 92).
1192 1647 1427 1681 —Baptisterium
1444 1648 1472 1674 in
1497 1648 1610 1675 ecclesia
1626 1652 1695 1680 erat,
1710 1655 1785 1676 muro
1801 1654 1848 1675 aut

1065 1694 1158 1720 saltem
1177 1698 1252 1727 septo
1267 1693 1355 1726 ligneo
1373 1692 1505 1719 clausum.
1518 1691 1584 1719 Nam
1597 1693 1718 1727 queritur
1726 1692 1848 1720 Athana-

1065 1740 1132 1771 sius,
1149 1739 1257 1767 Judaaos
1280 1739 1306 1766 in
1322 1738 1511 1774 baptisterium
1528 1738 1590 1766 dum
1607 1738 1788 1773 conﬂagraret
1806 1738 1847 1766 in-

1065 1792 1183 1820 gressos.
1210 1785 1262 1818 Qui
1283 1792 1364 1812 sacro
1381 1785 1544 1820 baptismate
1562 1785 1752 1820 ﬁngebantur,
1776 1786 1848 1812 hanc

1066 1830 1223 1866 perbrevem
1235 1838 1284 1858 ceu
1299 1830 1360 1857 ﬁdei
1380 1830 1522 1858 formulam
1539 1830 1690 1857 recitabant
1702 1839 1709 1856 :
1723 1829 1806 1857 Credo
1820 1831 1848 1857 in

1067 1875 1149 1903 Deum
1170 1876 1277 1903 Patrem
1293 1877 1506 1911 omnipotentem,
1525 1880 1548 1902 et
1569 1875 1595 1901 in
1609 1875 1698 1902 Iesum
1715 1875 1848 1902 Christum

1067 1920 1169 1948 Filium
1184 1922 1242 1956 ejus
1255 1922 1427 1956 unigenitum,
1441 1925 1466 1948 et
1482 1920 1510 1947 in
1527 1920 1654 1955 Spiritum
1672 1924 1802 1948 sanctum.
1819 1920 1848 1947 In

1065 1971 1186 1994 extremo
1195 1967 1257 1995 vitae
1269 1966 1419 2001 baptismus
1431 1965 1636 2001 quamplurimis
1647 1965 1846 1998 conferebatur,

1066 2011 1092 2037 in
1104 2018 1184 2045 quam
1199 2011 1425 2038 consuetudinem
1440 2011 1574 2037 acerrime
1600 2010 1737 2037 invehitur
1756 2010 1848 2045 Augo-

1066 2056 1163 2083 stinus.
1182 2056 1266 2083 Erant
1279 2060 1368 2083 tamen
1383 2055 1427 2090 qui
1438 2055 1472 2083 ad
1483 2056 1584 2083 obitum
1608 2062 1693 2089 usque
1720 2062 1776 2082 rem
1794 2057 1848 2084 nun

1066 2102 1252 2134 extraherent,
1270 2105 1298 2128 ut
1313 2101 1339 2128 in
1356 2099 1414 2128 loco
1430 2101 1553 2136 superius
1565 2101 1646 2128 aliato‘
1658 2100 1748 2128 videre
1762 2106 1803 2128 est
1821 2106 1849 2128 et

1067 2145 1094 2172 in
1116 2145 1176 2172 Vita
1190 2145 1341 2172 Athanasii.

235 2193 307 2226 Ergo
326 2197 350 2218 et
367 2190 473 2226 fregisse
486 2198 529 2216 vos
548 2194 572 2216 et
590 2189 685 2215 rasisse
706 2192 806 2214 constat
827 2187 933 2215 altaria.
945 2187 1013 2220 Quid

1103 2189 1130 2216 5.
1150 2189 1270 2216 Delectus
1289 2190 1402 2225 episcopi
1420 2190 1458 2224 (p.
1477 2190 1523 2222 88,
1547 2189 1609 2222 102,
1629 2189 1692 2223 117,
1711 2190 1847 2224 207,Ξ10,

236 2241 273 2263 est
287 2236 356 2270 quod
369 2236 396 2262 in
413 2234 462 2261 hac
479 2241 505 2260 re
518 2238 599 2260 uester
611 2232 687 2267 quasi
697 2231 820 2266 languere
834 2231 904 2258 visus
921 2235 958 2258 est
974 2231 1017 2265 fu-

236 2281 301 2308 ror?
325 2279 447 2306 Videmus
462 2279 531 2305 enim
550 2286 593 2305 vos
606 2282 696 2312 postea
709 2281 823 2303 mutasse
834 2276 981 2308 consilium,
991 2281 1018 2303 et

236 2326 333 2353 altaria
348 2333 365 2352 a
381 2325 452 2352 nobis
460 2323 518 2359 jam
531 2332 582 2350 non
591 2323 691 2358 frangi,
705 2324 749 2349 sed
762 2322 821 2349 radi
836 2323 1016 2349 tantummodo

236 2376 282 2399 aut
296 2371 429 2398 remoueri.
443 2369 519 2397 Unde
529 2367 667 2404 propalam
681 2367 722 2399 ﬁt,
736 2367 782 2394 illa
797 2371 955 2402 tempestate
967 2374 1017 2394 usu

236 2421 373 2451 receptum
398 2415 481 2442 fuisse
493 2419 519 2442 ut
529 2414 623 2441 altaria
636 2413 725 2449 lignea
739 2419 841 2445 essent,
856 2420 908 2439 non
926 2413 1016 2440 omnia

236 2466 356 2501 quidem,
368 2464 415 2493 sed
429 2462 534 2498 lapidea
551 2468 658 2497 quoque
671 2460 722 2488 alia
738 2461 1015 2494 deprehenderentur,

236 2518 266 2540 ut
283 2511 425 2540 Athanasii
444 2511 605 2545 exceptione
628 2508 796 2542 exploratum
810 2508 929 2539 videtur,
945 2513 973 2535 et
987 2513 1017 2535 ut

235 2559 336 2586 diserte
355 2557 395 2584 ait
410 2557 623 2591 Chrysostomus
644 2551 718 2582 hom.
735 2553 771 2580 20
791 2554 817 2581 in
829 2552 860 2580 II
871 2554 905 2580 ad
926 2553 1017 2580 Corin-

234 2604 313 2631 thios.

269 2648 296 2675 '5.
311 2647 426 2683 Syriacis
449 2647 487 2682 (p.
511 2645 572 2678 105,
593 2644 654 2679 156,
677 2645 750 2680 116).
772 2644 856 2672 Locus
878 2645 946 2680 plebi
966 2646 1012 2672 de-

234 2698 340 2727 putatus
359 2693 385 2720 in
404 2692 509 2719 ecclesia
533 2691 572 2727 (p.
594 2691 656 2724 105,
678 2691 752 2726 512).
769 2690 889 2718 Thronus
914 2692 1013 2727 episco-

235 2737 302 2772 palis
332 2738 370 2773 (p.
394 2738 457 2772 265,
481 2738 553 2774 109).
585 2737 658 2766 Cerei
680 2743 701 2764 et
722 2736 880 2763 candelabra
899 2737 937 2772 (p.
957 2735 1013 2772 90).

273 2836 308 2873 (α)
321 2837 411 2874 Optat.
436 2838 482 2866 lib.
499 2847 525 2868 v1
541 2844 632 2868 contra
650 2839 865 2875 Parmenianunt._

1067 2234 1239 2270 28i).-—Mos
1256 2240 1325 2268 erat,
1343 2241 1372 2263 ut
1385 2237 1526 2271 episcopus
1542 2236 1701 2271 deligeretur
1717 2244 1731 2263 a
1753 2237 1849 2272 populo

1067 2287 1094 2309 et
1111 2289 1124 2308 a
1139 2281 1213 2309 clero
1229 2289 1236 2307 :
1257 2287 1284 2309 et
1296 2282 1405 2316 quidem
1418 2290 1450 2310 ex
1466 2288 1538 2309 ctetu
1561 2282 1626 2309 cieri
1650 2282 1769 2316 ejusdem
1783 2284 1848 2311 civi-

1069 2328 1141 2360 tatis,
1162 2328 1189 2354 in
1204 2335 1289 2363 eaque
1304 2322 1466 2363 b‘aptisatus,
1480 2329 1620 2360 educatus,
1634 2329 1738 2363 populis
1750 2334 1829 2357 notus
1841 2350 1849 2362 ,

1070 2374 1190 2409 ipsisque
1205 2374 1428 2401 acclamantibus.
1453 2374 1509 2407 Qua
1528 2374 1554 2400 in
1568 2381 1596 2401 re
1615 2380 1703 2401 tamen
1724 2378 1775 2402 non
1798 2379 1849 2402 u’na

1070 2418 1247 2451 consuetudo,
1273 2426 1327 2446 non
1347 2426 1404 2446 mos
1419 2419 1518 2453 ubique
1533 2419 1616 2446 idem.
1641 2418 1700 2446 Jam
1723 2422 1794 2447 enim
1818 2429 1850 2448 eo

1071 2469 1192 2499 tempore
1214 2464 1340 2492 homines
1360 2469 1438 2492 erant
1453 2464 1566 2492 honoris
1580 2471 1660 2499 quam
1682 2463 1762 2492 olﬁcii
1776 2465 1850 2499 cupi-

1068 2509 1170 2542 diores,
1187 2509 1232 2544 qui
1254 2509 1282 2536 in
1294 2509 1466 2544 episcopatus
1485 2510 1649 2543 involarent,
1672 2510 1708 2541 vi,
1725 2511 1848 2545 pecunia,

1067 2555 1154 2589 gratia
1162 2555 1357 2590 etpatrocinio.
1371 2555 1403 2581 Et
1416 2553 1544 2590 frequens
1559 2555 1602 2582 illa
1619 2560 1777 2590 tempestate
1788 2555 1850 2589 fuit,

1067 2601 1192 2629 homines
1214 2602 1317 2634 videre,
1336 2602 1383 2637 qui
1405 2602 1440 2629 de
1461 2602 1562 2629 ambitu
1577 2602 1791 2636 postulabantur,
1821 2602 1849 2628 in

1067 2646 1185 2681 synodis.
1201 2645 1255 2674 Nec
1270 2647 1378 2681 impune
1394 2651 1472 2674 erant
1484 2647 1530 2681 qui
1549 2655 1602 2674 non
1619 2647 1682 2674 trita
1694 2647 1737 2674 via
1751 2646 1850 2681 gradus

1067 2691 1266 2719 ecclesiasticos
1281 2691 1398 2719 adirent.
1413 2692 1554 2720 Exteriore
1571 2693 1688 2727 quadam
1711 2697 1774 2720 nota
1793 2693 1850 2726 epi-

1068 2737 1154 2772 scopi,
1169 2739 1251 2765 etiam
1267 2741 1328 2766 eum
1345 2737 1541 2765 decumberent
1569 2745 1601 2766 ac
1623 2745 1745 2766 somnum
1767 2745 1851 2773 cape-

1105 2840 1141 2875 (b)
1159 2840 1186 2868 ln
1199 2840 1246 2869 lib.
1261 2845 1351 2869 contra
1372 2840 1554 2876 Vigilantiam.
