2000 3045
666 141 852 174 ΡΒᾹῐΡΔΤΙΟ
875 141 1050 172 EDITIONIS
1066 139 1314 169 BENEDICTINE.

1700 147 1792 169 ιιινιι

173 213 244 241 rent,
256 207 500 243 diguoscebantur;
515 208 561 236 sed
574 215 634 242 qua:
648 207 691 235 illa
711 213 773 235 nota
791 211 863 234 esset
877 206 956 241 igno-
970 209 996 236 Α
1008 204 1076 240 quod
1086 204 1188 239 justum
1201 207 1237 230 est
1250 203 1407 230 decernatur
1419 203 1432 230 .7
1444 202 1477 230 Et
1501 209 1566 231 sane
1582 202 1694 238 hujusce
1710 204 1794 231 moris

173 259 260 282 ratur.
277 253 344 281 Tres
353 254 482 288 episcopi,
501 259 607 288 recepto
627 258 655 281 et
666 254 774 289 vulgato
787 259 871 284 more,
884 251 956 279 ordt-

174 301 274 327 nabant
290 307 351 327 eum
367 300 414 334 qui
429 307 444 326 a
459 300 564 335 populis
583 300 784 327 allectusesset.
798 299 898 326 Verum
913 299 956 326 in-

173 350 262 375 stante
272 346 460 373 haereticorum
471 345 625 378 formidine,
638 353 698 372 cum
710 353 762 372 non
778 345 855 372 liberi
869 345 957 372 aditus

173 397 264 419 essent
275 391 307 418 ad
323 398 382 418 eam
395 391 544 423 civitatem,
555 399 624 419 unus
634 395 740 426 poterat
752 391 839 419 oﬂlcio
851 391 898 418 tali
909 391 958 419 de-

175 437 258 472 fungi,
287 441 317 463 ut
343 437 466 470 exemplo
490 437 589 464 Siderii
615 438 831 464 animadvertere
855 441 897 465 est
923 437 956 464 ad

174 491 274 510 annum
287 483 350 510 37L
362 482 440 510 Nefas
454 487 511 509 erat
523 484 690 518 episcopum,
704 484 756 511 nisi
772 490 895 517 suprema
912 490 956 510 ne-

174 529 287 556 cessitas
299 533 422 563 urgeret,
436 529 618 563 episcopatum
635 530 759 557 deserere
782 528 865 558 :Cum
884 527 958 555 Scri-

173 580 266 609 pturas
284 574 385 609 legeris,
403 575 439 601 ait
454 574 564 608 pulchre
582 575 747 602 Athanasius
770 575 956 602 Constantium

175 620 325 653 alloquens,
346 619 414 646 nosti
433 623 560 653 quantum
582 619 648 646 illud
665 620 699 646 sit
715 620 842 652 criminis,
858 620 958 654 episca-

174 673 236 699 pum
262 664 403 690 Ecclesium
429 665 547 691 deserere
562 673 656 697 suam,
685 665 783 699 Deique
799 665 878 692 ouilia
906 673 958 692 non

174 719 276 737 curare.
299 709 442 737 Pastorum
467 711 536 737 enim
569 711 689 737 absentia
707 712 791 746 gregis
817 712 957 739 invadendi

173 757 334 783 occasionem
348 757 416 791 lupis
432 757 539 791 prabet.
552 756 587 784 Et
599 762 698 785 cmlera
709 765 769 793 quae
791 757 860 786 bene
873 757 958 785 multa

173 801 261 834 adjicit
276 801 329 828 ille.

207 847 234 874 6.
246 847 295 874 Res
307 847 410 881 nefaria
435 848 610 883 episcopatum
633 857 717 876 emere
727 849 766 884 (p.
781 848 893 883 309).—-
906 849 958 877 Pro

174 893 277 920 nefario
294 898 320 920 et
339 896 507 920 cxsecrando
534 894 694 926 habebatur,
717 895 896 929 episcopalem
919 895 959 922 di-
974 889 995 918 Β

174 940 303 974 gnitatem
327 939 453 974 pactione
472 940 591 974 pecuniae
609 940 738 967 nancisci.
755 939 853 967 Malum
875 940 960 968 Atha-

175 985 244 1012 nasii
265 993 322 1013 πενο
340 992 423 1013 totam
445 991 601 1022 pervaserat
623 985 784 1022 Egyptum,
801 986 958 1020 Meletianis,

174 1033 385 1068 corruptissimis
399 1033 593 1066 viris,venales
607 1035 806 1062 ecclesiasticas
817 1034 960 1069 dignitates

173 1079 398 1114 proponentibus.
419 1079 511 1114 Neque
534 1081 667 1107 curabant
691 1080 766 1114 impii
787 1080 910 1108 homines
925 1088 958 1108 an

174 1125 384 1152 catechumenus
411 1130 499 1158 esset,
516 1133 549 1152 an
572 1126 689 1160 gentilis,
713 1127 758 1160 qui
782 1127 835 1154 tale
863 1135 959 1155 munus

173 1171 338 1205 postulatum
355 1171 510 1203 accedebat,
524 1178 618 1198 aurum
643 1173 722 1199 modo
737 1172 830 1206 daret;
844 1181 905 1200 nam

227 1216 296 1248 Quid
314 1217 413 1250 faciant
436 1217 516 1251 leges,
531 1217 575 1243 ubi
590 1217 646 1244 sola
663 1217 771 1251 pecunia
792 1225 879 1253 regnat
894 1219 907 1245 .9

174 1262 237 1290 Ideo
248 1267 334 1288 autent
346 1262 394 1289 viri
412 1271 446 1289 ne
458 1263 566 1298 quidem
581 1263 735 1296 Christiani,
751 1272 783 1291 ac
796 1264 867 1291 nulla
881 1272 958 1291 men-

175 1309 210 1335 tis
230 1308 381 1342 ingeniique
408 1309 469 1335 dote
486 1309 677 1341 commendati,
701 1309 858 1344 dignitatum
873 1310 959 1337 cccle-

172 1354 342 1380 siasticarum
360 1354 485 1388 cupidine
500 1354 663 1387 ﬂagrabant,
677 1354 738 1389 quia
753 1355 887 1382 immunes
901 1355 958 1383 clc-

172 1399 233 1432 rici,
250 1399 389 1434 multoque
403 1399 486 1434 magis
497 1400 625 1435 episcopi,
642 1405 719 1427 erant
734 1408 748 1427 a
765 1400 879 1435 publicis
895 1409 960 1436 ope-

173 1445 247 1473 ribus
264 1453 296 1473 ac
307 1446 483 1480 vectigalibus
501 1453 508 1472 :
524 1451 604 1481 atque
619 1451 649 1473 ut
662 1447 797 1481 conjicere
811 1447 883 1480 licet,
896 1448 957 1482 pitt-

171 1493 279 1527 guinres
293 1493 366 1519 fundi
375 1496 403 1520 et
414 1493 527 1526 majores
542 1500 606 1527 opes
619 1497 697 1520 erant
707 1492 886 1521 Orientalibus
898 1494 956 1528 epi-

172 1538 261 1571 scopis
275 1538 411 1564 atlributaa
433 1545 512 1571 quam
535 1536 768 1570 Occidentalibus;
785 1546 845 1565 nam
861 1539 956 1566 horum

172 1583 296 1618 plerique
317 1583 476 1610 laborabant
489 1583 578 1618 inopia
600 1583 639 1610 rei
657 1582 806 1615 familiaris,
825 1589 853 1610 ut
867 1585 908 1611 vix
924 1585 956 1611 ad

171 1627 310 1662 vulgarem
328 1628 518 1664 plebeiumuue
532 1636 608 1656 usum
621 1629 772 1656 necessaria
785 1634 957 1664 suppeterent

170 1672 211 1709 (p.
226 1673 298 1709 579).

206 1719 234 1746 7.
254 1718 431 1746 Commutatio
448 1721 643 1755 episcopatuum
655 1721 748 1748 illicita
766 1721 804 1755 (p.
820 1722 880 1755 l02,
893 1722 955 1754 114,

172 1763 245 1799 131).
261 1779 299 1786 -
313 1764 372 1792 Non
390 1764 492 1792 licitum
507 1766 641 1800 episcopis
653 1770 711 1794 erat
729 1766 763 1794 ad
781 1767 861 1794 aliam
873 1787 881 1799 ,
900 1775 956 1794 tua-

171 1810 298 1844 ximeque
320 1811 352 1837 ad
375 1811 531 1845 ampliorem
555 1811 691 1838 civitatem
715 1813 839 1840 transire.
861 1813 910 1846 Qui
931 1813 956 1841 id

171 1860 278 1890 ageret,
302 1855 416 1890 priorem
434 1856 514 1883 etiam
536 1864 616 1891 quain
634 1857 786 1891 occupabat
807 1857 956 1885 Ecclesiam

171 1901 323 1934 amittebat,
346 1901 491 1938 ἀκυρώσας
507 1903 602 1938 αὐτὴν,
619 1903 759 1937 utriusque
783 1903 888 1930 scilicet
912 1911 957 1931 ec-

172 1946 324 1974 clesiastico
338 1948 399 1981 jure
409 1949 542 1982 iacturam
557 1949 730 1976 faciebatzac
747 1949 858 1984 perinde
876 1954 956 1984 atque

171 1994 305 2028 mtecltus,
321 1994 366 2029 qui
383 1995 478 2022 aliena:
493 1996 579 2028 uxori,
591 1996 714 2031 despecta
727 2003 786 2028 sua,
802 1997 955 2031 cupiditatis

171 2041 265 2069 oculos
280 2041 420 2077 adjiceret,
439 2042 624 2070 abdicabatur.
649 2042 704 2070 Lex
727 2048 818 2070 tamen
847 2044 955 2077 itnpune

171 2089 205 2116 ab
219 2088 334 2116 Eusebio
346 2089 446 2115 violata
465 2094 517 2116 est.

207 2135 234 2161 8.
252 2133 426 2161 Perlustratio
439 2134 554 2161 locorum
570 2143 616 2169 per
630 2135 761 2168 episcopos
773 2134 810 2170 (p.
823 2135 952 2169 108.151,

173 2179 353 2214 11Ὶ,121).-
364 2179 510 2214 Episcopus
520 2180 665 2206 comitante
674 2180 758 2213 clero,
771 2187 825 2207 suae
845 2181 954 2208 ditionis

1007 249 1170 277 luculentutn
1187 250 1309 276 videmus
1319 249 1471 283 exemplum
1493 255 1526 275 ex
1544 248 1623 277 tertio
1631 247 1730 276 saeculo
1744 255 1793 283 ped

1007 296 1102 324 tilum:
1118 295 1162 323 ubi
1179 295 1325 330 Dionysius
1338 295 1547 328 Alexandrinus,
1567 302 1627 322 cum
1653 294 1794 329 cujusdam

1007 342 1129 377 epistolae
1140 350 1220 370 causa
1237 342 1263 369 in
1280 341 1460 376 suspicionem
1474 341 1564 368 minus
1579 348 1651 369 same
1665 340 1794 369 doctrina:

1006 393 1161 420 vocaretur,
1177 389 1209 415 ad
1227 387 1384 424 Dionysium
1397 386 1548 415 Romanum
1559 387 1593 415 ab
1604 386 1794 415 Alexandrinis

1007 433 1137 462 fratribus
1151 435 1256 462 delatus
1270 438 1323 462 est.

1042 481 1069 508 9.
1088 481 1279 515 Archiepixsopi
1293 489 1385 508 nomen
1399 481 1437 516 (p.
1453 481 1529 516 “8).
1541 497 1577 503 —
1589 478 1793 516 Arcbiepiscopi

1008 534 1105 555 nomen
1118 528 1144 553 in
1156 527 1292 554 Breuiario
1307 526 1405 554 Meletii
1421 527 1537 562 pritnum
1552 526 1702 561 reperimus
1714 532 1794 553 usur-

1007 577 1110 608 patum.
1130 572 1193 600 Post
1211 577 1383 600 enumeratos
1398 572 1470 600 enim
1485 572 1554 600 alios
1570 572 1684 599 aliarum
1697 571 1791 599 civitas

1008 623 1064 646 tum
1084 618 1234 653 episcopos,
1251 626 1319 653 quos
1345 625 1411 646 ausu
1438 618 1582 645 temerario
1601 622 1630 645 et
1655 611 1792 650 insolenti,

1008 664 1145 699 invitoque
1159 665 1378 699 metropolitano,
1395 665 1536 692 ordinarat
1557 664 1625 698 ipse,
1637 663 1670 690 de
1689 661 1794 690 Joanne

1009 712 1066 739 haec
1094 710 1214 738 Mcletius
1229 711 1266 737 ait
1289 718 1296 737 :
1319 710 1363 737 'Ev
1381 710 1477 745 Μέμφι
1498 709 1623 744 Ἰωάννης
1639 707 1793 739 κελευσθεὶς

1009 757 1084 793 παρὰ
1106 756 1152 784 τοῦ
1172 756 1303 792 βασιλέως
1319 755 1388 783 εἶναι
1415 755 1485 791 μετὰ
1500 755 1547 782 τοῦ
1564 754 1792 790 ἀρχιεπισκόπου,

1009 803 1036 831 id
1051 808 1111 831 est:
1127 802 1250 837 Memphi,
1260 803 1374 829 Joannes
1387 802 1475 835 justus
1496 803 1528 828 ab
1542 802 1696 835 imperatore
1711 805 1739 827 ut
1752 808 1794 827 es-

1009 856 1047 878 set
1061 850 1127 886 (sive
1140 850 1266 884 maneret)
1283 857 1343 876 cum
1365 848 1570 883 archiepiscopo.
1590 847 1650 874 Dixi
1678 847 1707 874 in
1721 847 1794 875 notis

1009 897 1042 924 ad
1065 905 1126 924 eum
1150 897 1249 927 locum,
1270 895 1401 922 Joannem
1424 894 1512 929 iuberi
1536 901 1597 920 cum
1612 892 1731 926 Meletio,
1746 892 1794 927 qui

1009 942 1204 977 archiepiscopi
1226 947 1324 968 nomen
1344 944 1391 968 aut
1411 939 1473 974 jure
1487 939 1629 967 obtinebat
1650 943 1698 966 aut
1713 946 1795 982 usuri

1008 989 1099 1023 pabat,
1117 989 1269 1016 consistere
1284 991 1364 1022 atque
1375 994 1428 1014 una
1442 993 1563 1014 manere.
1573 986 1609 1013 At
1624 985 1677 1013 vidi
1692 992 1793 1013 secun-

1009 1035 1071 1062 dum
1091 1035 1147 1061 lucc
1159 1033 1370 1061 emunctissima:
1387 1032 1462 1060 naris
1477 1032 1626 1063 hominem,
1641 1032 1687 1067 qui
1703 1032 1746 1059 his
1759 1032 1794 1059 de

1009 1081 1100 1111 causis
1117 1081 1210 1108 isthaec
1226 1080 1260 1107 ad
1277 1078 1461 1106 Alexandrum
1478 1078 1648 1105 Alexandriae
1658 1077 1794 1112 archiepi-

1008 1134 1129 1161 scopum,
1148 1126 1191 1154 cui
1216 1125 1381 1153 Breviarium
1406 1131 1486 1152 suum
1514 1124 1625 1152 tradidit
1657 1123 1792 1157 Meletius,

1008 1176 1130 1208 spettare
1147 1172 1300 1204 existimat,
1313 1171 1376 1206 quia
1401 1170 1507 1199 scilicet
1530 1170 1728 1206 archiepiscopi
1744 1178 1794 1198 no-

1009 1227 1068 1246 men
1082 1219 1114 1246 ad
1124 1218 1335 1246 Alexandrinum
1351 1225 1430 1252 quam
1444 1217 1476 1244 ad
1488 1216 1708 1253 Lj'copolilanum
1724 1223 1794 1251 ρη-

1009 1264 1094 1292 sulem
1121 1263 1210 1298 potius
1225 1264 1353 1298 pertinet.
1374 1262 1468 1290 ltidetn
1490 1270 1551 1290 cum
1567 1262 1689 1290 Mcletius
1705 1263 1793 1297 prima

1009 1317 1122 1345 persona
1145 1309 1256 1344 loquens
1287 1308 1453 1336 Breuiurium
1476 1308 1598 1336 ordiatur
1626 1307 1677 1334 hoc
1702 1313 1791 1342 pacto,

1015 1355 1084 1390 Ἐγὼ
1098 1355 1226 1387 Μελέτιος
1247 1356 1276 1382 ὲν
1288 1354 1378 1391 Λυκῷ,
1396 1355 1440 1382 hic
1457 1354 1576 1382 dictttrus
1592 1355 1682 1387 erat,6
1698 1354 1792 1381 κελευιι

1009 1402 1082 1433 σοεὶς
1114 1400 1181 1428 εἶναι
1213 1401 1271 1437 μετ’
1291 1400 1374 1436 ἐμοῦ,
1404 1408 1474 1434 non,
1498 1400 1567 1436 μετὰ
1596 1400 1643 1427 τοῦ
1668 1401 1793 1436 ἀρχιεπι-

1009 1449 1120 1477 income.
1145 1447 1168 1474 si
1185 1448 1293 1482 quidem
1309 1447 1366 1473 haec
1390 1446 1471 1474 verba
1492 1446 1592 1473 Meietii
1615 1451 1707 1474 essent
1725 1455 1733 1479 ;
1749 1446 1792 1474 sin

1007 1495 1140 1529 glossema
1160 1493 1194 1521 sit
1215 1493 1373 1525 Athanasii,
1392 1500 1527 1527 nunquam
1552 1493 1718 1520 Athanasius
1728 1492 1792 1527 ,Με-

1008 1539 1100 1566 letium
1127 1544 1272 1566 vocaturus
1299 1542 1357 1566 erat
1385 1539 1627 1574 archiepiscopum.
1653 1539 1694 1567 Ad
1717 1539 1792 1572 hac,

1008 1585 1179 1613 verisimilius
1202 1591 1244 1613 est
1269 1585 1399 1613 Joannem
1423 1585 1587 1620 petulantem
1605 1585 1710 1617 virum,
1733 1589 1791 1612 tur-

1008 1630 1156 1665 bnrutnque
1180 1637 1336 1663 auctorem,
1354 1630 1459 1665 jussum
1488 1629 1572 1657 fuisse
1598 1636 1707 1657 manere
1729 1637 1791 1657 cuin

1006 1676 1169 1709 Alexandro,
1177 1676 1222 1703 tibi
1235 1676 1326 1703 nullus
1341 1679 1460 1703 motuttm
1475 1675 1561 1707 locus,
1576 1675 1649 1702 nulla
1666 1675 1792 1703 turbandi

1007 1723 1050 1748 via
1068 1721 1181 1754 fuisset,
1197 1729 1278 1756 quam
1303 1721 1372 1755 apud
1392 1720 1539 1753 Meletium,
1557 1720 1739 1748 turbulentum
1763 1724 1792 1748 et

1008 1767 1094 1802 ipsutn
1118 1774 1313 1802 procacemque
1343 1766 1491 1794 hominem.
1517 1765 1615 1793 Verum
1635 1764 1746 1800 isllizec,
1761 1771 1792 1794 ut

1007 1814 1111 1840 erudite
1120 1813 1262 1840 observata
1275 1816 1346 1843 sunt.
1360 1819 1412 1839 non
1427 1812 1494 1839 tanti
1508 1812 1572 1840 mihi
1583 1812 1709 1840 videntur
1717 1819 1788 1845 esse,

1007 1864 1038 1887 ut
1054 1859 1172 1886 animum
1188 1858 1241 1886 alio
1257 1858 1382 1885 conferre
1402 1858 1543 1886 suadeant.
1567 1857 1632 1884 Nam
1657 1857 1792 1892 archiepin

1008 1904 1082 1937 scopi
1098 1910 1194 1929 nomen
1212 1902 1282 1937 quod
1298 1907 1413 1937 spectat,
1432 1911 1465 1930 ne
1479 1903 1562 1930 semel
1578 1903 1685 1937 quidem
1703 1902 1746 1930 vel
1763 1902 1791 1930 in

1005 1945 1153 1973 Alexandri
1179 1946 1313 1980 epistolis,
1339 1946 1380 1973 vel
1406 1947 1432 1974 in
1450 1947 1579 1982 operibus
1597 1948 1751 1982 Athanasii]
1763 1947 1790 1975 in

1006 1998 1054 2018 usu
1071 1991 1237 2024 reperimus:
1253 1999 1307 2027 quo
1328 1993 1479 2027 conjectura
1500 1994 1621 2021 nascitur
1634 1994 1691 2022 hrec
1708 1995 1791 2022 verba

1006 2044 1066 2064 esse
1084 2036 1181 2064 Melelii
1205 2038 1250 2072 qui
1269 2042 1352 2065 totum
1378 2037 1542 2066 Breviarium
1565 2039 1727 2074 descripsit;
1741 2047 1791 2068 nec

1006 2087 1150 2118 antequam
1165 2084 1221 2111 haec
1237 2084 1423 2118 proferantur,
1442 2084 1567 2120 l0anndi
1592 2086 1671 2113 tinem
1693 2085 1791 2114 fecisse

1005 2129 1121 2157 videtur.
1144 2129 1213 2162 Quid
1230 2129 1301 2164 quod
1319 2134 1422 2156 certum
1445 2135 1485 2157 est
1498 2129 1635 2158 Meletium
1656 2130 1792 2165 archiepi-

1004 2176 1078 2210 scopi
1091 2183 1188 2203 nomen
1198 2183 1342 2211 usurpasse
1355 2177 1366 2203 ?
1378 2177 1542 2212 Epiphanius
1555 2177 1643 2209 enim,
1654 2177 1698 2212 qui
1712 2185 1790 2204 suam

172 2223 241 2256 loca,
256 2224 359 2251 ordinis
371 2231 402 2250 ac
414 2230 482 2251 verm
498 2224 557 2250 fidei
572 2224 710 2251 servanda:
723 2231 813 2256 causa,
827 2224 953 2258 frequens
970 2231 993 2262 ι)
1007 2221 1039 2248 de
1048 2220 1198 2248 Meletianis
1207 2221 1348 2249 historiam
1356 2221 1390 2248 ab
1400 2221 1490 2256 aliquo
1502 2221 1573 2249 illius
1583 2226 1663 2249 sectae
1679 2223 1791 2250 homine

172 2269 312 2298 lustrabat.
330 2269 385 2296 lmo
402 2269 513 2304 legimus
529 2269 555 2296 in
586 2268 646 2295 Vita
668 2268 813 2302 Par/tomii,
835 2270 956 2297 Athana-

171 2316 250 2348 sium,
267 2320 360 2351 utpote
375 2315 486 2351 (Egypti
512 2315 594 2343 totius
618 2315 865 2350 metropolitanum,
879 2316 955 2344 initio

170 2362 342 2397 episcopatus
355 2361 396 2389 sui
406 2361 570 2390 Tltebaidem
585 2362 773 2397 perlustrasse,
790 2368 818 2390 ut
834 2364 954 2392 inﬁrmos

170 2408 198 2436 in
204 2416 269 2436 vera
279 2409 330 2435 fide
341 2413 420 2443 atque
433 2408 590 2436 vacillantes
607 2415 753 2442 recrearet,
764 2415 844 2445 atque
856 2411 888 2437 ad
899 2418 955 2438 nte-

171 2453 266 2480 liorem
279 2453 427 2488 applicaret
436 2454 618 2489 partem.Non
632 2454 729 2482 licebat
743 2455 875 2490 episcopis
886 2455 953 2483 citra

169 2499 330 2526 sententiam
350 2500 549 2534 metropolitani
563 2501 752 2528 suidecretum
765 2501 847 2528 ullum
862 2503 953 2535 edere,

170 2544 240 2578 quod
255 2544 295 2571 vel
314 2544 464 2579 episcopos,
480 2545 520 2572 vel
541 2546 599 2572 rent
614 2553 785 2574 communem
808 2552 953 2582 spectaret.

169 2591 214 2618 Ait
228 2589 314 2618 Julius
332 2599 410 2626 papa,
430 2591 456 2618 id
470 2599 530 2619 esse
542 2593 634 2623 moris,
652 2598 680 2619 ut
693 2600 726 2620 uc
741 2593 775 2620 de
788 2593 877 2620 causis
893 2594 954 2628 qui-

168 2637 281 2664 busdam
293 2639 371 2673 (quas
386 2637 501 2672 majores
516 2640 654 2674 vocamus)
666 2639 819 2667 inconsulto
833 2640 954 2668 Romano

168 2683 295 2716 pontifice
316 2682 462 2716 judicctur.
480 2682 542 2710 llaec
558 2683 615 2716 ejus
627 2685 707 2710 verba
731 2688 791 2711 sunt
815 2684 952 2718 querentis

168 2729 204 2754 de
217 2728 357 2756 Athanasii
368 2728 536 2755 abdicatione
549 2737 555 2754 :
568 2729 602 2754 Ἢ
613 2729 733 2763 ἀγνοεῖτε
744 2729 785 2755 ὅτι
797 2728 875 2755 τοῦτο
892 2728 952 2760 ἔθος

167 2771 212 2809 ἦν,
232 2774 362 2810 πρότερον
376 2773 529 2808 γράφεσθαι
543 2776 619 2810 ἡμῖν,
637 2775 682 2801 καὶ
704 2774 789 2805 οὓτως
803 2774 878 2800 ἔνθεν
894 2773 952 2809 ὁρί-

168 2819 262 2851 ζεσθαι
279 2820 314 2846 τὰ
333 2820 441 2853 Mucia;
458 2820 484 2847 id
500 2825 539 2847 est
555 2830 561 2848 :
580 2824 621 2848 Art
644 2822 771 2856 ignoratis
793 2829 849 2847 eam
873 2820 953 2854 fuisse

167 2867 392 2898 consuetudinem,
404 2870 432 2891 ut
446 2866 561 2899 primum
574 2867 646 2895 nobis
660 2868 798 2900 scribatur,
813 2875 843 2894 ac
858 2866 952 2894 deinde

285 2916 424 2946 PATROL.
443 2915 503 2946 Gn.
524 2916 625 2947 XXV.

1007 2267 1130 2295 hausisse
1146 2267 1269 2301 videtur,
1286 2268 1322 2295 ita
1339 2268 1444 2295 scilicet
1469 2268 1592 2295 laudibus
1616 2268 1734 2296 celebrat
1748 2270 1791 2296 vel

1006 2313 1239 2348 petulantissimos
1256 2313 1472 2346 Meletianorum,
1489 2314 1624 2341 Meletium
1645 2315 1731 2349 ipsum
1751 2315 1791 2342 ita

1006 2365 1130 2394 exornat,
1144 2361 1157 2387 ὁ
1167 2360 1333 2396 δευτερεύων
1349 2360 1387 2396 τῷ
1402 2361 1498 2397 Πέτρῳ
1515 2360 1586 2388 κατὰ
1602 2362 1651 2397 τὴν
1663 2362 1790 2397 ἀρχιεπι-

1006 2406 1119 2441 σκοπήν,
1135 2406 1186 2432 hoc
1196 2410 1248 2437 est,
1263 2406 1306 2437 qui
1324 2407 1451 2432 secundas
1467 2411 1521 2439 post
1538 2405 1646 2432 Petrum
1662 2406 1689 2432 in
1704 2406 1791 2432 urchi-

1005 2451 1154 2485 episwpatu
1176 2451 1314 2478 obtinebat.
1338 2451 1371 2477 Et
1394 2451 1447 2478 alio
1468 2452 1527 2478 loco
1544 2460 1551 2479 :
1571 2451 1699 2482 Μελέτιος
1715 2452 1790 2487 ὁτῆς

1005 2496 1140 2530 Αἰγύπτου
1159 2497 1212 2523 ἀπὸ
1223 2496 1355 2532 Θηϐαΐδος
1371 2497 1456 2524 δοκῶν
1475 2495 1543 2524 εἶναι
1560 2498 1606 2524 καὶ
1617 2498 1698 2529 αὐτὸς
1712 2499 1790 2534 ἀρχιέ

1005 2543 1162 2574 επίσκοπος.
1181 2542 1302 2569 Meletius
1317 2544 1360 2577 qui
1374 2544 1401 2569 in
1420 2542 1551 2570 Thebaide
1566 2543 1676 2578 {Egypti
1686 2545 1790 2579 regione

1005 2590 1211 2623 archiepiscopus
1224 2594 1248 2616 et
1270 2590 1324 2624 ipse
1341 2595 1406 2616 erat.
1423 2589 1490 2616 Nam
1511 2597 1562 2616 vox
1577 2590 1672 2622 δοκέω,
1689 2591 1726 2617 uti
1741 2591 1791 2618 ob-

1005 2642 1145 2662 servamus
1165 2635 1191 2661 in
1212 2634 1393 2667 Onomaslieo,
1410 2635 1632 2669 frequentissime
1650 2636 1716 2663 nihil
1737 2637 1790 2663 mi-

1005 2681 1064 2708 nuit
1088 2679 1304 2707 aﬂirmationem.
1330 2680 1510 2712 Quamobrem
1534 2689 1596 2708 cum
1619 2682 1790 2716 exploratqu

1004 2726 1039 2754 sit
1056 2726 1190 2753 Mcletium
1209 2727 1258 2753 sibi
1281 2727 1477 2761 archiepiscopi
1505 2735 1601 2754 nomen
1628 2735 1787 2762 arrogasse,

1004 2777 1031 2800 et
1047 2780 1178 2806 nusquam
1196 2772 1348 2799 Alexander
1365 2777 1411 2799 aut
1426 2774 1593 2801 Athanasius
1605 2774 1668 2800 illud
1686 2781 1797 2801 memoa

1004 2819 1187 2850 reveritrl,aut
1204 2819 1255 2845 sibi
1273 2819 1455 2852 attribuerint,
1466 2827 1554 2847 annon
1571 2821 1660 2856 potius
1680 2821 1723 2847 hic
1738 2827 1789 2846 vox

1004 2864 1218 2900 ἀρχιεπίσκοπος
1235 2864 1358 2892 videatur
1373 2872 1432 2893 esse
1458 2865 1574 2898 Meletii,
1595 2868 1640 2902 qui
1666 2866 1789 2901 superius

1518 2926 1532 2947 ζ
