2000 3045
663 185 847 214 ΡΒᾹΞΕΑΤΙΟ
866 185 1037 215 EDITIONIS
1056 185 1307 215 BENEDICTINA‘J.

1699 196 1782 217 ιιιιι

168 242 244 271 citati
263 243 434 270 celebranda.
453 243 479 270 ln
499 244 609 280 synodis
628 244 706 280 vulgo
723 246 875 273 edebantur
889 245 949 273 lidei
964 248 987 277 Α
1001 253 1080 281 grare
1097 246 1180 280 capit
1201 245 1353 273 institutum
1381 244 1532 278 huiusmodi
1552 253 1623 273 anno
1634 245 1682 272 3H
1698 267 1706 279 ,
1723 254 1783 274 cum

169 288 292 316 formulae
305 290 343 322 (p.
361 288 421 320 157,
437 289 511 323 586).
530 289 703 324 Experientia
726 291 813 325 quarti
833 292 950 319 maxime

168 333 258 361 seculi
272 339 439 368 compertum
457 334 687 370 fuit,synodorum
699 337 810 363 nimiam
826 337 951 371 frequent-

168 380 232 407 tiam
244 379 302 414 plus
315 380 348 407 ad
362 381 511 415 perniciem
526 389 608 416 quam
624 382 657 409 ad
672 383 841 410 Commodum
859 383 951 410 Eccle-

167 426 214 453 siae
233 425 391 453 contulisse.
408 426 437 453 In
460 426 522 454 fidei
538 427 658 454 formulis
674 435 727 455 non
742 428 870 462 temporis
885 435 950 456 nota

166 471 293 504 praemitti
313 471 426 503 solebat,
449 479 501 498 non
518 472 688 506 imperatoris
710 473 884 501 causulumve
903 482 950 500 no—

166 517 250 543 mina.
273 516 441 551 Quapropter
469 524 530 545 cum
560 517 674 550 Valens,
692 518 821 546 Ursacius
847 518 944 553 aliique

165 561 306 596 omsules,
321 562 476 595 quolidiano
496 562 564 589 aulte
579 562 709 590 Caesarea:
728 571 777 590 usu
791 564 824 590 ad
841 564 948 592 nimiam

165 606 375 633 assentationem
386 606 492 638 eruditi,
502 605 650 634 Constantii
666 616 773 640 nomen,
782 615 843 635 cum
856 609 948 636 odiosa

166 652 257 679 wtemi
269 653 476 687 nuncupatione,
492 653 553 680 fidei
577 654 697 681 formulae
716 655 903 689 praefixissent,
921 655 947 682 in

165 698 266 726 crimen
275 706 306 726 ea
320 700 352 726 de
360 706 440 726 causa
455 700 526 726 haud
535 700 582 727 abs
599 708 626 727 re
645 707 773 727 vocantur
783 700 816 727 ab
824 701 946 728 Athana-

164 744 206 770 sio
221 743 258 779 (p.
274 744 346 778 619).
362 743 413 777 Qui
431 745 549 779 episcopi
565 746 667 780 synodo
685 746 815 773 interesse
833 754 885 773 non
901 754 948 780 po-

137 814 140 819 ,
163 794 252 817 terant
271 791 443 825 presbyteros
466 795 513 817 aut
538 792 666 819 diaconos
691 791 834 820 mittebant
857 797 947 820 actum

162 843 222 870 quae
236 836 336 870 agenda
352 841 502 870 oporteret:
516 836 598 870 aliqui
614 837 694 864 etiam
709 838 866 864 monachos.

197 880 241 908 18.
261 881 371 916 Synodo
385 889 491 909 reorum
506 882 629 909 exsilium
646 887 692 909 aut
706 883 806 909 cmdem
819 884 948 910 decerne-

1001 290 1166 317 Athanasius
1184 297 1217 317 eo
1231 289 1382 324 profectus,
1400 289 1572 316 Ammoniutn
1600 294 1628 317 et
1650 290 1782 318 lsidorum

1002 335 1148 361 monachos
1159 334 1266 361 virtutis
1293 334 1410 364 eximiae,
1428 334 1477 360 viae
1491 334 1542 361 sibi
1569 334 1683 362 comites
1712 335 1784 362 asci-

1002 379 1040 405 vit
1053 378 1102 413 (a).
1116 378 1234 413 Quorum
1253 379 1325 413 prior
1339 383 1411 405 tanta
1426 383 1484 406 erat
1501 378 1677 406 humanarum
1691 387 1782 407 rerum

1001 424 1125 458 incuria;
1141 429 1179 457 ut,
1198 424 1248 451 etsi
1263 424 1354 452 Romae
1365 424 1512 458 amplitudo
1523 433 1618 453 omnes
1635 426 1676 453 vel
1703 425 1784 461 longe

1001 475 1134 496 terrarum
1149 470 1215 496 sitos
1228 469 1350 498 homines
1364 469 1396 496 ad
1421 470 1462 497 sui
1480 470 1662 504 spectaculum
1686 478 1783 499 evoca-

1001 519 1054 546 ret,
1069 515 1112 542 ille
1127 520 1215 542 tamen
1229 515 1438 548 amphitheatra.
1461 515 1564 549 plateas
1591 520 1618 543 et
1633 523 1714 550 opera
1732 523 1782 550 pu-

1000 561 1080 592 blica,
1112 561 1203 588 Roma:
1225 561 1336 595 degens,
1359 569 1393 588 ne
1422 567 1595 595 conspectum
1612 562 1719 596 quidem
1743 563 1783 590 ire

998 608 1090 635 vellet.
1106 607 1132 634 ls
1145 607 1201 642 ipse
1215 608 1374 635 Ammonius
1388 613 1439 639 est,
1456 608 1501 642 qui
1521 612 1613 642 postea
1631 609 1664 635 ad
1679 609 1782 643 episco«

999 659 1090 687 patum
1109 658 1246 684 evocatus,
1262 652 1380 679 abscissa
1389 653 1439 680 sibi
1456 654 1573 684 aure,ad
1590 660 1649 680 eam
1664 653 1781 688 dignita-

999 703 1052 724 tem
1081 698 1249 725 mutilatione
1278 699 1400 730 corporis
1423 699 1474 725 sibi
1503 698 1604 726 aditum
1634 699 1778 733 prieclusit.

1000 743 1068 770 lliuc
1080 750 1142 770 vero
1156 743 1266 778 colligas
1278 764 1285 776 ,
1297 743 1430 777 ejusmodi
1446 744 1540 770 vitium
1553 751 1711 778 corporeum
1728 744 1780 770 im-

998 789 1150 822 pedimento
1165 789 1247 816 fuisse
1259 810 1266 820 .
1285 797 1318 816 ne
1334 789 1393 823 quis
1407 789 1548 824 episcopus
1559 791 1778 818 constitueretur.

999 834 1116 861 Isidorus
1133 839 1222 862 autem
1249 842 1300 861 non
1321 835 1426 861 minore
1451 835 1558 862 virtutis
1573 835 1644 862 fama
1657 840 1685 862 et
1699 835 1781 863 ﬂuxa-

999 887 1057 906 rum
1087 887 1177 906 rerum
1204 880 1373 906 abdicatione
1397 880 1518 907 ﬂorebat.
1533 880 1600 907 Tum
1623 882 1780 916 ctepitmo-

163 932 193 952 re
205 933 351 959 curareque
363 934 415 953 non
429 926 530 953 licitum
543 932 602 953 erat
616 927 734 962 (p.105).
752 926 859 954 Nicaana
879 935 945 962 syu-
962 918 983 944 Β
998 926 1117 953 nasticus
1135 926 1202 953 ordo
1215 926 1240 952 in
1261 926 1409 954 Occidente
1422 927 1604 961 frequeulal‘i.
1617 927 1652 954 ila
1669 932 1698 954 υῐ
1713 934 1779 962 pall-

162 971 230 998 odus
244 972 374 998 concessit
386 971 508 1007 (p.112),
517 976 545 999 ut
557 977 615 999 acta
626 973 724 1006 prioris
737 973 832 1008 synodi
845 973 872 1000 in
884 973 947 1001 sub-

161 1017 282 1052 sequenti
299 1018 526 1052 expenderentur,
539 1023 568 1044 ut
582 1023 659 1045 caute
674 1018 777 1052 priores
790 1018 945 1052 deiiuireut,

161 1070 221 1097 quae
236 1068 297 1097 post
319 1063 436 1090 examini
457 1063 605 1097 subjectqu
621 1064 653 1091 iri
672 1069 813 1092 noverant.
834 1065 945 1100 Signum

161 1108 357 1135 communionis
370 1113 438 1140 erat,
452 1107 531 1135 alicui
547 1108 651 1136 litteras
662 1109 780 1142 mittere,
797 1110 946 1145 missasque

160 1153 195 1180 ab
202 1160 233 1180 eo
245 1154 377 1188 recipere:
387 1155 504 1188 quarein
515 1156 616 1189 synodo
627 1154 779 1182 Sardicensi
788 1155 945 1189 prohibetur

159 1199 311 1226 litterarum
335 1207 398 1227 usus
411 1208 472 1228 cum
490 1201 635 1228 haereticis.
661 1200 768 1228 Precari
782 1209 842 1228 cum
858 1201 944 1228 luere-

159 1245 224 1271 ticis
237 1245 346 1272 vetitum
362 1251 420 1272 erat
438 1257 444 1273 :
461 1251 489 1273 et
505 1247 528 1273 si
550 1247 610 1281 quis
627 1246 652 1273 id
674 1246 802 1274 facinoris
819 1247 945 1274 admitte-

159 1295 213 1321 ret,
226 1298 284 1317 cum
300 1291 345 1318 illo
361 1292 464 1326 pariter
479 1300 589 1327 precutn
612 1300 676 1319 usus
696 1293 854 1320 interdictus
874 1297 942 1321 erat.

158 1335 238 1371 Lapsi
254 1337 280 1364 in
300 1337 422 1364 haeresim
438 1338 488 1364 hac
510 1337 569 1372 lege
593 1338 802 1372 recipiebantur,
819 1342 848 1364 ut
861 1338 882 1365 si
897 1338 944 1372 qui

158 1383 304 1417 impietatis
317 1387 443 1410 auctores
457 1383 597 1418 patroniie
609 1383 732 1416 fuissent,
746 1384 779 1411 iis
792 1383 867 1410 venia
883 1383 943 1418 qui-

157 1429 230 1460 dem,
248 1436 301 1456 non
316 1429 390 1456 locus
407 1435 494 1456 tamen
507 1429 694 1457 restitueretur
713 1433 759 1456 aut
770 1429 871 1463 gradus
885 1429 941 1464 pri-

157 1474 247 1502 stinus
262 1475 289 1502 in
305 1475 380 1502 clero
395 1485 402 1507 ;
416 1475 449 1503 iis
461 1483 524 1502 vero
536 1475 581 1510 qui
599 1475 623 1501 vi
640 1479 687 1502 aut
701 1475 860 1502 necessitate
872 1482 942 1502 com-

157 1520 226 1554 pulsi
245 1521 278 1548 ad
293 1521 436 1548 haereticos
446 1521 634 1553 descivissent.
646 1527 673 1548 et
687 1521 764 1548 venia
784 1521 941 1556 resipiscen-

156 1565 228 1594 tibus
250 1567 360 1594 daretur
378 1571 405 1594 et
426 1567 500 1595 locus
521 1567 660 1603 pristinus.
677 1567 820 1594 Eunuchos
835 1567 940 1594 vetabat

156 1611 199 1638 lex
227 1612 260 1638 ad
287 1612 499 1640 ecclesiasticum
528 1620 638 1647 prorsus
667 1612 809 1640 consilium
836 1612 941 1639 admitti

156 1661 194 1694 (p.
214 1659 259 1690 93,
277 1659 410 1691 “0,772,
427 1658 489 1690 768,
503 1658 565 1690 769,
578 1658 654 1693 290).

192 1704 235 1732 19.
256 1705 318 1732 Tria
332 1705 455 1732 videmus
467 1705 518 1732 isto
529 1711 585 1731 aevo
598 1711 646 1739 per
660 1703 766 1739 quidem
782 1703 848 1730 mira
861 1706 941 1737 atque

155 1751 308 1778 insolentia.
327 1750 473 1785 Epistolam
495 1749 641 1777 Alexandri
659 1749 696 1784 (p.
713 1749 776 1783 515)
791 1749 829 1775 sic
843 1749 940 1775 inscri-

155 1802 229 1832 ptam
245 1805 252 1823 :
264 1796 410 1823 Alexander
423 1796 579 1830 presbyteris
593 1795 760 1829 diaconisque
771 1794 940 1821 Alexandria:

154 1848 178 1869 et
193 1841 329 1873 Mareotte,
343 1849 454 1876 prtesem
467 1841 650 1876 prmentibus,
665 1839 766 1866 dilectis
782 1840 810 1866 in
827 1839 938 1866 Domino

154 1888 295 1923 fratribus,
314 1887 423 1914 salutem
438 1887 550 1914 :datam
572 1886 679 1914 scilicet
695 1886 746 1913 illis
758 1885 803 1920 qui
826 1892 940 1920 praesen-

154 1939 197 1961 tes
207 1934 327 1961 aderant.
343 1933 459 1961 Litteras
472 1933 659 1960 Alexandrinae
682 1932 786 1967 synodi,
802 1939 873 1958 anno
887 1931 940 1958 562

154 1980 253 2006 missas
265 1983 301 2014 (p.
313 1978 376 2014 619)
391 1979 425 2005 ab
438 1977 551 2005 Eusebio
567 1982 594 2004 et
615 1977 722 2004 Asterio
746 1984 805 2004 cum
824 1976 884 2003 aliis
906 1984 938 2004 ea

154 2025 181 2051 in
199 2025 301 2060 synodo
313 2029 369 2050 tum
385 2023 566 2054 versantibus,
578 2023 611 2049 ad
627 2022 727 2057 seipsos
742 2023 778 2049 ad
791 2021 938 2048 Antioche-

154 2078 215 2097 nam
230 2070 360 2106 syuodum
380 2074 570 2104 properantes,,
577 2069 627 2096 hac
641 2068 726 2095 forma
744 2076 751 2094 :
766 2067 937 2099 Athanasius,

154 2115 294 2148 Eusebius,
323 2115 487 2142 Asterium...
508 2114 646 2148 Lucifero,
666 2111 790 2145 Eusebio,
816 2113 936 2144 Asteria,

153 2167 207 2188 etc.
218 2161 337 2196 Denique
349 2168 449 2188 morem
461 2159 649 2195 Egyptiorunt
662 2158 804 2193 prtesulum
817 2157 937 2185 subscri-

153 2207 234 2234 bendi
256 2215 304 2242 pro
319 2206 486 2239 absentibus,
506 2207 528 2234 si
543 2205 651 2241 quando
665 2205 795 2240 synodum
817 2203 937 2231 celebra-

154 2258 215 2280 rent
229 2260 267 2288 ῳ.
285 2253 358 2287 718).

188 2299 232 2326 ‘20.
251 2298 370 2331 Ezsules,
388 2303 513 2333 martyres
528 2298 566 2332 (p.
584 2295 659 2332 261).
680 2310 715 2316 —-—
731 2296 869 2330 Quotquot
897 2299 934 2330 ty-

153 2353 300 2374 rannorum
326 2345 486 2372 Christianae
501 2342 638 2378 religionis
664 2341 780 2368 furorem
795 2339 932 2367 declinan-

154 2398 206 2423 tes.
219 2391 323 2427 profugi
338 2391 491 2420 interirent,
511 2393 660 2422 martyrmn
677 2386 735 2413 loco
755 2385 932 2412 habebantur.

187 2438 232 2465 21.
248 2437 370 2464 Mouachi
398 2436 436 2471 (p.
457 2435 531 2469 651i).
555 2448 590 2453 —
611 2432 734 2460 Monachi
758 2431 884 2466 perpauci
908 2430 934 2456 in

151 2483 278 2519 Egypto.
293 2490 325 2510 ac
338 2490 407 2516 pene
430 2481 511 2516 ignoti
528 2479 651 2511 fuerant,
679 2478 712 2505 ad
732 2477 838 2503 initium
851 2483 935 2510 usque

150 2529 241 2565 quarti
258 2529 360 2556 saeculi.
377 2528 414 2555 Eo
431 2534 546 2562 namque
565 2531 688 2560 tempore
701 2522 835 2550 Antonius
853 2521 934 2548 innu-

150 2583 242 2604 meros
254 2575 376 2609 exetuplo
387 2582 435 2602 suo
450 2575 484 2601 ad
496 2581 555 2601 eam
574 2573 634 2599 vita:
647 2570 784 2598 rationem
811 2568 932 2595 deduxit.

149 2622 311 2650 Pachomius
333 2622 399 2648 item
422 2621 450 2647 in
473 2619 602 2646 extremis
629 2615 783 2644 Thebaidos
811 2614 932 2648 partibus

149 2668 273 2695 ctenobia
288 2665 632 2701 excitavitquampluritna,
653 2670 685 2690 ac
714 2667 858 2688 numerosa
874 2666 928 2686 ρω-

148 2713 302 2740 nobitarutu
333 2711 467 2739 sodalitia.
495 2709 653 2737 Ammonius
675 2707 758 2734 etiam
787 2706 814 2733 in
846 2704 932 2731 Nitria

148 2759 311 2786 monasteria
322 2758 455 2785 exstruxit
472 2755 701 2791 frequentissima,
719 2753 765 2781 sed
781 2758 930 2786 paucorum

146 2806 251 2841 singula
283 2804 487 2832 monachorum.
513 2803 549 2830 Ex
576 2802 691 2836 Egyplo
716 2799 831 2826 Romam
846 2796 933 2824 demiu

181 2906 220 2941 (α)
235 2905 263 2932 ln
281 2904 341 2931 Vita
358 2903 495 2930 Athanasii
507 2903 541 2930 ad
557 2903 627 2930 hunc
639 2909 751 2930 annum.

997 970 1036 997 cis
1051 975 1110 1004 post
1127 970 1204 997 anuis
1221 971 1384 998 monasteria
1395 971 1528 1006 permulta
1540 972 1638 1007 ubique
1658 971 1778 999 locorum

995 1016 1187 1048 excitarentur,
1200 1024 1314 1051 quorum
1331 1016 1509 1050 frequentiam
1538 1024 1690 1044 memorare
1700 1018 1778 1045 vide-

996 1066 1040 1088 tur
1052 1061 1217 1088 Athanasius
1234 1062 1284 1088 sub
1299 1061 1404 1088 initium
1428 1060 1494 1089 Vita:
1515 1062 1632 1090 Antonii.
1659 1063 1778 1091 Permul-

995 1111 1037 1134 tos
1051 1107 1123 1134 circa
1140 1107 1256 1135 medium
1275 1107 1362 1141 quarti
1391 1108 1481 1135 saeculi
1510 1116 1571 1136 cum
1594 1109 1776 1144 Alexandriae,

996 1157 1051 1178 tum
1065 1153 1091 1179 in
1106 1152 1173 1180 locis
1189 1153 1290 1179 circqu
1305 1153 1399 1186 positis
1422 1153 1506 1181 fuisse
1521 1155 1667 1182 monachos
1687 1155 1776 1189 palam

994 1198 1099 1224 videtur
1113 1204 1174 1225 esse
1187 1206 1194 1225 :
1209 1206 1270 1225 itam
1284 1199 1310 1225 iu
1330 1198 1488 1226 tumultibus
1503 1207 1552 1234 per
1564 1200 1681 1229 Arianos
1701 1204 1777 1230 exci-

995 1243 1057 1270 tatis
1084 1243 1209 1271 monachi
1240 1251 1348 1279 semper
1378 1252 1473 1279 aspere
1507 1246 1610 1280 accepti
1638 1247 1774 1276 feruntur.

994 1290 1079 1317 Tanta
1093 1295 1151 1318 erat
1165 1291 1274 1319 virtutis
1294 1293 1487 1320 monachorum
1504 1292 1574 1320 fama
1586 1313 1594 1326 ,
1610 1299 1638 1321 ut
1663 1296 1776 1323 honoris

993 1343 1074 1362 causa
1085 1336 1204 1371 episcopi
1221 1337 1354 1364 interdum
1371 1337 1436 1372 ipsis
1450 1338 1476 1364 in
1506 1339 1626 1366 sacrario
1645 1348 1705 1367 cum
1718 1340 1776 1368 cle-

993 1381 1057 1408 ricis
1074 1380 1160 1408 locum
1185 1381 1290 1409 darent.
1306 1382 1351 1409 Ait
1373 1383 1443 1410 enim
1467 1383 1631 1412 Athanasius
1645 1385 1683 1420 (p.
1699 1385 1774 1420 265),

992 1427 1139 1455 monachos
1149 1432 1176 1454 et
1186 1427 1357 1463 clericos,qui
1368 1435 1458 1456 secum
1468 1429 1539 1457 intus
1550 1430 1775 1465 aderantquando

993 1471 1123 1507 Syrianus
1134 1480 1195 1500 cum
1214 1475 1334 1501 exercitu
1362 1474 1506 1501 ecclesiam
1529 1475 1716 1510 circumsedit,
1747 1478 1775 1505 in

992 1518 1119 1545 thronmn
1146 1518 1189 1546 ubi
1211 1519 1321 1547 sedebat
1343 1520 1399 1554 ipse
1425 1522 1628 1555 conscendisse,
1644 1527 1725 1558 atque
1748 1524 1774 1551 vi

991 1567 1141 1590 extractum
1162 1563 1224 1592 inde
1241 1563 1313 1592 ferro
1339 1565 1509 1594 inimicorum
1532 1568 1706 1602 proripuisse.
1734 1570 1775 1597 Ex

953 1601 975 1630 (ἒ
993 1608 1187 1636 monachorum
1203 1618 1315 1638 numero
1328 1611 1452 1646 permulti
1471 1612 1497 1638 in
1523 1601 1663 1648 episcopos
1685 1614 1775 1642 allecti

991 1653 1132 1682 Athanasii
1157 1663 1224 1688 aevo,
1241 1657 1287 1684 tali
1319 1665 1429 1685 munere
1453 1661 1515 1684 cum
1536 1658 1616 1686 laude
1639 1659 1773 1694 perfuncti

990 1705 1052 1727 sunt
1067 1701 1104 1736 (p.
1123 1701 1197 1737 210).
1216 1702 1336 1735 Quorum
1352 1711 1422 1730 unus
1441 1703 1572 1738 Serapion
1583 1709 1651 1738 erat,
1672 1706 1694 1733 is
1715 1705 1774 1742 ipse

991 1745 1117 1779 fortasse,
1131 1748 1240 1781 quicum
1261 1748 1428 1776 Athanasius
1450 1750 1670 1784 coniunctissime
1695 1752 1774 1785 vixit,

990 1790 1115 1818 videlicet
1131 1791 1320 1820 Thmuitanus.
1335 1793 1457 1822 Monachi
1476 1803 1570 1824 omnes
1580 1802 1677 1825 ascetze
1692 1805 1774 1826 voca-

989 1837 1089 1865 bantur
1107 1846 1113 1864 :
1128 1839 1175 1866 sed
1192 1847 1225 1865 an
1243 1844 1340 1866 asceta:
1353 1847 1448 1868 omnes
1468 1842 1591 1869 monachi
1604 1847 1659 1869 tum
1672 1850 1774 1876 essent,

990 1883 1132 1912 incertum.
1149 1883 1250 1919 Opinor
1265 1893 1330 1912 sane
1346 1886 1445 1914 multos
1459 1887 1554 1921 fuisse,
1567 1888 1612 1923 qui
1628 1889 1774 1917 Antonium

989 1929 1142 1965 ἀσκήσεως,
1157 1929 1215 1957 sive
1237 1931 1440 1960 exercitationis
1463 1940 1545 1960 causa
1572 1933 1698 1966 adirent,
1726 1935 1772 1969 qui

989 1975 1085 2002 exinde
1100 1979 1188 2003 tamen
1203 1976 1285 2003 vitam
1298 1977 1422 2004 monachi
1439 1985 1491 2004 non
1513 1978 1628 2005 inibant.
1647 1978 1773 2014 Talisquo

988 2018 1071 2046 fuisse
1086 2019 1191 2047 videtur
1215 2020 1390 2053 Athanasius.
1407 2028 1498 2048 asccta
1516 2021 1620 2050 scilicet
1647 2031 1696 2051 nec
1712 2031 1773 2051 nio-

988 2065 1049 2092 dico
1068 2069 1188 2100 tempore
1217 2074 1280 2094 cum
1305 2068 1424 2095 Antonio
1445 2072 1580 2101 versatus,
1605 2069 1650 2104 qui
1682 2074 1772 2097 tamen

987 2118 1119 2145 nusquam
1133 2113 1282 2141 monachus
1296 2112 1378 2141 fuisse
1395 2114 1607 2150 memoratur(p.
1625 2115 1684 2146 102,
1695 2115 1770 2150 665).

1021 2158 1066 2185 22.
1081 2158 1166 2186 Caelus
1180 2160 1316 2195 {virginum
1333 2161 1375 2196 (p.
1388 2162 1453 2194 651,
1472 2162 1517 2193 90,
1535 2167 1563 2190 et
1588 2163 1615 2189 in
1641 2161 1700 2189 Vita
1716 2163 1772 2190 An-

987 2205 1072 2240 tonii).
1087 2221 1122 2225 ——
1135 2206 1175 2233 Ab
1190 2206 1248 2241 ipso
1261 2207 1340 2234 tertio
1357 2207 1456 2234 saeculo
1468 2212 1555 2235 cetus
1579 2213 1658 2236 erant
1689 2210 1772 2244 virgi-

987 2257 1061 2280 num,
1079 2257 1138 2284 qua:
1158 2250 1184 2277 in
1202 2251 1324 2285 corporis
1354 2251 1508 2286 integritate
1530 2253 1769 2280 consenescebant.

985 2294 1015 2322 in
1030 2303 1122 2322 earum
1134 2303 1246 2324 numero
1260 2297 1422 2325 versabatur
1437 2305 1515 2325 soror
1526 2298 1558 2324 Β.
1572 2298 1692 2331 Antonii,
1710 2305 1771 2332 quae

985 2340 1092 2367 demum
1120 2341 1147 2368 in
1172 2341 1326 2375 praefectam
1343 2343 1467 2371 coenobio
1487 2343 1583 2372 allecta
1603 2342 1663 2371 fuit.
1687 2343 1771 2371 Erant

986 2385 1050 2412 item
1063 2385 1123 2412 alite
1141 2387 1260 2421 virgines
1277 2395 1324 2421 per
1335 2389 1416 2415 urbes
1429 2392 1456 2415 et
1469 2395 1562 2423 pagos,
1577 2396 1636 2423 quae
1649 2397 1664 2415 a
1676 2393 1770 2416 tenera

982 2430 1124 2474 iuventute
1139 2437 1200 2459 voto
1216 2433 1399 2467 virginitatem
1418 2441 1493 2461 suam
1523 2433 1578 2461 Deo
1607 2433 1768 2462 olferebaut.

986 2478 1110 2513 Virgines
1131 2486 1210 2513 porro
1244 2479 1369 2512 maforte,
1398 2480 1455 2508 sive
1485 2480 1621 2515 μαφορίῳ,
1640 2486 1687 2508 aut
1709 2481 1768 2509 velo

984 2524 1175 2558 operiebantur
1193 2534 1199 2552 :
1217 2529 1243 2552 et
1261 2526 1370 2560 grandis
1390 2525 1496 2560 injuriae
1521 2526 1578 2554 loco
1605 2526 1766 2562 habebatur,

985 2569 1008 2596 si
1022 2570 1081 2604 quis
1101 2570 1233 2606 virginum
1245 2571 1332 2605 capita
1345 2571 1471 2598 nudaret.

1348 2616 1404 2645 Vll.

1245 2661 1326 2689 Varia
1338 2661 1510 2695 explicantur.

1022 2706 1047 2733 1.
1059 2706 1100 2734 Ad
1118 2714 1178 2741 pag.
1194 2707 1241 2734 111
1256 2707 1288 2734 de
1306 2706 1391 2734 Dauio
1402 2714 1484 2741 pauca
1501 2707 1651 2742 tetigimus;
1666 2714 1693 2736 et
1705 2709 1768 2744 quia

986 2752 1106 2788 vulgaris
1133 2753 1223 2788 opinio
1238 2758 1336 2780 nostra:
1353 2753 1459 2787 penitus
1479 2754 1654 2789 adversatur,
1671 2763 1714 2782 res
1725 2760 1768 2782 est

986 2799 1108 2835 pluribus
1118 2803 1146 2826 et
1162 2798 1315 2826 accuratius
1335 2799 1514 2834 explananda.
1541 2799 1640 2834 Julius,
1669 2800 1768 2829 litteris
