2000 3045
232 159 266 182 x1.
904 153 1038 181 PROLEG
1042 151 1089 181 0M
1093 152 1160 180 ENA
1165 173 1171 180 .

233 209 410 238 Orientalium
427 215 600 244 provocatus,
615 211 660 246 qui
677 210 810 246 synodum
827 211 860 238 ad
873 211 1015 238 Athanasii
1031 213 1053 242 Α
1067 210 1229 244 coepiscopo:
1247 213 1350 236 nostra:
1366 209 1489 243 (dicimus
1516 213 1603 235 autem
1628 209 1800 236 Athanasium
1828 213 1853 236 et

232 264 343 283 causam
355 257 557 291 expendendam
571 257 760 291 postulabant,
775 257 884 284 eosdem
904 257 1016 284 Romam

234 302 267 329 ad
280 303 411 337 synodum
426 303 523 330 ibidem
545 303 732 330 celebrandam
759 307 863 331 evocat.
896 303 1018 338 Superbe

233 346 271 374 illi
288 347 438 374 Romanum
454 347 504 374 iter
520 347 679 380 detrectant,
696 352 775 382 atque
787 349 856 375 inter
874 348 941 375 alias
952 355 1018 383 que-

232 391 314 424 relas,
332 391 401 419 hanc
414 391 517 418 futilem
535 391 668 424 aderunt,
692 391 791 419 Iulium
813 393 917 420 scilicet
935 393 1018 419 Euse-

228 437 277 465 ‘blo
302 437 362 470 soli,
396 437 569 465 factiosorum
597 438 775 473 antesignano
792 459 799 471 ,
824 438 929 466 litteras
955 446 1018 466 suas

232 490 410 518 nuncupasse.
429 483 545 512 Litteras
568 483 612 511 ille
633 484 721 511 denuo
736 484 817 511 mittil
847 485 899 511 hac
923 485 1018 511 inscri-

231 529 324 563 ptione
343 536 349 554 :
364 528 453 556 Julius
471 528 567 561 Danio,
585 528 697 556 Flacillo
709 549 716 559 ,
734 528 870 561 Narcisso,
895 527 1017 561 Eusebio,

233 573 315 607 Mari,
343 573 509 607 Macedonio,
536 575 683 606 Theodoro,
708 579 760 601 etc.
789 574 927 606 Qumrilur
957 575 1018 608 quis

232 620 284 648 iste
312 621 411 648 Danins
435 621 524 648 fuerit.
544 621 578 648 Et
605 621 693 655 primo
727 620 901 648 manifestum
926 624 967 648 est
985 621 1019 648 ab

232 667 441 694 amanuensibus
458 668 581 694 vitiatum
602 667 685 694 fuisse
710 673 819 699 nomen,
847 674 878 694 ac
894 668 969 694 varie
992 668 1018 695 in

231 714 424 748 manuscriptis
439 717 557 741 exstare.
581 713 702 741 Nannius
719 714 791 741 enim
818 713 915 748 legisse
946 714 1020 741 vide-

231 765 276 786 tur
291 760 416 795 διακόνῳ,
444 760 524 787 vertit
552 760 651 794 quippe
673 760 796 786 diacono.
815 759 911 787 Putant
935 759 1020 786 ferme

232 806 399 833 recentiores
418 812 512 833 omnes
522 813 581 832 cum
597 805 713 832 Baronio
730 812 789 832 esse
809 805 948 831 Dianuaum
960 804 1019 831 Cae-

230 859 315 879 sarea:
328 850 504 886 Cappadociae
520 851 687 886 episcopum.
702 851 735 878 Et
747 858 812 878 sane
832 851 870 878 ait
890 850 1019 878 Sozome-

1068 254 1247 289 Marcellum),
1274 259 1302 281 ut
1333 255 1491 288 scripserunt
1522 263 1553 282 ea:
1574 255 1635 281 aliis
1653 255 1716 282 locis
1741 257 1853 290 episcopi

1068 301 1162 333 nostri,
1181 309 1240 336 quw
1254 305 1341 327 autent
1359 301 1390 327 ab
1407 300 1519 327 Eusebio
1528 301 1599 335 facta
1614 306 1684 333 sunt,
1702 301 1768 328 nihil
1781 302 1855 329 aliud

1067 355 1144 381 quam
1157 346 1280 380 falsitatis
1297 352 1321 373 et
1339 347 1467 373 mendacii
1493 347 1574 380 fuisse
1597 349 1685 381 plena.
1712 346 1783 374 Nam
1805 349 1855 375 etsi

1067 400 1099 419 ex
1113 401 1142 418 eo
1157 400 1207 427 quo
1220 393 1304 419 vocati
1326 397 1387 419 sunt
1409 401 1425 419 a
1451 391 1526 419 Julia
1554 394 1672 428 episcopo
1700 394 1855 421 charissima

1068 436 1152 470 fratre
1184 442 1282 470 nostra,
1301 437 1396 463 claruit
1424 437 1538 464 noluisse
1555 446 1598 464 eos
1621 439 1721 465 uenisse
1737 447 1770 465 ea:
1790 439 1854 473 ipsis

1069 482 1175 516 litteris,
1195 483 1288 518 quibus
1300 491 1389 510 eorum
1402 483 1538 510 mendacia
1550 484 1652 510 detecta
1667 489 1737 511 sunt.
1761 484 1854 512 Venis-

1068 533 1124 554 sent
1139 528 1219 560 enim,
1235 529 1258 554 si
1273 529 1422 555 habuissent
1438 528 1561 559 ﬁduciam
1577 548 1586 562 ,
1602 534 1655 557 etc.
1677 530 1724 558 llis
1746 531 1856 559 omnino

1069 568 1201 601 consonat
1223 574 1421 607 Theodoretus,
1435 576 1480 609 qui
1508 576 1630 604 eamdem
1647 577 1742 612 synodi
1761 577 1855 605 Sardi-

1071 621 1159 648 censis
1174 621 1317 656 epistolam
1335 622 1413 648 all‘ert
1425 621 1494 650 libro
1509 630 1540 653 ll,
1562 630 1622 656 cap.
1639 622 1666 649 8.
1694 623 1857 651 Athanasius

1071 671 1159 694 autem
1173 687 1180 699 ,
1200 667 1245 701 qui
1271 667 1392 694 eamdem
1411 667 1490 695 affert
1507 676 1534 703 p.
1554 668 1615 702 l27,
1635 669 1721 695 solum
1749 669 1856 697 Eusebii

1071 720 1170 740 nomen
1185 713 1277 746 habet,
1291 713 1353 748 quia
1370 713 1512 741 brevitatis
1526 722 1606 741 causa
1623 715 1732 741 nomina
1746 715 1857 750 propria

1071 765 1198 787 resecare
1212 760 1291 792 solet,
1307 764 1337 787 ut
1349 761 1440 787 videre
1457 765 1499 787 est
1513 760 1558 788 hic
1573 766 1599 788 et
1615 760 1690 788 alibi.
1710 761 1748 788 Ex
1770 769 1852 797 supe—

1071 805 1187 832 rioribus
1207 810 1295 832 autem
1313 810 1396 841 patet,
1414 806 1520 834 litteras
1534 807 1597 834 Julii
1613 807 1740 842 superius
1753 814 1858 834 memo-

1071 854 1145 877 ratas
1157 850 1300 886 Diognium
1318 851 1401 879 etiam
1417 857 1542 887 spectare
1562 858 1591 879 ut
1603 858 1630 880 et
1646 853 1714 880 alios
1728 853 1858 881 Eusebia-

230 905 283 926 nus
306 897 354 925 lib.
370 905 413 929 Ill,
430 905 454 924 c.
472 897 499 929 5,
519 897 659 924 Dianmum
673 897 804 925 Caesarem
821 897 940 924 adfuisse
954 905 1017 932 syn-
1035 894 1056 921 Β
1072 903 1121 923 nos
1138 905 1144 922 :
1163 897 1288 930 queritur
1299 898 1371 925 enim
1387 906 1435 926 eos
1451 899 1571 926 noluisse
1584 899 1697 926 Romam
1718 901 1752 926 ad
1774 906 1858 935 syno—

230 943 283 972 odo
296 943 482 974 Antiochense.
497 951 556 978 qua:
578 951 648 970 anno
668 940 718 970 541
748 943 838 971 habita
866 949 917 971 est.
945 943 1020 970 Nun-

231 993 346 1024 cupatur
359 993 448 1016 autem
470 988 526 1020 ille,
539 996 600 1016 cum
613 996 627 1015 a
644 989 807 1021 Sozomeno,
824 994 879 1016 tum
895 997 909 1016 a
921 989 1020 1016 Basilio

231 1035 257 1061 iu
275 1034 387 1069 epistola
405 1034 437 1061 ad
453 1034 611 1068 Bosporium
628 1034 797 1070 episcopum,
814 1035 945 1067 Διὰνοιος,
957 1034 1022 1061 Dia-

231 1090 313 1109 nceus.
332 1081 386 1110 Nos
415 1086 502 1108 autem
531 1081 697 1109 arbitramur
712 1089 771 1109 esse
796 1082 1020 1118 Diognium.sire

230 1128 399 1164 Theognium
424 1127 561 1155 Nicmnum
590 1128 662 1155 inter
693 1128 820 1157 factiosos
842 1129 976 1164 insignem
992 1134 1020 1156 et

230 1173 331 1208 passim
345 1178 541 1206 memoratum,
557 1174 601 1208 qui
630 1174 706 1208 prior
729 1181 837 1209 semper
862 1179 1018 1202 recensetur

231 1219 259 1247 in
272 1219 404 1254 legatione
418 1219 563 1246 Mareotica
576 1239 583 1251 ,
599 1219 643 1247 ubi
674 1227 719 1247 sex
737 1225 818 1248 erant
846 1221 936 1256 legati,
960 1221 1018 1248 Dio-

231 1264 320 1299 guius,
338 1263 430 1296 Maris,
448 1264 629 1296 Macedonius,
654 1263 821 1298 Theodorus,
848 1265 978 1293 Ursacius
995 1270 1021 1293 et

231 1309 341 1336 Valens.
354 1309 429 1342 Quod
443 1314 532 1336 autem
545 1308 700 1344 Theognius
718 1309 764 1336 ille
785 1309 912 1345 Diognius
937 1311 1019 1338 etiam

231 1360 385 1387 vocaretur,
400 1355 508 1389 planum
521 1359 572 1382 est.
588 1354 633 1382 Sic
651 1362 678 1390 p.
699 1355 766 1387 106,
798 1357 842 1383 ubi
866 1364 1021 1384 memoran-

233 1407 279 1428 tur
301 1401 381 1436 legati
410 1400 560 1436 Mareotici,
587 1401 683 1437 legitur
702 1410 708 1428 :
733 1402 870 1437 Diognior,
885 1403 1018 1438 Διόγνιος,

231 1445 327 1478 Maris,
342 1451 395 1473 etc.
421 1446 604 1481 Sitniliterque
627 1455 653 1481 p.
676 1447 737 1480 “9,
767 1447 898 1482 Διόγνιος,
916 1449 1019 1484 Μάρις,

231 1497 284 1518 etc.
298 1491 330 1518 Et
346 1499 373 1526 p.
389 1492 439 1518 1‘29
463 1491 565 1526 Regius
594 1492 690 1524 codex,
716 1499 795 1526 quem
812 1493 898 1520 solum
918 1493 944 1520 iu
960 1501 1019 1521 eam

231 1535 386 1570 Apalogiam
417 1536 540 1571 legimus,
563 1536 654 1568 habet,
667 1536 785 1563 διάκονοι
804 1537 937 1572 Διογνίου,
958 1538 1019 1564 dia-

232 1582 291 1608 coni
307 1581 423 1617 Diagnii,
447 1587 476 1609 ut
500 1582 599 1610 exinde
621 1583 796 1617 conspicuum
816 1584 852 1611 sit
865 1585 1020 1619 promiscue

231 1627 400 1665 Theognium
422 1636 452 1656 ac
471 1629 614 1663 Diognium
628 1628 691 1656 dici.
717 1629 797 1657 Certe
821 1630 940 1658 Hilarius
965 1631 1017 1659 col.

231 1674 301 1702 1284
325 1675 476 1710 Diognitum
493 1675 726 1710 ait,Theognium
753 1677 858 1704 scilicet
883 1677 1019 1706 iudicans.

230 1720 296 1747 Cum
309 1721 390 1755 igitur
411 1720 498 1749 Julius
513 1726 616 1756 septem
640 1722 804 1750 Arianorum
834 1723 1017 1757 primipilares

231 1766 274 1793 hic
286 1772 488 1800 commemoret,
504 1773 568 1802 puto
587 1769 658 1796 hunc
677 1769 791 1796 Dauium
819 1775 945 1805 corrupte
969 1778 1018 1805 po-

231 1812 313 1838 situm
330 1813 411 1840 fuisse
429 1821 477 1848 pro
504 1814 627 1850 Diognio.
650 1814 734 1843 Nemo
758 1820 802 1842 eat
823 1815 947 1848 inficias,
975 1817 1020 1844 hic

230 1857 330 1885 Julium
355 1859 424 1885 inter
440 1859 539 1887 multos
565 1861 727 1896 episcopos,
756 1868 803 1889 eos
827 1862 940 1890 consilio
966 1871 1018 1890 non

231 1907 296 1926 casu
312 1907 482 1932 enumerare,
494 1902 540 1935 qui
567 1902 639 1929 inter
656 1903 823 1931 Eusebianos
851 1904 1019 1939 antesignani

231 1951 318 1971 crant.
334 1945 516 1978 Quamobrem
536 1955 612 1982 mque
639 1949 738 1975 mirunt
763 1954 836 1977 esset
859 1951 930 1978 inter
958 1951 1020 1978 illos

232 1992 419 2022 recenscri,ac
437 1993 539 2026 primas
551 1998 643 2021 tenere
658 1995 799 2022 Dianmum
811 1995 1018 2029 Caesariensem,

232 2036 276 2070 qui
301 2037 424 2070 nuspiatn
455 2037 524 2064 inter
544 2037 721 2072 Eusebianos,
740 2039 780 2067 vel
806 2040 840 2067 ab
855 2041 1018 2076 Athanasio,

231 2081 273 2108 vel
288 2081 323 2109 ab
336 2082 396 2109 aliis
407 2089 588 2116 memoratur;
601 2089 680 2119 atque
695 2086 861 2119 praetermitti
875 2087 1016 2122 Diognium

230 2127 273 2155 vel
291 2127 459 2164 Theognium
472 2128 623 2162 Nicmnum,
637 2130 682 2165 qui
704 2135 759 2158 tum
781 2131 807 2158 in
825 2132 894 2159 vivis
908 2139 967 2160 erat
990 2138 1018 2160 et

230 2181 287 2200 rem
303 2178 413 2200 strenue
424 2174 534 2208 gerebat
547 2180 644 2202 contra
659 2175 836 2203 Athanasium
851 2197 858 2210 ,
884 2177 1018 2212 facileque

1072 941 1134 968 dum
1161 945 1303 975 accedere,
1333 945 1404 978 quod
1431 944 1543 979 perinde
1567 944 1707 980 Theognio
1729 946 1859 980 competit

1071 992 1154 1022 atque
1172 989 1246 1016 aliis.
1276 989 1315 1016 Re
1339 990 1379 1017 sic
1405 990 1508 1024 liquido
1526 996 1667 1024 enarrata,
1688 991 1796 1019 erudito
1818 991 1858 1019 le-

1071 1035 1141 1061 ctori
1153 1034 1285 1069 judicium
1303 1035 1498 1070 permittimus.

1107 1080 1135 1107 2.
1162 1081 1225 1116 Pag.
1244 1081 1305 1113 ΗΞ,
1326 1081 1487 1109 scltoliaslcs
1510 1081 1619 1117 quidam
1647 1082 1680 1109 ad
1709 1082 1858 1116 marginem

1073 1127 1148 1162 Regii
1166 1128 1270 1154 codicis
1288 1128 1371 1160 228i,
1395 1129 1422 1155 in
1439 1129 1497 1155 ha-e
1521 1129 1624 1155 verba:
1643 1128 1693 1154 Διὰ
1713 1128 1791 1156 τοῦτο
1813 1129 1860 1156 καὶ

1071 1174 1095 1199 oi
1111 1174 1139 1199 ἐν
1154 1174 1186 1209 τῇ
1203 1173 1274 1200 κατὰ
1299 1173 1415 1200 Νίκαιαν
1435 1174 1540 1211 μεγάλῃ
1563 1174 1664 1209 συνόδῳ
1687 1174 1859 1206 συνελθόντες

1072 1219 1226 1248 ἐπίσκοποι,
1245 1219 1295 1245 οὐκ
1325 1219 1389 1246 ἄνευ
1407 1219 1474 1245 Θεοῦ
1496 1219 1649 1254 βουλήσεως
1670 1219 1860 1255 συνεχώρησαν

1072 1268 1100 1293 ἐν
1117 1266 1198 1301 ἑτέρᾳ
1222 1266 1321 1300 συνόδῳ
1338 1266 1371 1293 τὰ
1394 1267 1444 1302 τῆς
1464 1267 1600 1303 προτέρας
1621 1265 1805 1299 ἐξετάζεσθαι.
1831 1266 1860 1292 Id

1071 1315 1122 1342 est,
1149 1312 1282 1342 Quocirca
1306 1312 1421 1346 episcopi
1443 1312 1470 1338 in
1502 1320 1598 1346 magna
1619 1312 1720 1347 synodo
1747 1311 1859 1338 Nicena

1071 1357 1234 1391 congregati,
1259 1364 1312 1383 non
1335 1357 1402 1383 citra
1420 1356 1468 1383 Dei
1481 1357 1620 1384 consilium
1642 1357 1740 1392 prioris
1764 1357 1859 1392 synodi

1071 1408 1131 1430 acta
1147 1404 1175 1430 in
1188 1403 1242 1430 alia
1255 1404 1356 1439 synodo
1373 1404 1486 1438 disquiri
1496 1404 1683 1438 permiserunt,
1700 1404 1758 1431 haec
1772 1404 1860 1431 adno-

1072 1450 1139 1476 tavit
1155 1450 1189 1476 ab
1205 1449 1285 1476 annis
1299 1450 1409 1477 circiter
1431 1451 1572 1482 trecentis,
1597 1455 1627 1477 ut
1651 1457 1683 1476 ex
1703 1451 1861 1478 charactere

1070 1495 1208 1531 Coujicere
1223 1495 1304 1523 licet:
1318 1496 1477 1531 Σημείωσαι
1493 1496 1533 1522 ὅτι
1556 1496 1607 1523 οὐκ
1622 1496 1732 1523 ἀπαιτεῖ
1747 1496 1796 1532 τὴν
1813 1496 1861 1523 ἕκ-

1071 1542 1170 1578 κλητον
1182 1542 1220 1574 ὡς
1235 1542 1330 1574 πάπας
1345 1543 1393 1569 καὶ
1412 1543 1496 1578 ἄκρος
1519 1543 1675 1578 ἀρχιερεὺς,
1695 1543 1752 1569 ἀλλ’
1768 1542 1861 1574 ἁπλῶς

1071 1589 1141 1621 ἁξιοῖ
1156 1589 1185 1616 ἐν
1202 1589 1283 1625 ἑτέρᾳ
1296 1589 1397 1624 συνόδῳ
1412 1588 1447 1615 τὰ
1456 1589 1507 1624 τῆς
1520 1589 1659 1624 προτέρας
1673 1588 1859 1622 ἐξετάζεσθαι,

1071 1636 1141 1663 κατὰ
1163 1635 1207 1662 τὸν
1226 1635 1326 1662 κανόνα
1352 1637 1402 1671 τῆς
1421 1636 1450 1662 ὲν
1472 1635 1574 1671 Νικαίᾳ
1602 1636 1722 1663 συνόδου.
1743 1635 1770 1663 ld
1795 1641 1858 1663 est:

1071 1681 1144 1709 Nota
1158 1690 1216 1709 eum
1226 1681 1342 1717 (scilicet
1353 1681 1454 1709 Julium
1468 1681 1546 1716 cujus
1557 1687 1620 1709 sunt
1635 1683 1760 1716 superius
1773 1682 1857 1710 allata

1070 1727 1163 1763 verba)
1184 1735 1236 1754 non
1249 1728 1352 1761 exigere
1374 1727 1590 1762 appellationem,
1609 1734 1699 1764 utpote
1720 1738 1816 1764 papam
1835 1734 1860 1757 et

1070 1781 1200 1799 summum
1216 1773 1377 1807 pontiﬁcem,
1390 1773 1435 1799 sed
1452 1773 1608 1806 simpliciter
1620 1774 1766 1808 postulare,
1784 1780 1812 1802 ut
1831 1775 1860 1802 in

1070 1817 1125 1843 alia
1139 1817 1240 1852 synodo
1254 1825 1314 1850 quia
1331 1826 1346 1844 a
1359 1817 1450 1851 priore
1469 1818 1574 1845 decreta
1598 1819 1697 1853 [uerint
1717 1822 1861 1854 exquiran-

1071 1867 1131 1894 tur,
1156 1862 1237 1896 juxta
1267 1870 1393 1889 canonem
1426 1861 1546 1890 Nicena:
1574 1865 1679 1899 synodi.
1708 1866 1860 1902 Ἔκκλητον

1070 1909 1142 1936 enim
1167 1909 1219 1936 dici
1243 1909 1454 1944 appellationem
1479 1910 1513 1936 ad
1543 1916 1678 1938 summum
1703 1912 1859 1945 pontiﬁcem

1070 1955 1165 1983 tritum
1184 1955 1379 1991 vulgatumque
1395 1960 1447 1982 est.

1105 2000 1171 2036 Pag.
1189 2001 1250 2028 H5.
1265 2001 1388 2028 Diximus
1403 2001 1429 2028 in
1451 2001 1534 2034 notis,
1555 2001 1697 2036 epistolam
1712 2003 1860 2031 Alexandri

1069 2047 1192 2082 episcopi
1208 2047 1388 2075 Alexandrini
1404 2048 1437 2075 atl
1455 2048 1555 2075 calcent
1576 2056 1690 2083 operum
1715 2050 1859 2078 Athanasii

1070 2094 1219 2121 cudendam
1235 2094 1302 2122 fore.
1318 2095 1352 2122 At
1369 2095 1518 2122 secundum
1544 2095 1602 2122 haec
1619 2099 1722 2122 mutata
1747 2101 1860 2124 senten-

1070 2140 1117 2172 tia,
1129 2147 1162 2166 ει
1183 2147 1212 2167 re
1225 2140 1310 2173 magis
1325 2140 1412 2167 visum
1426 2144 1469 2168 est.
1479 2147 1539 2167 eam
1559 2146 1622 2167 ante
1635 2145 1753 2175 quatuor
1764 2148 1860 2170 contra

1070 2184 1185 2211 Ariona;
1211 2186 1356 2218 orationes,
1394 2189 1490 2220 utpote
1514 2193 1575 2221 Qua:
1600 2187 1749 2215 Arianismi
1781 2188 1858 2216 initia

229 2218 362 2245 secundas
379 2223 439 2254 post
453 2218 599 2246 Eusebium
622 2219 674 2247 hoc
703 2221 730 2248 in
759 2222 867 2257 negotio
897 2223 1016 2250 tenebat.
1034 2232 1056 2260 υ
1072 2233 1186 2263 spectet,
1206 2229 1353 2256 collocare.

231 2263 347 2299 Fuitque
362 2264 477 2292 Eusebio
492 2270 638 2300 superstes,
655 2266 709 2292 imo
720 2267 801 2294 etiam
824 2273 885 2301 post
902 2273 1016 2296 mortem

231 2310 348 2342 Eusebii,
361 2310 480 2345 ejusdem
497 2316 576 2338 sectte
589 2316 716 2340 strenuus
732 2313 842 2341 vindex.
860 2314 927 2341 Nam
942 2315 964 2342 is
977 2319 1019 2342 est

230 2355 275 2390 qui
290 2355 476 2383 Macedonium
492 2360 556 2384 tune
570 2357 700 2385 Arianum
714 2380 722 2392 ,
738 2363 832 2393 postea
848 2359 1018 2388 Pueumato-

229 2403 386 2430 machorum
395 2403 502 2436 ducem,
512 2403 667 2439 episcopum
678 2405 1019 2440 Coustautinopolitanum,

231 2449 256 2476 in
273 2449 380 2477 Eusebii
397 2449 516 2477 defuncti
531 2451 629 2483 locum,
655 2453 800 2480 ordinavit.
819 2453 885 2480 Tam
906 2454 1019 2488 proclivi

229 2499 319 2522 errato
349 2495 448 2522 Danius
473 2503 506 2523 ex
536 2496 665 2532 Διογνίῳ,
678 2505 759 2532 quam
777 2506 810 2525 ex
823 2498 932 2535 Διανὶῳ,
948 2499 1016 2528 ellici

228 2545 325 2574 potest.
341 2540 410 2574 Quid
434 2548 522 2568 causa:
545 2542 627 2576 igitur
659 2542 751 2576 fuerit,
769 2545 840 2578 quod
870 2545 1013 2572 Dianteum
1053 2549 1057 2554 '

229 2586 284 2617 hic,
309 2586 468 2614 Eusebianis
488 2590 683 2624 peregrinum,
702 2589 791 2623 potius
817 2591 1015 2619 substituamus

229 2640 308 2666 quam
329 2633 481 2668 Diognium,
500 2635 525 2661 in
546 2641 626 2670 quem
654 2643 749 2663 omnes
773 2636 935 2670 conjecturae
947 2645 1014 2672 qua-

229 2679 319 2706 dram.
336 2679 376 2706 Ad
388 2680 444 2708 haec
457 2679 552 2708 Patres
572 2681 750 2710 Sardicenses‘
767 2683 794 2710 in
819 2684 932 2718 epistola
954 2693 1017 2720 syn-

229 2724 299 2751 odali
311 2726 351 2753 sic
365 2726 466 2754 habent
486 2727 554 2761 apud
572 2727 703 2756 Hilarium
720 2729 770 2756 col.
783 2730 862 2763 1284,
881 2739 955 2758 num.
971 2732 989 2759 2
1009 2741 1015 2760 ;

230 2769 300 2796 Olim
317 2772 600 2806 quidantacribentibus
614 2774 734 2808 Eusebio,
751 2775 848 2808 Mario,
864 2776 1010 2811 Theodoro,

229 2816 365 2850 [liognita,
399 2817 508 2845 Ursacio
535 2825 559 2846 et
597 2819 709 2853 Valente,
741 2821 815 2849 Julia
836 2824 1017 2851 consacerdoti

229 2868 316 2889 nostra
331 2863 456 2890 Romanis
474 2863 596 2893 Ecrlesice
612 2867 731 2902 episcopo
743 2868 866 2895 adversus
875 2870 1013 2897 nrwdictos

1108 2275 1172 2310 l’ag.
1187 2275 1248 2302 H9.
1264 2275 1349 2308 Quam
1370 2276 1413 2303 hic
1430 2277 1455 2304 in
1470 2277 1543 2304 notis
1565 2285 1695 2306 vocamus
1714 2278 1857 2313 epistolam

1072 2322 1105 2349 ad
1122 2321 1270 2353 solitarius,
1287 2329 1318 2349 ea
1339 2327 1382 2349 est
1394 2330 1455 2357 qua:
1468 2331 1517 2350 suo
1532 2323 1591 2351 loco
1605 2331 1619 2350 a
1636 2324 1716 2352 nobis
1735 2325 1858 2352 Athana-

1073 2366 1106 2393 sii
1120 2366 1235 2401 vestigio
1251 2366 1429 2400 hmrentibus,
1444 2367 1562 2394 Historia
1580 2369 1740 2396 Arianorum
1753 2371 1788 2397 ad
1803 2378 1860 2397 ma-

1073 2413 1171 2440 nachos
1188 2417 1343 2447 nuncupata
1367 2418 1420 2441 est.
1445 2413 1499 2440 Nec
1519 2415 1781 2448 pra’termitteudum
1803 2422 1858 2448 est.

1072 2460 1122 2488 abs
1143 2467 1172 2487 re
1189 2464 1315 2487 vocatum
1336 2459 1363 2487 in
1393 2460 1612 2488 controversiam
1644 2461 1739 2494 fuisse,
1767 2467 1857 2490 utrum

1071 2508 1122 2535 hoc
1141 2508 1304 2542 przeclarum
1319 2515 1387 2543 opus
1400 2508 1542 2536 Athanasii
1555 2509 1603 2541 sit,
1619 2517 1653 2536 an
1676 2509 1792 2537 alterius
1809 2510 1856 2545 qui

1068 2553 1144 2587 jussu
1160 2553 1303 2581 Athanasii
1324 2554 1382 2581 haec
1401 2554 1500 2582 litteris
1525 2556 1671 2583 mandarit.
1696 2555 1763 2584 Nam
1784 2558 1857 2592 quod

1067 2600 1170 2631 dicunt,
1185 2599 1228 2627 hic
1240 2608 1377 2635 nunquam
1392 2601 1479 2636 prima
1493 2609 1610 2636 persona
1623 2602 1670 2630 sed
1690 2603 1772 2630 tertia
1787 2611 1857 2630 scro-

1067 2652 1114 2679 pcr
1133 2645 1206 2680 loqui
1221 2651 1361 2674 auctorem
1378 2647 1490 2681 hujusce
1507 2648 1610 2682 operis,
1628 2649 1706 2681 illud,
1732 2649 1855 2684 inquam,

1067 2699 1119 2719 non
1143 2693 1315 2720 considerate
1338 2693 1440 2720 dictum
1460 2699 1511 2721 est.
1535 2694 1603 2722 Nam
1627 2696 1754 2730 superius
1767 2696 1855 2724 locum

1066 2738 1207 2765 attulimus
1224 2747 1286 2774 pag.
1305 2747 1420 2772 xxxviii,
1437 2740 1463 2767 in
1491 2748 1546 2774 quo
1569 2741 1735 2770 Athanasius
1763 2743 1806 2770 bis
1830 2743 1857 2770 in

1069 2783 1155 2817 prima
1176 2792 1290 2818 persona
1317 2793 1471 2813 sermonem
1492 2787 1587 2815 habet.
1612 2788 1675 2816 Haec
1689 2789 1759 2817 ultra
1774 2796 1856 2824 quam

1068 2829 1135 2856 satis
1149 2829 1218 2856 dicta
1239 2835 1314 2858 sunt.

1103 2874 1129 2903 5.
1146 2874 1212 2911 Pag.
1230 2876 1292 2904 152.
1313 2875 1342 2904 1η
1365 2877 1613 2912 subscriptionihus
1635 2878 1854 2912 Sardicensibus,
