2000 3045
666 194 851 222 PREFATIO
870 177 1041 223 ﬁDlTlONIS
1059 196 1308 227 BENEDICTINIE.

1728 208 1771 229 ιιι

156 252 204 287 qui
217 251 390 287 septuaginta
403 256 466 279 octo
479 251 558 287 primi
577 258 752 280 recensentur
774 253 790 280 ii
815 258 876 280 sunt
898 261 934 287 qu

995 254 1030 281 ad
1042 256 1183 283 monachos
1196 256 1276 283 missa
1296 256 1404 291 legitur,
1420 256 1524 283 Παύλου
1543 257 1689 283 ἐπισκόπου
1705 257 1772 292 Τριει

157 297 259 333 synodo
289 297 483 330 interfuerunt,
509 305 597 333 neque
625 303 689 325 sunt
714 306 762 334 per
787 300 941 334 provincias

157 343 305 376 distributi,
323 347 353 370 ut
374 343 420 370 alii
447 344 573 372 absentes
598 345 645 380 qui
664 350 724 380 post
742 346 858 373 solutam
878 355 942 382 syn-

157 389 237 416 odum
253 397 350 417 nomen
372 390 536 425 ascripsere.
553 391 644 418 Palam
670 399 714 419 res
733 397 774 419 est
790 401 822 420 ex
848 393 940 421 Hilarii

156 436 404 470 subscriptionibus
421 436 470 471 (η),
485 445 546 472 qum
561 438 660 464 exedunt
673 438 757 465 ferme
773 445 845 471 sunt,
859 444 940 474 alque

158 482 211 508 illa:
227 481 254 508 in
276 482 364 516 prima
383 482 471 510 classe
492 484 527 510 ab
550 484 700 511 Athanasio
726 485 829 513 localae.
853 485 940 513 Pauca

157 533 250 554 tamen
275 528 376 556 omissa
402 529 511 556 nomina
543 534 608 557 sunt
639 531 664 557 in
696 531 940 566 subscriptionibus

157 574 316 607 Athanasii,
329 582 387 609 quae
403 576 473 610 apud
490 575 621 603 Hilarium
639 577 783 611 leguntur;
801 577 940 612 multoque

157 618 237 653 plura
256 620 358 647 omittit
379 621 507 655 Hilarius,
524 629 584 656 quae
606 622 773 651 Athanasius
789 630 939 652 enumerat.

159 664 226 696 Quae
243 665 313 699 apud
329 666 506 694 Athanasium
523 668 697 700 omittuntur,
711 669 806 696 istluec
828 674 889 696 sunt
906 678 938 697 ex

158 708 265 736 Hilario
280 711 421 745 desumpta
438 722 444 739 :
463 712 604 740 Marcellus
621 714 790 749 Ancyranus,
807 715 940 750 Evagrius

157 762 170 781 a
189 754 348 783 Macedonia
363 757 394 784 de
409 757 594 792 lleraclianeo,
609 758 696 787 Julius
713 761 746 787 ab
758 761 856 788 Acacia
871 761 939 798 [lege

155 801 282 838 Achaia],
298 803 332 830 de
344 803 435 831 Thebe
449 804 620 840 Eptapyleos,
636 806 686 833 nisi
702 807 736 833 sit
752 807 821 834 idem
833 808 879 842 qui
891 807 938 835 Ju-

157 847 246 875 lianus
258 849 329 883 apud
340 849 519 877 Athanasium
530 851 637 878 dicitur.
651 852 733 879 Miror
750 851 886 880 Labbenm
900 853 938 888 (ὁ)

156 894 208 920 hoc
232 893 293 921 loco
320 895 425 922 restitui
451 896 578 927 voluisse,
606 896 772 931 Eplapolcos.
797 906 856 925 cuin
878 898 937 925 luce

155 938 259 966 clarius
274 939 308 965 sit
320 947 381 966 esse
392 939 500 967 Theben
522 941 703 975 Ἑπτάπυλον,
730 942 756 968 id
777 948 829 975 est,
842 947 937 976 septem

154 988 302 1017 portarum,
318 989 364 1010 aut
375 984 482 1012 Thebas
502 985 700 1019 Ἑπταπύλους,
716 995 775 1022 qum
787 988 822 1014 ita
838 995 936 1015 vocan-

156 1034 201 1054 tur
231 1029 299 1063 πρὸς
326 1030 530 1066 ἁντιδιαστολὴν
556 1031 710 1060 Thebarum
736 1032 937 1068 Egyptiarum,

155 1073 426 1108 qua:éxa1:6p.m).o:,
441 1075 498 1102 sive
514 1081 622 1103 centqu
638 1081 776 1110 portarunt
794 1082 881 1104 erant.
901 1077 938 1106 De

159 1117 258 1145 Thebis
273 1118 385 1146 Grazciac
398 1119 529 1147 Homerus
546 1122 594 1155 (ε),

230 1163 327 1198 Ἡμεῖς
343 1165 391 1191 καὶ
407 1165 503 1198 Θήϐης
517 1166 585 1200 ἕδος
601 1169 721 1203 εἵλομεν
736 1169 935 1203 extimulata;

161 1208 198 1236 De
209 1208 376 1245 Egyptiacis
391 1219 455 1239 vero
469 1211 568 1240 Thebis
585 1213 634 1247 (ἀ),

536 1259 598 1286 οὐδ’
615 1260 672 1286 ὅσα
690 1261 796 1295 Θήϐας,

220 1301 390 1336 Αιγυπτὰις,
415 1304 460 1331 ὅθι
487 1305 614 1332 πλεῖστα
632 1306 733 1341 δόμοις
753 1308 788 1334 ἐν
804 1308 937 1342 κτήματα

777 1352 883 1388 [κεῖται
893 1374 901 1387 ,

219 1394 279 1422 Αἵθ’
292 1394 497 1430 ἑκατόμπυλοί
507 1398 574 1424 εἶσι.

152 1441 273 1469 Cochras
289 1442 353 1469 item
368 1443 403 1470 ab
416 1443 528 1477 Achaia,
545 1445 700 1481 Dionysms.
724 1446 790 1474 Nam
804 1448 856 1475 duo
873 1453 935 1475 sunt

153 1487 271 1522 Dionysii
296 1489 365 1522 apud
391 1487 534 1521 Hilarium,
556 1498 625 1517 unus
651 1492 721 1526 apud
743 1492 934 1520 Athanasium.

154 1531 316 1560 Verissimus
339 1540 372 1559 ex
396 1533 429 1560 iis
455 1534 500 1568 qui
526 1535 630 1569 synodo
648 1535 834 1563 interfuerunt
866 1537 936 1564 inter

150 1577 242 1605 Gallos
265 1583 424 1606 recensetnr
441 1579 474 1606 ab
488 1579 648 1608 Athanasio.
673 1581 740 1608 lstos
760 1589 807 1608 sex
828 1582 934 1616 cpisco-
947 1594 969 1624 ρ

151 1630 200 1656 pos
216 1623 248 1650 ab
261 1623 411 1652 Athanasio
429 1625 556 1657 omissos,
573 1627 595 1653 si
611 1627 706 1662 iungas
722 1635 783 1655 cum
807 1628 840 1655 78
866 1636 934 1663 quos

151 1669 332 1700 enumeravit,
361 1674 440 1696 erunt
469 1670 514 1698 84.
533 1670 579 1698 llis
608 1672 629 1698 si
659 1673 743 1700 addas
769 1673 932 1707 Euphratem

149 1711 341 1742 Coloniensem
358 1720 385 1742 et
399 1715 562 1750 Olympium,
580 1718 627 1752 qui
651 1719 754 1753 synodo
776 1719 933 1747 Sardit-cnsi

151 1758 311 1793 interfuere,
329 1762 405 1789 etab
428 1763 578 1790 Athanasio
595 1769 621 1790 et
644 1764 748 1791 llilario
769 1767 931 1799 prmtcrmit-

151 1810 254 1838 tnntur,
272 1805 305 1833 86
320 1808 447 1841 reperies.
467 1809 645 1837 Dominianus
662 1810 732 1837 idem
756 1817 797 1839 est
811 1813 856 1846 qui
880 1813 933 1839 Do-

149 1851 278 1878 mitianus
293 1853 326 1879 ab
339 1853 440 1881 Hilario
455 1855 565 1887 dicitur,
584 1855 697 1883 lilusasus
713 1857 782 1884 idem
797 1858 842 1892 qui
856 1858 933 1893 Moy-

149 1897 206 1923 sius
221 1896 326 1929 Hilarii,
349 1898 522 1927 Fortunatius
545 1901 614 1927 idem
631 1902 676 1934 qui
701 1901 931 1937 Fortunatianux;

150 1941 271 1970 lrenmus
296 1943 366 1971 idem
400 1945 507 1973 videtur
533 1954 592 1974 esse
614 1948 658 1981 qui
682 1948 807 1976 Lercnius
826 1949 932 1983 Hilarii,

150 1987 274 2015 Ursicius
290 1989 359 2016 idem
374 1991 418 2024 qui
435 1990 579 2024 Urmrius;
598 1993 746 2029 Eutychius
769 1995 838 2022 idem
858 1996 932 2023 vide-

149 2038 194 2061 tur
209 2043 268 2062 esse
284 2036 330 2070 qui
351 2035 504 2069 Eat/titius,
523 2044 549 2064 et
574 2038 711 2073 Eutychus
730 2040 845 2068 fortasse
861 2041 931 2069 idetn

148 2081 195 2115 qui
221 2080 304 2108 Titius
322 2090 331 2108 :
358 2090 420 2108 nam
443 2084 511 2117 apud
537 2083 669 2112 Hilarium
695 2087 864 2120 corruptiora
888 2095 932 2115 no-

148 2126 220 2153 mina
235 2131 298 2154 sunt
318 2135 398 2162 quam
414 2129 483 2162 apud
497 2129 686 2158 Athanasium.
704 2131 846 2167 Asclepius
858 2132 931 2161 idem

147 2172 193 2206 qui
206 2172 329 2206 Asclepas
343 2172 477 2201 Gazenais.

183 2216 210 2244 4.
224 2217 287 2253 Pag.
298 2218 358 2245 159.
369 2215 509 2246 Paulinum
519 2220 575 2248 sive
589 2221 699 2248 Paulum
712 2223 875 2258 episcopum,
885 2233 930 2260 qui

993 300 1091 335 δέρων,
1110 301 1154 328 ubi
1173 302 1311 337 Τριϐέρων
1327 303 1432 329 videtur
1448 302 1574 330 mendose
1594 301 1708 336 positum
1723 309 1770 335 pro

994 346 1115 381 Τιὸἐρων
1130 347 1164 374 ab
1185 347 1406 375 amamuensibus.
1433 346 1500 373 Nam
1516 347 1586 382 quod
1606 345 1706 373 Paulus
1727 346 1770 375 hic

990 390 1108 423 dicatur,
1137 391 1183 426 qui
1211 391 1338 418 Paulinus
1355 392 1494 426 superiore
1512 391 1570 418 loco
1594 396 1704 418 vocatus
1717 395 1769 422 est,

991 436 1061 464 forte
1082 438 1285 464 amanuensium
1309 438 1374 465 vitio
1389 438 1513 471 contigit,
1525 438 1578 464 imo
1592 437 1706 465 fortasse
1721 446 1768 472 po-

990 483 1090 509 sterior
1106 482 1186 509 lectio
1199 487 1308 516 praastat
1321 483 1414 517 priori.
1429 483 1455 510 In
1468 483 1551 511 Italia
1562 490 1676 518 namque
1691 491 1770 509 sacro

990 528 1089 556 Paulus
1104 529 1246 563 episcopus
1258 529 1417 556 Tiburtinus
1431 534 1607 561 memoratur.
1628 529 1674 563 qui
1694 528 1770 556 Ursi-

990 575 1061 602 cium
1075 574 1336 609 pseudopontiftcem
1351 575 1519 602 consecravit
1535 582 1606 602 anno
1620 575 1683 602 566.
1697 574 1770 601 Nan-

991 620 1052 646 nius
1074 620 1165 652 vertit,
1183 621 1304 654 episcopo
1327 619 1448 656 Tyburis.
1477 619 1576 647 Eodem
1601 625 1690 647 autem
1711 620 1769 648 loco

990 665 1050 692 dele
1067 673 1092 700 ρ,
1111 670 1139 692 et
1150 665 1209 699 lege
1222 666 1352 701 Τιϐέρων.

1025 711 1052 740 5.
1066 712 1131 746 Pag.
1152 712 1214 738 157.
1238 711 1440 746 Augustaliana,
1463 711 1515 738 hoc
1534 717 1632 737 nomen
1655 710 1770 737 diximus

989 764 1022 784 ex
1039 757 1232 791 Augustalibus
1247 756 1409 791 profectum.
1425 756 1459 782 At
1473 755 1536 782 licet
1550 762 1602 781 vox
1616 754 1770 789 Augustalis

989 803 1104 830 antehae
1122 803 1280 838 plerumque
1301 807 1430 836 usurpata
1451 801 1612 836 reperiatur,
1635 809 1687 828 non
1704 800 1770 835 legi-

989 856 1049 875 mus
1064 854 1151 876 Iamen
1168 849 1309 884 praefectos
1321 847 1430 883 [Egypti
1447 852 1508 874 ante
1521 850 1621 874 annum
1636 847 1699 879 551,
1715 855 1770 881 quo

989 895 1045 922 hate
1069 894 1197 929 Apologia
1222 894 1323 928 scripta
1347 898 1399 925 est,
1425 893 1584 928 Augustales
1600 893 1659 920 sine
1678 893 1770 920 addito

989 945 1110 968 vocatos.
1126 939 1215 973 Quare
1230 940 1256 966 in
1271 940 1376 967 incerto
1393 946 1436 966 res
1449 942 1583 966 versatur.

1023 987 1049 1014 6.
1070 987 1133 1022 Pag.
1151 987 1203 1014 288
1216 987 1313 1014 dicitur
1325 987 1408 1014 Roma
1424 994 1484 1014 esse
1500 986 1656 1022 metropolis
1671 986 1770 1013 Roma-

988 1033 1049 1065 nite,
1068 1033 1116 1068 τῆς
1134 1033 1297 1068 Ῥωμανίας,
1308 1033 1353 1060 tibi
1370 1032 1489 1060 Nannius
1509 1032 1600 1063 vertit,
1618 1033 1768 1066 metropolis

989 1078 1116 1105 Romamn
1132 1079 1249 1106 ditionis.
1272 1078 1426 1114 Eademque
1449 1078 1584 1106 sententia
1607 1085 1658 1104 vox
1675 1078 1768 1105 isthmc

988 1125 1029 1153 bis
1043 1131 1190 1161 usurpatur
1205 1127 1239 1154 ab
1254 1127 1416 1162 Epiphanio,
1429 1126 1534 1154 scilicet
1549 1125 1648 1153 haeresi
1665 1133 1727 1152 cxvi
1741 1130 1770 1153 et

988 1171 1083 1199 haeresi
1100 1180 1173 1199 thx.

1022 1216 1048 1242 7.
1069 1215 1134 1251 Pag.
1150 1216 1212 1244 518.
1233 1216 1334 1244 Praeter
1354 1216 1432 1243 allata
1450 1217 1476 1243 in
1495 1216 1595 1243 Manilo
1613 1216 1645 1242 ad
1664 1214 1769 1249 Epiuo-

987 1262 1039 1289 lam
1054 1262 1088 1288 ad
1105 1262 1254 1295 monac/tor,
1269 1263 1367 1296 quibus
1386 1261 1538 1289 defenditur
1553 1262 1687 1289 diversum
1705 1262 1769 1287 illud

986 1315 1053 1342 opus
1070 1315 1130 1335 esse
1157 1316 1171 1334 a
1194 1312 1312 1342 quatuor
1337 1308 1506 1335 Urationibus
1533 1312 1622 1334 contra
1644 1308 1767 1339 Arianos,

987 1354 1045 1380 alia;
1072 1358 1217 1388 suppetunt
1241 1354 1407 1387 gravissimae
1440 1354 1557 1381 rationes
1575 1357 1636 1385 quae
1652 1354 1768 1388 idipstnn

986 1399 1126 1426 suadeant.
1150 1398 1217 1426 Nam
1243 1399 1306 1426 illud
1333 1399 1365 1426 ad
1389 1400 1535 1426 monachos
1563 1400 1675 1426 missum
1703 1406 1769 1432 opus

986 1447 1058 1470 vetat
1071 1444 1235 1471 Athanasius
1248 1444 1373 1479 cuiquam
1389 1444 1530 1471 exhiberi:
1547 1445 1588 1471 Im
1603 1449 1690 1470 autem
1707 1451 1770 1477 qua-

987 1492 1047 1515 tuor
1066 1488 1219 1520 orationes,
1241 1492 1270 1515 ut
1293 1489 1389 1523 cuique
1413 1488 1510 1524 legenti
1540 1490 1625 1524 palam
1646 1489 1710 1520 erit,
1733 1490 1768 1516 ita

986 1533 1154 1560 concinnata:
1175 1537 1255 1566 sunt,
1277 1538 1307 1560 ut
1335 1533 1447 1568 publicis
1470 1535 1663 1562 controversiis
1685 1534 1768 1561 desti-

987 1584 1056 1606 nata:
1078 1579 1147 1606 haud
1165 1579 1244 1606 dubie
1261 1578 1371 1606 fuerint.
1388 1579 1424 1606 Ac
1440 1580 1557 1606 secunda
1575 1580 1703 1606 adornata
1719 1579 1769 1606 fuit

985 1625 1018 1651 ad
1043 1632 1074 1651 ea
1095 1624 1277 1655 confutanda,
1301 1632 1361 1658 qua:
1387 1624 1516 1652 adversus
1536 1625 1649 1658 primani
1673 1624 1767 1651 Ariani

984 1670 1175 1697 obtendebant.
1202 1669 1291 1697 Tertia
1318 1669 1442 1696 similiter
1461 1674 1500 1696 est
1525 1670 1649 1696 secundae
1675 1670 1767 1696 defen-

984 1718 1035 1745 sio.
1049 1717 1081 1744 Et
1095 1725 1159 1744 sane
1173 1725 1225 1744 non
1240 1717 1352 1751 publica:
1365 1717 1444 1744 modo
1459 1717 1549 1749 fuere;
1565 1725 1658 1744 verum
1672 1717 1765 1749 etiam,

984 1769 1013 1790 ut
1027 1771 1059 1790 ex
1074 1762 1196 1790 ordiendi
1213 1763 1316 1789 ratione
1332 1763 1517 1797 conspicuum.
1533 1763 1647 1790 diversis
1668 1768 1767 1798 tempo-

984 1809 1068 1841 ribus,
1084 1813 1113 1835 ut
1136 1815 1179 1835 res
1200 1812 1227 1835 et
1243 1815 1308 1835 usus
1328 1807 1491 1842 postulabat,
1508 1808 1658 1841 adornatae;
1684 1810 1719 1836 ita
1737 1814 1767 1836 ut

983 1855 1067 1881 altera
1082 1854 1195 1881 alterius
1208 1854 1316 1881 occasio
1330 1853 1419 1881 fuerit.

1019 1900 1082 1936 Pag.
1105 1900 1167 1927 652.
1194 1900 1233 1926 Ex
1257 1907 1309 1934 quo
1331 1899 1440 1926 Antonii
1467 1899 1525 1926 Vita
1555 1901 1623 1927 edita
1650 1900 1716 1931 fuit.
1740 1901 1766 1927 iu

983 1947 1092 1974 codices
1114 1945 1223 1973 Latinos
1247 1946 1336 1972 varios
1356 1945 1453 1978 incidi,
1481 1946 1507 1972 in
1534 1947 1630 1980 quibus
1658 1947 1765 1981 legitur,

983 2000 1034 2019 non
1049 1991 1183 2026 paululum
1201 1991 1322 2025 temporis
1335 1999 1394 2018 cum
1409 1999 1438 2019 eo
1456 1992 1517 2026 feci.
1531 1992 1592 2019 llaec
1608 2000 1687 2027 porro
1702 1992 1767 2018 Eva-

983 2038 1031 2073 grii
1051 2037 1139 2064 versio
1162 2037 1267 2064 tametsi
1288 2037 1373 2064 libera
1397 2037 1552 2070 admodum,
1567 2043 1595 2065 et
1618 2038 1767 2065 sententias

982 2083 1061 2109 modo
1088 2087 1205 2115 resecat,
1230 2083 1309 2109 modo
1333 2082 1462 2117 adauget,
1485 2083 1536 2110 hoc
1561 2083 1589 2109 in
1612 2083 1671 2110 loco
1695 2082 1766 2109 κατὰ

984 2128 1051 2154 πόδα
1088 2132 1268 2156 consoctatur.
1299 2127 1376 2156 Unde
1405 2129 1491 2162 magis
1514 2129 1651 2163 magisque
1681 2129 1765 2155 adau-

983 2179 1060 2207 getur
1086 2174 1192 2200 animus
1210 2173 1287 2208 mihi,
1308 2178 1337 2200 ut
1360 2181 1420 2200 eam
1443 2174 1585 2201 lectionem
1610 2180 1765 2208 germanam

982 2219 1144 2245 existimem.

953 926 973 953 Β

146 2263 253 2290 litteras
271 2264 374 2291 Ursacii
391 2270 418 2292 et
433 2264 552 2293 Valentis
569 2267 601 2293 ad
618 2266 718 2294 Julium
735 2276 831 2303 papam
844 2270 929 2298 Atha-

1016 2264 1042 2290 8.
1065 2263 1093 2290 ln
1114 2263 1216 2290 Manilo
1241 2263 1273 2290 ad
1297 2261 1381 2289 Vitam
1406 2263 1513 2290 Antonii
1535 2263 1676 2290 omisimus
1696 2270 1766 2297 pra:-

146 2309 224 2336 nasio
243 2311 406 2343 transmisit,
419 2319 479 2339 esse
492 2311 671 2341 Tiburenseni
689 2319 736 2341 aut
747 2314 928 2350 Tilmrtinum,

146 2362 201 2381 non
217 2355 405 2383 Trevirensem
419 2358 580 2390 antistitem,
602 2359 645 2386 vix
664 2364 705 2386 est
719 2361 789 2394 quod
807 2361 929 2396 ambiga-

145 2408 216 2427 mus.
232 2400 297 2428 Nam
313 2410 409 2429 omnes
439 2405 618 2438 manuscripti
647 2410 674 2432 et
701 2406 777 2437 editi.
796 2407 847 2434 hoc
871 2409 930 2435 loco

144 2445 267 2483 Τιϐέρων
283 2448 394 2475 habent.
409 2449 486 2482 Apud
503 2449 631 2477 Photium
656 2456 746 2478 autem
764 2460 795 2479 ex
819 2453 930 2489 Eulogio

144 2492 164 2520 Ι.
181 2499 301 2525 cuxxu,
317 2494 458 2529 episcopus
471 2495 638 2528 Tiburensis,
651 2502 696 2524 aut
709 2498 878 2532 Tiburtinus,
890 2501 930 2528 sic

144 2542 258 2564 vocatur
277 2538 455 2574 Ἀγαμέμνων
470 2540 618 2572 ἐπίσκοπος
635 2541 770 2578 Τιῦέρεως
793 2553 799 2570 :
817 2548 843 2570 et
860 2547 930 2572 veri—

143 2582 260 2610 similius
273 2589 315 2611 est
333 2584 502 2612 Tiburtinum
518 2587 637 2614 vicinum
652 2587 744 2615 Romae
759 2590 927 2624 episcopum,

144 2636 226 2662 quam
244 2629 436 2658 Trevir-ensem
463 2636 537 2659 tanto
557 2633 662 2660 itineris
689 2634 779 2667 spatio
802 2636 927 2663 dissitum

146 2673 251 2702 litteras
273 2674 336 2702 Julii
360 2675 511 2704 Athanasio
539 2677 656 2705 misisse.
685 2678 817 2707 Paulinus
837 2686 927 2708 autem

143 2719 316 2748 Trevircnsis
340 2729 411 2749 anno
434 2722 497 2754 549,
521 2731 575 2757 quo
595 2724 663 2752 data:
689 2730 817 2759 putantur
831 2726 927 2754 littera:

145 2763 248 2792 Ursacii
260 2765 416 2793 etValentis
429 2767 460 2793 ad
472 2766 569 2794 iulium
587 2776 692 2803 papam,
709 2770 825 2796 nondum
836 2770 927 2798 iniisse

142 2811 327 2845 episcopatum
346 2812 462 2839 videtur.
484 2812 511 2840 lu
529 2812 647 2841 Historia
666 2822 748 2849 porro
767 2816 926 2843 Arianorum

178 2869 218 2901 (α)
231 2869 326 2901 Hilam,
342 2869 395 2897 col.
412 2869 488 2896 1292.

179 2869 205 2901 (a
231 2869 326 2901 Hilam,
342 2869 395 2897 col.
412 2869 488 2896 1292.

179 2869 218 2940 (bi
232 2904 309 2934 Tom.
326 2903 360 2940 il,
370 2905 467 2933 concil.
482 2905 585 2934 Sardic.

981 2309 1083 2336 clarum
1109 2309 1253 2336 Iustiniani
1279 2309 1450 2342 imperatoris
1475 2309 1562 2336 locum
1584 2316 1617 2336 ex
1647 2313 1765 2335 tractatu

981 2354 1103 2381 adversus
1127 2355 1247 2389 Origcnis
1267 2361 1378 2385 errores,
1400 2356 1444 2389 qui
1470 2355 1509 2381 sic
1527 2354 1609 2389 habet
1630 2363 1636 2381 :
1654 2352 1720 2380 Εῖπε
1737 2354 1765 2380 6's

982 2403 1028 2429 καὶ
1048 2402 1062 2427 ὁ
1088 2402 1118 2428 ὲν
1143 2402 1230 2436 ἁγίοις
1255 2402 1411 2434 ’Δθανάσιος
1443 2401 1591 2432 ἐπίσκοπος
1614 2401 1660 2427 καὶ
1686 2400 1774 2431 αὐτὸς.

987 2447 1188 2483 Ἀλεξανδρείας
1207 2449 1351 2484 γενόμενος
1371 2449 1399 2474 ὲν
1418 2447 1457 2482 τῷ
1483 2447 1553 2481 λόγῳ
1572 2446 1611 2481 τῷ
1636 2445 1687 2478 Εἰς
1713 2446 1766 2472 τὸν

978 2495 1050 2526 ,ϐίον
1072 2495 1125 2522 τοῦ
1145 2495 1292 2529 μακαρίου
1320 2495 1472 2521 Ἀντωνίου
1498 2493 1601 2519 ταῦτα’
1628 2492 1712 2523 una);
1737 2492 1765 2518 et

981 2540 1121 2575 χλευάζειν
1141 2541 1213 2576 ἡμᾶς
1232 2540 1350 2576 τολμᾶτε
1373 2541 1501 2575 λέγοντας
1523 2540 1568 2566 τὸν
1586 2539 1702 2574 Χριστὸν
1719 2538 1764 2565 ἄν·

981 2586 1088 2620 Ορωπον
1113 2586 1337 2621 πεφανερῶσθαι“
1356 2587 1420 2613 ὅπου
1443 2595 1474 2620 γε
1492 2587 1569 2620 ὑμεῖς
1590 2586 1622 2611 ἐκ
1646 2585 1692 2611 τοῦ
1719 2584 1764 2610 νοῦ

979 2632 1030 2667 τὴν
1053 2631 1141 2666 ψυχὴν
1164 2631 1315 2667 ὁρίζοντες,
1334 2631 1453 2666 φάσκετε
1473 2631 1658 2666 πεπλανῆσθαι
1680 2630 1764 2667 αὐτὴν

981 2677 1028 2704 καὶ
1052 2676 1226 2704 πεπτωκέναι
1248 2677 1302 2704 ἀπὸ
1325 2678 1374 2713 τῆς
1397 2677 1489 2712 ἁψῖδος
1511 2677 1558 2704 τοῦ
1580 2677 1693 2713 οὐρανοῦ
1723 2678 1763 2709 εἰς

983 2722 1061 2757 σῶμα
1071 2730 1079 2755 ;
1090 2731 1099 2748 ι
1118 2723 1146 2749 Id
1159 2727 1200 2750 est
1214 2732 1220 2749 ε
1240 2723 1313 2749 Dixit
1323 2729 1410 2749 autem
1425 2729 1530 2750 senatus
1540 2724 1763 2758 Atlmtmsiugqut'

981 2775 1004 2795 et
1023 2769 1077 2803 ipse
1095 2769 1228 2802 episcopus
1243 2769 1411 2796 Alexandrim
1431 2769 1493 2804 fuit,
1512 2771 1539 2797 in
1559 2770 1624 2796 libro
1649 2770 1685 2797 De
1704 2769 1762 2796 Vita

981 2816 1051 2842 beati
1078 2814 1213 2842 Antonii:
1240 2824 1249 2842 ι
1265 2815 1315 2849 Qui
1344 2821 1433 2844 autem
1463 2825 1513 2845 nos
1535 2817 1648 2845 irridere
1681 2816 1764 2844 aude-

1017 2874 1052 2906 (r)
1064 2873 1128 2899 Iliad
1153 2874 1182 2900 Δ.

1016 2910 1054 2944 (ιι)
1073 2908 1145 2936 Iliad.
1161 2909 1192 2936 Θ.
