2000 3045
232 148 286 170 XLII

899 127 1165 179 PROLEGOMENL

233 199 278 231 tis,
295 199 357 247 quia
383 200 498 229 dicimus
515 202 652 231 Christum
678 204 814 232 hominem
841 208 1013 241 apparuisse;
1030 211 1052 239 Α
1065 209 1194 237 Ludovici
1209 210 1308 246 Magni,
1323 210 1443 246 aliosque
1458 212 1558 247 passim
1573 218 1737 241 memoratos
1752 214 1778 241 in
1793 214 1848 242 llo-

234 245 342 279 quando
361 254 409 274 vos
437 254 470 274 ex
498 253 587 275 mente
612 249 730 275 animam
755 257 815 277 esse
841 251 1014 287 deﬁnientes,

232 291 321 318 dicitis
340 299 399 319 eam
418 300 539 327 errasse,
566 299 593 322 et
610 302 643 322 ex
662 295 723 322 coeli
744 295 847 324 fornice
868 297 895 324 in
917 305 1015 334 corpus

232 336 369 372 delapsam
384 339 463 365 esse?
474 347 484 364 ›

267 417 294 445 9.
313 417 471 452 Quanquam
487 426 531 446 res
547 424 588 446 est
605 419 719 447 fortasse
734 420 808 454 parvi
825 422 963 452 momenti.
981 429 1014 449 ne

232 462 323 496 pigeat
335 462 378 489 hic
390 463 531 496 adnotare,
544 472 636 492 vocem
651 465 733 492 Δαόὶδ
747 465 783 492 ita
795 473 856 493 cum
872 466 887 501 β
901 467 926 493 in
940 467 1015 501 prius

231 507 312 535 editis
325 508 430 541 haberi,
442 517 512 544 quos
525 511 608 536 etiam
623 512 706 538 secuti
720 519 823 538 sumus.
835 511 931 539 Verum
945 520 1015 540 com-

231 553 350 586 perimus
364 555 460 581 exinde
479 554 558 582 Δαυῒδ
572 556 649 590 vulgo
665 564 678 582 a
697 557 801 584 Graecis
818 558 900 585 scribi
914 565 921 584 :
939 559 1011 593 quod

233 605 321 627 tamen
337 608 398 627 raro
416 601 591 630 nimadverti
607 609 705 638 potest,
727 605 789 639 quia
805 612 912 638 semper
927 607 952 632 in
969 614 1014 633 co-

231 645 338 673 dicibus
352 646 404 672 Δᾶδ
420 647 560 675 brevitatis
577 656 656 676 causa
676 651 814 677 scribitur.
829 650 917 678 Semel
935 653 1014 678 Δαυῖ-

230 690 325 723 τικῶς,
344 691 478 725 Dauidice,
496 694 626 728 scriptum
642 696 802 729 reperimus.
823 695 857 723 Et
871 696 897 723 in
921 698 1014 725 codice

232 735 317 771 Regio
331 737 400 770 2M,
424 739 468 765 ubi
492 738 576 766 minio
599 740 653 766 vita
676 741 785 768 Davidis
804 742 960 778 depingitur
986 742 1012 770 in

232 782 339 809 tabellis
356 784 406 811 sub
423 783 527 811 initium
544 785 693 819 adornatis,
708 786 790 813 Δαυῒδ
803 795 910 823 semper
923 796 984 816 cum
996 798 1012 816 υ

231 829 371 856 scribitur.
411 840 417 848 ι

1065 256 1128 282 nilis
1144 256 1254 284 nostris.

1100 323 1184 351 Roma
1198 324 1327 352 lectiones
1344 325 1512 360 permultas,
1535 326 1699 361 fragmenta,
1715 328 1844 362 opuscula

1064 376 1099 396 ex
1132 369 1272 396 codicibus
1295 369 1432 398 Vaticanis
1465 371 1580 405 aliisque
1605 373 1738 407 exscripta
1770 374 1848 400 nobis

1066 415 1215 442 transmisit
1227 415 1352 442 dominus
1374 415 1502 444 Claudius
1524 417 1726 452 Stephanotius,
1748 426 1846 452 procu-

1065 465 1137 487 rator
1150 461 1282 495 generalis
1295 462 1510 497 congregationis
1523 468 1632 496 nostrae,
1647 470 1727 498 opera
1742 472 1806 491 usus
1819 469 1847 492 et

1064 513 1144 532 manu
1162 510 1190 532 ut
1211 506 1355 540 plurimum
1375 506 1487 534 Joannis
1503 507 1640 542 Guillotii,
1662 509 1762 536 sodalis
1784 509 1840 542 sui,

1064 552 1108 585 qui
1126 552 1195 580 haud
1212 553 1247 579 ita
1267 552 1371 587 pridem
1386 553 1462 580 obiit.
1483 553 1511 580 In
1531 553 1627 589 Anglia
1643 562 1708 582 vero
1719 556 1844 590 iuvandis

1063 598 1158 625 studiis
1172 599 1271 626 nostris
1287 599 1405 626 intentus
1418 607 1524 635 semper
1539 600 1588 627 luit
1604 601 1646 627 vir
1661 601 1805 636 praeclarus
1818 607 1845 628 et

1063 644 1214 670 eruditione
1237 645 1399 679 conspicuus
1418 644 1535 673 Iacobus
1558 646 1668 680 Millius,
1691 647 1846 682 principalis

1063 689 1167 724 collegii
1184 690 1213 717 S.
1226 690 1356 718 Edmundi
1376 690 1553 724 Oxoniensis,
1573 697 1603 719 ut
1625 693 1707 720 variis
1730 694 1756 720 in
1780 694 1848 722 locis

1062 735 1207 763 observare
1236 737 1350 771 quisque
1370 738 1470 771 poterit
1489 748 1496 766 :
1516 746 1564 766 nec
1578 746 1631 765 non
1644 739 1706 773 quid
1721 739 1846 766 collatum
1874 748 1878 773 ς

1063 781 1140 808 nobis
1156 781 1237 809 fuerit
1251 790 1265 809 a
1281 782 1347 810 clar.
1363 783 1428 811 viris
1444 784 1590 817 Grodecio,
1607 783 1752 812 Muratorio
1772 785 1847 812 aliis-

1062 834 1125 861 que.

266 906 310 934 10.
328 907 420 936 Restat
435 914 463 936 ut
477 911 583 938 erudito
604 901 850 947 lectoriJ‘quorum
875 914 1011 942 codicibus

1098 897 1153 926 Nec
1171 900 1394 933 praetermittendi
1415 901 1522 928 silentio
1538 905 1602 928 sunt
1621 901 1780 934 domestici,
1801 900 1848 935 qui

230 956 258 979 et
274 960 354 987 opera
371 955 410 981 usi
433 956 518 983 simus
533 958 725 991 signiticemus,
746 963 773 986 et
789 959 816 986 in
836 961 904 994 grati
929 960 1012 987 animi

230 998 400 1034 obsequium,
412 1002 475 1036 quid
489 1007 517 1029 et
532 1009 661 1037 quantum
678 1003 758 1031 officii
775 1012 790 1031 a
806 1005 919 1040 singulis
935 1013 1013 1034 acce-

229 1046 349 1080 perimus
373 1045 500 1074 litteratis
519 1048 645 1076 omnibus
659 1050 704 1084 qui
720 1050 746 1077 in
769 1055 872 1085 partem
889 1051 1012 1079 beneficii

230 1090 351 1123 veniunt,
368 1091 455 1124 palam
473 1091 613 1121 faciamus.
630 1093 710 1120 Prmit
727 1098 816 1121 autem
838 1095 888 1122 hoc
911 1096 937 1121 in
955 1103 1013 1122 mue

230 1143 297 1164 nere
316 1136 478 1165 bibliotheca
497 1138 541 1164 illa
563 1146 626 1165 vere
649 1138 732 1173 Regia
757 1139 885 1167 Ludovici
908 1140 1011 1175 Magni,

230 1182 349 1209 omnium
367 1191 414 1218 per
427 1185 519 1212 orbem
539 1186 716 1220 amplissima,
731 1187 803 1214 unde
819 1187 851 1214 ad
867 1186 1011 1214 arbitrium

230 1228 309 1255 nobis
332 1230 438 1256 codices
461 1231 548 1259 omnis
572 1232 679 1266 generis
699 1233 861 1267 suppeditati
881 1237 943 1260 sunt
963 1233 1013 1260 hu~

231 1274 361 1301 manitate
383 1276 449 1303 clar.
469 1277 518 1304 viri
543 1278 648 1306 abbatis
673 1279 709 1306 De
727 1278 854 1312 Louvois,
870 1279 1013 1307 bibliothe-

229 1320 297 1347 carii
315 1321 392 1355 regii,
406 1322 482 1356 cujus
497 1323 628 1357 prolixam
644 1324 671 1350 in
687 1331 735 1351 nos
750 1324 915 1353 voluntatem
936 1329 964 1352 et
985 1326 1011 1353 in

230 1367 353 1396 fovendis
369 1369 465 1397 studiis
481 1370 581 1397 nostris
596 1370 763 1405 propositum
789 1371 888 1405 passim
907 1371 1012 1406 experti

229 1420 333 1441 sumus.
357 1414 450 1442 Ollicia
474 1415 536 1442 item
557 1416 634 1443 nobis
658 1417 782 1443 certatim
805 1417 1012 1453 impenderunt,

230 1459 276 1493 qui
294 1461 442 1487 secundum
459 1461 532 1488 illum
552 1469 612 1489 eam
631 1462 822 1490 bibliothecam
840 1468 937 1490 curant
961 1464 1010 1490 viri

229 1506 405 1534 eruditissimi
422 1507 586 1535 Clementius
604 1512 631 1535 et
649 1508 798 1542 Boivinius,
819 1512 875 1536 toto
890 1510 956 1536 orbe
970 1508 1014 1536 lit-

229 1553 334 1580 terario
354 1554 499 1581 notissimi.
522 1553 597 1581 Haud
624 1555 744 1582 minores
767 1555 896 1590 suppetiae
916 1562 1010 1582 acces-

229 1605 290 1625 sere
303 1606 335 1626 ex
350 1599 513 1627 bibliotheca
527 1599 622 1628 faustae
636 1601 774 1628 memoriae
787 1601 837 1627 viri
854 1600 920 1628 clar.
932 1600 1011 1628 Joan-
1024 1602 1046 1631 (Ζ

228 1643 273 1671 nis
295 1643 372 1679 Bapl.
389 1645 518 1679 Colberti,
533 1647 598 1681 regii
619 1646 753 1679 ministri,
775 1646 820 1681 qui
838 1646 864 1673 in
885 1653 963 1673 usum
983 1651 1011 1674 et

229 1692 399 1718 commodum
420 1691 587 1726 litterarum,
608 1693 740 1727 ingentem
759 1693 882 1720 codicum
901 1693 955 1719 vim
978 1700 1010 1719 ex

228 1736 416 1764 remotissimis
432 1741 511 1764 terra;
525 1737 644 1772 partibus
659 1738 799 1765 advectam
815 1738 1009 1766 accumulavit.

227 1781 331 1810 Horum
351 1783 428 1810 nobis
449 1784 481 1810 ad
505 1788 599 1811 nutum
615 1784 719 1819 copiam
742 1784 805 1812 fecit
822 1785 863 1812 vir
883 1784 1010 1812 eruditis-

229 1829 314 1855 simus
333 1836 364 1855 ac
387 1829 477 1856 multis
499 1830 650 1857 nominibus
672 1831 749 1858 nobis
771 1831 1011 1865 conjunctissimus

229 1874 383 1908 Stephanus
406 1874 543 1906 Baluzius,
567 1883 646 1910 quem
671 1876 776 1910 ignorat
800 1884 879 1904 nemo
897 1876 944 1911 qui
966 1876 1011 1902 lit-

229 1924 305 1947 teras
318 1920 399 1946 norit.
416 1919 464 1947 llic
481 1928 532 1947 non
549 1920 686 1947 codicibus
700 1921 790 1954 modo,
804 1929 895 1948 verum
909 1927 936 1948 et
950 1929 1012 1948 con-

228 1966 298 1993 siliis
318 1973 424 2000 semper
438 1966 524 1993 adiurit
541 1967 705 2001 rogantibus,
723 1967 808 1994 sicubi
830 1975 874 1995 res
894 1967 1013 2002 postula-

227 2011 277 2038 vit.
298 2010 399 2038 Grandi
422 2012 499 2039 nobis
521 2012 620 2040 auxilio
643 2013 692 2039 l'uit
714 2012 886 2047 Seguerianae
910 2013 1008 2039 biblio-

229 2055 314 2083 thecas
329 2056 430 2088 codex,
455 2056 628 2084 illustrissimi
651 2064 683 2083 ac
706 2057 868 2084 nobilissimi
892 2057 1009 2091 episcopi

228 2101 367 2134 Metensis,
381 2103 426 2137 qui
444 2108 499 2129 tum
517 2103 599 2130 abbas
613 2103 758 2130 Coislinius
773 2104 909 2134 audiebat,
929 2111 1010 2138 opera

227 2153 254 2174 ct
270 2148 384 2176 consilio
400 2149 477 2176 nobis
492 2149 651 2176 concrediti.
664 2149 714 2183 Qui
730 2149 814 2176 codex
828 2150 920 2183 quanti
935 2150 1011 2177 nobis

227 2201 292 2220 usus
314 2194 410 2227 fuerit,
436 2195 555 2222 adverte!
578 2195 677 2229 passim
693 2195 815 2222 eruditus
839 2196 932 2223 lector.
951 2196 1012 2223 Cae-

227 2245 300 2268 teros
314 2240 420 2276 longum
434 2246 504 2268 esset
517 2249 740 2271 commemorare.
752 2249 864 2276 quorum
879 2242 919 2268 vel
930 2250 1009 2276 opera

228 2286 269 2312 vel
290 2287 428 2314 codicibus
449 2287 488 2313 usi
505 2294 611 2318 sumus,
628 2287 694 2314 clar.
710 2287 782 2314 viros
798 2288 1007 2320 Renaudotinm,

229 2331 403 2365 'l‘oinardum,
416 2333 625 2366 Dcsmarezium,
641 2332 697 2359 RR.
709 2333 761 2362 PP.
773 2333 891 2360 Jcsuitas
904 2334 1009 2368 collegii

1063 945 1140 971 nobis
1160 944 1290 973 harumce
1309 945 1522 974 lucubrationum
1547 951 1670 974 auctores
1690 951 1717 974 et
1733 954 1848 974 c0nsna-

1062 996 1136 1017 sores
1152 990 1236 1024 fuere,
1259 1000 1325 1026 quos
1340 993 1512 1020 memorando
1532 993 1574 1020 vix
1593 1000 1608 1020 a
1628 993 1755 1028 lacrymis
1780 997 1847 1019 tem-

1062 1042 1206 1070 peramus,
1229 1038 1334 1066 scilicet
1357 1038 1388 1065 D.
1413 1039 1538 1067 Claudius
1562 1039 1692 1066 Martinus
1715 1038 1730 1064 ὁ
1757 1046 1847 1073 μακα-

1063 1081 1155 1117 ρίτης,
1176 1082 1216 1108 vir
1236 1083 1336 1117 pietate
1359 1089 1386 1111 et
1408 1084 1539 1116 religione
1563 1084 1695 1118 insignis,
1715 1083 1847 1110 litterato-

1063 1137 1122 1156 rum
1137 1129 1162 1156 in
1178 1130 1304 1158 sodalitio
1320 1136 1412 1158 nostro
1428 1135 1567 1165 patronus,
1583 1137 1662 1164 quem
1678 1129 1762 1164 patris
1783 1129 1839 1156 loco

1062 1176 1258 1203 venerabamur
1275 1184 1378 1204 onmes.
1391 1177 1416 1203 ls
1439 1184 1510 1203 anno
1531 1176 1668 1211 prteterito
1693 1175 1841 1207 caelitibus,

1063 1226 1093 1248 ut
1118 1229 1276 1256 speramus,
1302 1222 1436 1256 ascriptus
1462 1221 1537 1249 fuit:
1559 1221 1602 1249 cui
1626 1221 1698 1248 enim
1715 1221 1766 1248 nisi
1792 1225 1845 1247 tam

1062 1267 1157 1301 probo,
1182 1272 1234 1293 tam
1260 1267 1322 1301 pio,
1347 1274 1407 1295 sors
1432 1267 1476 1295 illa
1496 1266 1656 1294 obvenerit?
1679 1266 1797 1300 Itemque
1815 1265 1846 1292 D.

1062 1312 1194 1340 Antonius
1216 1312 1333 1345 Durban,
1358 1312 1549 1339 cmnobiarcba
1572 1315 1672 1343 noster,
1694 1310 1848 1344 nuperrime

1063 1358 1193 1389 sublatus,
1212 1359 1254 1385 vir
1277 1357 1364 1393 frugi,
1388 1357 1498 1393 probus,
1524 1357 1649 1384 litteratis
1669 1360 1846 1391 opportunus,

1064 1402 1175 1437 integris
1198 1403 1318 1430 moribus
1340 1407 1367 1429 ιιι
1393 1403 1480 1437 prius
1504 1410 1565 1437 gens
1584 1401 1746 1428 mortalium.
1766 1399 1849 1432 Cujus

1065 1449 1137 1477 obitu
1154 1449 1198 1476 vix
1214 1449 1405 1476 consolabilem
1423 1449 1516 1476 animo
1530 1448 1650 1476 dolorem
1672 1453 1846 1483 caperemus,

1064 1494 1114 1521 nisi
1132 1494 1177 1528 qui
1198 1501 1296 1521 munus
1312 1493 1428 1528 excepit,
1445 1494 1503 1527 pari
1528 1493 1630 1526 animo,
1644 1493 1740 1527 aequali
1758 1492 1849 1520 studio

1062 1544 1090 1566 et
1103 1547 1183 1574 opera
1201 1539 1240 1567 rei
1255 1539 1394 1567 litterariae
1407 1539 1634 1574 patrocinaretur.

1096 1605 1216 1640 lngemui
1233 1604 1352 1632 ablatum
1369 1604 1434 1631 mihi
1454 1607 1628 1639 symmystam
1652 1609 1741 1630 meum
1756 1602 1788 1630 D.
1803 1601 1848 1629 Ja-

1063 1651 1160 1678 cobum
1177 1650 1344 1685 Loppinum,
1359 1650 1467 1684 quicum
1486 1649 1563 1677 initio
1585 1649 1698 1683 hujusce
1721 1649 1848 1676 editionis

1062 1697 1191 1723 dabamus
1215 1703 1312 1729 operas
1337 1699 1453 1722 mutuas.
1479 1693 1518 1728 ls,
1539 1694 1647 1721 vixdum
1671 1695 1704 1721 ad
1731 1694 1846 1721 mediam

1061 1742 1140 1776 primi
1159 1742 1224 1768 torni
1247 1745 1350 1775 partem
1370 1741 1576 1772 deveneramus,
1599 1747 1660 1767 cum
1685 1744 1846 1774 praematura

1062 1789 1149 1812 morte
1161 1784 1301 1818 abreptus,
1314 1783 1379 1811 mihi
1394 1791 1499 1811 summo
1514 1783 1598 1811 dolori
1614 1783 1675 1815 fuit,
1691 1783 1731 1810 vir
1747 1783 1841 1810 Latine

1061 1834 1089 1857 et
1103 1830 1195 1857 Graece
1212 1830 1304 1863 probe,
1322 1829 1452 1856 Hebraice
1469 1829 1586 1864 μετρίως
1601 1830 1733 1861 eruditus,
1747 1829 1774 1855 in
1791 1828 1846 1864 phi-

1061 1875 1205 1910 losophicis
1220 1875 1342 1910 apprime
1359 1880 1481 1903 versatus
1502 1884 1509 1902 :
1526 1875 1655 1902 comitate
1672 1878 1700 1901 et
1714 1874 1845 1901 modestia

1058 1919 1195 1955 iucundus
1212 1921 1358 1948 sodalibus.
1373 1920 1435 1947 Haec
1452 1920 1485 1947 de
1508 1920 1609 1948 nostris
1626 1924 1714 1947 morte
1734 1919 1848 1947 sublatis

1062 1966 1172 1994 dicenda
1189 1966 1266 1993 nobis
1280 1970 1374 1999 erant,

1169 2057 1204 2084 Td
1220 2058 1276 2091 τὰρ
1292 2057 1379 2091 γέρας
1394 2056 1458 2084 ἐστὶ
1476 2058 1634 2084 θανόντων.

1061 2148 1120 2176 lam
1137 2149 1169 2176 de
1185 2148 1344 2176 Commelini
1361 2148 1586 2185 Felckmannique
1598 2149 1768 2181 lectionibus,
1784 2157 1846 2177 nec-

1063 2201 1115 2220 non
1143 2194 1176 2221 de
1203 2194 1340 2221 codicibus
1357 2195 1454 2229 quibus
1481 2195 1520 2222 usi
1546 2202 1638 2222 sumus
1661 2195 1713 2222 hac
1734 2195 1760 2222 in
1786 2196 1844 2222 edi-

1063 2239 1147 2272 tione,
1170 2240 1301 2273 agenilum
1325 2241 1402 2268 nobis
1416 2245 1466 2268 est.
1479 2242 1517 2268 Ac
1533 2241 1648 2275 primum
1665 2241 1758 2268 lectori
1775 2240 1846 2268 Nan-

1062 2285 1110 2318 nii,
1124 2285 1282 2312 Commelini
1298 2285 1507 2314 etFelckmanni
1517 2287 1567 2314 hac
1580 2287 1612 2314 de
1626 2294 1655 2314 re
1668 2287 1771 2314 Monita
1783 2288 1846 2314 sub-

1059 2330 1186 2366 jicienda.

526 2429 738 2458 EXCERPTUM
759 2430 803 2456 EX
823 2429 1054 2458 PliEFATlONE
1071 2430 1173 2458 PETRI
1192 2430 1307 2457 NANNII
1327 2430 1546 2458 ALCMARlANl.

264 2547 333 2574 llsus
350 2551 439 2574 autem
461 2553 519 2573 sum
546 2546 631 2573 tribus
653 2545 868 2579 exemplaribus,
895 2553 1008 2580 quorum

227 2594 341 2628 primum
358 2593 472 2620 cmnobii
497 2592 707 2619 l’rwdicatorum
737 2591 923 2619 Basiliensium
941 2592 1008 2626 fuit,

227 2639 292 2666 adeo
309 2644 455 2670 vetustum,
471 2642 499 2665 ut
519 2638 615 2664 litterae
638 2637 727 2664 multis
747 2638 773 2664 in
792 2637 857 2664 locis
873 2638 1010 2665 exolesce-

227 2685 298 2712 rent,
321 2689 374 2716 quo
394 2682 537 2716 plurimum
561 2689 625 2709 usus
640 2687 681 2708 est
696 2681 813 2709 Joannes
834 2682 1008 2711 iieucltlinus.

227 2727 379 2753 Secundum
399 2727 449 2753 l'nit
465 2727 562 2755 Justini
578 2728 699 2761 Gobleri,
712 2728 780 2763 juris
794 2728 888 2763 peritia
904 2733 930 2755 et
945 2736 1006 2755 eru-

227 2771 326 2799 ditione
359 2773 526 2807 linguarum,
552 2778 578 2800 et
605 2774 765 2808 quibusdam
794 2774 1006 2801 Demosthenicis

225 2817 310 2844 versis
329 2818 472 2844 clarissimi
491 2819 617 2850 nominis.
632 2819 658 2845 id
674 2826 781 2853 quoque
804 2819 885 2845 nullis
902 2819 1006 2846 mendis

225 2862 367 2897 vidatum,
394 2864 441 2891 scd
475 2865 574 2891 notulis
600 2864 747 2898 lormisquc
776 2863 1005 2891 abbreviationum

1062 2553 1194 2580 nusquam
1215 2544 1277 2572 alibi
1294 2545 1370 2576 visis,
1392 2545 1428 2572 ita
1448 2544 1564 2577 dillieile,
1579 2545 1711 2579 utpotius
1733 2552 1764 2572 ex
1782 2552 1843 2572 sen-

1063 2591 1155 2618 tentiis
1167 2591 1261 2623 verba,
1276 2599 1357 2625 quam
1373 2598 1405 2617 ex
1423 2590 1512 2618 verbis
1527 2591 1674 2618 sententias
1689 2591 1841 2618 divinarim.

1063 2635 1183 2662 Tertium
1194 2635 1306 2663 Joannis
1313 2635 1559 2670 Cliristophorsoni,
1570 2635 1659 2670 Angli,
1667 2636 1842 2664 eruditissimi

1062 2686 1089 2708 et
1113 2681 1278 2716 integerrimi
1306 2683 1364 2715 viri,
1387 2683 1541 2716 graviorum
1566 2688 1705 2709 auctorum
1729 2683 1842 2709 transla-

1061 2728 1133 2755 tione
1147 2728 1277 2763 insignis;
1292 2728 1317 2755 id
1336 2728 1415 2755 simul
1436 2733 1463 2754 et
1479 2728 1649 2755 emendatum
1670 2733 1697 2755 ct
1715 2728 1783 2755 lectu
1801 2727 1842 2754 fa-

1061 2774 1111 2801 cile
1123 2779 1149 2801 et
1162 2774 1253 2801 verbis
1270 2774 1302 2800 ad
1323 2773 1429 2808 plenum
1443 2773 1562 2807 scriptis,
1583 2781 1636 2799 non
1654 2774 1690 2800 ita
1709 2773 1842 2807 interpre—

1061 2824 1114 2846 tem
1130 2820 1329 2847 rcmorabalnr.
1350 2819 1379 2845 lli
1398 2824 1453 2845 trcs
1468 2819 1610 2845 clarissimi
1627 2819 1676 2845 viri
1694 2819 1725 2845 ad
1743 2819 1842 2844 "mltos

1060 2873 1144 2893 annos
1165 2865 1230 2892 mihi
1251 2873 1298 2892 sua
1321 2864 1482 2899 exemplaria
1501 2864 1696 2899 patientissime
1722 2872 1842 2892 conum»

1873 771 1886 845 Ξ
