2000 3045
668 169 854 198 ΡΒΛΕΈᾹΤΙΟ
873 170 1043 199 EDITIONIS
1062 171 1308 202 BENEDICTINIE.

1723 180 1788 203 ιωι

173 228 316 259 davernnt,
330 234 446 261 quorum
470 227 662 262 benignitatem
686 227 793 255 silentio
808 228 871 255 mihi
890 235 958 263 praa-
973 233 993 261 Α
1009 235 1035 258 et
1061 231 1218 266 Episcopius
1249 230 1437 265 chalcographi
1473 230 1678 263 humanissimi,
1703 232 1787 259 unde-

174 274 373 302 termittenda'm
401 281 453 301 non
485 274 593 308 putavi.
612 274 726 303 Exstant
748 278 776 300 et
806 274 856 300 alia
879 275 957 310 vulgo

173 320 315 349 Athanasii
331 320 417 348 nostri
440 327 536 348 nomen
553 327 609 355 prae
627 327 656 347 se
672 319 797 351 ferentia,
812 327 826 346 a
844 320 958 348 diversis

174 367 367 403 interpretibus
384 366 412 394 in
434 365 560 393 Latinum
583 366 719 399 traducta,
731 373 792 400 qua:
811 365 960 394 Frobenius

1010 284 1115 311 cunque
1138 276 1288 311 conquisita
1316 276 1343 304 in
1363 281 1486 311 quartum
1512 281 1611 304 tomum
1642 284 1790 312 congesse-

1011 327 1084 356 runt,
1106 330 1141 350 ne
1159 323 1222 357 quid
1242 322 1391 350 Athanasio
1410 322 1553 358 ascriptum
1570 323 1633 351 huic
1648 323 1721 358 operi
1742 323 1790 350 de-

1012 372 1094 396 esset.
1115 367 1234 396 Labores
1259 369 1341 404 igitur
1366 372 1474 396 nostros
1503 369 1550 396 tibi
1571 369 1685 402 debitos,
1701 373 1754 397 etc.

401 480 615 512 PBEFATIO
638 481 691 511 AD
715 482 934 515 LECTOREM
959 484 999 515 ΙΝ
1024 482 1217 515 EDITIONE
1238 483 1557 515 COMMELINIANA.

214 596 252 625 Ut
265 597 348 630 scias,
363 597 470 631 Lector,
491 598 556 634 quid
575 598 602 627 ln
617 598 669 628 hac
687 599 958 630 Athanasiieditione

179 645 328 679 praestitum
345 646 380 673 sit
392 655 398 673 :

216 689 351 725 Principio
370 690 492 719 Graecum
520 696 620 719 textum
638 697 718 720 antea
743 701 878 729 nunquam
901 695 960 722 edi-

181 739 236 762 tum
259 736 292 763 de
309 736 384 764 libris
401 738 594 772 manuscriptis
609 737 665 772 jam
687 739 804 772 primum
832 745 881 766 nos
904 740 960 766 edi-

178 780 278 808 dimus.
291 781 324 808 Et
338 781 447 816 quidem
464 783 504 810 sic
518 783 650 810 edidimus
665 787 694 810 ut
707 791 839 818 perpauca
860 785 959 818 desint,

178 831 239 858 qua:
259 826 378 853 nondum
394 827 511 861 reperire
524 828 610 856 licuit.
626 826 678 855 Sed
696 836 755 863 quae
770 835 797 857 et
811 830 866 865 ipsa
884 838 961 865 sepa-

1012 600 1101 637 i3l9),
1118 605 1146 628 ut
1162 601 1220 628 hate
1235 600 1318 634 ipsius
1331 600 1472 636 scriptoris
1486 600 1567 628 verba
1584 599 1609 627 in
1627 599 1678 627 ﬁne
1692 599 1792 627 codicis

1009 648 1153 675 indicant:
1177 647 1256 683 Χειρὶ
1284 644 1445 682 ἁμαρτωλῷ,
1465 644 1601 682 Ῥωμανῷ
1632 644 1793 680 ἀναγνώστῃ

1011 692 1088 725 ἔτους
1105 691 1208 728 ,ςωκθ’.
1224 692 1286 719 Fuit
1311 693 1334 719 is
1353 692 1416 719 olim
1433 691 1531 719 Justiui
1551 689 1660 718 Gobleri
1687 698 1693 715 :
1723 696 1794 716 nunc

1011 739 1086 772 cujus
1109 740 1144 766 sit
1162 739 1280 766 nondum
1297 737 1465 772 exploratum
1490 736 1632 767 habemus,
1646 742 1707 762 cum
1724 734 1794 761 inter

1013 793 1056 813 res
1078 784 1187 812 Hieron.
1210 783 1368 812 Commelini
1393 785 1516 816 repertus
1535 781 1571 808 sit
1589 780 1662 808 nullo
1688 786 1795 814 posses-

1014 831 1083 859 soris
1108 831 1216 858 nomine
1233 823 1346 863 adjecto.
1369 828 1501 855 Caeterum
1519 834 1584 854 vere
1601 827 1634 854 de
1652 827 1702 854 hoc
1728 825 1795 853 scri-

180 871 249 918 ratis
262 871 373 907 pagellis
396 874 510 905 edituri.
530 879 558 901 et
571 875 604 902 ad
625 875 756 911 reliquum
778 883 845 911 opus
866 877 962 911 adjun-
978 889 998 918 Β
1014 877 1078 904 bere
1102 875 1183 910 potuit
1210 874 1330 902 Nannius
1353 874 1416 910 (qui
1434 881 1466 901 eo
1486 877 1514 900 ut
1533 877 1560 900 et
1582 871 1795 918 praecedentibus

180 916 250 943 cturi
268 924 369 949 sumus,
384 918 405 944 si
431 918 538 952 quando
554 920 625 946 nacti
651 919 796 952 fuerimus,
821 921 854 947 ad
879 927 960 954 quam

181 970 237 989 rem
261 967 290 990 ut
307 963 384 991 nobis
404 965 560 998 adjumento
574 966 630 993 sint
646 966 692 1002 qui
716 970 840 1001 possunt,
863 966 966 1001 publici

181 1009 315 1036 commodi
341 1018 442 1042 causa,
466 1011 639 1039 vehementer
663 1012 745 1040 etiam
777 1016 857 1047 atque
880 1013 962 1040 etiam

180 1060 317 1088 rogamus.
339 1055 439 1083 Deinde
458 1055 582 1082 Latinam
599 1057 751 1084 versionem
774 1056 886 1089 Nannii,
904 1057 963 1083 ubi-

181 1106 287 1134 cunque
307 1107 367 1127 cam
394 1100 537 1128 habuimus
558 1102 692 1136 integram
710 1106 738 1129 et
761 1101 834 1129 nullo
853 1109 963 1136 prorsus

145 1179 148 1182 ⁴
180 1145 258 1179 apice
283 1150 412 1173 mutatam
438 1146 533 1176 (ἔνι’εο
550 1148 686 1175 contextui
709 1155 724 1174 e
755 1148 862 1182 regione
885 1148 962 1174 aditi-

181 1190 282 1221 dimus,
299 1195 329 1218 ut
349 1192 381 1218 de
402 1191 460 1226 ejus
476 1193 631 1228 integritate
654 1193 788 1229 integrum
805 1194 903 1229 cuique
926 1193 964 1221 le-

181 1236 250 1262 ctori
265 1235 394 1270 judicium
409 1237 620 1272 relinqueretur.
637 1238 785 1266 Habuimus
798 1244 888 1267 autem
902 1246 963 1266 ver-

180 1283 285 1311 sionem
301 1284 395 1312 Nannii
418 1290 473 1313 toto
491 1291 562 1313 tomo
582 1289 680 1322 primo,
700 1288 792 1322 paucis
813 1288 891 1316 lineis
910 1288 962 1316 7l6

179 1333 209 1355 et
229 1329 281 1356 828
297 1331 427 1365 exceptis,
445 1338 512 1366 quas
527 1331 582 1365 ille,
600 1332 737 1360 nescimus
752 1340 806 1368 qua
828 1333 860 1360 de
880 1340 963 1360 causa

181 1383 234 1402 non
251 1381 433 1405 converterat.
457 1377 542 1406 Tomo
565 1386 631 1406 vero
653 1379 781 1412 secundo,
803 1379 848 1406 ubi
869 1378 963 1407 Nannii

180 1421 271 1449 versio
289 1422 369 1457 plane
389 1423 497 1455 defecit,
520 1423 546 1450 in
571 1424 730 1459 quihusdam
756 1424 892 1460 opusculis
914 1433 964 1452 an-

182 1467 272 1501 tiquas
302 1467 406 1496 Erasmi
441 1468 631 1502 Roterodami,
655 1469 768 1498 Joannis
803 1471 965 1506 Reuchlini,

179 1511 294 1541 Joannis
308 1513 437 1548 Curterii,
451 1521 477 1542 et
492 1516 604 1544 aliorum
622 1517 760 1544 doctorum
775 1517 894 1545 virorum
909 1525 966 1544 ver-

181 1558 272 1586 siones
298 1559 466 1587 ascivimus:
492 1561 518 1587 in
547 1561 680 1596 plerisque
714 1566 803 1589 autem
835 1562 965 1590 hactenus

182 1604 301 1631 nondum
317 1606 404 1633 versis
421 1614 503 1635 novas
521 1607 659 1635 versiones
675 1608 799 1635 studiose
811 1607 896 1635 factas
918 1609 965 1635 ad-

183 1648 329 1682 hibuimus,
347 1654 375 1677 et
397 1648 488 1677 itidcm
507 1658 601 1678 omnes
625 1650 719 1678 Graeco
738 1650 875 1678 contextui
892 1658 907 1677 e
924 1658 966 1678 re-

182 1695 262 1729 gione
275 1695 458 1730 apposuimus,
474 1699 652 1731 praeterquam
668 1697 696 1723 in
712 1704 766 1724 uno
779 1695 910 1731 opusculo
927 1695 965 1723 De

183 1741 304 1774 passione
317 1742 440 1776 imaginis
454 1741 559 1769 Domini
573 1742 655 1769 nostri
668 1741 733 1768 Iesu
749 1741 858 1774 Christi,
873 1742 899 1768 in
914 1749 968 1776 quo

183 1784 275 1812 (it-mea
296 1786 468 1820 exemplaria,
487 1793 572 1821 neque
597 1786 668 1813 inter
691 1793 761 1819 sese,
787 1793 874 1820 neque
898 1793 959 1813 cum

184 1829 289 1858 Latinis
318 1833 518 1864 congruebant.
545 1831 581 1858 ibi
608 1832 662 1858 duo
688 1831 779 1859 Graeca
808 1832 879 1858 inter
905 1838 966 1859 sese

184 1876 385 1911 conjunximus,
406 1876 533 1904 Latinum
564 1884 645 1904 unum
673 1877 880 1911 subjunximus:
903 1877 967 1908 rati,

185 1922 290 1955 gratius
307 1922 365 1950 fore
381 1923 490 1956 lectori,
510 1923 532 1950 si
548 1923 618 1958 legat
638 1923 693 1953 illa.
714 1923 802 1959 qualia
823 1923 849 1950 in
871 1923 967 1950 biblio-

186 1969 272 1996 thecis
286 1969 404 2002 antiquis
425 1969 606 2004 reperiantur,
628 1977 707 2004 quam
727 1969 816 2004 qualia
833 1976 852 1995 a-
875 1975 968 1996 recen-

187 2014 257 2041 tibus
272 2015 510 2049 interpolatoribus
527 2015 652 2042 adornari
669 2019 788 2050 possent.

222 2059 305 2087 Porro
318 2060 343 2086 in
357 2059 459 2087 Graecis
477 2060 641 2087 excudendis
658 2060 698 2086 usi
721 2067 813 2087 sumus
832 2059 969 2095 exempla-

187 2105 262 2132 ribus
279 2105 470 2140 manuscriptis
485 2105 544 2140 plus
557 2113 637 2140 quam
654 2105 748 2140 viginti
762 2114 770 2133 :
789 2112 902 2140 quorum
919 2113 970 2132 un-

188 2151 274 2179 decim
288 2153 321 2180 ad
336 2157 437 2179 tomum
462 2152 576 2188 primum
595 2152 740 2186 pertinent,
761 2152 858 2188 reliqui
877 2152 910 2179 ad
927 2159 971 2180 se«

188 2197 315 2224 cundum.
330 2197 435 2225 Primus
450 2198 547 2230 codex,
569 2198 646 2232 isque
667 2198 866 2226 vetustissimus
885 2197 971 2233 (ideo-

189 2242 323 2276 queiectu
346 2241 537 2278 perdlﬂicilis),
561 2243 678 2277 optimus
697 2248 725 2271 et
748 2243 792 2278 qui
817 2242 893 2277 plura
909 2242 971 2270 reli-

189 2289 249 2322 quis
274 2289 400 2316 omnibus
424 2289 523 2322 habet,
547 2294 588 2318 est
612 2289 765 2318 Academiae
797 2289 968 2321 Basiliensis,

189 2335 252 2361 olim
274 2334 378 2369 collegii
399 2335 607 2362 Przedicatorum
631 2335 715 2368 ibid.,
737 2336 767 2363 in.
784 2343 837 2370 quo
859 2340 971 2370 practer-

190 2386 270 2413 quam
286 2380 357 2414 quod
375 2379 444 2407 inter
459 2379 546 2408 media
567 2379 708 2408 Athanasii
723 2388 803 2415 opera
819 2387 870 2407 nan
886 2388 971 2415 pauca

191 2424 293 2450 inserta
314 2429 378 2451 sunt
394 2432 459 2459 quae»
467 2425 500 2451 ad
517 2425 659 2452 historiam
675 2425 770 2461 synodi
786 2424 899 2452 Nicaeum
909 2433 971 2460 per-

192 2471 287 2503 tinent,
311 2471 392 2498 multa
412 2479 519 2506 quoque
542 2472 716 2499 continentur
741 2471 834 2507 Cyrilli
854 2472 972 2499 Alexan-

191 2515 273 2548 «lriui,
289 2515 450 2544 Theodoreti
467 2522 494 2544 et
511 2516 670 2544 Damasceni
689 2518 831 2550 hactenus,
848 2518 889 2544 vel
905 2525 973 2544 nun-

191 2568 281 2594 quam,
294 2561 335 2589 vel
351 2567 424 2589 certe
443 2562 539 2590 Latine
560 2567 663 2590 tantum
678 2563 761 2590 edita.
777 2563 916 2590 Secundus
932 2567 974 2590 est

192 2606 294 2642 collegii
318 2607 347 2634 S.
363 2608 504 2636 Trinitatis
521 2610 546 2636 in
570 2609 714 2637 Academia
738 2608 970 2644 Cantabrigiensi,

192 2652 256 2678 olim
279 2653 310 2680 Ι).
325 2652 435 2681 Joannis
460 2654 713 2690 Christophorsoni,
737 2662 816 2689 quem
844 2654 872 2681 in
895 2654 973 2682 Italia

192 2705 290 2731 magno
306 2699 391 2733 pretio
402 2700 465 2727 olim
479 2706 629 2735 coemerat;
645 2701 689 2736 qui
708 2705 738 2728 ut
752 2702 920 2736 przccedente
934 2706 976 2728 est

194 2746 338 2778 recentior,
356 2746 393 2773 ita
413 2747 494 2774 etiam
510 2747 614 2775 facilior
630 2753 686 2780 est,
710 2756 742 2775 ac
760 2749 849 2775 minus
864 2756 975 2775 accura-

195 2794 246 2818 tus.
270 2791 384 2820 Tertius
395 2793 446 2820 hoc
463 2801 516 2821 non
534 2795 613 2829 paulo
628 2795 759 2822 vetustior
775 2800 817 2822 est
837 2805 842 2821 :
861 2795 976 2829 scriptus

195 2843 307 2871 namque
331 2843 372 2865 est
394 2839 465 2866 circa
490 2847 589 2868 annum
607 2841 699 2868 mundi
722 2840 802 2873 6829,
828 2841 974 2868 secundum

194 2879 347 2910 Graecorum
381 2883 584 2920 chronologiam
617 2886 683 2923 (hoc
712 2891 753 2915 est
781 2894 851 2915 anno
875 2886 974 2914 Christi

1012 923 1116 951 duobus
1132 930 1196 950 usus
1214 921 1276 957 est),
1291 929 1352 948 eum
1366 920 1465 948 notulis
1486 919 1632 954 formisque
1655 917 1794 945 abbrevia-

1012 969 1114 996 tionum
1140 974 1270 1001 nusquam
1287 965 1351 993 alibi
1368 965 1432 992 visis
1454 965 1491 992 ita
1516 963 1651 991 ditiicilem
1676 969 1747 993 esse.
1766 964 1795 987 ut

1011 1015 1100 1049 potius
1116 1021 1148 1040 cx
1165 1012 1308 1040 sententiis
1328 1011 1410 1038 verba
1424 1018 1505 1045 quam
1520 1017 1553 1037 ex
1578 1008 1669 1036 verbis
1686 1011 1794 1034 senten-

1011 1059 1056 1085 tiae
1078 1056 1228 1085 divinanda:
1250 1057 1300 1091 ipsi
1317 1056 1425 1088 fuerint,
1442 1054 1590 1090 comperiet
1611 1053 1726 1089 quisque
1750 1052 1794 1079 cui

1012 1103 1035 1131 is
1048 1103 1110 1131 olim
1126 1103 1151 1130 in
1169 1110 1263 1130 manus
1283 1102 1398 1129 venerit.
1411 1101 1459 1129 Ubi
1478 1105 1566 1128 tamen
1593 1099 1686 1127 mirari
1702 1098 1793 1131 subit,

1011 1150 1075 1184 quid
1094 1149 1200 1176 tandem
1218 1155 1306 1176 causa
1323 1147 1414 1181 fuerit,
1429 1153 1478 1174 cur
1491 1146 1562 1173 hunc
1582 1146 1672 1181 potius
1688 1149 1797 1172 secutus

1012 1196 1056 1229 sit,
1071 1203 1131 1222 cum
1150 1195 1255 1222 illorum
1270 1194 1412 1228 utriusque
1432 1193 1512 1221 lectio
1527 1193 1606 1227 longe
1622 1192 1657 1219 sit
1681 1191 1795 1218 facillor.

1012 1241 1221 1270 Observavimus
1239 1241 1310 1267 enim
1334 1240 1360 1267 in
1382 1239 1543 1270 lectionibus
1558 1239 1682 1266 codicum
1699 1237 1798 1264 discre<

1013 1287 1137 1322 pantibus
1157 1286 1281 1314 Latinam
1296 1285 1391 1313 Nannii
1412 1285 1563 1317 versionem
1582 1292 1643 1312 cum
1660 1284 1738 1311 istius
1755 1291 1797 1311 co-

1014 1333 1081 1360 dicis
1101 1332 1216 1360 lectione
1236 1339 1304 1370 pene
1328 1339 1376 1366 per
1389 1331 1479 1358 omnia
1499 1330 1663 1360 consentire.
1680 1330 1798 1362 Quartus
1838 1332 1840 1334 '

1013 1381 1092 1404 vetus
1107 1384 1159 1403 non
1174 1381 1225 1408 est,
1247 1383 1296 1403 nec
1310 1383 1324 1402 a
1342 1374 1437 1403 Graeca
1453 1381 1532 1405 manu
1549 1378 1686 1407 exaratus,
1704 1373 1799 1401 Goblo—

1016 1422 1083 1450 riani
1110 1422 1212 1457 absque
1232 1421 1313 1448 dubio
1331 1421 1514 1456 descriptum.
1536 1427 1598 1447 cum
1617 1426 1670 1455 quo
1692 1418 1797 1455 (paucis

1014 1468 1122 1496 lociset
1140 1460 1243 1495 mendis
1257 1466 1430 1501 descriptoris
1449 1465 1582 1501 exceptis)
1605 1465 1712 1501 penitus
1733 1472 1798 1492 con-

1015 1514 1106 1546 sentit,
1120 1513 1187 1541 adeo
1202 1518 1231 1540 ut
1245 1513 1355 1541 totidem
1369 1519 1477 1547 quoque
1491 1517 1518 1539 et
1537 1512 1645 1539 eosdem
1667 1511 1751 1538 libros
1767 1518 1801 1539 ae

1015 1559 1108 1587 eodem
1121 1559 1217 1586 ordine
1229 1566 1289 1586 cum
1304 1565 1336 1586 eo
1348 1558 1493 1593 dispositos
1504 1557 1612 1589 habeat,
1626 1557 1720 1584 incerti
1734 1563 1799 1583 vero

1016 1604 1137 1633 dominii.
1153 1604 1268 1638 Quintus
1286 1603 1354 1632 bene
1378 1607 1514 1634 vetustus,
1537 1602 1657 1636 elegans,
1674 1602 1799 1629 obscuris

1016 1656 1104 1679 tamen
1126 1655 1153 1678 et
1170 1650 1342 1678 creberrimis
1363 1649 1598 1677 abbreviationum
1622 1648 1693 1675 notis
1711 1647 1798 1675 refer-

1017 1702 1077 1730 tus.
1100 1698 1214 1732 ideoque
1238 1696 1370 1724 difﬁcilior
1390 1705 1397 1723 :
1423 1696 1521 1723 bonam
1554 1702 1660 1730 quoque
1688 1701 1798 1728 operum

1017 1743 1158 1770 Athanasii
1188 1747 1291 1778 partem
1321 1742 1458 1773 continet,
1488 1741 1534 1768 sed
1565 1745 1591 1768 et
1621 1740 1678 1775 ipse
1703 1740 1800 1775 ἄδηλον

1017 1787 1119 1823 κτῆμα.
1132 1786 1243 1818 Textus.
1267 1791 1359 1814 nostro
1379 1786 1490 1820 judicio,
1507 1786 1683 1814 centesimum
1700 1793 1800 1812 annum

1017 1840 1071 1860 non
1086 1836 1205 1867 superat,
1220 1832 1336 1867 eleganti
1351 1839 1383 1858 ac
1404 1831 1526 1866 aequabili
1551 1831 1694 1865 scriptura,
1711 1831 1801 1857 minus

1018 1882 1107 1905 tamen
1125 1882 1269 1906 accuratus
1290 1882 1317 1904 et
1339 1885 1422 1912 pauca
1446 1885 1553 1912 quoque
1569 1877 1698 1912 opuscula
1725 1884 1807 1904 com-.

1018 1925 1146 1959 plectens.
1170 1923 1306 1959 Septimus
1325 1929 1352 1951 et
1376 1928 1487 1951 octavus
1511 1923 1630 1958 ejusdem
1656 1925 1762 1957 aetatis,
1785 1931 1806 1950 a-

1019 1971 1122 1998 diversa
1141 1975 1229 1998 tamen
1247 1977 1346 1997 manu:
1365 1969 1409 1997 ille
1426 1969 1510 1996 solam
1527 1970 1676 1998 orationem
1694 1970 1801 1997 tertiam

1019 2021 1111 2043 contra
1124 2016 1239 2044 Arianae
1250 2016 1480 2052 comprehendens
1493 2024 1500 2043 :
1515 2016 1558 2044 hic
1570 2020 1687 2051 quatuor
1700 2016 1802 2051 priores

1019 2067 1045 2090 ct
1059 2069 1158 2097 paucas
1174 2062 1304 2097 quasdam
1319 2062 1394 2095 alias,
1409 2062 1533 2090 similiter
1546 2061 1688 2089 ἀδέσποτοι
1700 2065 1727 2088 et
1743 2061 1800 2093 isti;

1020 2108 1243 2143 quemadmodum
1267 2108 1347 2135 etiam
1365 2115 1451 2136 nonus
1473 2113 1500 2136 et
1518 2108 1658 2136 decimus:
1675 2107 1719 2142 qui
1739 2107 1802 2141 quia

1020 2155 1161 2182 admodum
1177 2159 1300 2182 recentes
1321 2159 1393 2188 sunt,
1410 2162 1441 2182 ac
1460 2162 1507 2190 per
1522 2155 1612 2182 omnia
1631 2153 1732 2181 similes
1750 2153 1804 2179 Ba-

1020 2200 1130 2232 siliensi,
1145 2207 1176 2227 ex
1196 2207 1228 2227 eo
1246 2200 1370 2234 descripti
1384 2200 1520 2227 videntur.
1535 2199 1712 2227 Undecimum
1727 2205 1803 2225 com-

1023 2246 1167 2272 municavit
1186 2241 1262 2273 nobis
1280 2253 1313 2273 ex
1331 2246 1492 2274 bibliotheca
1513 2244 1662 2281 Augustina
1679 2244 1720 2271 vir
1735 2243 1801 2271 clar.

1022 2290 1104 2318 David
1132 2289 1310 2318 Hcesehelius.
1337 2290 1463 2318 Continet
1495 2291 1518 2318 is
1547 2294 1646 2326 praeter
1676 2288 1803 2323 opuscula

1022 2336 1142 2371 quaedam
1159 2343 1219 2371 quae
1233 2336 1259 2363 iu
1276 2341 1340 2364 tom.
1354 2336 1375 2363 ll
1392 2337 1489 2371 rejecta
1506 2341 1580 2370 sunt,
1594 2335 1805 2369 Disputationem

1025 2380 1164 2407 Athanasii
1187 2388 1245 2407 cum
1269 2380 1332 2407 Aria
1357 2380 1452 2408 Nictem
1476 2381 1605 2408 habitam.
1631 2379 1805 2414 COnscriptus

1023 2433 1088 2453 vero
1101 2432 1143 2452 est
1159 2425 1192 2452 ab
1205 2425 1318 2453 Andraea
1333 2426 1471 2454 Dermario
1486 2427 1630 2461 Epidaurio
1643 2433 1713 2452 anno
1725 2425 1804 2454 1584.

1024 2470 1154 2499 Venetiis.
1178 2470 1212 2497 Et
1229 2472 1286 2498 htcc
1311 2471 1417 2506 quidem
1435 2472 1469 2499 de
1484 2471 1632 2504 codicibus,
1657 2470 1755 2505 quibus
1778 2469 1805 2496 in

1024 2517 1110 2552 primo
1129 2523 1200 2545 tomo
1223 2517 1264 2544 usi
1284 2525 1388 2545 sumus.
1410 2516 1477 2546 Nam
1497 2517 1530 2544 ad
1551 2517 1700 2544 secundum
1725 2516 1806 2542 ador-

1024 2564 1141 2590 nandum
1162 2571 1229 2598 pene
1248 2564 1312 2591 solis
1326 2563 1463 2591 codicibus
1479 2562 1607 2591 biblioth.,
1619 2561 1706 2588 Palat.
1721 2561 1806 2596 adiuti

1024 2616 1128 2641 sumus,
1142 2614 1253 2643 excepto
1272 2616 1324 2636 uno
1340 2613 1421 2644 atque
1438 2608 1533 2640 altero,
1549 2608 1593 2643 qui
1615 2615 1646 2635 ex
1664 2606 1748 2634 Gallia
1773 2607 1809 2633 ad

1024 2662 1074 2683 nos
1090 2655 1186 2690 perlati
1204 2658 1327 2688 ruerunt,
1336 2656 1368 2682 de
1382 2655 1479 2690 quibus
1495 2655 1648 2682 monuimus
1664 2654 1743 2681 initio
1760 2661 1807 2680 cu-

1022 2702 1118 2737 jusque
1130 2702 1260 2737 opusculi,
1273 2706 1300 2728 et
1314 2701 1340 2728 in
1356 2701 1438 2728 variis
1453 2700 1622 2728 lectionibus.

1060 2749 1203 2779 Caeterum,
1226 2748 1288 2782 quia
1304 2747 1330 2774 in
1354 2751 1392 2774 tot
1416 2747 1554 2774 codicibus
1570 2754 1635 2773 mss.
1649 2747 1735 2782 major
1750 2751 1810 2773 erat

1026 2794 1143 2820 varietas
1158 2793 1345 2827 scriptionum,
1359 2799 1440 2826 quam
1455 2796 1484 2818 ut
1505 2799 1558 2817 una
1579 2796 1705 2826 perpetua
1726 2791 1806 2818 lectio

1027 2838 1175 2867 indubitata
1192 2838 1253 2865 inde
1268 2839 1325 2864 crui
1342 2843 1450 2872 posset,
1471 2844 1505 2864 ne
1527 2837 1568 2864 vel
1592 2837 1745 2872 reipubliczc
1764 2843 1814 2862 (ψη.

1028 2886 1194 2919 εἰεδὶιιδιὶρειτ,
1219 2885 1257 2913 vel
1276 2885 1338 2917 tuis.
1365 2885 1484 2921 quisquis
1500 2893 1544 2919 es,
1571 2885 1613 2920 pie
1636 2885 1733 2916 lector,
1754 2891 1817 2920 prb.
