2000 3045
231 172 294 198 Iuv

906 173 1169 202 PROLEGOMENA.

231 227 302 255 vatis
320 227 415 256 studiis
436 228 605 262 deessemus,
626 231 715 258 varias
741 231 869 259 lectiones
888 233 1009 259 codicum
1024 235 1048 263 Α
1062 232 1248 260 tantummodo
1263 231 1402 260 Athanasii
1418 230 1522 260 Latinis
1540 232 1701 260 editionibus
1719 236 1834 259 exstant.

230 272 385 302 Graecorum
402 282 454 302 non
473 280 576 302 tantum
593 276 764 311 scrupulose,
779 278 826 304 sed
845 285 914 312 pene
927 279 1008 305 etiam

230 321 414 354 superstitiose
428 322 548 349 adnotari
564 329 624 349 cum
640 322 735 358 elogiis
751 323 902 357 Athanasii,
919 331 950 351 ac
967 331 1009 351 re-

229 365 319 400 liquiis
338 371 366 394 et
389 366 543 401 fragmentis
566 368 701 402 ejusdem,
726 369 796 396 inter
823 369 1007 397 excudendum

229 411 333 439 diverso
351 417 469 446 tempore
483 414 596 448 repertis
609 413 744 450 conjungi,
763 415 895 450 tituloque
908 423 1006 450 appenu

228 457 294 485 dicis
305 457 384 484 simul
398 458 438 485 edi
455 459 617 486 curavimus.

261 524 323 552 Hac
337 524 369 552 de
388 525 498 552 materia
513 526 673 559 scriptorum
692 526 950 555 Athanasianorum.
965 527 1007 555 Ad

226 569 427 605 dispositionem
462 572 533 606 quod
561 573 672 606 attinet,
706 573 942 601 animadvertimus
974 582 1007 601 ex

225 617 331 644 schedis
351 616 571 645 Commelinianis
590 619 705 646 voluisse
729 619 804 646 illum
827 625 889 647 ante
918 620 1006 647 omnia

224 663 357 689 excudere
372 669 403 690 ea
418 670 478 697 quat
495 663 616 692 Nannius
635 665 759 692 vertisset
781 672 808 693 et
826 665 941 693 antehac
956 666 1007 692 La-

224 708 278 736 tine
295 709 434 736 edidisset.
457 709 484 736 ld
504 709 586 743 igitur
610 711 715 738 consilii
747 711 826 738 etiam
849 719 898 739 nos
922 712 1005 738 secuti

222 760 326 786 sumus,
348 760 374 782 et
389 756 414 782 in
438 756 555 790 primum
573 759 674 782 tomum
696 757 787 784 omnia
809 764 839 784 ea
856 765 915 792 qua:
934 756 1006 784 Nan-

222 798 283 825 nius
300 804 485 832 converterat,
509 800 684 834 conjecimus,
710 800 763 828 alio
787 805 876 829 tamen
900 802 1003 829 ordine.

221 843 289 872 Nam
303 846 336 872 ab
350 846 443 873 ordine
457 845 597 873 Nanniano
617 846 706 882 (quem
724 851 785 881 post
801 847 884 882 ipsius
907 846 1003 873 Nannii

220 890 404 925 prmfationem
428 892 519 919 videre
545 892 646 927 poteris
665 892 687 920 si
714 891 796 928 voles)
823 892 1002 920 Commelinus
1019 905 1041 933 η

222 937 379 971 tempestive
395 938 567 966 discesserat.
583 937 647 972 Ejus
671 938 753 973 igitur
774 939 905 974 vestigiis,
919 946 1003 973 quan-

220 985 276 1009 tum
294 983 402 1017 quidem
421 990 452 1011 ea
468 984 670 1018 deprehendere
687 984 773 1015 licuit.
787 985 952 1017 insistentes,
976 985 1003 1012 in

219 1029 308 1062 primo
321 1033 393 1056 tomo
408 1029 522 1064 primum
539 1030 679 1062 elenctica,
690 1030 786 1057 deinde
803 1031 940 1063 ltistorica,
956 1037 1002 1057 va-

219 1073 267 1100 riis
285 1073 412 1109 apologiis
425 1079 453 1102 et
469 1075 590 1109 epistolis
604 1075 810 1109 comprehensa,
828 1083 890 1103 mox
910 1082 1004 1110 exege-

221 1119 273 1146 tica
287 1120 344 1148 sive
368 1121 609 1148 commentationes
631 1121 656 1148 in
682 1121 809 1149 nonnulla
829 1129 913 1149 sacrae
930 1122 1002 1149 Scri-

219 1170 305 1200 pturte
328 1167 409 1199 dicta,
430 1167 526 1194 deinde
544 1167 692 1195 homilitica
716 1168 772 1195 sive
788 1168 931 1195 conciones
952 1175 1001 1202 po-

219 1212 327 1246 pulares
346 1213 495 1248 posuimus.
509 1213 537 1240 In
554 1213 690 1242 elencticis
704 1214 823 1249 quidem,
839 1215 925 1249 primo
943 1214 1001 1242 loco

220 1264 280 1292 quae
294 1262 386 1285 contra
411 1262 513 1292 gentes,
535 1258 619 1285 altero
644 1265 704 1292 qum
727 1263 820 1286 contra
843 1257 956 1285 Arianos
975 1263 1002 1286 cl.

219 1311 313 1331 eorum
328 1304 482 1339 complices,
500 1305 578 1332 tertio
595 1313 654 1340 quae
671 1309 764 1332 contra
780 1304 997 1339 Apollinaristas,

223 1347 390 1377 Sabelliauos
414 1353 440 1376 et
455 1348 701 1382 Samosatcnianos,
716 1354 812 1383 quarto
824 1353 852 1376 et
867 1353 1000 1384 postremo

221 1401 280 1430 qua!
300 1399 393 1422 contra
416 1402 510 1422 omnes
527 1395 643 1422 haereses
667 1395 830 1422 Athanasius
855 1394 1000 1428 scripserat

219 1443 348 1472 coliocata
364 1444 509 1473 voluimus.
525 1444 576 1472 Sed
594 1445 665 1473 hunc
680 1445 801 1472 ordinem
820 1452 909 1480 opera:
925 1451 1000 1481 typo-

217 1489 351 1524 graphice:
379 1490 462 1517 semel
488 1494 569 1525 atque
594 1491 691 1517 iterum
724 1490 944 1525 interruperunt,
972 1495 999 1518 et

216 1535 364 1563 orationem
377 1535 516 1563 Athanasii
532 1540 624 1563 contra
638 1543 732 1563 omnes
751 1535 880 1569 haereses,
895 1543 927 1564 ac
941 1544 999 1572 pro-

217 1580 386 1608 testationem
413 1582 557 1608 secundam
585 1581 673 1616 populi
698 1581 874 1609 Alexandrini
896 1589 911 1609 a
941 1578 1031 1610 suisC

215 1625 282 1653 locis
295 1626 412 1654 divulsas
430 1627 462 1654 ad
478 1633 629 1654 extremum
643 1628 722 1662 primi
741 1628 805 1654 tomi
825 1627 974 1661 rejecerunt
988 1638 995 1656 :

216 1672 243 1700 in
256 1673 372 1700 secundo
388 1679 470 1705 torno,
483 1680 563 1708 quem
580 1674 700 1701 ordinem
717 1674 923 1706 servaverimus,
941 1675 997 1709 ipse

215 1717 343 1747 librorum
358 1719 507 1752 catalogus,
523 1719 607 1746 altera
625 1724 684 1754 post
700 1719 806 1746 titulum
828 1719 923 1754 pagina
939 1720 991 1746 col-

213 1763 326 1798 locatus,
342 1765 408 1792 satis
425 1772 559 1800 superque
572 1765 705 1793 ostendet.

249 1821 350 1853 Porro,
377 1822 399 1849 si
427 1829 495 1856 quos
521 1822 613 1849 titulos
645 1822 672 1848 in
699 1821 819 1856 catalogo
847 1821 994 1849 editionum

215 1865 415 1898 Nannianarum
433 1867 552 1901 priorum
573 1871 712 1895 exstantes
726 1867 770 1894 hic
783 1875 835 1894 non
851 1866 994 1901 repereris,

214 1920 248 1939 ne
268 1917 294 1939 te
314 1913 340 1939 id
363 1918 478 1940 moveat.
503 1912 573 1940 Nihil
596 1913 745 1945 omisimus,
768 1913 814 1940 sed
840 1921 870 1940 ea
891 1917 994 1939 tantum

214 1966 273 1993 quae
287 1966 335 1993 per
353 1958 487 1985 inscitiam
501 1963 581 1986 antea
602 1966 651 1994 pro
666 1959 847 1993 peculiaribus
866 1958 952 1991 libris,
968 1963 996 1986 et

214 2003 263 2031 sub
290 2003 468 2038 peculiaribus
491 2004 577 2032 titulis
602 2005 711 2032 vendita
731 2010 825 2038 erant,
850 2013 910 2032 cum
941 2012 993 2032 non

212 2049 264 2077 nisi
281 2050 395 2080 aliorum
421 2050 550 2078 librorum
567 2051 622 2086 jam
639 2055 718 2078 antea
740 2051 767 2077 in
792 2051 842 2079 hoc
860 2051 995 2078 volumine

213 2102 371 2125 excusorum
392 2095 541 2132 fragmenta
561 2100 668 2128 essent,
693 2096 852 2124 sustulimus
870 2105 877 2123 :
902 2103 934 2122 ne
953 2096 994 2124 bis

212 2143 305 2169 eadem
328 2141 428 2169 frustra
455 2141 497 2169 vel
523 2142 737 2176 exprimerentur
754 2146 781 2169 et
803 2142 992 2174 venderentur,

212 2186 254 2214 vel
275 2191 430 2214 emerentur
450 2190 477 2214 et
500 2186 663 2222 legerentur.
690 2186 774 2220 Hujus
791 2186 898 2222 generis
915 2191 994 2213 erant

1059 278 1098 305 Ac
1123 278 1240 312 primum
1263 276 1371 312 quidem
1394 283 1436 306 est
1459 277 1640 313 fragmentum
1667 277 1791 311 Epistolis
1806 278 1838 304 de

1059 322 1158 358 synodo
1174 321 1295 356 Nicena,
1309 327 1339 350 ut
1357 322 1447 350 videre
1462 326 1502 350 est
1521 330 1548 357 p.
1560 323 1594 350 50
1607 322 1670 349 tonii
1684 322 1702 349 l.
1718 322 1837 350 Alterum

1058 376 1123 396 vero
1139 373 1179 396 est
1195 369 1371 404 fragmentum
1388 369 1503 397 bomiliae
1514 369 1553 396 De
1574 371 1704 404 passione,
1720 374 1750 397 ut
1766 374 1838 404 patet

1058 423 1091 443 ex
1113 420 1173 442 tom.
1188 416 1208 447 l,
1226 423 1285 450 pag.
1299 415 1360 443 790.
1383 415 1505 444 Tertium
1527 416 1642 450 denique
1659 416 1836 450 fragmentum

1057 465 1098 488 est
1111 461 1242 488 orationis
1254 462 1353 496 quinta:
1366 468 1456 488 contra
1470 462 1592 493 Arianos,
1605 467 1634 489 ut
1651 469 1684 489 ex
1701 469 1761 497 pag.
1773 461 1835 494 521,

1057 514 1128 534 vers.
1141 507 1188 540 24,
1204 511 1268 535 tom.
1281 508 1307 540 l,
1325 507 1495 536 manifestum
1511 508 1609 535 evadit.
1631 507 1743 535 Unicum
1760 507 1836 541 λόγον

1059 553 1190 588 σύντομον
1210 553 1255 587 qui
1284 553 1374 580 itidem
1395 558 1436 581 est
1464 554 1641 588 fragmentum
1662 554 1755 588 prima:
1771 561 1835 580 ora-

1056 599 1139 626 tionis
1154 603 1246 626 contra
1265 601 1386 632 Arianos,
1401 604 1430 627 ut
1445 600 1536 628 videre
1550 604 1590 628 est
1606 608 1639 628 ex
1662 604 1727 627 tom.
1740 599 1759 632 Ι,
1775 607 1835 634 pag.

1057 644 1109 672 125
1130 645 1149 672 E
1169 650 1196 672 et
1215 653 1302 680 seqq.,
1324 647 1411 674 denuo
1433 647 1528 673 excudi
1552 647 1623 681 passi
1645 654 1757 674 sumus:
1780 650 1835 673 tum

1055 691 1126 725 quod
1139 691 1219 718 verba
1236 692 1357 726 quaedam
1373 692 1466 720 Graeca
1485 692 1530 720 hic
1545 697 1646 719 mutata
1661 696 1752 719 essent
1767 698 1836 726 prte-

1055 736 1148 764 sertim
1163 737 1196 763 ab
1212 737 1287 764 initio
1309 746 1316 764 :
1340 738 1410 765 unde
1434 738 1543 765 daretur
1564 737 1734 764 existimandi
1757 738 1835 771 copia

1055 782 1125 816 quod
1158 783 1324 811 Athanasius
1346 783 1403 819 ipse
1434 784 1486 812 hoc
1514 783 1699 819 compendium
1726 790 1834 810 suarum

1054 827 1088 855 de
1107 828 1205 855 deitate
1227 829 1327 856 Christi
1357 829 1618 856 demonstrationum
1641 836 1759 856 seorsum
1785 835 1834 855 ex-

1054 877 1145 906 stare,
1165 878 1247 908 atque
1268 875 1304 901 ita
1324 874 1349 901 in
1374 879 1519 909 conspectu
1543 881 1603 901 esse
1627 873 1761 901 voluerit:
1779 877 1834 899 tum

1054 921 1124 954 quod
1146 921 1298 949 versionem
1322 922 1391 949 nacti
1416 929 1537 949 essemus
1558 928 1654 948 novam
1680 920 1756 953 cujus
1779 920 1836 947 col-

1053 965 1119 993 latio
1140 973 1201 993 cum
1220 967 1344 994 versione
1372 965 1516 994 Nanniaua
1536 974 1590 994 non
1616 966 1752 993 videretur
1777 964 1835 993 fore

1053 1009 1229 1039 infructuosa.

1087 1089 1140 1116 Sed
1157 1093 1184 1116 et
1199 1089 1263 1116 illud
1274 1089 1353 1122 scito,
1370 1088 1477 1121 Lector,
1491 1089 1516 1116 in
1531 1088 1675 1124 exemplari
1694 1096 1744 1115 ms.
1759 1087 1834 1115 Basi-

1053 1135 1147 1167 liensi,
1174 1135 1247 1170 quod
1282 1135 1387 1162 caeteris
1416 1136 1541 1163 omnibus
1563 1134 1624 1169 jure
1649 1134 1832 1169 praeferimus,

1051 1181 1134 1208 multa
1152 1181 1241 1209 inesse
1259 1189 1319 1216 quae
1334 1189 1420 1216 neque
1443 1181 1582 1208 Athanasii
1605 1180 1710 1207 titulum
1734 1187 1789 1214 prce
1805 1186 1834 1206 se

1052 1226 1148 1259 ferant,
1165 1230 1192 1253 et
1207 1226 1263 1259 jam
1283 1231 1373 1258 antea,
1395 1231 1449 1253 tam
1465 1225 1569 1257 Graece,
1592 1233 1672 1260 quam
1690 1224 1784 1251 Latine
1805 1224 1833 1250 in

1051 1271 1170 1298 Historia
1198 1271 1373 1298 ecclesiastica
1397 1275 1518 1303 exstent,
1544 1276 1624 1304 atque
1643 1270 1705 1296 inde
1723 1269 1833 1296 omnino

1050 1317 1077 1343 in
1094 1317 1173 1344 istum
1187 1317 1305 1344 codicem
1324 1317 1504 1351 transcripta:
1520 1316 1570 1343 ista
1585 1315 1667 1350 igitur
1679 1314 1832 1347 omisimus,

1050 1362 1091 1389 vel
1116 1362 1205 1396 potius
1227 1363 1260 1389 ad
1287 1361 1433 1389 Historiam
1457 1361 1678 1390 ecclesiasticam.
1704 1360 1772 1386 unde
1798 1360 1833 1387 ad

1049 1408 1160 1436 verbum
1185 1408 1319 1442 descripta
1345 1412 1442 1441 erant,
1465 1407 1638 1440 remisimus;
1666 1406 1746 1440 idque
1772 1405 1832 1432 ideo

1049 1461 1097 1481 nos
1120 1453 1219 1481 fecisse
1237 1454 1397 1486 indicamus,
1418 1461 1451 1481 ne
1467 1453 1528 1488 quis
1545 1453 1625 1485 forte,
1641 1453 1686 1488 qui
1712 1453 1830 1480 codicem

1048 1500 1222 1528 Basiliensem
1240 1501 1387 1535 aliquando
1411 1501 1525 1532 viderit,
1549 1505 1670 1527 nostram
1690 1499 1759 1526 hanc
1775 1498 1831 1526 edi-

1048 1545 1148 1572 tionem
1162 1545 1283 1573 mutilam
1298 1553 1359 1574 esse
1380 1546 1512 1581 suspicari
1534 1546 1628 1580 possit.
1643 1545 1728 1578 Quam
1743 1544 1832 1578 suspi-

1048 1592 1152 1619 cionem
1172 1597 1201 1619 ut
1222 1592 1395 1624 evitaremus,
1418 1599 1584 1626 qumcunque
1610 1599 1722 1625 usquam
1745 1591 1831 1618 Atha-

1047 1638 1115 1665 nasii
1140 1639 1247 1665 nomine
1271 1638 1407 1672 divulgata
1426 1645 1486 1665 esse
1509 1639 1750 1672 comperissemus,
1768 1645 1830 1664 cum

1046 1683 1151 1711 cmteris
1165 1684 1302 1710 Athanasii
1323 1683 1410 1716 libris,
1432 1684 1492 1711 sine
1514 1685 1586 1712 omni
1604 1683 1646 1711 vel
1662 1683 1828 1710 detractione

1045 1730 1088 1757 vel
1102 1729 1252 1762 adjectione
1266 1729 1466 1763 conjunximus,
1482 1729 1533 1756 etsi
1549 1734 1652 1757 certum
1668 1730 1746 1756 nobis
1759 1732 1830 1756 esset

1045 1775 1129 1801 multa
1149 1781 1181 1801 ex
1199 1774 1250 1801 illis
1272 1781 1332 1801 esse
1355 1775 1543 1808 supposititia;
1568 1775 1637 1809 quod
1660 1780 1686 1802 et
1710 1775 1830 1802 Nannius

1046 1820 1156 1852 fatetur,
1170 1824 1198 1847 et
1212 1827 1272 1847 cttm
1293 1820 1352 1855 ipso
1368 1820 1527 1847 fatebuntur
1548 1827 1652 1852 omnes,
1675 1821 1829 1854 quicunque

1045 1866 1078 1893 ad
1102 1867 1172 1894 hanc
1192 1866 1333 1894 lectionem
1348 1871 1375 1893 et
1389 1867 1508 1894 scientia
1523 1870 1551 1894 et
1572 1867 1745 1893 conscientia:
1761 1873 1829 1893 non-

1046 1911 1112 1939 nihil
1126 1912 1274 1939 attulerint.
1291 1911 1345 1938 Nec
1359 1912 1430 1939 enim
1449 1912 1552 1939 felicior
1571 1912 1622 1939 hac
1642 1912 1668 1938 in
1684 1916 1760 1946 parte
1776 1919 1829 1939 caa-

1046 1959 1110 1985 teris
1127 1957 1254 1985 Patribus
1271 1957 1321 1984 fuit
1336 1957 1500 1985 Athanasius
1515 1966 1521 1984 :
1541 1965 1653 1991 quorum
1673 1957 1762 1984 nullas
1777 1964 1828 1984 un-

1045 2008 1125 2037 quam
1148 2003 1264 2035 claruit,
1289 2004 1333 2032 cui
1362 2004 1413 2030 ista
1439 2003 1669 2038 supposititiorum
1696 2002 1826 2029 librorum

1045 2049 1141 2083 injuria
1158 2049 1229 2076 illata
1245 2057 1298 2076 non
1315 2054 1397 2077 esset.
1420 2048 1484 2082 Quae
1505 2053 1594 2075 autem
1609 2048 1636 2075 in
1658 2048 1701 2075 his
1723 2047 1826 2075 duobus

1045 2094 1226 2122 voluminibus
1243 2096 1359 2130 genuina
1370 2095 1512 2122 Athanasii
1526 2095 1626 2128 scripta
1641 2094 1704 2126 sint,
1715 2094 1756 2120 vel
1773 2101 1826 2121 non

1044 2141 1109 2172 sint,
1124 2141 1254 2175 theologis
1267 2141 1454 2168 aestimandum
1479 2140 1666 2175 relinquimus.
1678 2138 1732 2166 Nos
1747 2139 1826 2167 nullis

1044 2187 1159 2221 partittm
1173 2187 1269 2214 studiis
1291 2187 1410 2222 impliciti
1425 2191 1544 2214 nostrum
1561 2187 1586 2212 in
1602 2186 1724 2213 faciendo
1738 2186 1825 2213 oliicio

211 2231 370 2266 opusculum
386 2232 424 2259 De
449 2232 587 2264 doctrina,
608 2231 786 2267 fragmentum
805 2231 844 2258 De
862 2232 990 2266 passione,
1007 2244 1029 2272 ι)
1043 2237 1137 2259 nostro
1159 2233 1352 2266 typographico
1375 2232 1518 2260 candorem
1540 2233 1666 2260 universo
1689 2232 1822 2260 Christia-

210 2282 238 2305 et
252 2277 401 2304 Declaratio
415 2277 542 2310 Leoitici,
564 2278 596 2304 de
622 2277 728 2304 diversa
747 2277 866 2311 ejusdem
887 2277 924 2304 rei
945 2284 992 2304 no-

210 2323 397 2357 menclatura;
415 2330 528 2358 quorum
546 2327 637 2350 tamen
651 2322 702 2350 alia
718 2323 745 2350 in
762 2322 822 2350 aliis
835 2327 916 2357 atque
933 2322 993 2350 aliis

1044 2285 1139 2304 lorum
1164 2277 1261 2312 populo
1282 2278 1423 2313 probatum
1438 2285 1498 2307 esse
1512 2278 1645 2314 cupimus,
1666 2282 1693 2305 et
1715 2278 1752 2305 ita
1767 2277 1827 2307 fore

1044 2322 1213 2351 confidimus.
1229 2323 1260 2351 V.

289 2418 328 2448 Et
344 2416 382 2447 ad
402 2415 539 2447 frontem
555 2414 715 2446 variarum
734 2415 918 2451 lectionum,
935 2415 1001 2446 haec
1015 2415 1142 2446 adnotat
1158 2415 1271 2445 Petrus
1285 2414 1523 2446 Felckmannus
1539 2414 1722 2446 Coroneaus.

500 2512 541 2538 Ad
559 2511 701 2539 Lectorem.

246 2559 282 2586 De
297 2559 436 2586 codicibus
461 2558 559 2593 quibus
582 2558 608 2584 in
633 2557 788 2585 adornanda
807 2558 858 2585 hac
873 2557 989 2592 Operam

209 2603 395 2630 D.Athanasii
421 2603 538 2630 editione
562 2602 602 2630 usi
631 2610 740 2635 sumus,
767 2602 832 2629 satis
856 2610 990 2636 superque

209 2650 332 2684 sulerius
346 2650 370 2676 in
390 2649 548 2684 praefatione
572 2653 642 2676 tonio
658 2647 666 2674 l
683 2648 844 2676 monuimus.
861 2647 918 2675 Hoc
936 2648 989 2675 sal-

210 2701 262 2723 tem
286 2703 356 2722 nunc
370 2701 463 2728 restat,
479 2701 508 2723 nt
521 2704 599 2730 quem
613 2696 733 2722 codicum
751 2694 854 2722 illorum
875 2701 988 2729 qumque

209 2741 298 2767 littera
313 2749 327 2767 a
342 2746 416 2776 tergo
432 2744 514 2769 varia:
527 2742 649 2769 lectionis
668 2742 752 2777 posita
769 2742 864 2775 signet,
882 2741 925 2768 hic
941 2749 987 2767 ex-

210 2793 350 2820 pOnamus.
378 2787 422 2814 Sic
452 2788 533 2821 igitur
562 2788 656 2821 accipe
678 2797 685 2814 :
705 2786 725 2813 Β
747 2788 834 2821 signat
866 2787 984 2813 codicem

207 2832 392 2869 Basiliensem,
412 2833 435 2861 Α
459 2833 635 2869 Anglicanam
652 2834 710 2862 sive
726 2833 985 2869 Cantabrigiensem,

1046 2509 1067 2537 G
1089 2509 1295 2543 Goblertannm,
1318 2511 1327 2538 l
1348 2512 1464 2546 primum
1492 2518 1654 2547 anonymum
1680 2515 1707 2538 et
1726 2511 1824 2538 incerti

1041 2556 1172 2588 dominii,
1198 2557 1224 2584 in
1255 2557 1349 2584 ordine
1375 2558 1441 2585 alias
1462 2562 1608 2592 quartum;
1631 2556 1652 2583 ll
1676 2557 1821 2584 secundum

1041 2609 1215 2637 attonymttm,
1229 2604 1275 2630 sed
1292 2603 1317 2630 in
1330 2604 1425 2630 ordine
1438 2603 1579 2637 quintum;
1594 2602 1627 2630 ΙΙΙ
1641 2603 1748 2630 tertium
1764 2602 1822 2629 sive

1040 2653 1161 2680 sextum;
1177 2648 1210 2675 ιν
1223 2650 1382 2683 septimum;
1399 2649 1420 2676 V
1432 2654 1567 2682 octavum,
1583 2653 1608 2676 et
1622 2648 1661 2675 sic
1676 2647 1820 2680 deinceps:

1040 2693 1086 2720 AV
1100 2695 1215 2728 denique
1229 2695 1351 2722 ultimum
1368 2696 1426 2723 sive
1437 2695 1625 2730 Augustinum.
1638 2695 1677 2721 Ad
1687 2695 1742 2721 haec
1753 2693 1799 2720 Fr.
1811 2693 1822 2720 Ι

1040 2737 1119 2764 amici
1156 2746 1252 2766 nomen
1287 2744 1350 2772 est,
1382 2740 1427 2774 qui
1460 2740 1589 2773 quasdam
1622 2739 1821 2766 observationes

1040 2785 1117 2811 ttohis
1136 2785 1342 2814 communicavit
1356 2794 1362 2812 :
1377 2790 1403 2813 at
1416 2785 1462 2818 Fr.
1474 2785 1503 2813 ι).
1516 2785 1680 2815 Frontonem
1697 2784 1822 2817 Dacicum

1040 2831 1130 2870 signat
