2000 3045
746 171 998 201 ΡΒΕΕΑΤΙΟΝΕε
1018 173 1186 203 VETERES.

1730 183 1781 203 λιν

386 280 1771 301 _—-—_—_———____—

383 391 729 451 VETEBUM
768 392 1161 455 ATHANASII
1201 398 1575 458 EDITOBUM

730 549 1214 596 PBIELIMINARIA.

408 668 455 700 (Ex
465 668 496 693 D.
510 667 627 693 Bernardi
639 674 670 693 oe
687 667 839 693 Hoatfaucon
855 666 996 701 collectione
1007 674 1067 694 nova
1078 672 1182 696 veterum
1191 669 1294 695 Patrum
1305 671 1452 701 Grecorum,
1464 673 1482 696 t.
1493 670 1538 703 II.)

158 884 160 887 τ
200 851 340 893 Morinos.
354 865 389 875 —-
403 853 546 893 pum/mw
560 855 686 893 cadentia
702 865 773 884 nocte
796 855 950 884 Collectiom
965 858 1147 885 insudaremus
1159 878 1166 890 ,
1187 867 1201 885 e
1223 866 1250 885 re
1262 867 1344 886 mum
1357 863 1395 886 est
1412 859 1468 893 fore
1493 864 1521 886 ut
1543 859 1622 886 etiam
1636 860 1776 887 vetustissi-

166 895 270 929 morum
287 889 425 915 Athanasii
441 890 571 929 editorum
587 891 778 929 prmlintinaria
792 893 1002 924 adnecteremus;
1016 901 1074 927 qua:
1087 901 1150 920 sane
1168 901 1226 920 cum
1247 899 1392 920 memoratu
1401 889 1481 928 digna
1501 903 1552 921 non
1568 902 1654 929 pauca
1667 896 1777 927 comple-

168 927 282 953 ctantur.
295 932 341 950 nec
357 929 458 963 nigram
479 925 578 963 lectori,
600 934 644 952 nec
654 927 826 963 jgtl’ructuom
841 933 915 953 erunt
929 934 938 952 :
954 925 1146 954 cummaxime
1159 928 1283 955 editiones
1296 929 1350 955 illa:
1362 925 1477 963 perraro:
1501 925 1599 961 sint,'et
1613 931 1655 956 vis;
1677 925 1777 963 uspiam

167 964 345 999 compareant.
358 958 450 986 Prima
464 961 578 986 omnium
594 967 630 987 est
654 958 867 997 Vicentina,quw
876 963 973 997 prodiit
991 971 1060 990 anno
1078 963 1156 996 1482,
1176 968 1200 990 et
1212 963 1260 990 has
1273 964 1346 991 initio
1362 958 1470 998 'prazfert
1486 958 1618 999 Epistolas
1634 969 1658 991 et
1673 958 1778 999 Pr'wla-

163 993 254 1020 tiones.

199 1144 294 1171 Petrus
315 1143 415 1170 Brutus
432 1142 530 1168 artium
555 1141 659 1174 doctor,
675 1141 820 1178 episcopus
839 1141 942 1170 Catha-
956 1145 980 1174 Α
993 1141 1111 1169 ﬁrmavit
1125 1146 1153 1169 et
1169 1142 1308 1170 stabilivit.
1323 1142 1388 1176 Quae
1411 1150 1454 1170 res
1472 1150 1524 1170 non
1550 1142 1628 1171 latuit
1652 1143 1783 1182 Omnibo-I

165 1191 264 1223 rensis,
275 1189 405 1216 Barnabas
421 1187 537 1216 Celsauo
549 1207 556 1219 ,
574 1187 603 1215 S.
620 1188 650 1216 P.
668 1188 699 1215 D.

198 1235 257 1263 Non
283 1243 325 1262 me
349 1235 415 1269 fugit
432 1239 458 1261 te
475 1239 564 1261 errata
579 1234 728 1269 corrigere,
747 1235 783 1262 mi
795 1234 920 1262 Barnaba
935 1244 943 1263 :

162 1282 185 1310 si
204 1289 255 1316 qua
269 1286 330 1309 sunt
346 1281 556 1309 exscribentium
573 1281 639 1309 vitio
657 1281 843 1316 imperitorum
861 1281 943 1309 divini

161 1329 252 1364 operis
264 1329 391 1355 adversus
403 1328 517 1362 gentiles
533 1328 673 1355 Athanasii
687 1328 829 1362 scriptoris
842 1328 943 1355 doctis-

164 1375 224 1403 simi
245 1375 334 1410 :quod
346 1375 506 1409 jampridem
524 1382 621 1409 magna
649 1374 836 1401 lucubratione
859 1379 885 1401 ct
900 1374 942 1400 in-

164 1422 267 1450 dustria
289 1429 321 1448 ex
334 1420 429 1448 Graeco
448 1421 474 1447 in
489 1420 614 1448 Latinum
636 1420 753 1447 traduxit
765 1420 889 1447 omnibus
902 1420 944 1446 vir

161 1467 268 1501 quidem
285 1473 316 1493 ex
334 1466 407 1492 omni
433 1470 509 1500 parte
529 1464 616 1492 bonus
642 1470 723 1499 atque
745 1464 849 1491 dicendi
873 1463 943 1498 peri-

159 1516 214 1539 tus.
240 1511 316 1545 Quod
330 1511 440 1543 laboris,
458 1511 525 1538 mihi
541 1510 639 1542 crede,
659 1510 783 1544 religioni
799 1515 901 1538 nostra:
917 1515 944 1538 et

162 1557 225 1585 ﬁdei
241 1557 354 1584 multum
368 1555 487 1584 conferet
505 1565 511 1582 :
529 1556 634 1590 eritque
649 1555 802 1590 legentibus
813 1561 839 1583 et
854 1556 944 1583 curio-

161 1604 200 1631 sis
220 1603 286 1630 utile
311 1609 344 1629 eo
371 1602 574 1636 perjocundum.
598 1600 654 1636 Ego
682 1601 753 1627 enim
778 1600 824 1636 qui
845 1600 941 1628 librum

159 1649 322 1685 quandoque
337 1648 469 1680 lectitavi,
485 1647 551 1675 mihi
575 1654 628 1674 non
647 1654 743 1681 parum
766 1646 942 1674 emolumenti

159 1695 263 1730 excepi.
281 1694 370 1728 Quare
382 1694 428 1722 tibi
453 1693 554 1728 gratias
573 1701 623 1728 ago
636 1692 761 1720 ethabeo
774 1713 782 1725 ,
808 1692 878 1727 quod
895 1697 941 1719 tuo

159 1740 261 1772 labore,
279 1740 367 1767 studio
384 1744 466 1774 atque
479 1746 562 1774 opera
579 1738 629 1773 legi
648 1737 742 1772 possit.
763 1737 849 1772 Perge
861 1738 943 1772 igitur

159 1791 190 1813 ut
205 1785 322 1820 cmpisti,
335 1790 362 1812 et
373 1789 398 1812 te
412 1785 464 1812 hac
479 1787 601 1818 suscepta
627 1783 764 1818 provincia
785 1782 943 1811 mortalibus

997 1195 1061 1214 num
1078 1188 1217 1216 doctorem
1235 1192 1308 1216 tuum
1324 1198 1331 1216 :
1348 1188 1424 1222 cujus
1449 1189 1652 1217 beneolentibus
1668 1190 1783 1229 floribus

995 1237 1076 1268 atque
1090 1234 1212 1261 doctrina
1228 1238 1254 1262 te
1268 1235 1366 1262 mirum
1381 1236 1406 1262 iu
1433 1236 1540 1263 modum
1558 1237 1726 1270 perornasti;
1753 1241 1781 1264 et

994 1280 1061 1307 adeo
1080 1280 1233 1313 perornasti
1247 1301 1253 1313 ,
1280 1284 1309 1307 ut
1325 1285 1351 1307 te
1367 1287 1462 1309 omnes
1486 1281 1530 1316 qui
1551 1281 1648 1309 virtute
1674 1282 1783 1319 praediti

994 1329 1066 1357 sunt,
1078 1325 1166 1352 virum
1179 1326 1289 1358 bonum,
1305 1325 1411 1352 doctum
1424 1330 1504 1361 atque
1519 1327 1633 1360 peritum
1648 1326 1778 1361 judicent,

994 1371 1083 1399 dicant
1101 1376 1128 1400 et
1152 1371 1295 1400 affirmem.
1320 1373 1399 1401 Novit
1424 1374 1480 1409 ipse
1502 1375 1643 1402 hominum
1674 1380 1779 1403 mentes

993 1416 1250 1450 quamplurimorum
1261 1418 1368 1452 sacpius,
1382 1419 1486 1446 curiosa
1499 1420 1614 1454 quadam
1622 1421 1783 1455 cupiditate,‘

994 1462 1085 1490 divina
1104 1464 1274 1497 percontari,
1302 1469 1329 1492 et
1346 1465 1468 1492 dubitare
1481 1465 1625 1500 aliquando
1637 1464 1707 1501 quod
1720 1474 1780 1495 cer-

996 1512 1051 1535 tum
1068 1512 1110 1535 est
1129 1517 1135 1535 :
1153 1516 1212 1544 qua:
1228 1516 1273 1536 res
1286 1515 1415 1544 quantum
1433 1511 1494 1538 mali
1520 1512 1673 1540 hominibus
1696 1512 1783 1540 iuter-'

995 1553 1057 1581 dum
1070 1553 1159 1581 aﬁ'erri
1177 1555 1261 1590 possit
1281 1555 1362 1582 corde
1382 1556 1506 1583 volutans
1522 1562 1548 1584 et
1562 1558 1689 1585 memoria
1705 1566 1780 1593 repe-

995 1603 1064 1631 tens,
1077 1599 1216 1626 Athanasii
1235 1600 1332 1628 litteris
1346 1601 1448 1628 Graecis
1466 1602 1597 1636 scriptum
1615 1602 1640 1629 in
1654 1590 1783 1630 Latinum.

995 1644 1074 1671 edere
1087 1645 1206 1671 animum
1222 1645 1349 1674 induxit:
1369 1654 1418 1673 nec
1433 1647 1520 1681 potuit
1535 1647 1576 1673 vir
1594 1647 1710 1681 optimus
1722 1648 1780 1681 ipse

996 1691 1094 1718 addere
1111 1691 1182 1724 quod
1197 1692 1319 1725 optabat,
1335 1692 1457 1719 minuere
1470 1693 1540 1727 quod
1554 1693 1666 1724 volebat,
1692 1697 1780 1721 morte

994 1740 1154 1769 correptus:
1169 1743 1221 1762 non
1247 1744 1313 1763 sane
1327 1741 1357 1763 ut
1379 1737 1520 1771 scriptoris
1541 1738 1703 1765 sententiam
1719 1746 1779 1773 per—

995 1781 1135 1813 turbaret,
1149 1782 1195 1809 sed
1215 1786 1245 1808 ut
1258 1782 1328 1816 quod
1342 1781 1437 1808 Graece
1459 1782 1549 1816 dulce,
1565 1783 1658 1810 Latine
1675 1784 1779 1812 dulcius

160 1836 265 1868 gratum
292 1831 393 1859 redde:
410 1830 508 1865 quippe
530 1829 576 1864 qui
596 1836 685 1856 mores
699 1832 758 1855 luos
772 1847 780 1861 ,
806 1828 942 1862 ingenium
959 1822 980 1850 Β
995 1832 1163 1860 personaret.
1182 1827 1277 1854 Nonne
1304 1827 1428 1862 permisit
1444 1828 1495 1855 hoc
1511 1828 1602 1856 Deus?
1618 1829 1706 1857 Voluit
1719 1825 1780 1864 qui-

159 1882 241 1913 atque
256 1878 405 1905 doctrinam
419 1896 426 1909 ,
454 1881 480 1903 et
496 1875 523 1902 in
539 1875 633 1910 primis
654 1874 766 1902 litterati
782 1881 876 1901 omnes
888 1892 896 1906 ,
917 1878 945 1901 et

161 1923 313 1960 approbant
327 1927 355 1951 et
367 1922 578 1958 amplectuntur.
592 1921 649 1948 Non
666 1920 740 1948 enim
768 1926 864 1948 vereor
879 1919 944 1954 quin

160 1971 193 2000 de
208 1971 308 1998 virtute
334 1968 493 1997 benemeriti
519 1975 622 2000 omnes,
640 1966 840 2002 quamprimum
858 1969 884 1993 te
901 1965 943 1993 vi-

159 2024 219 2045 rum
247 2016 432 2044 doctissimum
457 2014 578 2042 codicem
600 2013 748 2048 perlegisse
773 2012 944 2046 acceperint,

160 2069 220 2090 eum
240 2061 292 2088 sibi
308 2060 444 2095 peculiare
457 2066 513 2094 prae
527 2058 651 2086 omnibus
664 2056 783 2085 habituri
809 2057 875 2085 sint.
895 2056 945 2084 De-

159 2107 304 2136 lectabitur
319 2105 440 2141 profecto
461 2104 674 2132 studiosissimus
699 2103 850 2130 litterarum
865 2123 873 2136 ,
896 2102 945 2137 qui

161 2153 195 2181 de
210 2153 263 2180 ﬁde
276 2152 409 2180 catholica
422 2152 491 2179 bene
509 2149 602 2181 sentit.
619 2149 699 2177 modo
712 2156 743 2176 ex
757 2149 809 2176 hcc
827 2148 943 2183 dialogo,

162 2199 243 2227 modo
261 2207 294 2226 ex
311 2197 368 2225 illo.
395 2197 469 2224 Inest
484 2196 554 2224 enim
573 2200 649 2223 tanta
667 2195 809 2222 verborum
831 2194 944 2222 concin-

162 2246 233 2274 nitas
248 2264 256 2278 ,
273 2249 403 2279 tantaque
417 2242 523 2270 dicendi
546 2242 623 2276 copia
646 2248 707 2269 cum
723 2241 853 2276 gravitate
877 2247 941 2267 con-

160 2291 261 2326 iuncta,
275 2294 305 2318 ut
317 2289 437 2317 divinum
450 2295 517 2322 opus
529 2288 648 2321 quidem,
664 2293 691 2315 et
702 2287 728 2314 in
751 2293 815 2314 arce
828 2287 891 2322 poni
904 2286 945 2314 di-

164 2345 266 2374 gnum,
281 2335 359 2371 quasi
380 2335 498 2362 Minerva
525 2334 570 2360 illa
597 2332 691 2360 Phidia
720 2333 818 2360 merito
841 2332 893 2360 dici
917 2337 945 2360 et

163 2381 289 2410 aiﬁrmari
307 2379 400 2415 possit.
417 2378 535 2406 Mirabar
560 2378 685 2412 equidem
700 2397 707 2408 .
723 2377 764 2404 vir
779 2377 943 2410 doctissime,

163 2436 223 2456 cum
239 2435 292 2454 non
315 2427 469 2462 ignorarem
490 2424 640 2459 priscorum
656 2428 809 2450 nostrorum
826 2422 944 2458 permul-

163 2479 205 2503 tos
217 2475 324 2501 codices
349 2477 375 2500 et
396 2476 536 2506 poetarum
554 2474 582 2498 et
605 2475 741 2497 oratorum
757 2472 801 2495 tua
816 2468 943 2496 emenda-

163 2522 236 2548 tione
257 2520 425 2554 castigatos,
450 2517 472 2545 si
500 2517 612 2544 missum
639 2515 742 2543 faceres
763 2515 814 2543 hoc
839 2519 943 2542 tantum

162 2574 228 2602 opus
245 2575 253 2594 :
273 2566 345 2601 quod
357 2572 409 2592 non
435 2568 540 2592 tantum
556 2562 655 2598 fugatis
676 2561 779 2589 nebulis
796 2561 944 2588 irradiante

162 2613 217 2641 sole
230 2613 346 2639 mundus
361 2611 461 2645 ubique
480 2610 550 2637 lucet
563 2614 644 2643 atque
659 2608 839 2640 discernitur;
857 2615 943 2642 quan<

163 2664 219 2686 tum
233 2657 386 2692 huiusmodi
404 2656 512 2690 scriptis
529 2659 556 2683 et
570 2654 811 2689 disceptationibus
833 2661 882 2688 pro
897 2660 944 2680 ve-

164 2705 244 2731 ritate
260 2703 357 2731 tuenda
375 2702 558 2736 explendescit
570 2701 739 2728 Christianus
751 2706 846 2727 sensus
860 2702 887 2726 et
903 2699 944 2726 in-

164 2751 288 2778 tellectus
304 2749 448 2776 humanus.
472 2746 600 2774 Nutrilur
612 2746 724 2779 veritas,
739 2750 851 2780 augetur
864 2745 942 2777 ﬁdes,

165 2797 289 2830 ratioque
303 2799 437 2827 servatur,
455 2801 558 2822 necnon
582 2793 711 2828 singulari
727 2793 842 2828 quodam
855 2796 882 2819 et
896 2791 943 2818 ad-

168 2842 284 2870 mirabili
302 2843 464 2869 documento
486 2840 554 2867 ritus
576 2845 683 2868 nostros
708 2843 737 2867 et
759 2838 943 2866 institutiones

163 2893 261 2918 contra
286 2888 429 2917 hareticos
441 2886 552 2915 cmleste
571 2887 622 2914 hoc
637 2893 704 2921 opus
720 2890 746 2914 et
762 2885 942 2913 necessarium

995 1875 1054 1902 dem
1068 1879 1148 1909 atque
1164 1874 1286 1902 decrevit
1297 1884 1303 1902 :
1315 1876 1422 1910 quando
1435 1880 1461 1904 te
1474 1877 1588 1904 alterum
1599 1876 1781 1906 Omnibonum

991 1917 1052 1953 jure
1068 1923 1096 1946 et
1119 1920 1218 1948 merito
1233 1920 1291 1948 haec
1304 1925 1397 1948 nostra
1414 1926 1479 1949 aetas
1495 1921 1593 1949 habeat
1606 1927 1635 1950 et
1658 1928 1779 1950 contem-

994 1966 1093 2002 pletur.
1106 1966 1238 1994 Traduxit
1253 1967 1321 2002 ipse,
1337 1973 1364 1996 tu
1380 1976 1443 1996 vero
1456 1969 1581 2005 corrigis,
1596 1969 1712 2005 castigas
1737 1974 1779 1997 al-

995 2020 1047 2047 que
1063 2013 1191 2040 emendas
1211 2014 1345 2048 :utrique
1367 2014 1447 2042 debet
1461 2023 1513 2042 non
1539 2022 1633 2050 parum
1659 2015 1778 2043 humana

995 2059 1053 2087 haec
1071 2059 1230 2087 mortalitas.
1244 2059 1278 2086 Et
1292 2060 1336 2087 cui
1358 2061 1440 2096 plus?
1456 2061 1516 2089 aliis
1534 2061 1719 2096 relinquamus
1734 2063 1778 2096 ju-

995 2104 1105 2132 dicium.
1124 2104 1250 2133 Attamen
1263 2105 1351 2133 exitus
1367 2111 1425 2133 acta
1452 2107 1548 2142 probat
1563 2107 1603 2142 (ut
1623 2107 1667 2134 ille
1679 2107 1738 2143 ait),
1751 2113 1779 2136 et

995 2149 1056 2177 ﬁnis
1068 2171 1075 2184 ,
1090 2157 1142 2177 nou
1157 2158 1256 2185 pugna,
1284 2157 1408 2180 coronat.
1423 2151 1527 2186 Neque,
1550 2157 1576 2180 te
1588 2160 1662 2187 rogo,
1676 2153 1778 2180 Barna-

994 2195 1038 2228 ba,
1057 2201 1198 2231 exspectes
1221 2201 1250 2224 ut
1280 2197 1432 2232 aliquorum
1446 2199 1633 2226 adhortatione
1647 2203 1675 2226 et
1685 2204 1778 2226 aucto-

995 2241 1077 2268 ritate
1088 2242 1122 2268 ad
1131 2242 1181 2269 hoc
1192 2242 1384 2276 perliciendum
1400 2250 1497 2271 munus
1505 2243 1633 2271 incitatus
1643 2244 1775 2272 videaris:

996 2287 1213 2321 quandoquidem
1231 2288 1367 2323 inceptum
1385 2289 1436 2316 hoc
1451 2295 1466 2315 a
1478 2293 1503 2316 te
1519 2289 1667 2324 perfectum
1683 2289 1716 2317 iri
1732 2295 1776 2318 tua

994 2333 1104 2366 virtute,
1119 2333 1252 2366 bonitate,
1268 2335 1418 2362 constantia
1429 2355 1436 2367 ,
1449 2335 1614 2370 integritate,
1631 2335 1694 2363 boni
1707 2336 1778 2371 judi-

994 2383 1056 2407 cent
1076 2386 1179 2406 omnes.
1193 2378 1300 2407 Fefellit
1316 2387 1433 2414 unquam
1458 2381 1592 2407 neminem
1608 2381 1778 2415 probissimo-

995 2432 1053 2453 rum
1069 2426 1207 2453 hominum
1223 2426 1323 2461 optima
1348 2427 1381 2453 de
1397 2430 1424 2453 te
1438 2426 1530 2462 opinio
1551 2434 1560 2454 :
1577 2427 1647 2462 quod
1674 2427 1777 2461 imprae-

995 2471 1145 2498 sentiarum
1158 2471 1180 2499 si
1194 2471 1300 2506 decepti
1313 2472 1428 2499 fortasse
1439 2472 1604 2505 viderentur,
1622 2479 1654 2500 co
1667 2473 1776 2505 gravius

993 2517 1097 2547 ferrent
1111 2537 1119 2550 ,
1148 2525 1201 2552 quo
1225 2517 1332 2545 facilius
1354 2517 1493 2545 ﬁdeliusve
1510 2518 1562 2545 hoc
1579 2526 1594 2545 a
1620 2522 1646 2545 te
1660 2519 1716 2546 viro
1729 2519 1776 2546 do-

993 2564 1114 2591 ctissime
1131 2564 1190 2591 ﬁeri
1205 2571 1284 2598 posse
1307 2564 1522 2592 arbitrabantur.
1541 2563 1598 2592 Non
1614 2564 1672 2592 haec
1685 2564 1776 2592 scribo

993 2614 1022 2637 ut
1038 2609 1185 2644 prudentia:
1201 2614 1253 2636 tuae
1268 2609 1385 2636 diﬂidam
1396 2629 1403 2641 ,
1427 2609 1470 2636 vel
1483 2609 1547 2644 quid
1570 2609 1618 2636 tibi
1644 2609 1776 2644 agendum

993 2656 1029 2683 sit
1056 2661 1081 2683 te
1111 2654 1205 2690 fugere
1229 2655 1368 2688 dubitem;
1393 2655 1440 2682 sed
1466 2662 1509 2682 me
1538 2659 1656 2682 aeternus
1682 2655 1777 2683 incitat

999 2708 1086 2733 amor,
1105 2701 1229 2736 cogitque
1243 2700 1320 2728 ﬁdes.
1338 2700 1409 2735 Lego
1425 2704 1450 2727 et
1475 2700 1530 2735 ipse
1555 2705 1676 2728 oratores
1704 2705 1774 2734 tuos,

997 2745 1158 2781 quandoque
1170 2745 1229 2780 lego
1242 2749 1270 2772 et
1286 2750 1379 2780 poetas
1392 2745 1473 2772 animi
1487 2752 1566 2773 causa
1579 2755 1585 2773 :
1598 2754 1657 2773 cum
1673 2754 1688 2773 e
1700 2754 1775 2774 com-

997 2792 1072 2820 muni
1088 2791 1178 2820 studio
1193 2795 1285 2818 nostro
1295 2791 1363 2826 juris
1377 2791 1506 2825 pontiﬁcii
1533 2796 1559 2818 et
1582 2799 1718 2819 sacrarum
1733 2791 1776 2819 lit-

999 2843 1116 2866 terarum
1135 2837 1252 2865 lectione
1271 2837 1464 2872 aliquantulum
1489 2845 1532 2865 me
1545 2839 1692 2866 subtraho:
1709 2845 1777 2873 quo-

997 2892 1057 2912 rum
1075 2884 1209 2917 doctrina,
1226 2887 1255 2910 ut
1276 2884 1406 2912 orationis
1423 2884 1584 2912 suavitatem
1600 2885 1732 2915 omittam,
1748 2885 1777 2910 et
