2000 3045
225 139 288 160 ~XLVI

909 133 1175 162 PROLEGOMENA.

227 193 379 222 carminum
397 193 468 221 dulci
493 193 677 221 modulatione
704 194 871 222 currentium
884 214 892 225 ,
909 199 1011 221 tantam
1027 198 1050 224 Α
1065 193 1259 221 humanissime
1275 194 1410 225 Barnaha.
1433 199 1496 230 pcto
1508 203 1522 222 a
1540 200 1565 224 te
1578 198 1700 232 precario
1717 207 1724 226 :
1740 203 1767 226 et
1781 207 1850 234 pra-

228 247 283 275 pra:
308 247 338 266 se
359 239 411 267 fert
428 240 600 275 dignitatem,
616 245 643 267 et
657 241 788 267 rationem
800 240 870 268 bene
886 240 1011 270 vivendi;

227 290 259 313 ut
276 285 382 312 nonnisi
402 294 461 320 qua:
476 286 583 320 ingenio
595 290 676 320 alque
693 287 847 320 cognitione
858 286 937 320 digna
950 290 1013 312 sunt

228 331 256 358 in
280 331 344 366 ipsis
359 331 473 358 inveniri
491 331 606 365 possint.
631 331 684 358 Sed
707 337 796 358 tamen
811 331 877 358 nihil
894 338 1014 358 commo-

229 376 289 404 dius
310 376 514 410 mgritudinibus
539 377 665 404 humanis
680 398 687 408 ,
703 377 771 404 nihil
795 377 894 404 animis
914 376 1013 404 nostris

229 422 435 454 conducibilius,
451 430 531 457 quam
551 424 661 458 scriptis
678 428 837 450 sanctorum
850 423 960 450 Patrum
974 423 1014 450 iu-

229 468 366 500 cumbere,
382 467 495 496 Joannis
518 469 702 505 Chrysostomi
715 489 722 502 ,
737 469 841 501 Basilii,
861 468 1013 499 Athanasii,

227 513 349 548 Gregorii
363 513 540 548 Nazianzeni,
556 515 711 546 Ambrosii,
738 514 904 550 Hieronymi,
923 514 1015 549 Augu-

229 559 293 587 stini
311 564 392 594 atque
405 560 540 594 Gregorii.
554 565 582 587 et
598 561 749 594 hujusmodi
769 561 901 591 omnium,
922 561 967 595 qui
982 561 1014 587 de

200 623 205 628 α
229 606 315 632 sacris
331 606 428 633 litteris
442 606 601 633 benemeriti
622 607 792 634 exstiterunt.
807 606 869 634 Haec
881 612 943 634 sunt
953 614 1015 641 qua:

231 655 332 681 nostris
343 654 492 689 angoribus
504 655 559 682 sola
573 655 712 682 medentur
724 660 751 682 et
762 659 876 687 sanant,
900 655 1013 681 adversa

231 707 284 727 non
300 705 407 730 curant.
423 700 618 734 jocunditatem
637 705 745 735 parant,
763 701 918 728 felicittem
934 704 1016 735 atque

232 745 426 773 beatitudinem
451 745 620 780 pollicentur.
636 746 677 773 Ad
692 746 749 774 haec
772 746 856 781 igitur
880 745 1016 775 incumbe.

1066 241 1159 266 sertim
1185 240 1264 274 hujus
1287 241 1371 268 nostri
1389 242 1530 270 Athanasii
1546 244 1634 278 operis
1649 245 1752 279 copiam
1770 247 1850 280 perti-

1065 286 1129 317 cito,
1147 286 1256 313 omissis
1267 287 1390 314 omnibus
1403 288 1480 320 aliis;
1493 293 1521 315 ut
1534 290 1731 325 quamprimum
1757 289 1850 318 haberi

1066 331 1174 365 possit:
1195 339 1228 358 ne
1249 332 1382 359 illustrata
1402 334 1463 360 ﬁdei
1491 335 1606 367 veritas,
1624 343 1704 370 quam
1727 343 1850 364 summus

1067 377 1112 404 ille
1129 377 1215 411 opifex
1238 378 1392 406 hominibus
1404 380 1477 406 dedit
1491 399 1498 412 ,
1516 381 1620 408 incuria
1636 385 1680 408 tua
1698 381 1802 417 longius
1822 383 1849 410 in

1066 423 1174 450 occulto
1186 423 1279 457 jacere
1292 424 1428 452 videatur.
1444 425 1481 453 Da
1500 426 1552 454 hoc
1575 427 1697 455 muneris
1713 432 1758 455 tuo
1769 427 1850 456 Petro

1068 470 1196 504 episcopo
1208 469 1382 503 Catharensi,
1398 471 1431 498 da
1448 471 1595 499 Vicenlinis
1607 474 1732 502 omnibus
1748 479 1775 501 et
1796 482 1848 502 caa-

1068 517 1146 548 teris,
1158 517 1203 550 qui
1226 521 1251 542 te
1268 517 1369 543 virtute
1385 522 1428 544 tua
1452 517 1566 552 diligunt
1583 524 1610 545 et
1621 519 1776 547 observant.
1792 519 1850 548 Hoc

1067 567 1196 596 exspecto
1210 582 1217 594 ,
1234 562 1285 590 hoc
1300 563 1360 590 volo
1377 573 1383 590 :
1402 564 1447 598 qui
1477 565 1498 591 si
1517 572 1559 591 me
1576 565 1693 593 audieris
1707 586 1715 599 ,
1739 566 1851 594 habebis

1069 615 1112 635 me
1129 608 1248 642 profecto
1263 609 1290 636 in
1305 609 1429 636 omnibus
1447 617 1552 644 semper
1568 610 1716 644 jocundum
1732 616 1759 639 et
1774 619 1850 646 teque

1068 653 1191 695 charum.
1213 652 1290 689 Vale,
1315 654 1495 682 litteratorum
1521 657 1613 684 decus.
1632 656 1732 689 Quarto
1761 657 1850 685 Nonas

1069 697 1239 732 Decembres,
1254 706 1421 728 uccccunt
1439 701 1466 728 in
1479 701 1580 736 palatio
1597 701 1740 737 episcopali
1753 703 1850 730 Vicen-

1070 743 1137 771 tino.

551 831 689 858 Barnabas
709 831 847 863 Celsanus,
864 831 944 858 Petro
959 830 1043 857 Bruta
1061 829 1181 865 episcopo
1197 829 1365 865 Callmrensi,
1383 831 1412 860 S.
1430 831 1462 858 P.
1481 831 1512 858 D.

267 876 295 903 Si
314 877 516 905 eruditissimus
530 877 644 911 quisque
654 878 738 904 nostri
751 878 840 905 saeculi
858 876 1013 904 Christiano
1027 879 1049 906 Β
1065 879 1121 903 tute
1136 881 1164 904 et
1173 877 1296 904 doctrina
1313 882 1487 913 praestantem
1503 886 1510 909 ;
1526 877 1594 904 alter
1607 877 1851 905 exstititOmnibo-

231 930 343 949 munere
358 922 527 958 fungeretur,
538 922 618 949 Petre
630 923 712 951 Brute
727 925 853 958 episcope
865 923 1017 950 Catharen-

236 969 284 1002 sis,
301 978 353 997 non
373 975 425 997 tam
438 970 506 997 bene
517 969 635 1002 dicendi,
648 976 728 1003 quam
739 970 820 996 etiam
833 970 901 996 bene
909 968 1016 995 vivendi

231 1016 349 1042 rationes
373 1016 435 1042 iniri
461 1015 625 1043 studerelur.
650 1015 719 1042 Hinc
739 1015 893 1043 efﬁceretur
909 1019 938 1042 ut
960 1014 1017 1048 jam

231 1060 390 1088 florentibus
402 1061 534 1089 bonarum
549 1061 647 1088 artium
675 1061 772 1088 studiis
784 1082 792 1094 ,
816 1069 868 1089 non
893 1059 1035 1089 deessent.

232 1107 310 1133 nobis
321 1107 415 1141 optimi
433 1112 459 1134 et
469 1107 686 1142 eloquentissimi
702 1108 766 1140 viri,
778 1108 823 1143 qui
839 1109 871 1136 de
883 1108 964 1136 rebus
978 1107 1017 1135 di-

231 1153 301 1179 vinis
325 1152 508 1187 pulcherrime
530 1158 558 1180 et
583 1153 757 1180 ornatissime
773 1154 934 1181 scriberent.
949 1153 1017 1180 Nam

231 1199 272 1225 vis
289 1197 388 1232 ingenii
402 1218 409 1230 ,
424 1203 450 1225 et
463 1199 540 1232 copia
555 1198 663 1226 dicendi
679 1219 687 1231 ,
700 1203 731 1226 ut
744 1199 784 1226 ait
800 1199 910 1232 Fabius,
925 1206 1016 1234 quem-

230 1245 375 1273 admodum
389 1245 482 1279 juncta
499 1249 607 1277 natura,
621 1245 660 1272 sic
682 1245 764 1272 etiam
788 1245 875 1272 ollicio
894 1245 1018 1280 copulata

231 1298 291 1319 esse
304 1291 444 1318 deberent.
460 1290 524 1320 Sed.
537 1298 584 1326 per
595 1291 677 1318 Deum
693 1291 890 1318 immortalem!
903 1295 1018 1326 quotus-

230 1337 346 1371 quisque
359 1341 401 1363 est
412 1337 575 1371 eloquentia
585 1337 735 1370 studiosus,
751 1337 863 1371 qui‘non
880 1337 955 1364 malit
967 1337 1018 1364 bu-

234 1390 314 1409 mana
328 1387 422 1410 ornate
434 1383 546 1410 dicendo
560 1382 682 1415 laudare,
706 1390 787 1417 quam
804 1383 846 1410 vel
863 1388 937 1410 recte
951 1383 1019 1410 scri-

230 1428 329 1461 bendo,
342 1428 383 1455 vel
394 1428 462 1455 bene
474 1429 578 1462 agendo
588 1429 681 1455 divina
694 1429 836 1464 complecti
846 1429 858 1456 i
868 1430 909 1456 An
921 1429 1020 1456 desunt

231 1474 348 1502 fortasse
364 1474 442 1501 nobis
458 1481 517 1508 quas
530 1474 563 1500 de
584 1474 638 1501 Deo
654 1475 706 1501 dici
730 1476 857 1510 possint?
872 1475 905 1502 de
919 1474 1019 1503 beatis-

229 1519 298 1546 sima
316 1519 425 1553 Virgine
441 1519 453 1545 ?
474 1519 506 1546 de
530 1519 665 1554 mysteriis
687 1519 812 1547 divinis?
832 1521 865 1548 de
883 1521 1012 1549 universa

229 1565 385 1593 Christiana
406 1564 562 1600 religione?
576 1565 640 1598 Qua:
656 1570 710 1592 tam
731 1565 871 1600 multiplex
889 1571 941 1600 est,
963 1571 1017 1594 tant

229 1611 315 1643 dives,
335 1615 388 1637 tam
404 1611 523 1645 copiosa,
537 1615 566 1638 ut
581 1611 683 1646 optimo
697 1612 795 1647 cuique
817 1612 926 1647 ingenio
939 1613 1017 1640 uber-

229 1655 325 1684 rimam
341 1656 446 1684 dicendi
460 1657 601 1684 materiam
614 1657 735 1692 prtebere
757 1662 849 1692 queat.
865 1658 922 1692 Qua
942 1667 976 1686 ex
991 1667 1019 1687 re

228 1703 352 1738 plerique
364 1702 398 1730 ad
412 1703 542 1737 optimam
553 1702 659 1738 frugem
674 1704 859 1737 pervenirent,
872 1712 904 1731 ac
915 1705 1018 1740 sapien-

231 1749 296 1774 tiam
320 1755 381 1775 cum
404 1755 468 1775 vera
485 1748 616 1783 religione
632 1748 830 1784 conjungerent
847 1759 854 1777 :
870 1750 946 1785 cujus
959 1750 1018 1778 oili-

229 1795 303 1822 cium
318 1799 360 1822 est
372 1795 480 1828 docere,
495 1799 525 1822 ut
537 1795 704 1823 conculcatis
732 1796 915 1824 terrestribus
929 1802 956 1824 et
970 1797 1018 1824 ab-

229 1841 311 1876 jectis
325 1841 476 1873 erroribus,
500 1841 534 1868 ad
556 1846 660 1868 aeterna
677 1841 798 1869 caelestis
819 1842 939 1870 thesauri
953 1850 1018 1877 prm-

229 1887 284 1915 mia
298 1887 457 1921 dirigamur.
481 1886 552 1920 Quid
570 1887 643 1915 enim
661 1888 693 1914 ad
710 1888 878 1922 agnitionem
892 1888 939 1916 Dei
956 1897 1018 1917 con-

231 1933 471 1967 ducibiliusiquid
484 1933 519 1960 ad
535 1940 626 1960 veram
640 1933 833 1961 beatitudinem
849 1942 1018 1970 consequen-

230 1979 291 2005 dam
308 1978 420 2012 aptius?
437 1978 501 2013 quid
525 1979 629 2005 homini
647 1979 805 2007 Christiano
823 1981 908 2015 magis
921 1989 1017 2010 neces-

229 2024 344 2057 sarium,
359 2031 440 2058 quam
451 2024 603 2051 divinarum
619 2032 709 2052 rerum
725 2026 1015 2061 contemplatioiNam

229 2079 290 2099 cum
302 2071 419 2098 humana
432 2071 608 2106 despicimus,
624 2077 821 2106 cognoscentes
841 2081 960 2108 superna
974 2078 1017 2101 at-

228 2126 282 2158 que
308 2118 428 2146 cmlestia
441 2139 450 2152 ,
465 2118 522 2146 haec
538 2123 632 2146 nostra
649 2123 679 2145 ut
695 2119 792 2154 exigua
810 2123 837 2147 et
853 2121 1016 2148 mortalitati

228 2164 349 2200 subjecta
365 2165 578 2197 contemnimus,
594 2169 676 2200 atque
690 2173 741 2200 ego
765 2166 833 2193 satis
860 2166 954 2194 mirari
970 2174 1017 2195 ne-

1067 929 1119 948 nus
1132 921 1299 950 Leonicenus
1311 943 1319 956 ,
1332 927 1482 958 prreceptor
1498 930 1573 950 meus
1584 924 1762 951 suavissimus
1772 933 1779 957 ;
1789 923 1852 951 0m-

1067 967 1195 1000 nibonus,
1209 968 1328 1002 inquam,
1342 969 1427 996 nostri
1446 969 1536 995 saaculi
1548 969 1642 1002 decus,
1659 969 1778 998 civitatis
1786 977 1851 997 vero

1067 1019 1167 1041 nostra:
1182 1013 1253 1041 fama
1276 1019 1303 1041 et
1325 1015 1411 1050 gloria
1426 1035 1433 1047 ,
1456 1015 1606 1042 litterarum
1624 1021 1677 1043 tam
1695 1015 1851 1044 Grazcarum

1067 1067 1149 1095 quam
1166 1059 1324 1087 Latinarum
1338 1061 1458 1088 columen
1472 1081 1480 1093 ,
1498 1061 1629 1088 bonorum
1643 1061 1791 1096 specimen.
1808 1070 1853 1089 ve-

1068 1114 1105 1134 rae
1124 1106 1267 1141 probitatis
1281 1107 1445 1142 exemplum,
1460 1111 1488 1134 ut
1504 1107 1572 1134 alter
1586 1115 1641 1134 sua:
1651 1108 1737 1134 :ntatis
1750 1108 1850 1135 Socra-

1069 1157 1109 1179 tes
1125 1153 1223 1180 merito
1237 1153 1289 1180 dici
1307 1153 1435 1188 potuerit.
1449 1152 1589 1188 Religione
1600 1160 1664 1180 vero
1684 1157 1757 1180 tanta
1772 1158 1854 1188 atque

1068 1198 1201 1225 modestia
1217 1198 1279 1231 fuit,
1296 1203 1326 1225 ut
1340 1198 1408 1226 nihil
1422 1198 1446 1226 ei
1461 1198 1594 1231 defuerit,
1612 1198 1684 1233 quod
1701 1199 1726 1225 in
1750 1199 1853 1233 optimo

1068 1248 1097 1271 et
1109 1243 1282 1272 sanctissimo
1305 1245 1363 1271 viro
1382 1244 1572 1279 requirendum
1594 1245 1729 1273 videatur.
1746 1245 1851 1272 Nemini

1068 1297 1187 1324 unquam
1203 1290 1323 1319 detraxit
1340 1290 1518 1323 Omnibonus,
1536 1298 1624 1325 neque
1640 1291 1784 1325 loquendo,
1806 1299 1854 1319 ne-

1069 1343 1120 1370 que
1149 1335 1295 1363 scribendo
1309 1356 1318 1368 ,
1337 1337 1461 1370 quamvis
1475 1337 1508 1363 ab
1522 1336 1627 1364 :emulis
1651 1337 1748 1371 sapius
1771 1335 1854 1364 fuerit

1069 1381 1223 1409 lacessitus.
1235 1381 1321 1410 Tanta
1336 1382 1453 1417 denique
1470 1382 1538 1410 vixit
1562 1383 1728 1416 integritate,
1745 1387 1774 1409 ut
1789 1383 1854 1410 ἀνα-

1071 1427 1209 1465 μάρτητος
1221 1428 1272 1456 dici
1286 1429 1414 1463 potuerit.
1431 1428 1565 1461 Quantum
1586 1436 1650 1456 vero
1664 1428 1764 1456 litteris
1779 1428 1855 1456 Gras-

1069 1474 1109 1502 cis
1132 1474 1247 1502 valuerit
1270 1474 1344 1510 (nam
1368 1475 1400 1502 de
1416 1474 1521 1503 Latinis
1539 1479 1620 1503 testes
1638 1480 1701 1502 sunt
1716 1475 1855 1510 perpolita:

1069 1521 1128 1554 ejus
1142 1520 1291 1553 orationes,
1315 1525 1343 1548 et
1358 1520 1420 1547 libri
1436 1521 1611 1548 ornatissime
1631 1520 1790 1556 conscripti)
1811 1521 1855 1548 vel

1070 1573 1102 1593 ex
1116 1566 1168 1593 hoc
1182 1565 1294 1601 intelligl
1316 1571 1416 1601 potest,
1431 1567 1501 1601 quod
1512 1574 1573 1594 cum
1597 1567 1623 1594 in
1640 1566 1761 1597 Venetiis
1782 1567 1854 1601 apud

1069 1611 1252 1639 Bissarionem
1266 1612 1326 1648 (sic)
1346 1613 1509 1641 cardinalem
1525 1613 1662 1640 Nicmnum
1678 1613 1774 1641 Graece
1797 1620 1855 1640 ora-

1069 1657 1170 1684 tionem
1188 1658 1349 1690 habuisset,
1377 1663 1451 1685 tanta
1477 1658 1605 1686 facundia
1633 1658 1794 1693 peroravit,
1825 1662 1856 1685 ut

1068 1703 1179 1731 Graecos
1205 1711 1300 1731 omnes
1323 1704 1479 1738 eloquentia
1503 1704 1653 1732 doctissimi
1680 1704 1731 1732 viri
1752 1704 1854 1739 judicio

1069 1750 1229 1785 praestitisse
1244 1749 1333 1777 dictus
1347 1750 1394 1783 sit,
1406 1749 1621 1785 eloquentiaeque
1634 1750 1762 1785 palmam,
1773 1758 1854 1786 quam

1069 1795 1125 1822 sola
1139 1794 1242 1822 Graecia
1257 1794 1424 1829 possidebat,
1437 1801 1497 1821 eum
1509 1795 1546 1822 ita
1562 1797 1595 1822 ad
1613 1795 1725 1824 Latinos
1736 1799 1856 1824 transtu-

1068 1839 1142 1872 lisse,
1159 1844 1187 1866 ut
1202 1839 1270 1866 nihil
1281 1845 1327 1867 aut
1344 1847 1438 1874 parum
1454 1840 1568 1875 egregia:
1593 1840 1681 1868 laudis
1694 1841 1763 1876 apud
1780 1841 1856 1869 (ἔτει

1068 1893 1115 1913 cos
1127 1885 1249 1913 relictum
1266 1891 1326 1913 esse
1339 1886 1430 1913 dicere
1444 1893 1496 1913 non
1521 1885 1687 1914 dubitaverit
1700 1897 1714 1917 ;Δ
1725 1887 1856 1922 quemad-

1069 1932 1177 1959 modum
1195 1931 1228 1959 de
1245 1931 1337 1959 Marco
1356 1932 1438 1959 etiam
1455 1931 1543 1959 Tullio
1558 1933 1666 1960 tradunt
1684 1932 1854 1967 Apollonium

1068 1978 1181 2005 dixisse.
1204 1977 1257 2005 Sed
1272 1998 1280 2010 ,
1296 1982 1326 2005 ut
1350 1979 1488 2012 praeterita
1507 1983 1533 2005 et
1550 1986 1609 2013 qua
1626 1982 1675 2006 sub
1687 1979 1776 2007 oculis
1800 1988 1853 2008 non

1068 2029 1131 2052 sunt
1146 2024 1225 2052 missa
1241 2023 1385 2057 faciamus,
1412 2024 1585 2052 conferamus
1599 2024 1723 2052 Graecum
1738 2025 1856 2053 Athana-

1068 2071 1137 2098 sium
1149 2078 1210 2098 cum
1223 2069 1320 2097 Latino
1336 2079 1344 2098 :
1360 2069 1513 2098 lectitemus
1525 2074 1687 2105 utrumque;
1705 2075 1760 2098 tum
1775 2070 1855 2100 facile

1069 2117 1214 2152 unicuique
1233 2117 1285 2144 erit
1299 2116 1400 2149 videre,
1415 2116 1436 2144 si
1452 2121 1596 2152 utramque
1614 2117 1735 2152 linguam
1747 2116 1853 2145 callue-

1069 2163 1115 2196 rit,
1130 2167 1260 2198 quantum
1287 2163 1332 2190 ille
1354 2162 1509 2190 Graecarum
1526 2163 1678 2190 litterarum
1692 2163 1856 2199 cognitionis

228 2219 298 2247 queo
314 2212 378 2246 quid
406 2212 442 2239 ita
460 2212 551 2246 cupidi
574 2213 681 2240 caeteris
697 2212 777 2241 bonis
793 2213 899 2240 artibus
913 2213 1018 2241 incum-
1032 2220 1056 2247 ι)
1069 2208 1206 2241 habuerit,
1221 2208 1248 2235 in
1261 2216 1314 2243 quo
1329 2213 1402 2235 tanta
1415 2209 1542 2244 dignitas,
1558 2213 1630 2236 tanta
1648 2209 1749 2237 veritas
1764 2217 1856 2237 serva-

227 2259 332 2290 bamus,
350 2262 431 2296 atque
443 2258 575 2292 cujusque
590 2258 697 2293 placitas
709 2259 862 2294 dieciplinm
876 2265 1016 2287 consecte-

227 2312 289 2332 ntur
303 2305 466 2340 magistros;
479 2305 631 2331 divinarum
645 2312 710 2332 vero
721 2313 813 2333 rerum
831 2306 915 2333 libros
929 2306 1015 2341 negli-

228 2349 335 2384 gentius
362 2349 540 2377 evolvamus:
557 2354 595 2382 et,
617 2349 689 2384 quod
712 2354 833 2377 monstro
848 2350 936 2378 simile
955 2358 1016 2379 esse

227 2395 344 2426 videtur,
362 2401 411 2421 nos
426 2393 550 2421 homines
561 2394 616 2421 nati
630 2395 663 2421 ad
678 2394 831 2422 divinarum
845 2402 936 2423 rerum
949 2403 1015 2424 con-

229 2440 445 2475 templationem,
459 2447 473 2466 a
488 2440 573 2468 sacris
592 2440 693 2468 litteris
708 2440 914 2475 abhorreamus,
933 2447 1015 2478 atque

229 2486 258 2513 in
276 2486 398 2519 fabellis,
414 2491 442 2514 et
458 2486 646 2514 deliramentis
662 2495 785 2522 magnam
804 2489 935 2523 temporis
952 2497 1016 2524 par—

229 2537 284 2560 tem
302 2539 488 2561 conteramus.
503 2532 570 2560 Hinc
588 2533 618 2560 ﬁt
633 2538 663 2560 ut
681 2534 749 2560 bona
767 2534 935 2562 eruditorum
954 2544 1016 2571 pars

229 2580 320 2614 potius
336 2579 408 2606 inter
422 2579 548 2612 gentiles,
565 2587 646 2614 quam
666 2579 737 2607 inter
755 2580 938 2614 Christianos,
954 2590 1017 2610 cen-

234 2626 288 2653 seri
302 2629 467 2653 mereantur.
484 2625 537 2653 Sed
552 2633 586 2653 ex
608 2628 681 2653 omni
695 2626 914 2654 doetissimorum
931 2628 1016 2656 nostri

230 2672 360 2706 temporis
374 2679 487 2699 numero
499 2691 507 2704 ,
525 2679 590 2707 pace
609 2672 720 2699 aliorum
737 2672 866 2705 dixerim,
885 2674 952 2702 duos
966 2681 1016 2709 ego

230 2716 292 2744 novi
318 2717 392 2745 viros
419 2717 445 2745 in
467 2718 540 2744 omni
562 2725 660 2752 genere
682 2717 814 2745 doctrinae
829 2719 1014 2747 eminentissi-

230 2769 311 2790 mos:
330 2763 439 2791 eosdem
464 2763 546 2790 etiam
565 2764 619 2790 vita
646 2763 867 2798 probatissimos,
891 2772 923 2792 ac
935 2765 1015 2793 Chri-

230 2808 325 2836 stiana:
356 2809 492 2843 religionis
520 2814 671 2836 assertores
694 2809 953 2843 constantissimus;
988 2815 1013 2838 te

231 2852 302 2887 dico,
324 2854 403 2883 Petre
421 2854 504 2882 Brute
519 2855 645 2889 episcopo
660 2853 847 2888 Catharensis,
869 2855 942 2882 omni
959 2855 1014 2882 vir-

1070 2259 1124 2288 tur,
1144 2259 1217 2282 tanta
1237 2255 1382 2282 verborum
1403 2259 1430 2281 et
1456 2255 1653 2282 sententiarum
1673 2255 1854 2287 concinnitas,

1069 2306 1098 2329 ut
1112 2302 1183 2336 quod
1200 2306 1240 2329 est
1257 2301 1284 2327 in
1303 2301 1452 2335 interprete
1465 2301 1574 2332 mirum,
1595 2301 1693 2336 ubique
1708 2302 1855 2336 perspicia-

1070 2352 1114 2374 tur
1132 2346 1303 2382 aequabilitas
1313 2347 1446 2374 orationis
1459 2351 1486 2374 et
1501 2347 1632 2381 gravitas.
1646 2347 1704 2374 Non
1718 2348 1752 2374 ita
1765 2348 1855 2382 copio-

1069 2402 1097 2421 sa
1113 2398 1154 2422 est
1165 2398 1194 2421 ut
1214 2393 1333 2422 luxuriet
1345 2393 1442 2425 oratio,
1459 2400 1546 2428 neque
1560 2393 1596 2420 ita
1611 2393 1716 2426 suavis,
1732 2398 1761 2420 nt
1772 2393 1853 2420 lasci-

1069 2442 1124 2468 viat
1138 2461 1146 2473 ,
1161 2448 1210 2468 nec
1237 2440 1305 2467 adeo
1322 2444 1429 2474 compta
1444 2459 1451 2472 ,
1467 2443 1497 2466 ut
1520 2438 1643 2466 aﬂ'ectata
1660 2440 1854 2474 compositione

1067 2489 1156 2516 fucata
1175 2495 1236 2515 esse
1254 2487 1387 2514 videatur.
1405 2486 1508 2519 Quibus
1524 2486 1669 2513 virtutibus
1685 2491 1767 2521 atque
1790 2494 1854 2513 con-

1068 2539 1142 2562 textu
1167 2534 1300 2562 orationis
1317 2533 1400 2561 nihilo
1427 2534 1512 2569 ipsius
1538 2532 1679 2560 Athanasii
1706 2533 1854 2568 archetypo

1068 2580 1180 2607 inferior
1197 2583 1308 2613 apparet
1322 2588 1328 2606 :
1345 2586 1379 2605 ex
1396 2586 1450 2613 quo
1471 2578 1582 2613 intelligi
1606 2582 1703 2612 potest,
1720 2582 1853 2613 quantum

1067 2626 1110 2653 vel
1130 2627 1156 2653 in
1173 2625 1319 2660 scriptione
1344 2623 1449 2655 Latina.
1471 2623 1513 2653 vel
1530 2623 1681 2650 eruditione
1695 2623 1789 2650 Graeca
1806 2630 1855 2649 va-

1070 2672 1159 2699 luerit.
1177 2671 1355 2704 Quamobrem
1373 2677 1452 2697 nemo
1472 2669 1514 2696 vel
1540 2670 1628 2703 aptius
1645 2688 1652 2702 ,
1677 2669 1718 2696 vel
1737 2668 1853 2699 fidelius.

1070 2717 1111 2745 vel
1141 2717 1223 2744 etiam
1246 2716 1406 2750 elegantius,
1430 2722 1510 2749 quam
1536 2714 1704 2742 Omnibonus
1720 2734 1727 2747 ,
1747 2719 1854 2748 poterat

1070 2763 1212 2790 traducere
1227 2762 1346 2788 divinum
1367 2761 1507 2788 Athanasii
1526 2767 1594 2795 opus
1605 2759 1705 2788 Contra
1723 2760 1831 2794 gentiles
1843 2767 1854 2787 :

1069 2809 1167 2844 quippe
1177 2808 1222 2843 qui
1240 2812 1268 2835 et
1282 2806 1533 2835 Christianissimus
1544 2810 1625 2838 esset,
1641 2811 1668 2833 ct
1694 2805 1720 2832 in
1740 2811 1853 2840 utraque

1069 2856 1162 2889 lingua
1174 2854 1414 2890 praestantissimus
1431 2860 1438 2880 :
1454 2857 1483 2879 ut
1504 2851 1664 2879 crediderim
1680 2852 1763 2879 Dcum
1779 2851 1852 2887 opti-
