2000 3045
753 146 1006 178 ΡΒΑΞῈΑΤΙΟΝΕΞ
1028 151 1195 180 VETERES.

1719 163 1791 185 ιιτιι

167 214 240 234 mum
260 202 409 234 maximum
429 207 501 236 hunc
530 207 663 243 delegisse
678 207 835 243 hominem,
855 211 900 245 qui
922 211 954 238 ad
971 218 992 243 Α
1006 213 1056 240 dus
1074 219 1142 242 crat.
1159 215 1235 248 Quod
1255 219 1310 242 tum
1324 215 1417 243 multis
1432 215 1592 246 rationibus,
1605 219 1658 242 tum
1674 223 1792 250 persnas

164 253 362 280 institutionem
378 258 501 281 nostram
522 254 594 281 hunc
619 254 716 281 librum
732 256 849 289 posteris
864 256 952 292 legen-

163 298 226 325 dum
237 302 319 333 atque
332 299 509 326 ediscendum
523 299 761 334 interpretaretur.
776 301 852 334 Quod
863 309 953 330 autem

162 352 217 377 me,
235 345 432 372 humanissime
441 346 551 380 praesul,
565 351 619 373 lam
635 347 710 374 suavi
725 348 837 382 epistola
849 349 954 376 demul-

162 398 208 417 ces
222 395 380 425 tantumque
394 391 501 424 tribuis,
518 391 586 419 facis
597 392 706 427 quidem
721 393 826 426 amice;
851 395 897 421 sed
910 402 954 422 ve-

162 443 223 463 reor
232 443 265 463 ne
276 437 301 463 id
315 437 365 464 abs
378 440 404 463 te
416 437 504 471 potius
519 444 551 465 ex
567 446 699 473 propensa
707 440 825 474 quadam
838 448 901 476 erga
911 449 954 469 me

161 482 348 510 benevolentia
358 483 410 510 dici
419 484 556 519 plerisque
567 485 699 518 videatur.
706 494 786 521 quam
796 488 866 522 quod
879 492 953 514 tanto

163 529 229 556 tanti
242 529 292 556 viri
301 531 436 564 praeconio
447 531 546 566 dignus
557 532 698 560 exsistam.
706 532 772 560 Nam
783 534 854 568 quod
866 539 953 561 tanto-

162 582 228 609 pere
248 582 291 602 me
317 576 443 608 hortaris,
458 577 538 611 petis,
555 577 608 605 imo
621 578 700 612 jubes
712 599 719 610 ,
734 583 762 606 ut
778 587 887 615 pergam
901 581 953 608 hoc.

163 622 252 656 ipsum
269 622 410 650 Athanasii
426 631 494 658 opus
510 625 674 657 emendare,
697 625 722 652 id
739 633 788 660 ego
806 626 856 654 feci
871 627 951 662 ἀκρι-

163 669 302 705 ϐεστέρως
315 676 341 697 et
357 670 473 697 celerius
491 679 572 706 quant
586 672 643 706 ipse
666 672 808 708 putabam;
821 674 878 701 sive
890 682 951 701 sua-

161 716 245 742 vitate
260 716 393 744 orationis
404 716 545 752 pellectus,
558 719 629 752 quod
644 717 831 752 jocundissimi
851 727 951 755 przece-

161 762 247 796 ptoris
274 763 326 789 mei
344 762 404 789 viva
418 770 469 790 vox
484 763 572 791 adhuc
586 764 699 791 auribus
723 766 790 792 meis
803 773 951 800 personare

159 807 309 839 videretur,
338 808 396 836 sive
422 809 492 844 qttod
521 817 573 836 non
606 810 761 845 ignorabam
790 818 869 845 quant
903 812 950 839 tibi

156 854 274 887 jocunda
291 854 380 881 futura
396 855 465 882 foret
483 860 574 883 nostra
590 856 648 884 haec
661 856 857 892 qualiscunque
878 863 951 885 esset

158 902 324 928 emendatio.
340 900 399 929 lam
412 909 460 929 nos
471 906 522 929 tua:
540 910 642 930 morem
658 903 792 938 gessimus
806 904 948 936 voluntati,
965 893 987 921 Β

158 947 213 982 jam
232 948 278 975 tibi
289 949 483 975 satisfeciuuts.
506 949 541 975 At
556 953 582 976 tu
595 951 669 983 (nam
681 957 741 977 cum
757 954 801 977 tua
817 951 894 978 venia
908 952 949 978 di-

158 993 240 1029 cant),
255 994 319 1029 quid
336 995 490 1022 dormitas?
509 1003 562 1030 quo
575 1000 686 1023 veterno
706 997 883 1031 languescis?
906 997 948 1024 An

157 1041 287 1069 oblivioni
306 1042 442 1070 tradidisti
461 1043 488 1070 id
504 1043 576 1078 quod
600 1043 762 1079 jampridem
778 1044 843 1071 mihi
870 1052 948 1072 rece-

157 1086 219 1121 pisti
239 1087 440 1124 [rescripsisti],
460 1093 486 1116 te
507 1090 642 1117 editurum
670 1090 827 1125 propediem
853 1098 948 1119 contra

155 1131 264 1160 Judazos
293 1141 363 1168 opus
394 1135 552 1170 prophetica
584 1137 698 1164 veritate
729 1138 948 1172 conscriptum?

157 1178 227 1211 Quid
251 1179 332 1213 igitur
350 1181 377 1207 in
403 1181 524 1209 editione
542 1183 657 1210 cessas?
679 1183 718 1210 An
736 1185 947 1218 exspectandum

157 1224 207 1251 tibi
231 1229 294 1258 est,
310 1230 340 1253 ut
356 1226 504 1255 inveterata
533 1229 607 1256 exuti
625 1230 790 1264 pervicacia,
817 1230 890 1257 ultro
914 1230 947 1257 ad

158 1270 240 1298 ﬁdem
256 1276 448 1299 convertantur
458 1273 470 1293 ν
484 1273 580 1301 Aversi
593 1278 657 1301 sunt
671 1274 788 1308 penitus,
808 1275 874 1302 mihi
887 1281 947 1302 cre-

156 1316 200 1349 de,
215 1325 229 1344 a
243 1324 306 1344 vera
323 1317 465 1353 religione.
492 1318 520 1346 ld
537 1319 594 1354 ipse
618 1320 686 1348 satis
697 1320 828 1354 didicisti,
844 1321 947 1355 optime

154 1363 264 1398 praesul,
276 1371 337 1391 cum
352 1372 401 1392 eos
421 1365 553 1400 proximis
571 1366 668 1394 diebus
683 1371 710 1394 et
723 1367 838 1395 antehac
850 1368 949 1402 saepius

155 1410 183 1437 in
199 1410 420 1445 frequentissimo
437 1411 659 1440 doctissimorum
681 1417 754 1441 cmtu
777 1414 947 1449 gravissimis

154 1457 385 1492 disputationibus
410 1459 547 1487 incessisti
563 1468 570 1486 :
585 1459 698 1487 liberius
710 1459 791 1487 etiam
804 1460 945 1494 monuisti,

153 1504 255 1532 vellent
269 1509 347 1532 vates
359 1512 424 1532 suos
437 1505 531 1533 audire
544 1511 646 1534 rectum
661 1506 759 1534 salutis
774 1514 830 1534 sua:
853 1506 946 1534 trami-

155 1555 209 1578 tem
223 1551 399 1578 ostendentes
412 1571 421 1584 ,
438 1559 490 1579 non
504 1559 564 1580 esse
580 1552 695 1587 amplius
709 1552 835 1580 Messiam
849 1559 945 1587 exspe-

157 1598 296 1624 ctandum.
312 1597 358 1626 Sic
370 1598 441 1625 enim
455 1597 547 1626 Jesum
558 1599 696 1626 Christum
714 1599 824 1626 humani
837 1599 944 1633 generis

155 1643 365 1679 Redemptorem
394 1644 541 1680 appellant.
558 1645 672 1673 Venisse
693 1644 749 1680 jam
773 1645 818 1680 qui
836 1645 945 1672 mitten-

1007 262 1067 289 illas
1083 261 1266 290 hebdomadas
1280 282 1288 294 ,
1306 268 1361 289 tum
1378 270 1442 289 vero
1458 270 1504 296 per
1517 261 1585 289 Osee
1603 262 1791 296 gravissimum

1006 309 1149 336 oraculum
1163 309 1244 336 facile
1265 309 1440 337 declarabas.
1464 308 1607 341 Sedebant,
1627 309 1723 343 inquit,
1741 308 1792 342 ﬁlii

1006 355 1093 382 Israel
1109 356 1166 382 sine
1182 364 1251 390 rege,
1268 356 1324 382 sine
1336 356 1452 390 principe
1465 375 1473 388 ,
1493 356 1550 382 sine
1574 355 1715 389 sacriﬁcio,
1736 356 1792 382 sine

1007 402 1099 434 altari,
1123 403 1178 429 sine
1197 403 1333 429 sacerdote
1345 403 1363 430 ‘.
1385 403 1446 430 llaec
1461 407 1488 429 et
1505 402 1556 429 alia
1571 402 1715 437 permulta,
1732 408 1792 436 quae

1005 449 1163 476 memoriter
1179 449 1347 481 enarrabas,
1374 449 1606 477 Christianissime
1619 449 1727 483 praesul,
1744 456 1791 483 pro

1007 493 1094 521 olIicio
1114 499 1161 521 tuo
1181 498 1275 529 argute
1290 494 1381 527 simul,
1403 499 1429 522 et
1443 495 1551 529 copiase
1575 493 1735 522 disserebas.
1759 493 1791 520 Et

1005 547 1040 567 ne
1052 547 1117 574 gens
1133 541 1216 574 impia
1236 540 1284 568 tibi
1301 540 1412 568 nimiam
1443 541 1468 567 in
1482 541 1644 575 disputando
1661 539 1792 574 objiceret

1005 586 1194 619 subtilitatem,
1215 587 1241 614 in
1259 586 1444 621 redarguendo
1459 587 1670 616 vehementiam,
1691 586 1717 612 in
1733 585 1790 612 dis-

1003 635 1120 661 serendo
1143 633 1290 660 artiﬁcium
1307 636 1380 668 (nam
1402 633 1435 660 iis
1456 633 1582 659 omnibus
1602 637 1732 667 quantum
1747 639 1790 658 va-

1004 680 1060 708 leas
1082 685 1164 707 testes
1175 685 1236 706 sunt
1248 679 1340 714 optimi
1353 684 1381 705 et
1393 679 1542 706 doctissimi
1557 678 1605 706 viri
1620 698 1628 710 ,
1652 679 1696 713 qui
1718 679 1791 706 hisce

1003 724 1231 760 disputationibus
1259 725 1467 758 interfuerunt),
1495 724 1626 752 Hebraica
1653 725 1790 752 volumina

1003 777 1063 797 cum
1079 769 1184 797 Latinis
1196 769 1366 802 conferebas,
1393 771 1474 797 verba
1492 770 1591 802 verbis,
1607 778 1686 797 sensa
1702 770 1791 798 sensi-

1002 813 1052 840 bus
1066 833 1074 845 ,
1093 821 1145 840 non
1168 814 1228 841 sine
1245 815 1410 848 peritissimo
1426 814 1565 843 llebraicte
1584 815 1680 850 lingua:
1705 816 1791 843 inter-t

1003 864 1079 893 prete
1102 859 1295 894 componebas.
1322 859 1358 886 At
1382 859 1420 886 illi
1446 860 1526 887 modo
1544 860 1789 894 calumniabautur,

1002 906 1136 933 interdum
1163 906 1426 940 praevaricabantur.
1450 913 1643 941 nonnunquam
1661 907 1792 942 tergiver-

1001 953 1134 980 sabantnr
1150 962 1157 980 :
1173 953 1244 987 quod
1258 953 1327 980 Deus
1346 953 1403 987 ipse
1417 960 1465 987 per
1483 951 1579 979 Isaiam
1597 952 1715 980 futurum
1723 960 1791 988 prae-

999 998 1067 1025 dixit
1080 1007 1087 1025 :
1100 998 1208 1032 Audite,
1217 998 1315 1033 inquit,
1327 999 1474 1031 audientes,
1489 1003 1513 1025 et
1530 998 1611 1026 nolite
1623 998 1789 1033 intelligere;

1000 1044 1082 1070 videte
1108 1044 1232 1071 visionem
1246 1065 1254 1077 ,
1273 1050 1297 1071 et
1321 1044 1401 1071 nolite
1424 1052 1580 1080 cognoscere
1594 1052 1603 1071 :
1618 1052 1721 1071 excrrca
1745 1051 1792 1070 car

1000 1090 1092 1124 populi
1107 1091 1205 1125 huius,
1220 1096 1244 1118 et
1263 1100 1340 1118 aures
1368 1091 1427 1126 ejus
1452 1099 1568 1126 nggrat‘a
1583 1091 1604 1118 ’.
1626 1090 1664 1117 Tu
1688 1095 1789 1121 tamen,

999 1138 1100 1172 optime
1118 1138 1226 1172 prmsul,
1243 1146 1257 1165 a
1273 1138 1460 1173 persequendo
1473 1138 1539 1164 istos
1555 1145 1652 1172 verpos
1669 1145 1722 1164 non
1739 1137 1789 1164 de-

998 1184 1090 1216 sistes,
1103 1189 1142 1217 ut,
1158 1185 1178 1211 si
1195 1185 1252 1212 fieri
1274 1184 1369 1220 possit,
1385 1183 1533 1219 aliquando
1555 1183 1717 1219 intelligant.
1737 1190 1790 1210 non

998 1237 1112 1265 corpore
1128 1251 1135 1264 ,
1152 1231 1198 1258 sed
1213 1236 1304 1259 mente
1321 1231 1479 1258 circumcidi
1493 1235 1620 1266 oportere
1635 1250 1642 1263 ,
1661 1230 1682 1256 si
1695 1229 1790 1256 volunt

997 1283 1069 1303 vera:
1082 1276 1259 1304 beatitudinis
1272 1276 1330 1304 ﬁeri
1349 1281 1504 1305 consortes.
1529 1277 1585 1312 Age
1610 1276 1702 1311 igitur,
1718 1275 1791 1303 solve

997 1326 1146 1349 rostratam
1166 1329 1262 1349 navem
1278 1342 1286 1355 ,
1300 1322 1427 1358 permitte
1443 1322 1502 1348 vela
1530 1322 1617 1349 ventis
1633 1341 1641 1355 ,
1658 1326 1738 1355 atque
1762 1321 1791 1348 in

997 1366 1151 1395 Iuda-orum
1177 1367 1291 1395 classem
1314 1368 1402 1395 ferare
1420 1377 1426 1395 :
1440 1374 1554 1402 quorum
1570 1367 1726 1394 submersas
1741 1364 1791 1394 ob-

997 1421 1047 1441 rue
1067 1421 1188 1449 puppes,
1205 1419 1252 1442 aut
1265 1422 1315 1450 age
1335 1414 1458 1441 diversos
1472 1434 1479 1446 .
1499 1418 1526 1441 et
1550 1414 1646 1448 disjice
1671 1421 1788 1448 corpora

997 1464 1081 1493 ponto
1097 1469 1103 1487 :
1117 1465 1145 1487 ut
1169 1459 1278 1488 Judmus
1291 1467 1321 1487 se
1338 1460 1446 1488 tandem
1469 1460 1543 1487 omni
1559 1459 1629 1495 pelle
1645 1459 1732 1487 instar
1747 1459 1789 1486 fa»

997 1505 1167 1533 bulosiillius
1184 1505 1308 1542 Marsyae.
1321 1511 1432 1534 exutum
1455 1506 1600 1542 intelligat.
1622 1504 1699 1538 Vale,
1720 1513 1791 1540 pm-

998 1551 1097 1578 sidium
1114 1559 1204 1579 meum
1218 1552 1408 1580 etJudaaorum
1424 1552 1542 1588 scopulo.
1554 1552 1684 1580 Vicentiac
1696 1553 1790 1587 quinto

1001 1596 1133 1625 Kalendas
1147 1597 1292 1626 Ianuarias
1314 1605 1492 1626 uccccuxxt.

332 1737 475 1765 Omniboni
489 1737 630 1766 Leonireni
648 1739 762 1765 rhetoris
779 1738 990 1766 excellentissimi
1007 1739 1035 1765 in
1047 1739 1223 1765 Athanasium
1241 1739 1275 1765 ad
1296 1737 1410 1764 Paulum
1429 1736 1555 1763 Venetam
1568 1735 1611 1768 II,

629 1782 761 1800 summum
773 1774 935 1808 pontiﬁcem,
946 1775 1070 1810 prwfaliu
1083 1774 1196 1808 feliciter
1209 1774 1309 1807 incipit.

189 1820 218 1848 lu
235 1820 326 1849 multis
339 1820 486 1855 Scriptum
499 1819 575 1851 locis,
590 1819 745 1847 beatissime
753 1819 843 1853 Pater,
858 1820 948 1848 dolum

155 1867 232 1901 quasi
259 1866 399 1894 inimicum
424 1865 471 1893 Dei
497 1866 631 1900 legimus;
658 1866 706 1893 sed
739 1866 874 1900 pracipue
904 1865 949 1892 ubi

155 1912 285 1940 Dominus
298 1912 366 1940 dixit
383 1912 540 1947 disperdere
550 1911 640 1939 omnia
657 1911 726 1938 labia
743 1910 834 1939 dolosa
844 1933 850 1945 ,
865 1915 892 1938 et
906 1919 949 1939 rc-

154 1963 198 1986 cte
209 1958 317 1993 quidem
330 1965 337 1985 :
350 1966 412 1986 nam
431 1958 453 1985 si
467 1957 536 1985 Deus
550 1957 651 1985 veritas
664 1962 716 1991 est,
732 1957 898 1984 contrarium
911 1957 949 1984 ni-

155 2005 194 2032 hil
213 2005 298 2040 magis
313 2005 395 2032 habet
417 2011 498 2039 quam
524 2003 668 2031 falsitatem
691 2012 698 2030 :
721 2009 749 2030 ct
764 2003 947 2038 repetentibus

156 2055 313 2078 sanctorum
343 2049 463 2076 virorum
491 2053 666 2076 monumenta
689 2048 844 2083 persuaderi
868 2048 948 2076 facile

155 2100 245 2130 potest
258 2095 340 2122 aliam
353 2095 408 2122 vim
423 2094 522 2121 nullam
539 2094 639 2127 fuisse,
660 2101 720 2128 qua:
736 2093 835 2121 bellum
851 2093 947 2121 Eccle-

156 2143 204 2169 siae
216 2141 347 2169 Romanae
363 2141 471 2177 gravius
488 2144 535 2168 aut
551 2140 730 2175 periculosius
745 2140 877 2168 intulerit.
890 2140 948 2167 ldo-

1002 1820 1109 1847 nomine
1127 1822 1342 1846 contemnerent.
1358 1817 1413 1846 Nec
1436 1817 1486 1844 viri
1511 1817 1597 1845 solum
1621 1821 1649 1844 et
1671 1815 1789 1849 femina,

1002 1865 1048 1892 sed
1064 1865 1139 1900 pueri
1152 1864 1232 1892 etiam
1246 1868 1328 1899 atque
1345 1863 1456 1899 puellae;
1471 1867 1501 1890 ut
1515 1864 1563 1890 abs
1576 1869 1604 1890 se
1619 1866 1747 1889 terrorem
1762 1861 1789 1889 in

1002 1918 1049 1938 eos
1064 1911 1110 1946 qui
1125 1910 1280 1938 inferebant
1291 1910 1428 1938 metuendi
1444 1909 1530 1943 magis
1542 1916 1624 1943 quam
1639 1912 1790 1935 metuentes

1000 1961 1202 1989 converterent,
1222 1961 1249 1983 et
1262 1956 1288 1983 id
1303 1956 1374 1991 quod
1389 1963 1487 1983 novum
1504 1958 1546 1982 est
1563 1953 1682 1981 victoria:
1693 1959 1788 1988 genus,

1000 2005 1062 2032 cassi
1081 2004 1114 2030 de
1127 2003 1313 2031 occidentibus
1327 2002 1527 2037 triumpharent
1546 2009 1553 2028 :
1570 2008 1632 2027 nam
1647 2007 1714 2034 quos
1728 1999 1790 2026 vin-

1000 2057 1065 2078 cens
1084 2049 1154 2076 ratio
1166 2056 1219 2076 non
1239 2048 1361 2081 ﬂexerat,
1380 2047 1489 2075 eosdem
1503 2054 1576 2074 mors
1591 2046 1696 2073 devicta
1716 2044 1790 2072 fran-

1002 2094 1094 2129 gebat.
1109 2093 1225 2129 Jamque
1238 2100 1333 2121 omnes
1350 2091 1545 2128 propemodum
1558 2091 1585 2118 in
1599 2098 1652 2117 una
1669 2088 1787 2116 Ecclesia

1001 2140 1116 2169 Domino
1130 2147 1162 2168 ac
1177 2141 1232 2167 Deo
1245 2139 1354 2167 Christo
1374 2138 1462 2165 dicata
1487 2136 1676 2165 eoalescebaut
1697 2143 1704 2161 :
1726 2142 1787 2163 cum

157 2188 262 2215 lolatria
287 2188 404 2222 primum
427 2192 522 2223 gentes
546 2194 599 2214 non
625 2191 679 2214 tam
704 2194 797 2214 errore
823 2187 948 2214 seductas
963 2186 1090 2214 Dsubito
1112 2185 1247 2212 haereseos
1269 2183 1346 2211 dolus
1369 2183 1501 2215 exoritur,
1530 2189 1584 2216 qua
1606 2180 1678 2208 nulla
1702 2179 1787 2214 pestis

157 2242 239 2269 quam
259 2233 394 2260 illecebris
408 2233 465 2260 suis
479 2237 572 2267 captas
588 2231 841 2267 aliquandiutenuit
858 2241 865 2259 :
884 2239 945 2259 mox

155 2280 201 2307 ubi
218 2280 320 2306 veritas
334 2279 367 2306 de
382 2283 453 2306 terra
470 2283 528 2305 orta
545 2284 599 2311 est,
616 2283 644 2306 et
662 2278 707 2305 lux
735 2279 768 2305 de
791 2277 860 2306 coelo
882 2285 945 2313 pro-

155 2326 256 2361 spexit,
273 2333 333 2353 cum
349 2325 406 2360 ipsa
423 2332 473 2359 per
486 2332 515 2352 se
535 2325 642 2352 vanitas
667 2324 746 2352 facile
770 2325 945 2359 redarguere-

157 2377 212 2404 tur,
229 2376 285 2397 tum
301 2378 366 2397 vero
389 2370 495 2404 ineptiis
504 2369 694 2397 suisltomines
710 2369 794 2404 magis
806 2370 945 2404 magisque

155 2418 318 2444 erubescere
331 2416 499 2451 incipientes,
516 2415 655 2443 Christum
678 2415 822 2442 Dotuinum
835 2415 944 2450 quidam

154 2472 203 2499 spe
218 2464 322 2491 alacres
335 2469 426 2497 aperte
441 2463 640 2498 sequebantur;
659 2469 721 2496 pars
739 2466 811 2489 metu
828 2462 945 2497 perculsi

155 2510 310 2538 sentiebant
335 2509 431 2536 melius
460 2517 541 2544 quam
571 2508 738 2536 fatebantur.
764 2508 830 2536 Nam
855 2509 945 2537 caeteri

153 2556 352 2592 grassabantur
366 2556 391 2582 in
407 2562 465 2588 eos,
485 2556 546 2590 quia
567 2555 623 2582 suis
637 2555 832 2591 cupiditatibus
854 2555 943 2590 impli-

153 2604 201 2631 citi
219 2611 296 2631 novze
313 2603 381 2638 legis
394 2601 600 2630 sanctimoniam
623 2602 716 2629 videre
740 2609 794 2628 non
808 2605 942 2636 poterant,

153 2649 196 2677 vel
211 2653 284 2676 certe
299 2649 446 2679 nolebant.
471 2648 567 2682 quippe
590 2648 777 2674 adversantem
798 2648 942 2682 voluptati-

154 2696 205 2722 bus
221 2696 294 2728 suis,
323 2702 392 2729 quas
417 2694 453 2721 illi
480 2701 644 2728 magnopere
666 2693 783 2728 amplexi
811 2699 942 2727 tenentes,

153 2749 215 2768 cum
231 2740 309 2767 aliter
326 2747 379 2767 non
399 2743 518 2774 possent,
537 2739 562 2765 vi
587 2747 618 2765 ac
643 2743 747 2766 terrore
771 2739 837 2766 tueri
864 2747 944 2774 para-

154 2788 237 2820 bant;
257 2787 342 2813 donec
353 2785 408 2819 jam
425 2784 477 2811 title
493 2784 644 2812 conﬁrmati
661 2785 828 2820 complures,
843 2785 943 2812 ferrum

154 2841 186 2860 ac
206 2837 341 2861 tormenta
360 2835 494 2868 peterent,
509 2837 676 2866 mortemque
690 2833 775 2868 ipsam
788 2839 836 2866 pro
844 2831 944 2859 Christi

197 2891 274 2920 'Osc.
291 2899 333 2925 tu,
352 2892 378 2920 4.
419 2891 491 2919 'lsa.
510 2899 547 2924 rt,
563 2891 590 2924 9,
607 2891 649 2918 l0.

998 2232 1178 2267 perniciosior
1190 2230 1254 2263 dici,
1273 2233 1320 2257 aut
1334 2229 1397 2264 tingi
1421 2232 1523 2263 potest,
1539 2227 1585 2262 qui
1611 2229 1715 2254 utentes
1738 2226 1787 2253 lto-

999 2279 1102 2305 minum
1120 2284 1231 2304 securas
1247 2276 1330 2311 ipsas,
1343 2279 1370 2302 et
1383 2278 1513 2309 praetextu
1537 2272 1613 2308 pacis
1635 2271 1787 2299 securiores

998 2323 1096 2355 factas,
1125 2321 1315 2350 circumvenit.
1349 2320 1487 2355 Siquidem
1509 2325 1569 2346 sese
1585 2322 1719 2349 ostentat,
1742 2325 1788 2344 ar-

999 2371 1050 2398 mis
1076 2369 1176 2397 nostris
1195 2373 1222 2395 et
1251 2368 1401 2403 insignibus
1426 2367 1587 2397 instructus,
1616 2370 1646 2392 ut
1663 2364 1786 2392 incautos

999 2408 1226 2451 opprimat,uihi|
1243 2414 1334 2442 minus
1355 2421 1434 2449 quam
1462 2413 1561 2440 bellum
1585 2415 1784 2446 exspectantes.

1000 2461 1083 2495 Dolus
1102 2462 1186 2494 enim,
1199 2465 1230 2488 ut
1243 2460 1309 2488 mihi
1327 2460 1442 2492 videtur,
1457 2458 1524 2486 nihil
1547 2458 1619 2485 aliud
1645 2461 1686 2484 est
1704 2464 1784 2491 quam

998 2507 1066 2535 falsa
1081 2507 1195 2535 miscere
1210 2514 1271 2534 cum
1285 2506 1367 2538 veris,
1383 2506 1453 2533 bona
1478 2512 1539 2532 eum
1565 2503 1643 2531 malis
1669 2511 1676 2530 :
1698 2507 1728 2529 ut
1742 2502 1784 2529 vi»

998 2562 1061 2581 num
1078 2561 1147 2588 aqua
1164 2552 1306 2586 vitiatum,
1329 2556 1357 2579 ut
1382 2558 1478 2578 aurum
1502 2549 1545 2576 vel
1568 2553 1709 2583 argentum
1731 2555 1785 2575 aere

997 2600 1137 2628 confusum
1160 2599 1348 2631 adulteratur;
1373 2598 1412 2625 sic
1435 2597 1536 2624 veritas
1556 2594 1663 2630 quoties
1684 2594 1784 2622 sanctis

996 2645 1088 2672 verbis
1107 2644 1219 2678 profana
1234 2645 1398 2671 inseruntur.
1423 2643 1460 2670 Eo
1474 2642 1564 2669 evenit
1583 2645 1613 2668 ut
1628 2640 1719 2668 multis
1736 2647 1785 2668 an-

998 2695 1040 2718 tea
1054 2691 1261 2725 tempestatibus
1276 2690 1394 2725 perfidus
1405 2689 1449 2717 hic
1462 2690 1547 2717 hostis
1561 2689 1639 2716 fidem
1663 2692 1783 2716 nostram

997 2736 1055 2763 suis
1075 2736 1179 2763 insidiis
1196 2736 1325 2767 obsitam,
1342 2743 1408 2770 pene
1422 2735 1454 2762 ad
1469 2734 1608 2762 interitum
1623 2733 1782 2761 deduxerit:

998 2791 1059 2811 cum
1074 2783 1204 2810 adversus
1225 2790 1282 2809 rem
1297 2782 1478 2810 Christianam
1507 2782 1576 2810 lilios
1599 2788 1682 2816 prope
1705 2780 1786 2807 innu-

1001 2837 1091 2858 meros
1107 2830 1232 2858 ediderit.
1247 2829 1296 2857 llic
1321 2829 1466 2857 Eunomios
1491 2829 1603 2863 extulit,
1619 2828 1663 2856 hic
1687 2816 1790 2855 Nesto-I
