2000 3045
209 150 291 170 XLVIII

876 144 1142 174 PROLEGOMENA.

209 202 275 235 rios,
292 202 336 230 hic
349 202 552 235 Samosatenos,
566 205 610 232 hic
624 205 774 233 Marciones
787 207 994 240 ethlanichrcos,
1009 209 1031 236 Α
1047 206 1119 233 muni
1145 205 1262 232 omnium
1279 203 1358 231 saluti
1376 203 1540 231 consuleres.
1560 202 1617 229 Non
1635 200 1825 236 longitudinem

210 247 254 274 hic
270 246 446 281 Herodianos,
461 249 504 276 hic
519 250 675 285 Eutychios,
690 252 734 279 hic
751 252 912 280 Saddnca‘os
926 255 994 280 Ara-

210 293 291 321 besve
303 295 422 329 protulit.
436 296 554 330 aliosque
566 297 673 330 mullos,
689 306 757 332 quos
771 300 876 326 etntteis
888 299 994 333 longum

211 343 281 366 esset
295 346 452 367 enumerare
467 349 474 368 :
491 342 538 368 sed
552 342 697 370 novissime
713 344 798 370 dirum
816 344 890 371 nefas
901 345 993 370 Arium

211 385 365 419 progenuit,
377 386 447 414 sicut
459 387 483 413 in
496 387 593 414 fabulis
603 389 691 420 tellus,
703 390 841 424 gigantum
858 391 995 424 indignata

212 432 292 462 caede,
308 436 457 459 monstrum
473 433 498 459 in
514 433 578 460 deos
593 436 729 468 peperisse
744 436 830 462 fertur
841 437 994 463 innnanius.

213 476 278 502 Nam
293 477 338 503 alii
355 479 459 505 tametsi
479 486 589 514 magnas
605 481 629 506 in
646 488 675 507 re
687 480 838 508 Christiana
856 481 996 508 calamita-

212 525 252 548 tes
274 521 406 554 fecerunt,
430 529 477 550 eos
498 528 585 550 tamen
604 524 748 560 aliquando
772 526 857 552 nostri
881 525 997 552 nominis

213 566 329 601 theologi
349 567 398 594 viri
422 568 543 602 singulos
567 569 666 604 singuli
683 571 848 605 excipientes
869 570 996 606 proﬂiga-

210 619 285 639 vere.
305 611 382 640 Nunc
398 620 462 640 vero
476 614 502 640 in
518 621 600 640 unum
619 616 744 642 conversi
763 623 856 642 omnes
879 617 996 651 (tantum

211 658 322 685 fallendi
337 663 395 686 arte
413 658 587 694 pollebant!)
603 660 647 687 vix
670 661 777 688 tandem
803 662 927 696 subigere
951 669 999 696 po-

212 708 332 731 tuerunt.
349 705 380 731 Et
399 709 427 731 ut
439 705 507 732 alios
523 706 644 732 omittam
662 706 821 734 Christiana:
842 707 902 734 Ιίάυί
921 708 998 742 pugi-

212 748 262 781 les,
276 756 309 777 ex
325 750 425 777 nostris
442 750 574 777 notissimi
592 750 770 785 Hieronymus
779 757 805 777 et
819 752 996 786 Augustinus,

213 794 275 826 duo,
293 799 322 821 ut
338 795 372 821 ita
389 795 487 827 dicant,
508 796 695 823 haereticorum
713 797 832 830 scopuli;
848 805 881 825 ex
896 797 998 825 Griecis

213 841 281 868 duos
295 840 357 868 item
376 849 431 875 prae
454 843 558 869 cancris
583 843 609 869 in
631 842 745 870 Arianos
767 843 908 877 scripsisse
924 851 999 870 cont-

213 886 298 920 perio,
306 885 435 921 Cyrillum
448 887 658 914 etAthanasium
677 897 684 915 :
698 895 810 922 quorutn
823 889 890 916 alter
902 889 999 916 librum

213 932 309 964 edidit,
326 932 352 959 in
365 940 418 967 quo
433 933 474 960 vir
489 933 532 960 ille
552 941 646 961 omnes
664 942 756 962 eorum
778 935 904 970 ambages
922 935 997 962 evol-

213 984 278 1004 vere
296 985 328 1004 ac
349 978 471 1005 refellere
486 979 590 1012 studet;
612 979 776 1007 Athanasius
797 985 885 1006 autem
907 985 999 1006 orator

213 1022 344 1057 locuples,
362 1024 512 1058 disputator
523 1029 618 1051 acutus
628 1025 699 1051 ident
717 1032 748 1052 ac
764 1025 918 1056 vehemens,
934 1025 998 1052 sub-

215 1069 305 1095 dolum
329 1074 356 1096 et
382 1069 439 1103 ipse
458 1069 554 1096 Arium
578 1070 808 1104 multiplicemque
835 1074 997 1104 pertentat:

215 1119 245 1141 ut
260 1115 343 1149 ipsius
358 1115 391 1141 ad
408 1114 517 1150 Egypti
533 1122 561 1142 et
577 1115 669 1150 Libya:
681 1116 820 1150 episcopos
834 1115 945 1150 epistola
962 1116 999 1142 in-

217 1160 297 1192 dicat,
313 1164 340 1188 et
356 1161 437 1188 altera
455 1161 488 1188 ad
514 1161 688 1196 Serapionem
713 1163 745 1189 de
767 1162 868 1196 Spiritu
892 1168 996 1195 sancto,

215 1210 383 1239 quatuorque
408 1213 548 1234 sermones
564 1226 572 1239 ,
596 1213 701 1233 necnon
733 1207 841 1234 divinus
870 1208 914 1234 ille
936 1215 997 1235 cutn

215 1251 280 1278 Ario
294 1251 426 1286 dialogus,
440 1252 484 1279 ubi
505 1260 538 1279 ex
556 1254 613 1286 ipso
638 1253 782 1286 dilabente,
801 1260 833 1280 ac
856 1253 902 1280 diu
927 1253 997 1280 mul-

217 1303 330 1331 tuntque
343 1302 491 1331 repetente,
507 1298 646 1325 veritatem
664 1303 817 1333 extorquet.
835 1299 898 1325 Haec
914 1298 998 1325 Atha-

217 1342 286 1369 nasii
301 1347 393 1370 contra
414 1343 505 1370 Arium
529 1344 629 1378 scripta
654 1343 791 1373 divinitus,
817 1351 931 1378 cumque
956 1344 997 1371 his

216 1388 343 1415 homilias
368 1390 447 1422 duas,
466 1395 560 1416 contra
581 1391 694 1425 gentiles
719 1398 815 1424 unam,
841 1391 952 1417 alteram
965 1391 998 1418 de

217 1434 385 1461 humanitate
401 1435 518 1468 Christi,
539 1443 634 1470 magno
655 1436 744 1463 studio
758 1437 919 1463 traducenda
938 1443 998 1463 sus-

217 1481 275 1515 cepi
292 1490 300 1508 :
320 1489 380 1516 quae
395 1482 495 1509 nomini
512 1487 567 1514 tuo,
579 1482 736 1510 beatissime
746 1482 826 1510 Pater
837 1503 845 1515 ,
861 1483 906 1510 Dei
924 1483 998 1510 beni-

217 1527 319 1562 gnitate
338 1527 457 1554 traducta
487 1529 615 1555 devoveo.
641 1528 707 1555 Natu
732 1528 837 1555 etiamsi
863 1529 932 1555 tanti
947 1529 997 1556 viri

1046 253 1094 279 vite
1105 272 1112 283 ,
1129 259 1180 278 non
1198 251 1318 277 locorum
1335 250 1495 284 asperitates
1515 248 1645 275 horruisti
1663 259 1669 275 :
1686 247 1775 274 omnia
1788 247 1827 273 vi-

1047 303 1079 324 ta?
1097 297 1267 324 incommoda
1283 304 1329 330 pro
1342 296 1426 322 nihilo
1439 294 1555 322 habuisti
1571 303 1577 320 :
1595 294 1682 327 utqui
1699 293 1754 328 jam
1771 298 1828 319 tttm

1046 343 1171 370 Ecclesia:
1188 342 1279 373 cardo,
1296 349 1345 368 nec
1361 341 1430 367 tutati
1450 348 1499 368 nec
1518 339 1663 366 valetudini
1680 345 1804 372 parceres
1819 346 1826 364 :

1046 391 1092 417 sed
1107 389 1176 423 quod
1198 388 1326 414 Dominus
1350 387 1417 414 dixit
1447 387 1533 421 reipsa
1555 391 1715 420 praestares,
1733 384 1829 411 Pastor

1048 437 1130 462 bonus
1144 436 1259 462 animant
1275 442 1349 460 suam
1364 441 1410 467 pro
1421 433 1510 460 ovibus
1524 432 1594 467 ponit
1603 432 1623 458 ³.
1640 431 1662 458 0
1674 435 1700 457 te
1712 430 1827 462 felicem,

1047 482 1199 509 Christiane
1226 480 1353 514 populus,
1368 480 1413 513 qui
1440 479 1518 505 talem
1542 482 1700 511 tantuntque
1722 476 1827 503 Patrem

1047 528 1157 555 sortitus
1172 526 1270 553 fueris!
1289 526 1310 553 Ο
1328 525 1470 559 benignum
1491 524 1593 557 potius.
1612 522 1830 550 misericordem-

1048 580 1099 607 quc
1114 573 1213 603 Deum,
1232 573 1277 607 qtti
1294 577 1414 606 tempora
1439 575 1528 597 nostra
1553 570 1697 595 ntiscratus
1721 575 1830 602 gregem

1049 625 1125 645 suutn
1150 617 1250 652 pastori
1272 624 1336 643 vero
1358 615 1578 643 dentandaverit!
1609 613 1668 641 Jam
1693 620 1757 640 vero
1783 620 1830 646 spe

1047 664 1115 691 bona
1130 671 1178 690 vos
1204 670 1264 690 esse
1280 663 1377 697 juheo,
1393 662 1552 689 Christiani.
1578 660 1701 688 Profecto
1727 664 1830 685 tantum

1048 709 1268 744 prontptitudinis
1282 709 1360 739 Deus,
1375 713 1531 740 tantumque
1545 707 1626 734 studii
1643 706 1750 733 minime
1763 712 1831 731 con-

1050 759 1160 781 temnet.
1183 753 1249 780 Nam
1267 755 1289 781 si
1303 758 1407 780 veteres
1420 753 1456 779 illi
1469 753 1562 779 Patres
1582 752 1608 778 in
1639 751 1701 778 dolo
1721 750 1831 776 inimico

1050 799 1097 826 Dei
1112 799 1301 833 expugnando,
1317 798 1362 833 qtti
1377 803 1406 824 ut
1420 798 1454 824 ab
1468 798 1543 824 initio
1558 797 1649 828 docui,
1663 795 1831 830 perniciosus

1049 850 1091 873 est
1105 845 1267 880 (capilenim
1291 844 1464 878 improvidos,
1486 849 1577 877 utpote
1600 843 1685 869 sacris
1706 841 1832 876 palliatus

1051 891 1194 926 eloquiis);
1211 891 1232 918 si
1252 891 1278 918 in
1297 891 1432 925 ambiguo,
1450 890 1569 922 inquam,
1587 888 1747 920 refellendo,
1761 887 1831 922 quod

1050 939 1099 964 sub
1116 938 1170 964 veri
1185 937 1274 971 specie
1301 936 1412 968 latebat,
1437 937 1524 962 sancti
1550 935 1599 962 viri
1622 935 1763 969 praesentia
1784 942 1832 960 sua

1053 987 1155 1010 tantum
1169 983 1286 1014 valuere,
1307 988 1335 1009 ut
1349 990 1362 1008 a
1379 982 1494 1009 veritate
1510 981 1644 1008 Rounanos
1656 980 1737 1007 etiam
1753 980 1836 1013 impe-

1053 1035 1156 1055 ratores
1169 1033 1242 1055 stare
1261 1027 1456 1062 compulerint;
1472 1027 1535 1062 quid
1551 1027 1576 1053 in
1589 1025 1709 1060 periculo
1725 1024 1834 1059 propul-

1050 1077 1145 1106 sando,
1166 1078 1218 1101 tam
1236 1078 1310 1101 certo
1333 1078 1441 1107 tamque
1462 1073 1600 1107 explorato
1613 1092 1621 1103 ,
1647 1070 1833 1098 sanctissimus

1050 1119 1129 1146 Pater
1142 1123 1272 1153 quantum
1289 1118 1401 1145 efﬁciet?
1414 1117 1507 1144 Nonne
1525 1120 1668 1151 conspectu
1684 1115 1740 1150 ipso
1760 1114 1833 1148 prin-

1051 1166 1142 1199 cipum
1163 1173 1194 1192 ac
1209 1172 1300 1198 regum
1313 1164 1417 1190 animos
1434 1162 1562 1194 movebit,
1577 1166 1604 1188 ut
1616 1169 1645 1188 se
1655 1161 1688 1188 ad
1701 1161 1771 1187 hanc
1786 1166 1832 1186 ex-

1050 1211 1213 1246 peditionem
1227 1211 1379 1245 accingant,
1397 1214 1450 1236 tant
1478 1209 1618 1236 honestam
1631 1228 1638 1240 ,
1655 1212 1762 1240 tamque
1787 1212 1834 1231 ne-

1051 1255 1217 1283 cessariam?
1232 1254 1392 1282 Sanctorum
1410 1254 1481 1281 enim
1495 1253 1614 1280 virorum
1626 1259 1679 1279 non
1697 1251 1778 1278 verba
1790 1257 1834 1277 sn-

1051 1300 1116 1332 lutn,
1132 1299 1178 1327 sed
1194 1299 1267 1326 frons
1278 1299 1359 1326 etiam
1373 1303 1452 1332 atque
1461 1297 1533 1325 oculi
1546 1297 1598 1324 vim
1613 1296 1728 1323 divinam
1741 1302 1833 1329 quam-

1051 1346 1110 1372 dant
1138 1353 1192 1379 pra:
1217 1353 1246 1372 se
1272 1345 1372 1371 terunt.
1397 1343 1572 1379 Apparcbunt
1595 1343 1676 1377 igitur
1699 1341 1832 1376 maiestati

1052 1396 1112 1422 tntae,
1125 1390 1280 1417 beatissime
1293 1390 1383 1422 Pater,
1395 1397 1456 1417 cttm
1468 1388 1557 1416 επιειί
1573 1395 1667 1415 omnes
1676 1407 1683 1418 ,
1700 1391 1755 1414 tum
1770 1394 1833 1413 vero

1050 1436 1109 1463 ltali
1125 1436 1220 1468 duces,
1234 1441 1288 1463 tam
1303 1436 1398 1468 armis,
1413 1443 1493 1469 quant
1517 1434 1635 1469 periculo
1654 1433 1746 1467 primi.
1766 1432 1832 1459 Nam

1053 1487 1079 1509 te
1095 1482 1170 1514 Itale,
1186 1486 1221 1516 te,
1250 1483 1372 1516 inquam,
1397 1481 1518 1516 appello,
1543 1487 1621 1515 quem
1644 1479 1694 1506 ista
1718 1479 1833 1513 procella

1051 1531 1127 1565 petit,
1139 1531 1183 1558 cui
1200 1531 1317 1557 mittatur
1331 1530 1441 1557 exitium
1457 1540 1464 1557 :
1482 1530 1546 1564 quid
1560 1528 1688 1556 dubitas?
1700 1527 1763 1562 quid
1779 1531 1832 1553 ter-

218 1573 401 1601 charactercm
416 1574 568 1608 exprimere
583 1582 634 1601 non
652 1574 726 1608 potui
740 1594 747 1607 ,
764 1579 792 1602 ut
810 1580 940 1609 quatttum
957 1574 1001 1601 ille
1013 1572 1034 1600 C
1051 1576 1213 1611 giversaris?
1227 1576 1264 1603 Te
1280 1575 1340 1603 belli
1359 1576 1505 1603 necessitas
1518 1575 1656 1609 sequitur,
1675 1573 1697 1601 si
1712 1580 1771 1600 eam
1794 1572 1834 1598 fus

218 1619 351 1652 dicendo,
376 1623 479 1646 tantum
501 1628 550 1655 ego
574 1625 704 1647 vertendo
733 1628 932 1654 consequerer;
958 1625 1003 1647 tua

218 1670 307 1692 tamen
324 1664 451 1697 lectione,
467 1665 622 1692 beatissime
637 1666 734 1698 Pater,
759 1673 811 1693 non
830 1665 937 1699 indigna
959 1673 1005 1700 pu-

218 1711 283 1743 tavi,
299 1717 347 1738 nec
362 1711 461 1738 absona
477 1711 585 1746 quidem
602 1713 635 1738 ab
654 1719 685 1738 ea
707 1711 872 1746 cogitatione
883 1731 890 1743 ,
907 1712 932 1737 in
950 1717 1003 1745 qua

1051 1622 1102 1656 gis,
1117 1621 1181 1655 quin
1205 1621 1394 1655 expergiscere
1419 1621 1526 1647 tandem
1547 1639 1555 1645 .
1574 1619 1740 1654 populusque
1750 1617 1833 1651 prior,

1051 1667 1078 1693 in
1092 1666 1161 1693 bella
1175 1671 1302 1693 converte
1318 1674 1325 1692 :
1342 1666 1412 1700 quod
1430 1666 1549 1701 profecto
1564 1665 1645 1692 facies
1656 1684 1664 1695 ,
1682 1664 1705 1691 si
1726 1664 1792 1690 bene
1809 1667 1834 1689 te

1052 1716 1213 1744 tuorumque
1228 1710 1336 1745 ingenia
1360 1711 1432 1738 novi.
1454 1711 1547 1745 Neque
1567 1710 1649 1743 enim;
1677 1708 1832 1740 fortissime,

218 1763 294 1783 mens
307 1760 351 1783 tua
369 1761 423 1783 tota
437 1762 574 1790 versatur,
601 1761 631 1784 ut
649 1757 719 1784 hanc
742 1764 756 1783 a
772 1764 852 1791 grege
876 1761 922 1783 tuo
948 1757 1005 1783 bel-
1051 1756 1216 1790 credojussa
1233 1756 1320 1782 aliena
1336 1756 1402 1790 pati,
1427 1760 1454 1783 et
1468 1756 1591 1783 dominos
1609 1755 1754 1790 dignabere
1764 1753 1835 1780 'l‘eu-

218 1799 290 1827 luam
306 1806 396 1834 pastor
411 1806 528 1834 avertas,
553 1809 612 1836 qua:
635 1801 786 1829 cervicibus
812 1802 911 1829 nostris
932 1801 1002 1835 jam-

219 1844 324 1878 pridem
340 1845 482 1873 imminere
504 1846 619 1879 videtu_r.
642 1846 709 1874 Nam
730 1851 758 1873 ut
776 1846 824 1879 illi,
845 1847 879 1874 de
903 1847 1001 1882 quibus

218 1890 298 1917 modo
311 1890 449 1924 dicebam,
465 1893 627 1920 sanctissimi
655 1893 705 1920 viri
728 1900 761 1920 ne
777 1894 916 1920 veritatem
938 1893 1004 1920 inul-

222 1940 275 1962 tam
288 1936 454 1969 desererent,
464 1942 585 1966 extrema
597 1938 687 1965 omnia
698 1939 753 1972 pati
765 1946 818 1966 non
832 1939 1001 1971 dubitabant,

219 1980 343 2014 injurias,
359 1982 546 2013 contumelias,
562 1983 756 2017 relegationes,
772 1983 907 2015 exsilium,
928 1990 1001 2009 mor-

219 2029 272 2052 tem
296 2025 412 2060 denique
432 2027 514 2060 ipsam
528 2047 536 2060 ,
557 2028 579 2054 si
605 2028 715 2055 falsitati
740 2028 818 2055 aliter
839 2028 943 2055 obviam
962 2028 1000 2055 ire

218 2078 271 2098 non
287 2077 428 2106 poterant;
445 2073 485 2100 sic
501 2078 528 2099 tu
545 2081 642 2108 nuper,
662 2074 818 2101 beatissime
833 2074 928 2106 Pater,
943 2073 1002 2100 nul-

201 2116 205 2121 ‘
219 2117 273 2144 lum
292 2117 422 2152 laborem,
438 2118 704 2159 nullum'periculum
717 2118 848 2146 recusasti
859 2138 866 2152 ,
887 2122 916 2146 ut
928 2126 1002 2148 com-

1048 1809 1122 1834 cros,
1142 1802 1181 1829 sic
1199 1802 1270 1828 enim
1287 1809 1315 1828 se
1330 1802 1480 1836 appellant,
1506 1806 1665 1836 tantumque
1690 1799 1741 1827 sibi
1759 1798 1834 1825 vani-

1050 1853 1104 1876 tate
1127 1847 1243 1875 nominis
1271 1853 1413 1884 arrogant,
1448 1853 1477 1874 ut
1502 1847 1653 1875 Romanum
1680 1845 1832 1880 imperium,

1048 1893 1070 1920 si
1084 1893 1137 1920 Deo
1154 1892 1252 1927 placet,
1271 1896 1399 1926 tanquam
1417 1893 1537 1920 debitunt
1565 1895 1697 1926 repetant.
1722 1890 1774 1917 Sed
1792 1897 1834 1916 tne

1046 1937 1201 1973 jamdudum
1226 1938 1348 1971 prooemii
1368 1942 1455 1964 metas
1489 1937 1580 1972 egredi
1609 1935 1696 1963 sentio
1719 1944 1725 1961 :
1751 1941 1834 1969 quare

1053 1981 1199 2009 Athanasio
1213 1981 1316 2014 cedam,
1330 1987 1358 2009 ut
1371 1983 1414 2009 ubi
1434 1982 1562 2015 volueris,
1579 1981 1732 2009 beatissime
1744 1979 1832 2012 Pater,

1052 2027 1139 2054 virum
1156 2027 1249 2054 audias
1271 2027 1398 2061 praclare
1421 2036 1481 2056 cutn
1509 2027 1573 2056 Ario
1597 2027 1629 2055 de
1658 2026 1758 2054 Christi
1781 2025 1834 2053 title

1054 2077 1212 2103 certantem.

218 2198 252 2227 In
270 2197 415 2240 editione
434 2199 572 2240 Parisina
589 2207 663 2240 anni
688 2200 766 2240 1520
781 2199 846 2240 hac
861 2199 983 2240 l‘iicolai
999 2199 1121 2240 Beraldi
1138 2199 1275 2240 epistola,
1290 2199 1501 2240 praemittitur,
1522 2198 1575 2228 ubi
1593 2197 1707 2240 agitur,
1723 2196 1832 2240 perin-

258 2237 295 2267 de
312 2246 347 2267 ac
365 2238 394 2266 in
411 2238 559 2278 sequenti
578 2239 779 2278 praefatione,
807 2239 845 2270 de
869 2238 1115 2270 Commentariis
1139 2235 1386 2278 ’l‘heOphylacti,
1412 2246 1483 2278 quas
1501 2242 1574 2269 tunc
1591 2235 1624 2268 ut
1643 2235 1835 2266 Athanasio-

258 2284 334 2307 num
351 2284 431 2315 opus
448 2277 531 2306 inter
545 2277 756 2309 Athanasiana
772 2278 885 2317 scripta
902 2278 970 2308 cudi
988 2278 1140 2308 solebant.

373 2327 502 2355 Nicolaus
514 2327 658 2362 Beraldus,
680 2329 831 2357 doctissimo
845 2338 875 2356 ac
889 2329 1081 2363 sapientissimo
1096 2329 1202 2362 prttauli
1214 2328 1339 2359 Michaelt‘
1351 2327 1462 2362 Bodeto,
1475 2327 1678 2362 Lingonensium

889 2365 1020 2399 episcopo,
1033 2364 1063 2391 S.
1078 2363 1111 2390 P.
1129 2364 1162 2390 ι).

253 2409 290 2437 Ea
304 2414 346 2438 est
364 2411 543 2438 humanarum
556 2418 645 2438 rerum
658 2411 787 2446 conditio,
802 2419 833 2439 ea
847 2411 900 2444 lex,
920 2412 942 2440 is
956 2420 1001 2447 ge-
1015 2418 1042 2450 ι)
1055 2419 1135 2438 causa
1154 2418 1260 2439 summo
1285 2415 1349 2437 sunt
1375 2415 1402 2437 et
1423 2409 1530 2445 ingenio
1554 2413 1581 2436 et
1607 2416 1698 2436 taoore
1715 2408 1831 2439 inventa,

217 2455 287 2489 nius,
302 2457 398 2491 prassul
422 2457 637 2492 sapientissime,
653 2462 683 2484 ιιι
697 2457 730 2484 ab
754 2458 811 2490 ipso
825 2464 885 2484 ortu
903 2465 952 2485 suo
974 2458 1000 2485 in

216 2502 334 2530 deterius
351 2508 479 2537 perpetuo
491 2503 628 2534 labantur,
646 2504 678 2530 ab
701 2504 836 2537 initiisque
852 2503 907 2530 suis
923 2503 1002 2538 longe

216 2547 321 2582 lateque
335 2548 497 2583 degenerent
510 2568 518 2581 ,
539 2556 554 2576 a
575 2557 688 2583 seseque
717 2549 864 2576 dissideant
890 2548 999 2582 jatnjam

215 2598 383 2627 postremum
398 2595 523 2629 periturre
538 2604 544 2622 :
562 2596 633 2630 quod
651 2603 710 2623 cum
731 2602 801 2630 saepe
820 2595 891 2621 ttulla
913 2595 1000 2622 homi-

215 2647 279 2666 num
294 2640 383 2673 culpa,
401 2641 448 2668 sed
464 2646 564 2669 naturae
576 2642 661 2676 ipsius
675 2642 783 2670 decreto
801 2643 915 2677 quodam
934 2649 998 2669 eve-

215 2683 282 2716 niat,
295 2691 327 2711 eo
341 2683 480 2712 ferendum
504 2692 546 2713 est
571 2686 690 2720 aequius,
712 2694 766 2721 quo
790 2687 860 2713 nttlla
882 2687 999 2713 humana

215 2736 277 2763 ope,
292 2729 364 2757 nullo
377 2730 514 2758 hominum
528 2728 658 2765 conﬁtio,
676 2740 708 2759 ea
725 2740 783 2759 sors
801 2732 879 2758 vitari
901 2735 999 2766 potest,

217 2778 297 2808 atque
329 2773 464 2802 interdum
491 2783 524 2802 ne
548 2776 649 2804 ditferri
673 2777 789 2811 quidem.
812 2777 840 2803 ld
856 2784 921 2803 vero
945 2783 997 2803 non

216 2820 295 2855 paulo
310 2819 458 2853 indignius,
471 2821 542 2856 quod
555 2829 615 2855 quae
630 2823 664 2851 ab
684 2823 837 2850 hominibus
859 2822 998 2849 hominum

252 2866 263 2883 '
275 2864 353 2896 Joau.
374 2873 402 2899 ι,
417 2865 459 2893 lt.

1051 2464 1162 2491 qua-que
1172 2465 1222 2483 non
1232 2457 1275 2484 ditt
1286 2457 1363 2483 modo
1372 2455 1570 2487 ﬂorentissima,
1579 2455 1625 2482 sed
1634 2454 1715 2481 etiam
1725 2454 1834 2480 immor-

1053 2502 1114 2530 talia
1139 2510 1199 2530 esse
1219 2502 1416 2533 conveniebat,
1431 2509 1461 2528 ea
1490 2501 1528 2528 sic
1543 2501 1576 2528 ab
1590 2499 1745 2527 hominibus
1767 2498 1834 2532 ipsis

1053 2549 1212 2584 plerumque
1237 2547 1362 2575 temerari
1388 2548 1508 2573 videmus
1525 2553 1557 2572 ac
1579 2544 1676 2579 pollui,
1702 2547 1731 2570 ut
1752 2550 1832 2576 quam

1051 2599 1113 2622 sunt
1127 2595 1160 2621 ab
1173 2594 1226 2621 illis
1240 2594 1272 2620 ad
1288 2601 1364 2620 usum
1381 2592 1533 2619 ntortalium
1553 2591 1687 2625 sapienter
1705 2589 1830 2624 cogitata,

1051 2644 1103 2668 tam
1116 2648 1186 2668 nunc
1199 2641 1230 2667 ad
1246 2647 1340 2667 eorum
1352 2639 1498 2674 perniciem
1511 2639 1544 2666 ab
1554 2638 1613 2665 aliis
1623 2640 1749 2671 corrttpta
1759 2635 1834 2662 adul-

1049 2691 1190 2721 terataque
1202 2693 1261 2713 csse
1286 2686 1439 2713 videantur.
1459 2684 1543 2716 Nam,
1565 2687 1594 2710 ut
1624 2683 1675 2710 alia
1699 2681 1831 2714 omittam,

1048 2732 1108 2766 quis
1121 2739 1174 2759 non
1192 2732 1266 2759 videt
1291 2735 1392 2766 quanta
1409 2732 1444 2757 sit
1463 2730 1647 2765 superioribus
1662 2728 1766 2755 steculis
1786 2727 1834 2754 bn-

1048 2778 1091 2804 nis
1112 2778 1216 2804 artibus
1231 2785 1262 2804 ae
1274 2777 1370 2804 studiis
1385 2784 1399 2803 a
1416 2777 1537 2803 barbaris
1548 2775 1637 2803 clades
1653 2775 1735 2806 illata,
1753 2781 1834 2808 quam

1053 2822 1123 2849 foede
1142 2830 1155 2848 a
1168 2822 1262 2850 Gothis
1278 2823 1336 2850 istis
1352 2822 1499 2856 disciplinas
1520 2828 1615 2849 omnes
1633 2824 1781 2854 corrupte,
1800 2819 1834 2845 ab
