2000 3045
741 169 990 197 ΡΠᾹΞΡΑΤΙΟΝΕΞ
1008 167 1176 199 VETERES.

1722 177 1785 200 ιιιι

161 225 277 255 indoctis
295 229 411 258 vexatae,
433 232 448 252 a
461 224 591 259 sophistis
601 244 609 257 ,
626 231 694 259 pene
709 225 824 252 dixerim
838 246 846 258 ,
858 232 950 252 excar-
963 228 986 256 Α
1000 225 1170 261 loquaculum
1185 232 1217 253 ac
1229 226 1385 258 barbarum,
1398 233 1451 254 non
1467 227 1546 254 modo
1560 227 1660 262 ingenii
1675 235 1786 256 succum

162 270 298 298 nilicatae?
321 277 380 305 quae
406 270 514 297 tandem
537 270 715 304 philosophim
739 277 804 304 pars
832 278 885 298 non
906 275 949 297 est

161 318 230 346 hanc
245 316 436 345 contumeliam
451 320 561 350 experta
573 316 584 343 τ
596 316 810 350 quotusquisque
823 324 887 343 vero
907 320 949 343 est

161 373 193 392 ex
210 363 252 396 iis,
267 363 312 398 qui
327 369 356 390 se
368 362 440 389 solos
454 362 648 396 Peripateticos
658 369 689 389 ac
710 361 884 397 philosophos
899 362 946 389 ha-

160 411 218 438 beri
238 410 341 440 volunt,
362 409 449 443 deque
465 407 611 436 Aristotele
625 408 682 443 ipso
699 409 806 443 egregie
821 416 850 436 se
867 409 948 436 meri-

160 461 202 484 tos
216 456 366 491 gloriantur
383 462 414 480 ac
429 454 593 490 praedicant,
611 461 690 489 quem
707 462 759 481 non
784 455 869 489 magis
892 455 947 482 Bu-

161 502 247 530 ridani
261 501 352 528 nescio
366 500 444 535 cujus
460 500 540 527 lectio
557 504 657 532 teneat,
675 507 755 533 quam
775 500 947 527 Aristotelis?

160 549 261 583 quique
277 547 402 574 immania
423 546 468 574 illa
489 546 651 580 glossemata
677 548 748 581 (quae
769 551 844 574 tanto
858 547 947 582 philo-

161 594 248 628 sopho
274 593 384 620 nimium
416 593 586 628 impudenter
619 592 811 626 ascribuntur,
836 600 867 620 ac
898 601 946 627 pro

161 639 341 667 Aristotelicis
356 639 454 674 passim
462 639 590 674 citantur)
604 646 657 666 non
667 639 751 674 pluris
762 638 853 672 faciat,
865 647 943 674 quam

161 693 221 720 qua:
237 685 277 712 vir
290 685 333 711 ille
346 685 371 711 in
388 684 461 710 nmni
479 684 682 719 disciplinarum
704 691 804 719 genere
825 691 947 712 summus

160 736 233 759 tanta
250 738 315 759 cura
327 738 358 758 ac
372 731 461 757 studio
480 735 506 757 et
523 730 658 765 exquisita
682 735 711 758 et
735 731 836 765 scripta
856 736 946 765 poste-

159 778 196 805 ris
210 777 323 812 legenda
349 776 482 810 reliquit?
497 783 529 804 ac
548 777 582 804 de
597 776 742 804 Aristotele
755 777 864 812 quidem
888 777 946 812 ipso

158 824 236 851 facile
250 828 388 858 utcunque
400 823 498 856 fuerat,
510 827 538 850 ut
555 822 632 857 cujus
643 823 776 856 doctrina,
790 831 944 858 quanquam

158 869 316 897 admiranda
334 876 365 897 ac
379 876 493 901 summa,
508 869 661 896 Christiana
675 868 833 903 simplicitas
850 876 945 896 carere

156 916 285 951 potuerit,
304 915 354 942 nisi
370 915 433 942 inde
446 915 562 941 excitata
579 915 673 941 eadem
690 915 752 941 mali
771 914 853 948 labes,
873 915 944 949 ipsas

157 969 264 996 quoque
278 965 468 989 sacrosanctos
487 961 577 995 leges,
604 961 701 995 quibus
724 961 855 992 vivimus,
875 961 944 995 jam-

157 1009 261 1043 pridem
276 1012 432 1043 occuparet.
449 1007 513 1034 illud
534 1015 616 1042 porro
633 1007 819 1042 indignitatem
837 1015 943 1034 omnem

156 1058 274 1089 superat,
293 1055 364 1089 quod
378 1054 583 1089 quamplurimas
602 1055 654 1082 hoc
667 1054 766 1082 sarculo
780 1059 880 1082 exortae
899 1063 944 1082 ra-

156 1107 198 1127 na:
218 1099 281 1135 (quo
296 1100 406 1127 nomine
419 1101 508 1134 potius
529 1100 665 1135 sophistas
685 1100 851 1136 appellem?)
866 1100 944 1128 Salo-

156 1146 244 1173 monis
262 1146 404 1180 templum,
420 1153 452 1173 ac
468 1145 570 1174 Christi
595 1153 702 1180 quoque
723 1146 873 1174 Ecclesiam
893 1155 944 1173 nu-

156 1199 207 1226 per
224 1191 333 1223 adortze,
348 1192 434 1226 ipsam
450 1191 634 1227 evangelicam
655 1193 796 1219 veritatem
816 1193 851 1219 ita
874 1192 945 1220 ftede

157 1237 323 1269 distrahunt,
339 1237 480 1272 diripiunt,
497 1238 637 1271 lacerant;
653 1244 683 1264 ut
694 1246 754 1272 quae
765 1246 814 1266 suo
826 1239 946 1266 candore

157 1282 283 1314 illustris,
304 1283 423 1316 eximia,
445 1283 544 1310 intacta
573 1290 798 1319 sacrosanctaque
823 1292 884 1312 esse
899 1284 946 1312 de-

155 1329 263 1360 buerat,
281 1329 315 1355 ab
332 1329 365 1356 iis
382 1337 435 1356 non
463 1330 544 1356 modo
572 1330 598 1356 in
620 1330 743 1357 ordinem
767 1335 871 1363 coacta,
898 1331 945 1358 sed

155 1375 295 1410 suggillata
310 1375 390 1402 etiam
406 1374 441 1401 sit
466 1382 496 1401 ac
515 1382 583 1409 pene
597 1375 740 1410 prostituta
756 1384 763 1402 :
781 1383 831 1403 nec
848 1376 946 1404 desunt

156 1426 245 1448 tamen
259 1421 448 1457 (olempora!)
467 1421 511 1456 qui
537 1429 571 1448 ex
596 1422 745 1449 istiusmodi
760 1421 863 1448 lacunis
887 1430 946 1448 ma-

155 1466 215 1499 lint,
232 1475 311 1502 quam
326 1475 359 1494 ex
377 1471 496 1495 veterum
514 1467 700 1503 theologorum
716 1469 869 1503 purissimis
884 1468 945 1495 fon-

157 1513 228 1540 tibus
247 1513 355 1541 haurire
372 1523 377 1539 :
398 1517 555 1548 tantumque
577 1514 616 1541 eis
641 1513 695 1548 iam
723 1515 862 1547 tribuant,
880 1519 909 1541 ut
923 1514 945 1542 si

155 1566 236 1592 quem
263 1559 370 1586 videant
392 1559 510 1594 antiquis
536 1567 567 1587 ac
593 1560 752 1587 melioribus
775 1560 873 1587 litteris
899 1561 978 1603 ad-C

156 1604 267 1634 dictum.
283 1605 318 1631 ab
335 1604 361 1631 id
375 1612 458 1639 genus
471 1605 579 1638 scriptis
593 1605 635 1632 vel
650 1605 782 1632 tantillum
800 1606 942 1637 dissidere,

156 1650 280 1677 eumdem
295 1650 419 1684 protinus
436 1658 450 1678 e
473 1650 580 1678 sublimi
606 1651 651 1678 illa
677 1651 863 1687 theologorum
882 1659 945 1679 arce

155 1692 326 1719 deturbatum
343 1693 411 1720 infra
435 1693 580 1720 vilissimus
593 1695 794 1728 grammatistas
806 1694 943 1728 abjiciant.

156 1737 337 1766 Rhetorculus
352 1743 403 1771 est,
421 1739 558 1774 inquiunt,
572 1745 653 1774 poeta
669 1745 727 1773 est,
746 1749 799 1769 non
823 1742 944 1776 philoso-

156 1785 235 1818 phus,
254 1792 305 1812 non
323 1785 474 1820 theologus.
489 1785 578 1818 Quare
591 1786 688 1812 mirum
704 1793 756 1813 non
779 1791 831 1817 est,
844 1786 866 1813 si
881 1793 945 1820 pas—

156 1831 206 1857 si'm
222 1838 327 1857 summa
340 1839 453 1866 quaeque
471 1832 521 1858 sibi
542 1839 625 1866 genus
646 1832 671 1859 id
691 1832 831 1859 hominum
855 1833 946 1859 vindi-

157 1881 209 1907 cet,
226 1881 255 1902 ut
267 1875 311 1903 cui
329 1876 394 1902 nihil
408 1884 459 1903 non
475 1876 525 1903 hoc
538 1877 635 1903 sacculo
645 1877 701 1911 jam
720 1878 896 1910 concedatur,
912 1878 946 1905 ob

157 1921 349 1948 subtilissimas
369 1921 473 1949 scilicet
499 1922 672 1950 collectiones
699 1924 783 1955 istas,
807 1923 944 1956 elenchos,

158 1968 349 2002 captionesque
362 1975 394 1995 ac
407 1968 586 2002 sophismata,
603 1976 663 2003 qua)
682 1974 780 2001 tamen,
800 1974 828 1995 ut
843 1969 946 1996 Seneca

158 2012 255 2046 inquit,
270 2020 320 2039 nec
338 2012 473 2047 ignoranti
489 2019 613 2046 noceant,
630 2022 679 2041 nec
694 2015 826 2041 scientem
842 2015 894 2041 ulla
912 2023 946 2042 ex

158 2065 233 2093 parte
246 2058 352 2092 juvent.
366 2059 448 2094 quue
461 2059 488 2086 in
510 2059 607 2086 divinis
622 2060 720 2087 litteris
742 2060 824 2088 multo
847 2061 946 2088 minus.

158 2104 225 2131 Nam
240 2105 274 2137 si,
289 2110 318 2132 ut
337 2105 458 2140 tragicus
474 2105 582 2140 quidam
600 2105 722 2140 scripsit,
738 2107 862 2133 veritatis
882 2107 948 2133 sim-

158 2150 220 2185 plex
234 2155 276 2177 est
288 2151 387 2183 oratio,
405 2158 534 2184 quorsum
558 2151 692 2178 attinebat
713 2159 772 2185 quae
787 2159 802 2178 a
825 2152 948 2179 veritatis

159 2200 270 2223 auctore
297 2195 416 2231 profecta
441 2201 515 2229 sunt,
537 2204 652 2232 quaeque
680 2197 773 2224 fallere
795 2205 847 2224 non
863 2198 948 2232 magis

998 279 1104 298 omnem
1117 272 1256 304 exhaurit,
1275 273 1320 299 sed
1347 273 1455 307 pietatis
1481 273 1562 300 etiam
1589 274 1674 308 ipsius
1696 274 1785 310 ignem

998 318 1177 352 ardoremque
1195 318 1358 353 exstinguit,
1371 323 1400 345 ut
1413 319 1510 346 mirum
1528 326 1582 346 non
1596 320 1649 351 sit,
1666 320 1687 347 si
1702 321 1742 348 sic
1759 321 1787 348 in

998 364 1174 397 quorumdam
1189 371 1296 399 quoque
1311 365 1464 400 pectoribus
1479 365 1583 401 frigeat,
1600 367 1644 401 qui
1661 374 1691 394 se
1706 367 1787 402 vulgo

999 409 1136 445 theologos
1159 411 1338 445 profitentur;
1355 411 1393 439 ita
1425 417 1533 439 veteres
1556 412 1594 439 illi
1624 413 1787 441 suavissimo

997 457 1113 491 quodam
1130 464 1178 484 ceu
1193 457 1311 485 caelestis
1326 459 1466 486 ambrosize
1486 459 1585 494 pabttlo
1607 459 1681 493 pium
1700 459 1787 487 lecto-

998 509 1054 529 rem
1069 509 1192 536 pascunt,
1205 503 1305 536 fovent,
1317 504 1452 538 saginant,
1469 512 1556 540 neque
1571 505 1676 533 animos
1691 513 1786 533 vocum

997 548 1131 576 illecebris
1168 549 1288 582 titillant,
1317 551 1366 578 sed
1399 551 1492 578 divino
1523 553 1641 585 quodam
1675 558 1787 579 nectare

997 594 1086 621 ebrios
1104 595 1220 629 rapiunt,
1233 603 1265 622 ac
1281 595 1487 623 transformant.
1504 597 1577 624 Vivit
1593 598 1618 624 in
1641 598 1694 625 illis
1711 599 1788 632 spiris

997 642 1040 664 tus
1056 638 1166 673 quidam
1181 639 1270 674 plane,
1286 644 1316 667 ut
1329 640 1368 667 sic
1383 641 1508 675 dixerim,
1525 642 1648 669 vivificus
1661 663 1668 675 ,
1695 643 1788 678 legen-

997 683 1032 710 tis
1046 684 1165 711 auimum
1180 685 1326 712 obtlrmans
1353 692 1385 712 ac
1401 691 1540 720 vegetans.
1560 686 1588 714 In
1614 687 1656 714 his
1679 694 1786 721 contra,
1816 688 1820 696 ‘

997 729 1066 763 quod
1082 730 1115 756 ad
1133 737 1223 757 rerum
1245 730 1425 759 humanarum
1445 737 1627 767 contemptum
1639 753 1645 765 ,
1661 741 1787 761 summa:-

996 783 1048 810 que
1073 776 1145 805 illius
1167 778 1379 812 exoptanquue
1408 779 1584 807 beatitudinis
1620 780 1785 808 desiderium

996 821 1123 856 pertinet,
1136 822 1232 849 mirum
1245 828 1412 857 quantopere
1428 824 1544 858 frigeant
1555 826 1645 852 omnia
1662 834 1669 852 :
1683 833 1715 853 ac
1730 826 1786 853 sic-

997 867 1035 893 uti
1059 867 1185 901 torpedo,
1200 875 1261 894 cum
1283 873 1377 902 suapte
1401 874 1497 896 natura
1516 877 1570 897 non
1584 875 1701 905 torpeat,
1718 871 1787 899 mire

997 917 1085 939 tamen
1101 912 1270 941 adnatanteis
1283 914 1316 940 ad
1338 920 1367 940 se
1383 914 1472 949 pisces
1485 919 1610 942 contactu
1627 916 1784 950 torpefacit;

996 959 1032 986 ita
1048 960 1230 994 argumentosi
1248 960 1374 996 theologi,
1391 961 1436 995 qui
1452 961 1519 988 nihil
1532 961 1603 988 aliud
1618 969 1699 996 quam
1713 969 1786 996 quaa-

995 1007 1113 1033 stionum
1129 1006 1278 1034 tendiculas
1298 1014 1329 1034 ac
1348 1007 1415 1033 retia
1438 1011 1596 1039 sectantur,
1614 1015 1674 1034 cum
1690 1015 1738 1042 per
1757 1015 1787 1035 se

995 1051 1101 1079 caleant
1114 1052 1192 1085 satis,
1207 1057 1298 1087 utpote
1310 1052 1337 1079 in
1350 1052 1512 1087 disputando
1524 1059 1600 1080 acres
1614 1060 1644 1080 ac
1657 1053 1787 1087 animosi,

996 1097 1051 1124 imo
1066 1105 1130 1125 vero
1153 1105 1292 1132 nunquam
1319 1106 1371 1126 non
1398 1099 1554 1133 pertinaces
1573 1106 1605 1126 ac
1623 1099 1787 1132 refractarii,

996 1144 1032 1170 nil
1050 1143 1121 1171 aliud
1140 1149 1227 1171 tamen
1250 1152 1330 1179 quam
1355 1145 1455 1171 lentum
1476 1145 1609 1179 quoddam
1634 1145 1718 1172 animi
1739 1145 1788 1172 fri-

996 1197 1045 1224 gus
1059 1189 1209 1223 legentibus
1224 1189 1389 1222 immittunt;
1410 1194 1437 1217 et
1454 1195 1483 1216 ut
1497 1190 1648 1225 promptior
1672 1191 1734 1225 quis
1755 1191 1788 1218 ad

996 1243 1112 1270 pugnam
1125 1236 1188 1263 inde
1205 1237 1318 1263 fortasse
1331 1237 1439 1267 redeat,
1456 1237 1489 1263 ad
1514 1238 1640 1271 pietatem
1666 1237 1788 1272 profecto

996 1289 1076 1308 nemo
1092 1282 1214 1308 redditur
1230 1282 1399 1313 instructior,
1418 1289 1496 1309 nemo
1518 1282 1624 1310 melior.
1645 1282 1683 1309 En
1706 1283 1789 1317 igitur

997 1327 1050 1354 tuis
1075 1327 1203 1361 auspiciis
1229 1328 1254 1354 in
1282 1327 1368 1354 lucem
1395 1327 1509 1354 redeunt
1542 1328 1683 1355 Athanasii
1715 1328 1788 1355 illius

997 1373 1086 1408 magni
1106 1373 1281 1400 Alexandrini
1302 1374 1420 1407 episcopi
1447 1374 1473 1400 in
1500 1373 1628 1401 Paulinas
1653 1374 1788 1408 Epistolas

996 1418 1199 1451 Cornmentarii,
1215 1419 1312 1446 eximia
1330 1420 1447 1454 quadam
1468 1427 1528 1447 cum
1547 1420 1713 1455 eloquentia,
1731 1425 1786 1448 tum

997 1465 1117 1491 doctrina
1135 1464 1317 1497 refertissimi.
1341 1470 1422 1500 atque
1443 1466 1560 1493 antehac
1578 1467 1677 1501 ubique
1703 1467 1788 1494 raris—

997 1510 1075 1542 simi,
1089 1511 1123 1537 ab
1135 1511 1283 1545 exemplari
1305 1516 1411 1538 vetusto
1428 1512 1536 1546 quidem
1556 1513 1628 1547 ipso,
1645 1513 1692 1539 sed
1706 1513 1787 1540 unico

998 1560 1098 1589 tamen,
1112 1557 1260 1591 eodemque
1277 1557 1342 1584 locis
1370 1558 1519 1585 innumeris
1537 1563 1665 1594 corrupto
1693 1564 1786 1587 nostra

994 1609 1076 1636 opera
1092 1610 1176 1636 nuper
1194 1603 1341 1637 recogniti,
1363 1603 1503 1638 multoque
1526 1605 1682 1631 accuratius
1705 1612 1787 1638 quam

995 1648 1109 1675 antehac
1122 1652 1148 1675 et
1166 1649 1313 1681 emendati,
1330 1653 1357 1676 et
1369 1649 1499 1676 di'stincli.
1519 1649 1586 1676 Nam
1607 1654 1787 1684 prmterquam

995 1693 1066 1727 quod
1086 1693 1208 1725 mendas,
1224 1694 1322 1728 quibus
1337 1694 1502 1728 opusipsum
1522 1701 1555 1720 ex
1579 1702 1639 1721 sese
1659 1695 1725 1722 satis
1745 1695 1788 1721 lu-

995 1738 1143 1772 culentum,
1160 1739 1201 1765 vel
1221 1739 1392 1773 impresseris
1415 1739 1569 1773 imperitia,
1592 1739 1636 1766 vel
1656 1741 1788 1767 emenda-

996 1785 1063 1811 toris
1077 1783 1183 1818 ignavia
1201 1784 1376 1818 depravatum
1395 1783 1494 1815 fuerat,
1510 1792 1564 1812 non
1579 1792 1678 1819 paucas
1696 1791 1789 1813 sustu-

996 1830 1085 1863 limus,
1112 1829 1175 1856 illud
1205 1830 1284 1856 etiam
1309 1829 1387 1857 nobis
1411 1830 1600 1864 permisimus,
1620 1835 1650 1857 ut
1671 1831 1694 1858 si
1719 1831 1784 1866 quid

997 1877 1099 1910 uspiam
1115 1880 1186 1903 esset
1205 1875 1310 1902 Latinis
1329 1876 1440 1904 auribus
1460 1877 1575 1909 durum,
1590 1877 1663 1911 quod
1683 1877 1724 1905 vel
1749 1878 1790 1904 in-

996 1922 1122 1956 terpretis
1145 1922 1319 1957 negligentia,
1339 1929 1372 1949 ne
1383 1922 1446 1957 quid
1460 1922 1532 1949 aliud
1549 1923 1647 1955 dicam,
1667 1923 1708 1951 vel
1724 1928 1789 1952 tcm-

996 1975 1091 2002 porum
1106 1968 1182 2001 vitio,
1198 1969 1296 2003 quibus
1310 1968 1414 1996 Latins-
1432 1977 1460 1995 se
1482 1970 1598 2003 primum
1617 1969 1713 1997 littera!
1732 1978 1789 1999 an-

996 2018 1094 2048 perunt
1112 2021 1235 2047 exerere,
1248 2014 1346 2049 saepius
1364 2015 1472 2047 accidit,
1489 2015 1605 2048 idipsum
1628 2017 1789 2051 permutatis

997 2060 1088 2088 verbis
1109 2060 1211 2095 aliquot
1236 2061 1305 2087 citra
1332 2061 1474 2088 sententia:
1500 2062 1691 2089 detrimentum
1716 2063 1790 2091 velut

998 2106 1190 2134 emolliremus.
1213 2106 1289 2140 Quod
1312 2107 1398 2141 ipsmn
1422 2113 1511 2135 tamen
1535 2116 1568 2135 eo
1589 2110 1698 2143 parcius
1724 2109 1789 2136 feci-

998 2159 1067 2184 mus,
1081 2151 1152 2186 quod
1172 2151 1251 2185 vulgo
1268 2151 1341 2178 nefas
1358 2159 1418 2178 esse
1432 2152 1586 2179 videremus
1602 2153 1627 2179 in
1643 2153 1729 2180 sacris
1744 2160 1789 2180 co-

1000 2197 1104 2224 dicibus
1118 2197 1256 2231 quidpiam
1271 2197 1425 2228 immutari,
1443 2197 1476 2224 ab
1503 2198 1611 2225 homine
1637 2199 1789 2232 praesertim

160 2245 282 2276 possunt,
306 2249 387 2276 quam
412 2243 513 2270 veritas
536 2243 610 2278 ipsa,
639 2251 699 2277 qua1
727 2250 776 2270 nec
796 2242 877 2275 fallit,
899 2251 950 2271 nec
966 2240 987 2267 D
1003 2243 1029 2270 in
1044 2242 1076 2270 iis
1090 2243 1188 2270 litteris
1201 2242 1269 2268 haud
1285 2242 1321 2269 ita
1337 2243 1383 2269 diu
1397 2247 1512 2270 versato.
1535 2243 1588 2271 Sed
1603 2251 1653 2271 nec
1677 2251 1790 2279 magno-

160 2287 273 2321 fallitur,
296 2289 395 2322 acutis,
417 2293 446 2315 ut
463 2297 527 2316 vere
551 2289 685 2321 dixerim,
711 2289 896 2316 deliramentis
918 2297 950 2317 ac

161 2335 274 2362 somniis
286 2334 443 2369 implicare?
461 2335 506 2362 Nae
528 2336 554 2362 id
574 2343 638 2370 ergo
664 2340 736 2363 recte
760 2343 792 2362 ac
814 2337 949 2370 sapienter

161 2380 226 2407 mihi
242 2380 345 2407 sentire
361 2381 505 2413 videntur,
527 2381 573 2416 qui
595 2389 648 2408 non
674 2381 753 2408 modo
781 2383 950 2415 seponendos

161 2427 277 2454 novitios
292 2429 340 2454 hos
354 2428 457 2455 omneis
475 2435 558 2462 prope
576 2428 714 2463 theologos
734 2427 781 2464 (ita
795 2429 866 2455 enim
886 2435 950 2455 sane

161 2477 301 2506 vocentur,
326 2473 388 2500 dum
411 2474 574 2509 intelligatur
598 2474 678 2502 modo
702 2474 728 2501 id
752 2475 822 2509 quod
839 2482 882 2502 res
898 2479 950 2507 est,

162 2525 259 2552 nempe
272 2523 383 2553 augusto
398 2519 450 2547 hoc
466 2520 574 2547 nomine
590 2527 636 2547 eos
644 2520 753 2547 demum
770 2520 828 2547 fore
842 2521 950 2555 dignos,

162 2564 208 2598 qui
229 2571 258 2592 se
270 2565 303 2592 ad
318 2570 439 2592 veterum
453 2566 639 2601 theologorum
655 2567 792 2601 exemplar
809 2575 951 2602 compara-

162 2610 267 2644 verint,
282 2618 369 2646 neque
383 2611 488 2647 frigidis
502 2612 645 2648 argutiolis
666 2613 874 2646 immorandum,
903 2620 951 2640 ne-

163 2659 225 2686 dum
240 2658 448 2686 immoriendum
463 2666 525 2686 esse
537 2658 587 2686 sibi
599 2659 792 2694 permiserint),
811 2659 856 2686 sed
873 2659 952 2686 omit-

164 2704 258 2732 tendos
278 2704 359 2731 etiam
393 2705 418 2731 in
446 2709 531 2732 totum
554 2713 585 2733 ac
615 2705 762 2740 ejiciendos
787 2705 952 2732 arbitrantur

163 2750 385 2785 revocandosque
400 2755 505 2788 veteres
520 2751 579 2779 illos
593 2759 658 2779 vere
674 2751 822 2787 theologos,
835 2759 950 2786 quorum

163 2797 256 2830 purior
269 2801 310 2824 est
323 2796 457 2830 elocutio,
471 2798 594 2825 doctrina
617 2798 797 2832 praestantior,
818 2798 952 2825 sincerior

164 2844 260 2878 piatas,
276 2844 396 2871 charitas
407 2843 486 2878 longe
498 2844 656 2871 ferventior.
673 2843 740 2871 Nam
753 2844 833 2871 sicuti
851 2851 951 2870 novum

163 2890 215 2918 hoc
238 2889 395 2924 disputandi
412 2897 495 2924 genus
510 2895 634 2925 argntum
650 2890 759 2925 quidem
779 2889 864 2924 ipsum
876 2909 884 2922 ,
903 2889 951 2917 sed

1001 2297 1066 2324 pere
1080 2290 1195 2317 vacabat
1207 2290 1269 2316 aliis
1287 2290 1447 2324 quibusdam
1469 2295 1612 2325 occupato,
1628 2290 1718 2317 divina
1733 2291 1790 2318 haec

1000 2336 1088 2363 studia
1102 2341 1229 2369 tractare,
1249 2336 1313 2362 mihi
1339 2335 1437 2369 alioqui
1466 2341 1541 2371 grata
1569 2337 1650 2369 adeo,
1668 2337 1790 2371 adeoque

1001 2388 1027 2410 et
1040 2383 1158 2417 jucunda
1171 2388 1198 2410 et
1211 2383 1315 2415 suavia,
1334 2388 1364 2410 ut
1379 2387 1476 2410 caetera
1493 2383 1584 2410 omnia
1600 2383 1632 2409 ad
1649 2384 1721 2416 hzec,
1737 2391 1789 2410 non

1002 2429 1081 2456 modo
1098 2429 1233 2456 inamoena
1260 2429 1448 2463 insuaviaque,
1464 2429 1510 2455 sed
1528 2429 1606 2462 plane
1623 2428 1699 2455 ﬂocci
1720 2429 1791 2462 quis-

1002 2475 1147 2509 quiliazque
1161 2482 1223 2502 esse
1239 2474 1392 2501 videantur.
1411 2474 1500 2502 Unum
1515 2474 1578 2501 illud
1590 2474 1724 2502 afﬁrmare
1741 2475 1789 2502 tibi

1001 2529 1082 2556 posse
1094 2521 1204 2553 videor,
1221 2520 1435 2548 Commentarios
1455 2520 1554 2553 hosce,
1577 2528 1731 2555 quanquam
1751 2521 1790 2548 sic

1003 2576 1110 2604 quoque
1123 2568 1272 2602 eleganteis
1284 2575 1333 2602 per
1349 2575 1378 2595 se
1393 2567 1460 2594 satis
1474 2575 1506 2594 ac
1520 2568 1618 2594 nitidos
1629 2588 1636 2601 ,
1651 2568 1790 2602 aliquanto

1003 2619 1092 2642 tamen
1108 2614 1249 2641 nitidiores
1266 2613 1349 2640 fuisse
1367 2614 1392 2640 in
1415 2613 1502 2640 lucem
1520 2613 1673 2646 prodituros
1684 2633 1691 2644 ,
1704 2613 1789 2640 sicubi

1002 2660 1125 2688 Graecum
1139 2659 1277 2694 exemplar
1289 2659 1314 2685 id
1331 2659 1469 2692 temporis,
1485 2666 1538 2692 quo
1552 2658 1608 2685 haec
1618 2659 1791 2686 excudeban-

1003 2711 1057 2738 tur,
1074 2705 1190 2732 inveniri
1206 2705 1347 2739 potuisset.
1366 2705 1434 2731 Nam
1453 2704 1625 2732 netzlludmus
1647 2705 1703 2739 ipse
1717 2709 1788 2738 tuus,

1003 2751 1163 2786 eloquentia:
1178 2751 1218 2778 vir
1230 2751 1371 2785 utriusque
1382 2751 1521 2786 princeps,
1537 2755 1590 2777 tam
1603 2751 1702 2778 eximio
1715 2751 1789 2784 operi

1003 2798 1044 2825 vel
1067 2798 1262 2830 instauranda,
1289 2797 1332 2824 vel
1359 2797 1513 2832 refingendo
1550 2798 1790 2831 componendoqne

1005 2843 1144 2874 defuisset,
1166 2849 1333 2877 operamque
1345 2841 1413 2869 hanc
1426 2842 1476 2869 sibi
1488 2841 1529 2868 Vel
1542 2842 1698 2876 primariam
1716 2847 1791 2867 sum-

1003 2890 1116 2925 psisset,
1130 2889 1171 2917 vel
1188 2889 1316 2916 vicariam
1331 2893 1449 2916 nostram
1457 2896 1506 2916 sua
1520 2888 1635 2924 juvisset
1647 2885 1789 2917 industria,
