2000 3045
212 188 232 211 1.
878 178 1143 209 PRULEGOMENA.

212 241 256 269 vir
269 248 320 268 non
335 243 511 269 humanarum
533 241 611 269 modo
627 249 714 268 rerum
740 241 871 272 omnium,
889 242 935 267 sed
951 241 991 267 di-
1007 245 1031 271 Α
1046 239 1088 266 vid
1112 238 1156 265 ille
1174 245 1265 273 regum
1284 235 1471 264 sanctissimus
1486 256 1493 268 ,
1518 242 1596 269 quem
1620 241 1725 261 arcana:
1740 233 1837 261 litterat

214 285 338 312 vittarum
350 287 430 313 etiam
446 286 636 321 peritissimus,
653 286 797 320 stoculique
817 286 897 321 hujus
918 293 996 320 egre-

214 331 286 366 gium
306 333 397 364 decus,
417 340 448 360 ac
463 338 649 360 ornamentum
665 333 798 367 quoddam
815 332 896 367 (absit
915 332 999 359 verbo

214 377 324 412 invidia)
351 385 462 412 prorsus
488 378 999 412 incontparabile.Quantulumcunque

213 430 277 451 vero
293 424 318 451 id
329 429 379 456 est,
394 425 464 458 quod
481 425 648 452 restituendo
665 425 812 452 Athanasio
828 432 916 458 operae
929 431 998 458 pra:—

213 469 342 502 stitimus,
361 470 407 496 tibi
424 470 551 502 debetur,
570 470 616 497 tibi
641 477 748 504 quoque
772 470 930 496 nominatim
953 469 997 495 itt-

213 514 351 548 scribitur,
370 516 465 549 prtesul
480 516 645 549 doctissime,
661 521 690 543 ut
705 523 785 550 quem
801 515 910 542 unicum
926 522 995 549 pene

214 560 343 594 temporis
359 560 436 595 hujus
459 561 629 590 Maecenatem
658 562 770 590 studiosi
795 568 890 588 omnes
914 567 998 595 agno-

213 612 300 638 scant.
321 612 348 634 et
374 608 429 642 ipse
457 608 507 635 sim
531 616 635 642 reapse,
652 613 681 634 ut
699 608 809 634 Plautus
835 607 931 641 inquit,
947 613 998 632 sae-

213 651 274 685 pius
289 657 418 686 expertus
439 663 445 679 :
467 659 601 686 quemque
618 653 645 680 in
658 652 807 680 Ecclesiam
822 651 921 678 Christi
942 658 996 677 non

214 704 293 724 secus
305 705 364 725 esse
377 697 515 725 videamus
533 697 670 731 allectum,
685 704 768 732 atque
791 697 856 725 olim
874 697 925 725 fuit
945 696 998 723 Da-

1052 285 1161 311 tradunt
1175 283 1323 310 incredibili
1344 282 1437 309 laetitia
1455 281 1556 316 gestire
1571 280 1697 311 solitum,
1713 287 1773 306 cum
1788 287 1839 313 po-

1052 331 1143 366 pulum
1158 335 1294 365 spectaret
1309 330 1384 356 varia
1400 336 1449 364 pro
1470 335 1499 355 se
1519 334 1652 362 quemque
1670 327 1782 354 donaria
1804 327 1837 354 ad

1053 377 1143 412 templi
1159 381 1323 404 structuram
1339 381 1497 408 congerere.
1514 374 1604 406 Quare
1618 373 1699 400 sicuti
1714 373 1838 407 Origenis

1049 431 1131 457 opera
1156 424 1204 450 sub
1231 422 1266 449 tui
1293 422 1412 448 nominis
1432 421 1553 455 auspicio
1580 420 1703 454 proxime
1724 420 1837 452 emissa,

1049 477 1120 496 nunc
1136 469 1235 502 ubique
1250 468 1388 502 leguntur,
1408 475 1440 495 ac
1462 474 1509 502 per
1526 467 1615 494 varias
1629 467 1740 499 Europa:
1757 467 1839 493 totius

1048 516 1172 550 regiones
1184 514 1426 545 circumferuntur;
1443 514 1479 540 ita
1494 513 1661 540 Athanasius
1680 512 1724 539 hic
1746 517 1839 539 noster

1051 560 1166 594 quodam
1182 559 1254 585 velut
1268 559 1387 593 ejusdem
1403 558 1519 585 nominis
1536 557 1653 584 amuleto
1669 562 1752 589 tutus,
1768 564 1838 584 nunc

1051 613 1066 632 e
1096 605 1212 632 tenebris
1240 605 1348 640 situque
1373 604 1500 639 pulvereo
1527 605 1553 630 in
1583 603 1717 637 publicam
1751 603 1838 629 lucem

1051 651 1200 685 egreditur,
1215 650 1297 677 multa
1310 658 1339 676 ut
1355 657 1506 684 speramus,
1519 653 1607 677 tecum
1618 649 1697 677 satcla
1706 649 1836 676 victurus.

1051 696 1117 724 Vale
1136 697 1181 724 diu
1196 696 1270 724 felix.
1291 695 1414 723 Lutetiae.

479 786 514 815 In
535 785 675 816 editione
693 785 898 824 Lugdunensi
918 796 993 818 ann.
1011 787 1088 817 1532
1103 787 1169 817 haec
1190 785 1331 825 praefatio
1353 785 1563 825 prtemiltitur.

581 836 618 861 Αίι
630 834 810 862 Christianum
823 836 957 863 Lectorem
974 837 1092 872 Epistula
1104 836 1297 872 Cltalcograplti
1310 836 1478 870 parwnetica.

249 882 313 909 Eam
337 882 503 916 potissimum
521 883 556 910 ob
582 890 703 915 causam,
723 883 877 911 Christiane
895 884 994 916 lector,
1012 888 1032 915 Β
1049 892 1107 912 cem
1124 886 1259 918 emittere,
1274 893 1354 919 qttam
1369 884 1536 919 portentosis
1553 884 1657 911 mendis
1671 891 1836 920 conspurca-

213 933 241 954 et
256 927 344 959 efﬁcti,
362 933 387 954 ct
401 928 472 955 ltuttc
496 928 522 954 in
539 929 667 955 mundum
687 930 778 956 emissi
797 937 900 962 sumus,
918 934 946 956 ut
963 930 998 957 de

214 978 327 1001 externo
342 973 460 1008 cujusvis
485 974 600 1001 hominis
615 981 738 1009 corpore,
752 980 882 1009 quantum
899 982 947 1010 per
960 974 1000 1001 fa-

214 1022 344 1048 cultatum
365 1021 470 1055 copiam
491 1020 562 1053 licet,
584 1021 705 1048 volentes
729 1021 798 1048 bene
823 1029 998 1048 mereamur:

213 1068 331 1094 maxime
345 1075 418 1099 vero,
433 1067 479 1094 sed
493 1067 571 1101 longe
587 1067 770 1094 abundantius
784 1072 810 1093 et
824 1066 998 1099 cumulatius,

214 1115 247 1139 de
266 1114 365 1140 anima.
381 1113 447 1140 Nam
474 1113 497 1140 si
520 1112 570 1147 ipsi
597 1112 716 1147 corpori.
731 1112 802 1146 quod
827 1113 934 1139 tandem
950 1112 999 1138 ali-

213 1160 320 1193 quando
334 1159 481 1193 periturum
493 1164 544 1190 est,
556 1157 730 1192 futurumque
741 1162 770 1184 ιιι
782 1158 921 1184 vermibus
933 1165 998 1183 con-

213 1209 350 1239 sumptum
372 1204 400 1231 in
421 1203 533 1230 fetidum
550 1203 686 1238 redigatur
699 1203 830 1235 cinerem,
847 1203 894 1237 ipsi
909 1202 998 1230 oilieia

213 1259 267 1279 tton
285 1251 429 1278 mediocria
446 1250 623 1282 exhibemus;
641 1257 689 1283 par
701 1255 743 1277 est
758 1250 884 1276 nimirum
902 1255 931 1276 ut
947 1250 997 1284 ipsi

214 1297 329 1329 animat,
343 1297 441 1332 quippe
458 1304 517 1330 qua:
536 1301 590 1323 tum
606 1296 790 1330 praestantior,
812 1301 867 1323 tum
888 1297 999 1323 immor-

214 1343 277 1370 talis
290 1343 362 1370 haud
378 1343 458 1369 dubie
471 1341 561 1369 futura
574 1342 619 1373 sit,
637 1342 720 1369 mttlto
737 1343 885 1369 studiosius
900 1342 1000 1376 invigi-

214 1389 311 1422 lemus,
335 1388 517 1421 consulamus,
535 1388 681 1423 prosimus.
706 1386 740 1414 Ut
760 1387 830 1414 enim
851 1395 865 1414 a
888 1387 1000 1414 Thalete

216 1434 331 1468 Milesio,
351 1434 506 1461 ercorum
531 1434 676 1467 sophorum
700 1432 781 1459 facile
804 1433 937 1467 principe,
960 1440 1001 1459 sa-

214 1482 321 1516 pienter
342 1480 486 1508 admodum
505 1480 606 1507 dictum
629 1483 680 1510 est,
702 1486 802 1513 corpus
825 1479 918 1513 utique
934 1485 997 1506 eva-

215 1532 310 1554 ttescet
327 1530 354 1554 et
374 1530 565 1556 cottsumetur;
591 1525 679 1551 attittta
692 1531 756 1551 vero
771 1531 957 1558 permansura.
971 1523 998 1550 ld

216 1573 306 1606 itaque
320 1571 506 1606 praescriptum
521 1569 688 1597 exsecutioni
704 1570 867 1597 demattdare
878 1569 998 1603 cupiens,
1012 1553 1034 1583 θ

216 1618 286 1652 cmpi
310 1624 414 1644 tneeum
437 1617 528 1644 animo
550 1615 686 1646 volutare,
714 1622 873 1649 mecumque
896 1614 1000 1647 ritttari,

216 1672 280 1691 ttuttt
296 1663 438 1698 quodpiam
455 1670 534 1697 opus,
550 1660 734 1697 typographiaa
748 1659 906 1688 exercenda:
917 1667 1001 1694 appo-

216 1710 296 1737 situnt
311 1710 390 1742 foret,
405 1708 482 1742 cujus
502 1708 615 1735 sinceris
630 1707 857 1743 praeceptionibus
868 1710 895 1732 et
912 1705 1001 1732 homi-

216 1764 281 1783 num
295 1756 410 1783 salutem
425 1762 592 1790 promovere,
606 1758 632 1781 et
648 1754 680 1781 de
695 1752 849 1781 Christiana
865 1749 1001 1785 republica

216 1801 341 1830 ncnuihil
355 1800 523 1828 benemereri
539 1807 656 1835 possent.
670 1799 772 1832 Quibus
788 1797 886 1824 utentis
901 1797 1002 1831 cogita—

217 1847 335 1874 tionibus
350 1847 430 1873 anxie
451 1846 563 1872 nintiutn
587 1844 739 1876 itméﬂl‘ellll,
755 1843 862 1870 demunt
886 1840 1003 1869 feliciter

217 1896 395 1919 occurreruttt
408 1891 490 1919 divini
505 1891 577 1918 illius
593 1890 746 1922 Athanasii,
761 1889 874 1923 insignis
886 1887 1003 1915 Alexan-

218 1938 356 1965 drinorutn
373 1938 503 1972 episcopi,
526 1937 553 1964 in
567 1936 695 1963 Pauliuas
710 1935 844 1969 Epistolas
856 1933 1002 1961 Commen-

221 1983 293 2015 tarii,
313 1983 410 2009 eximia
435 1989 500 2009 sane
522 1989 584 2008 cum
609 1980 772 2014 eloquentia,
797 1984 853 2006 tum
879 1979 1001 2006 doctrina

219 2036 299 2063 quarti
315 2027 484 2054 refertissimi
500 2035 507 2053 :
523 2034 590 2061 quos
616 2034 676 2053 cuttt
695 2033 748 2052 non
764 2025 847 2052 semel
870 2024 1002 2058 perlegis-

219 2083 287 2107 sem,
303 2074 376 2108 iique
396 2073 461 2100 tnihi
477 2073 634 2099 viderentur
649 2070 810 2105 evangelica:
823 2070 931 2096 veritati
956 2069 1003 2095 mi-

219 2128 277 2147 runt
297 2120 323 2146 in
346 2119 452 2145 modum
470 2126 518 2153 per
530 2118 620 2144 omnia
640 2116 825 2146 consentanei,
846 2123 898 2142 non
915 2115 1001 2141 solum

220 2165 334 2200 amplius
349 2172 428 2199 quatit
447 2168 525 2191 antea
543 2169 570 2190 et
585 2167 726 2190 veneratus
744 2169 816 2192 sum,
830 2166 857 2188 et
879 2159 999 2195 suspexi,

218 2219 313 2239 verum
329 2211 410 2238 etiam
433 2210 577 2237 admodum
599 2209 641 2243 pie
662 2208 841 2242 religioseque
865 2206 1000 2233 facturum

219 2257 382 2290 existimavi,
400 2257 421 2283 si
436 2255 642 2282 accuratissuna
657 2261 718 2281 cum
732 2253 869 2288 diligentia
883 2252 1002 2286 castiga-

219 2309 272 2336 tos,
285 2302 385 2330 nostris
399 2300 612 2332 eharacteribus,
625 2299 679 2326 Deo
694 2299 790 2334 gratia,
807 2298 877 2325 haud
892 2297 1002 2324 omnino

219 2347 435 2378 contemnendis,
463 2347 520 2380 ipse
549 2345 693 2372 tradendos
716 2351 859 2376 curarem,
887 2349 1001 2370 ext-usos

217 2394 289 2428 justo
313 2393 400 2427 pretio
424 2392 612 2424 distraherent,
637 2391 795 2417 emendatos
816 2389 877 2416 boni
903 2388 1002 2423 quique

220 2441 364 2467 studiosius
380 2439 546 2466 evolverettl.
566 2436 652 2464 Porro
673 2441 703 2463 ut
726 2436 758 2463 de
781 2442 863 2470 opere
879 2433 1002 2461 nonnihil

219 2487 360 2522 attingam,
387 2485 464 2512 initio
478 2484 588 2519 quidem
613 2485 645 2510 ab
660 2489 691 2509 co
710 2482 861 2509 recudettdo
884 2481 1002 2507 deterre-

219 2533 299 2559 batur
310 2532 415 2559 attimus
428 2539 436 2558 :
449 2531 545 2565 parlittt
560 2530 631 2564 quod
643 2537 694 2556 non
708 2528 773 2555 satis
787 2527 897 2554 vetustis
913 2534 1003 2553 exent-

161 2575 176 2592 ’ί
220 2578 339 2613 plaribus
356 2578 503 2605 instructus
518 2584 617 2609 essem,
632 2575 728 2609 quibus
743 2574 769 2600 in
782 2572 913 2606 ejusmodi
930 2580 1001 2606 prte-

222 2624 313 2649 sertim
329 2622 499 2650 sattctissimo
517 2621 624 2656 negotio
645 2628 711 2655 opus
729 2624 799 2652 erat,
817 2618 914 2653 partitn
931 2617 1003 2652 quod

222 2669 288 2696 adeo
308 2669 410 2696 mendis
432 2669 553 2696 scatebat
573 2666 732 2698 innumeris,
755 2670 784 2692 ut
804 2665 934 2692 lectorem
959 2664 1002 2690 vel

221 2713 431 2740 eruditissimum
442 2714 468 2740 in
481 2713 616 2748 plerisque
626 2712 693 2739 locis
706 2710 836 2738 remorari
851 2709 999 2744 potuisset:

222 2764 311 2785 tamen
337 2758 482 2785 absurdum
506 2759 606 2785 ducens
629 2762 656 2784 et
677 2756 828 2792 indignum,
854 2760 907 2782 tam
930 2753 1003 2788 pium

221 2812 298 2839 opus,
314 2809 367 2830 tam
392 2803 510 2836 elegans,
527 2809 580 2830 tam
601 2803 778 2835 luculentutn,
805 2802 831 2829 in
859 2801 1003 2828 oblivionis

221 2851 353 2885 gremium
377 2849 561 2883 consepultum
587 2849 630 2881 iri.
649 2848 731 2874 malui
750 2848 790 2874 vel
807 2847 935 2873 nonnulla
965 2845 1002 2872 rei

221 2896 363 2924 familiaris
373 2894 489 2929 jactura,
503 2895 590 2922 denuo
602 2894 723 2921 studiose
742 2893 908 2927 recognitum
924 2893 950 2920 itt
965 2892 1002 2919 lu-

1052 935 1107 957 tum
1126 939 1140 957 a
1157 931 1252 965 paucis
1266 931 1330 965 legi,
1346 938 1360 957 a
1373 930 1510 966 plerisque
1524 931 1598 965 parvi
1615 931 1686 963 duci,
1700 939 1715 957 a
1729 931 1839 958 nonnul-

1050 976 1082 1004 lis
1092 977 1240 1004 etiamttum
1255 976 1295 1012 (ut
1307 977 1499 1011 suntqnidam.
1509 977 1554 1010 qui
1567 977 1648 1004 anilia
1663 984 1835 1012 nugamenta,

1050 1023 1243 1058 hominumque
1259 1023 1364 1049 somnia
1386 1023 1473 1056 plenis
1492 1023 1586 1049 buccis
1606 1022 1733 1054 efferunt,
1746 1031 1839 1050 sacras

1050 1071 1140 1093 autem
1156 1067 1260 1094 litteras
1271 1075 1338 1094 naso
1349 1068 1537 1102 suspendunt),
1548 1068 1697 1095 scurriliter
1708 1069 1836 1095 derideri.

1049 1111 1116 1139 Nam
1138 1112 1201 1139 milti
1221 1112 1345 1139 videntur
1365 1121 1417 1139 tton
1438 1113 1575 1140 mediocre
1594 1120 1690 1140 munus
1710 1113 1736 1139 in
1760 1113 1838 1141 Chri-

1049 1159 1165 1185 stianam
1183 1158 1378 1192 rempublicam
1400 1158 1525 1186 conferre
1548 1159 1593 1192 qui
1609 1159 1772 1193 evangelicis
1786 1167 1836 1186 au-

1050 1204 1169 1231 ctoribus
1191 1204 1217 1230 in
1244 1204 1332 1231 lucem
1354 1205 1482 1232 eruendis
1500 1204 1653 1239 invigilant,
1673 1205 1771 1239 quique
1789 1212 1837 1232 ceu

1049 1251 1082 1278 ad
1098 1250 1249 1277 Solomonis
1271 1249 1400 1284 tetttplum
1421 1251 1627 1282 exstrueudum,
1646 1250 1749 1285 lapides
1769 1258 1840 1277 com-

1049 1301 1158 1332 portant
1173 1296 1329 1330 quadratos,
1342 1294 1401 1330 ‘quo
1419 1296 1571 1323 sinceritati
1587 1296 1747 1332 evangelicae
1760 1297 1838 1331 (proh

1050 1342 1152 1378 dolorl)
1169 1342 1290 1376 quotidie
1304 1341 1436 1369 relabenti
1451 1341 1492 1369 vel
1507 1346 1643 1376 utcunque
1656 1342 1762 1376 possint
1773 1350 1839 1370 con-

1049 1389 1148 1416 sulere.
1174 1388 1308 1415 Caeterum
1329 1387 1374 1414 vix
1391 1387 1463 1414 aliud
1481 1395 1559 1421 opus,
1575 1389 1724 1415 seeuttdum
1749 1393 1839 1416 tamen

1049 1441 1142 1461 sacras
1162 1433 1278 1466 litteras,
1299 1434 1354 1468 jatu
1378 1438 1486 1461 exstare
1507 1433 1626 1465 credam,
1640 1435 1710 1468 quod
1728 1434 1840 1468 perinde

1050 1480 1173 1506 ntanibus
1186 1480 1305 1506 omnium
1324 1479 1374 1507 teri
1394 1478 1503 1511 referat,
1528 1485 1610 1514 atque
1626 1480 1675 1506 ltos
1695 1480 1838 1507 Athanasii

1050 1524 1282 1558 Commentarios;
1300 1525 1360 1557 bos,
1381 1525 1489 1559 inquatn
1503 1546 1510 1558 ,
1530 1529 1556 1551 et
1571 1525 1744 1560 apostolicam
1769 1526 1837 1553 resi-

1052 1571 1155 1604 pientes
1168 1571 1290 1604 salivam,
1304 1575 1330 1597 et
1351 1570 1462 1597 ntinime
1477 1570 1609 1597 dortrinis
1625 1571 1775 1605 gentilium,
1791 1572 1838 1599 sed

1051 1616 1113 1644 Jesu
1132 1616 1232 1644 Christi
1257 1616 1412 1643 Servatoris
1432 1617 1519 1644 nostri
1545 1617 1715 1644 suavissintis
1736 1625 1839 1652 praece-

1053 1661 1186 1696 ptionibus
1209 1661 1409 1688 onustissitnos.
1432 1660 1498 1687 Nam
1520 1665 1700 1695 praeterquam
1726 1662 1797 1697 quod
1811 1663 1838 1689 itt

1052 1705 1091 1732 eis
1105 1711 1210 1732 morum
1225 1704 1450 1736 Christianorum,
1470 1709 1498 1732 et
1519 1705 1581 1732 vita:
1603 1706 1723 1740 purioris
1743 1714 1837 1734 exem-

1051 1750 1093 1785 pla
1106 1756 1309 1785 proponuntur;
1330 1752 1363 1777 ad
1377 1751 1593 1786 cognoscendam
1609 1756 1665 1778 tum
1682 1752 1757 1779 Pauli
1775 1761 1838 1788 erga

1051 1796 1150 1823 fratres
1161 1803 1240 1830 quam
1252 1796 1490 1831 ﬂagrantissimam
1503 1797 1676 1830 charitatem,
1687 1803 1742 1825 tum
1756 1799 1839 1833 ipsius

1052 1848 1185 1869 aerumnas
1206 1845 1233 1868 et
1247 1841 1400 1868 exantlatos
1414 1842 1530 1874 labores,
1543 1850 1602 1876 qua;
1613 1843 1647 1870 ob
1658 1843 1704 1871 Dei
1716 1851 1838 1872 amorem

1052 1894 1194 1922 perpessus
1209 1887 1254 1919 sit,
1271 1887 1388 1914 maxime
1403 1887 1528 1915 videntur
1548 1889 1714 1917 conducere.
1735 1891 1838 1919 Deinde

1051 1939 1082 1960 ea
1097 1932 1123 1959 in
1135 1932 1301 1960 enucleando
1314 1933 1417 1966 puritas
1434 1938 1461 1960 et
1482 1934 1580 1969 pietas,
1594 1942 1625 1962 ea
1641 1935 1668 1962 in
1691 1936 1838 1964 abstrUsio-

1052 1979 1125 2006 ribtts
1147 1978 1271 2006 sensibus
1289 1980 1414 2006 eruendis
1438 1980 1590 2014 subtilitas,
1614 1982 1641 2009 id
1670 1982 1784 2017 dettique
1809 1984 1837 2012 in

1052 2025 1130 2052 dictis
1143 2031 1168 2052 et
1180 2026 1323 2060 paradoxis
1336 2027 1449 2060 pondus,
1465 2032 1492 2053 ut
1510 2036 1562 2054 tton
1577 2029 1676 2063 possint
1694 2038 1746 2057 non
1768 2032 1835 2059 milti

1053 2076 1127 2098 certo
1140 2073 1312 2106 persuadere,
1327 2072 1407 2099 hosce
1423 2073 1532 2107 quidem
1547 2072 1762 2103 Commentarios
1777 2077 1837 2112 Spi-

1052 2117 1105 2143 ritu
1116 2122 1209 2144 sancto
1220 2118 1337 2145 dictante
1351 2118 1436 2145 fuisse
1448 2119 1626 2153 conscriptos.
1640 2120 1836 2157 Quamobrem,

1053 2162 1164 2188 candide
1177 2162 1283 2194 Lector,
1300 2170 1471 2198 nequaquant
1491 2164 1600 2197 ntirtttn,
1616 2166 1639 2192 si
1655 2165 1681 2192 itt
1704 2167 1743 2194 eis
1762 2175 1837 2195 recu-

1054 2207 1149 2235 dettdis
1159 2212 1186 2235 et
1199 2213 1320 2243 sutttptus
1332 2208 1476 2236 feceritttus
1488 2217 1541 2236 ttott
1557 2210 1719 2243 mediocres,
1731 2216 1758 2239 et
1773 2221 1837 2248 ope-

1054 2261 1110 2280 ram
1124 2261 1203 2288 supra
1219 2261 1298 2287 quatn
1312 2254 1363 2281 dici
1380 2256 1466 2289 possit
1481 2255 1610 2288 majorem
1628 2256 1742 2284 libenter
1760 2259 1837 2286 adhi-

1051 2299 1200 2327 buerimus.
1217 2299 1301 2327 Porro
1317 2300 1372 2327 hanc
1391 2300 1590 2328 Contntetttaria
1606 2302 1698 2330 sintne
1720 2304 1837 2332 Athana-

1053 2344 1098 2376 sii,
1110 2349 1155 2371 aut
1168 2344 1326 2379 cujusquam
1342 2345 1463 2377 alterius,
1478 2346 1519 2373 vel
1529 2346 1585 2380 jam
1602 2347 1672 2374 ittter
1684 2348 1835 2378 litterarum

1052 2390 1218 2424 professores
1234 2390 1322 2424 agitur
1334 2391 1531 2423 controversia,
1547 2397 1573 2418 et
1587 2397 1617 2418 ut
1627 2392 1664 2418 ait
1678 2393 1732 2426 ille,
1746 2395 1836 2422 adhuc

1054 2436 1105 2462 sub
1121 2434 1210 2468 judice
1233 2435 1266 2462 lis
1280 2441 1330 2462 est.
1351 2435 1408 2462 Non
1433 2436 1504 2462 enitn
1521 2437 1628 2469 desunt,
1643 2438 1688 2472 qtti
1711 2439 1750 2466 vel
1769 2447 1837 2473 qua-

1053 2479 1114 2506 datn
1132 2480 1335 2514 pervicacitate,
1355 2480 1470 2507 audeant
1483 2488 1514 2508 ea
1533 2482 1736 2518 Theopltylacto
1755 2486 1838 2512 ascri-

1053 2525 1127 2556 bere.
1142 2533 1242 2559 queat,
1261 2530 1291 2552 ut
1314 2533 1390 2552 suant
1414 2531 1539 2554 tueantur
1565 2530 1738 2563 sententiam,
1757 2532 1837 2558 modo

1053 2571 1220 2604 Vulgarium,
1233 2571 1312 2599 modo
1325 2571 1478 2606 Bulgarium
1495 2573 1583 2601 solere
1593 2576 1681 2602 vocari
1693 2582 1834 2605 astruunt:

1054 2616 1219 2643 adducentes
1238 2615 1319 2642 etiam
1338 2616 1374 2648 id,
1400 2621 1530 2651 tanquam
1555 2625 1610 2644 suas
1635 2619 1771 2652 opinionis
1790 2619 1837 2646 llr-

1054 2661 1203 2688 missimunt
1221 2661 1372 2695 cardinem,
1392 2662 1519 2689 Basiliam
1534 2663 1560 2689 in
1574 2663 1614 2690 eis
1630 2663 1837 2692 Commentariis

1054 2707 1151 2741 sacpius
1168 2707 1268 2740 induci,
1285 2714 1365 2742 quem
1383 2712 1471 2734 tatnen
1489 2708 1633 2742 Eusebius,
1649 2710 1673 2736 si
1687 2715 1760 2737 recte
1775 2711 1837 2745 qui-

1055 2753 1114 2780 dem
1132 2753 1363 2785 animadverterit,
1382 2753 1464 2780 fuisse
1476 2754 1836 2790 Athanasio.pOsteriorem.

1054 2805 1178 2825 asserere
1193 2799 1302 2826 minime
1318 2804 1436 2825 veretur.
1455 2799 1489 2826 Et
1508 2800 1572 2828 hinc
1589 2801 1621 2828 lis
1637 2807 1665 2828 et
1681 2807 1838 2829 controver-

1055 2845 1106 2871 sia.
1123 2844 1179 2879 Εεο
1195 2845 1287 2879 igitur,
1301 2846 1409 2878 quando
1428 2844 1484 2878 jam
1503 2846 1591 2874 adhuc
1604 2855 1662 2873 suttt
1685 2847 1837 2874 litterarum

1057 2897 1153 2926 mysta,
1172 2896 1253 2926 atque
1269 2892 1338 2919 inter
1354 2891 1460 2919 illarum
1476 2893 1594 2921 colentes
1616 2894 1658 2920 γει
1676 2901 1740 2921 sane
1759 2894 1840 2921 mini-
