2000 3045
716 163 910 193 ΡΒᾸΞΕΑΤΙΟῙ

962 167 970 194 5
989 166 1157 196 VETERES.
1730 175 1762 200 LI.

126 229 198 256 mus,
211 227 355 249 censuram
371 227 459 248 meam
476 220 547 248 inter
563 225 602 248 tot
618 226 761 257 tantosque
774 224 848 251 viros
865 232 913 251 no-
929 227 952 255 Α
967 230 1020 252 tam
1031 227 1117 253 amica
1132 227 1279 261 paramesis
1291 231 1318 253 et
1331 226 1484 254 adhortatio
1498 226 1539 254 vix
1553 227 1632 255 ﬁdem
1648 229 1752 257 tactura

127 269 172 296 Im
201 268 402 302 interponere:
422 271 512 293 tamen
537 266 560 294 si
587 267 649 302 quis
677 268 804 302 privatim
833 275 916 305 atque

127 313 213 340 amice
238 320 281 340 me
298 317 384 347 roget,
400 312 541 346 cujusnam
561 320 622 340 esse
636 313 766 347 arbitrer,
786 316 914 342 auderem

126 360 168 387 vel
179 359 336 395 juramento
351 359 474 394 apposito
491 360 667 394 respondere,
689 361 789 389 nullius
804 362 914 396 quidem

127 406 237 432 omnino
247 405 366 432 .alterius
377 412 449 437 esse,
459 409 638 439 praeterquam
651 407 802 439 Athanasii,
816 413 916 436 utcun-

126 459 178 486 que
193 452 299 478 varient
311 451 429 478 btereses
442 456 469 479 et
483 453 634 485 sententiae,
654 452 706 480 hoc
717 461 783 480 sane
795 455 914 482 maximo

125 502 297 533 argumento,
321 498 392 532 quod
414 498 441 524 in
465 497 663 533 TheOphylaeti
690 499 914 533 Commentariis,

125 552 186 579 quae
199 544 225 571 in
236 543 349 570 Paulum
369 543 465 577 edidit,
483 548 510 571 et
528 544 583 576 his,
607 552 668 579 qua:
684 545 761 572 titulo
775 546 913 574 Athanasii

125 589 364 622 circumferuntur,
379 590 454 616 varia
471 590 590 625 phrasis,
604 591 698 618 varius
714 590 811 626 stylus,
831 592 914 619 varia:

125 635 298 671 frequentius
311 637 450 664 sententia:
464 646 470 663 :
484 641 511 664 et
526 637 577 664 hoc
596 643 652 664 tum
676 638 702 665 in
719 638 834 672 Grazcis,
853 643 909 666 tum

124 683 232 711 Latinis
247 683 394 711 codicibus.
413 684 491 718 Quod
511 691 571 712 cum
591 684 627 711 ita
654 685 699 716 sit,
719 685 868 718 praesertim
887 685 912 711 in

124 730 282 764 opinionum
297 729 463 763 discrimine,
482 730 527 765 qui
547 730 604 757 lieri
627 735 726 764 potest,
742 735 771 756 ut
785 738 816 758 ea
838 738 913 757 com-

124 775 258 803 mentaria
277 775 383 810 possint
402 775 603 811 Theophylacto
619 775 772 803 vindicari?
788 775 911 803 Aliorum

123 826 213 849 tamen
233 826 292 849 esto
302 821 434 856 judicium
450 830 457 848 :
471 829 532 848 nam
546 821 605 855 ejus
625 821 665 848 rei
683 821 825 849 veritatem
842 821 914 848 haud

122 868 202 904 plane
215 875 325 903 possum
339 868 456 903 assequi.
466 867 577 901 Verum,
590 869 692 902 optime
702 868 800 901 lector,
811 876 914 904 nequa-

122 921 203 949 quam
219 914 336 942 nominis
348 914 481 942 rationem
496 915 593 943 habeto
608 924 616 942 :
630 920 712 950 atque
726 915 751 942 id
766 923 849 942 unum
865 915 912 942 tibi

121 959 265 995 persuade,
287 959 468 994 cujuscunque
492 960 601 988 tandem
624 960 691 993 sint,
718 961 787 988 nihil
813 965 913 995 praeter

122 1005 260 1040 pietatem,
272 1011 373 1041 praeter
386 1006 555 1041 religionem,
567 1007 684 1041 denique
700 1011 797 1041 praeter
810 1007 914 1034 sancti-

122 1055 205 1078 tatem
224 1051 257 1079 iis
272 1050 383 1079 inesse:
400 1051 537 1086 multoque
557 1052 639 1079 aliam
657 1052 714 1079 illic
733 1052 843 1080 vivendi
869 1060 912 1079 ra-

122 1097 223 1125 tionem
235 1097 356 1132 depingi,
373 1105 456 1133 quam
474 1105 548 1126 nunc
565 1098 697 1133 temporis
712 1098 888 1126 observemus
903 1107 909 1125 :

122 1150 183 1171 eam
199 1147 290 1171 tamen
312 1143 442 1171 Servator
468 1149 562 1171 noster
585 1143 711 1171 Christus
731 1145 839 1171 tandem
861 1144 912 1171 ali-

122 1190 233 1224 quando
249 1194 276 1217 et
287 1190 375 1217 redire
387 1195 415 1218 et
426 1190 600 1218 reﬂorescere
608 1190 714 1225 jubeat.
728 1189 800 1218 Sane
814 1190 837 1218 si
855 1190 913 1225 plu-

121 1236 224 1263 rimum
241 1236 365 1264 laudibus
379 1236 507 1264 ederendi
524 1241 587 1264 sunt
602 1236 630 1269 ii,
647 1237 692 1271 qui
708 1244 784 1264 sacra
801 1236 913 1271 potissi~

121 1289 198 1309 mum
215 1286 343 1315 tractant,
355 1282 456 1317 quique
470 1281 609 1310 caelestem
624 1282 724 1309 callent
739 1281 910 1317 sapientiam,

122 1328 196 1355 inter
219 1328 269 1356 hos
292 1328 420 1355 nimirum
445 1328 611 1356 Athanasius
640 1329 743 1362 primus
771 1335 911 1356 commen-

122 1373 227 1401 dandus
248 1374 334 1407 venit,
359 1374 439 1409 eique
461 1374 551 1409 palma
573 1374 636 1409 jure
659 1373 816 1401 deferenda.
844 1373 912 1400 Nam

121 1419 192 1454 apud
209 1419 280 1446 hunc
297 1419 365 1446 adeo
390 1423 454 1446 sunt
474 1419 564 1446 omnia
591 1419 682 1446 divine
705 1418 817 1453 scripta,
844 1418 912 1446 adeo

122 1470 184 1492 sunt
201 1464 311 1500 ingenio
326 1469 408 1499 atque
429 1470 488 1492 arte
505 1464 665 1498 composita,
684 1465 753 1492 adeo
770 1464 868 1491 mirum
884 1464 912 1491 in

122 1510 252 1545 exemplis
275 1511 406 1546 eligendis
429 1511 570 1546 judicium.
591 1515 620 1538 ut
646 1511 705 1538 ﬁeri
732 1518 786 1538 non
810 1510 911 1545 possit,

121 1558 186 1592 quin
210 1557 326 1585 subinde
347 1558 489 1592 occuperis
514 1558 541 1585 in
559 1557 768 1591 contemplanda
785 1557 844 1592 ejus
859 1556 909 1583 viri

121 1603 291 1630 sublimitate
307 1612 314 1630 :
335 1603 413 1635 tanti,
430 1603 552 1637 inquam,
572 1607 602 1630 ut
621 1603 646 1630 in
663 1603 838 1630 enarratione
853 1610 910 1630 cte-

123 1650 230 1678 iestium
249 1650 439 1684 mysteriorum
454 1650 526 1677 velut
554 1649 637 1677 solem
659 1649 802 1684 quemdam
819 1649 910 1683 suspi-

123 1697 203 1724 ciam.
218 1695 318 1729 Quare,
336 1697 461 1727 obsecro,
486 1696 609 1730 quaedam
633 1695 742 1723 brevius
763 1695 909 1730 percurrit,

122 1743 246 1777 quaedam
266 1743 424 1776 tempestive
445 1741 581 1772 enueleat,
603 1749 697 1768 rursus
713 1741 836 1776 quaedam
858 1748 910 1768 ste-

123 1788 183 1823 pius
199 1787 313 1822 repetit?
339 1787 377 1814 Ne
394 1787 539 1822 legentium
567 1786 695 1813 memoria
715 1786 851 1813 excidant.
878 1785 911 1812 Et

123 1833 179 1860 hac
195 1833 302 1867 quidem
316 1834 348 1860 de
366 1838 476 1860 auctore
488 1839 496 1858 :
510 1832 542 1859 de
554 1831 693 1859 laboribus
707 1839 772 1858 vero
788 1836 813 1857 et
826 1831 910 1858 sudo-

124 1879 199 1906 ribus
225 1879 251 1905 in
269 1886 330 1905 eum
354 1878 494 1913 impensis,
516 1887 602 1913 pauca
627 1877 772 1913 perstricte
792 1876 906 1903 dicenda

124 1930 197 1952 sunt.
210 1925 299 1958 Atque
314 1924 341 1951 in
355 1925 448 1959 primis
465 1924 546 1952 tantis
564 1924 710 1952 sudoribus
726 1922 793 1950 mihi
809 1921 912 1949 consti-

124 1970 166 2002 tit,
185 1974 214 1996 ut
233 1969 275 1997 vel
295 1969 472 2004 jurejurando
491 1970 627 1998 allirmare
642 1969 755 1997 audeam
772 1975 911 2003 nunquam

123 2017 277 2051 Herculem,
307 2022 337 2043 ut
361 2016 517 2044 fabulantur
540 2021 636 2052 poene,
664 2021 718 2043 tam
748 2014 912 2042 sustinuisse

122 2062 225 2090 laboris
250 2062 278 2090 in
301 2062 395 2097 Augia:
413 2062 519 2090 stabulo
545 2061 728 2097 repurgando,
747 2068 827 2095 quam
853 2065 910 2086 tum

122 2109 173 2137 hoc
185 2110 212 2136 in
230 2109 338 2144 negotio
353 2109 417 2136 mihi
433 2109 602 2136 tolerandum
618 2108 701 2135 fuerit
715 2116 721 2134 :
735 2108 802 2134 adeo
813 2112 842 2134 ut
854 2112 910 2134 tre-

122 2161 216 2182 centos
232 2154 347 2190 amplius
362 2161 469 2182 errores
483 2153 546 2181 inde
561 2153 729 2181 sustulerim.
745 2153 822 2186 Quod
839 2153 909 2180 haud

122 2201 204 2229 dubie
226 2201 316 2236 possis
335 2207 510 2236 cognoscere,
533 2200 556 2227 si
571 2199 678 2227 collatis
695 2198 909 2233 exemplaribus,

123 2247 273 2282 periculum
302 2246 410 2274 feceris.
441 2246 547 2273 Etenim
579 2245 708 2279 quiddam
741 2244 812 2271 haud
842 2252 909 2271 sane

121 2295 234 2323 omnino
255 2294 403 2330 pmnitendi
434 2293 723 2329 praestitimuswtque
745 2300 797 2319 nou
825 2300 909 2327 pauca

121 2341 239 2376 pristino
255 2346 310 2367 tum
327 2341 438 2368 candori
463 2345 517 2367 tum
538 2340 630 2367 sensui
656 2339 842 2371 restituimus;
864 2339 910 2366 sed

122 2388 150 2415 id
169 2388 318 2422 opitulante
333 2387 460 2414 Christo:
475 2394 525 2414 nos
538 2387 610 2414 enim
636 2394 672 2414 ne
689 2386 831 2412 tuinituum
847 2386 910 2419 qui-

122 2435 183 2460 dem
199 2433 262 2461 boni
285 2441 317 2460 ex
335 2433 413 2460 nobis
435 2433 499 2467 ipsis
524 2440 668 2468 possumus
683 2431 800 2463 edicere,
817 2435 910 2464 utpote

121 2479 262 2511 homines;
282 2478 333 2506 hoc
347 2483 398 2510 est,
419 2478 477 2513 plus
497 2478 572 2505 carni
589 2477 702 2509 addicti,
722 2485 803 2511 quam
825 2475 907 2510 spiri-

122 2522 171 2548 tui.
189 2522 222 2548 Et
239 2529 304 2549 sane
318 2522 434 2549 libenter
449 2522 558 2549 labores
573 2521 655 2548 tacite
669 2520 849 2555 pneteriretn,
863 2520 910 2555 qui

121 2567 200 2594 nobis
222 2567 248 2594 in
264 2567 447 2602 qualicunque
468 2567 660 2595 emendatione
682 2566 847 2599 suscipiendi
865 2573 911 2592 ves

121 2617 232 2643 nerunt,
259 2619 293 2639 ne
318 2612 431 2639 forsitan
458 2612 582 2646 cuiquam
611 2618 719 2638 moroso
747 2609 910 2645 gloriosulus

121 2658 366 2692 appareremzsed
390 2659 518 2692 quoniam
546 2657 623 2692 pauci
653 2657 798 2684 admodum
827 2660 908 2687 sunt,

121 2703 166 2737 qui
183 2707 256 2730 recte
281 2703 387 2731 labores
407 2704 553 2735 testiment,
576 2711 645 2738 quos
667 2703 806 2730 Veteribus
828 2703 909 2729 resti-

122 2750 229 2777 tuendis
249 2750 407 2777 auctoribus
433 2751 592 2785 impendere
615 2749 759 2781 convenit,
783 2748 835 2776 nisi
860 2747 908 2782 qui

121 2796 265 2830 aliquaudo
289 2797 315 2823 in
340 2797 434 2824 eadem
455 2797 580 2832 palaestra
601 2795 801 2826 dimicaverint,
819 2794 907 2820 visum

121 2844 160 2864 est
175 2844 199 2865 te
213 2840 309 2873 paucis
323 2847 404 2874 super
427 2848 459 2867 ea
480 2848 509 2867 re
524 2839 760 2867 commonefacere
775 2848 783 2865 :
799 2837 906 2864 tametsi

123 2892 172 2911 non
188 2885 277 2912 desint
293 2886 405 2919 quidam
417 2886 626 2913 calumniatores
640 2885 726 2920 impii,
738 2883 836 2918 quibus
849 2882 907 2910 haec

967 272 1012 299 sit.
1041 272 1130 299 Malim
1157 273 1230 299 enim
1258 273 1344 300 multo
1369 278 1455 300 marte
1481 274 1590 308 proprio
1617 275 1755 309 quidpiam

966 319 1144 346 commentari
1163 323 1190 346 et
1207 323 1362 350 contexere,
1374 327 1454 354 quam
1468 325 1606 346 auctorem
1620 320 1756 354 deprava-

967 369 1022 392 tum
1041 372 1176 400 germana:
1193 370 1220 392 et
1237 372 1308 392 vera:
1332 365 1440 393 lectioni
1459 365 1582 392 reddere.
1604 366 1690 399 Quam
1715 367 1757 394 ni-

966 411 1064 438 mirum
1085 410 1250 444 provinciam
1266 411 1388 445 plerique
1413 412 1455 440 vel
1480 412 1658 440 eruditissimi
1682 412 1753 440 refu-

965 456 1051 492 giunt,
1075 457 1193 484 scientes
1207 457 1271 491 quia
1289 458 1464 485 emolumenti
1487 466 1582 492 parum
1605 459 1697 492 habet,
1719 459 1758 485 la-

965 502 1039 530 boris
1054 510 1120 530 vero
1133 507 1159 530 et
1171 503 1314 530 calumnia:
1328 503 1491 538 plurimum:
1503 504 1560 537 sed,
1578 509 1606 531 ut
1620 504 1675 538 jam
1691 512 1757 539 pra:-

965 548 1037 576 l'atus
1052 556 1124 582 sum,
1142 550 1225 576 etiam
1251 551 1307 576 hate
1324 549 1415 577 decies
1439 550 1564 585 repetita,
1584 550 1629 577 vix
1645 551 1756 577 tandem

965 596 1139 630 sycophantis
1152 596 1314 630 quibusdam
1333 596 1491 630 persuaderi
1509 601 1644 630 poterunt.
1661 596 1755 631 Neque

964 650 1029 669 vero
1043 647 1121 677 putes
1139 649 1188 668 nos
1204 642 1316 669 mendas
1334 642 1361 668 in
1376 642 1533 669 universum
1551 650 1646 669 omnes
1666 647 1758 670 sustu-

965 688 1029 715 lisse
1043 689 1116 723 (uam
1143 688 1216 722 quis,
1236 688 1277 716 vel
1296 689 1361 716 olim
1389 688 1564 716 doctissimus
1581 689 1606 715 id
1626 694 1757 723 prmstare
1784 696 1788 701 ‘

964 735 1104 770 posse”),
1120 736 1166 762 sed
1182 735 1249 763 adeo
1265 735 1290 761 in
1307 743 1339 762 ea
1356 743 1385 762 re
1398 743 1448 762 nos
1461 736 1612 767 sudavisse,
1627 741 1656 763 ut
1674 743 1757 770 opera

965 778 1048 805 multo
1074 778 1244 805 emunctiora
1275 779 1513 813 luculentioraque
1538 788 1610 808 nunc
1635 781 1757 814 habeas,

964 831 1044 858 quam
1059 829 1138 851 antea
1152 824 1193 852 vel
1214 832 1247 852 ex
1262 824 1376 857 Gallica,
1399 826 1441 852 vel
1457 825 1622 854 Germanica
1635 827 1758 854 editione

965 870 1225 898 circumferebantur
1242 880 1248 897 :
1265 875 1292 898 et
1317 872 1389 898 hanc
1415 871 1597 900 recentiorem
1620 879 1652 900 eo
1680 872 1754 900 cultu

965 916 1089 951 prodire,
1111 920 1142 942 ut
1166 915 1251 943 veteri
1276 916 1388 943 omnino
1410 916 1569 943 dissimiletn
1599 917 1754 944 arbitreris.

965 962 1038 989 Sane
1056 962 1146 997 (quod
1174 967 1265 989 tamen
1291 962 1360 989 citra
1386 962 1627 997 reprehensionem
1653 963 1754 990 dictum

963 1008 1055 1044 velim)
1080 1008 1137 1036 sive
1153 1007 1300 1040 Gallicum,
1321 1007 1380 1035 sive
1398 1007 1590 1035 Germanicum
1614 1007 1756 1043 exemplar

964 1055 1067 1089 absque
1083 1055 1192 1089 punctis
1206 1055 1367 1082 decentihus
1389 1054 1573 1086 claudicabat,
1590 1053 1692 1089 absque
1707 1053 1754 1080 lit-

963 1099 1030 1127 teris
1045 1099 1202 1134 majnsculis
1216 1107 1266 1127 suo
1289 1100 1349 1126 loco
1365 1098 1559 1134 impingendis,
1581 1099 1688 1125 demum
1706 1105 1757 1125 ste-

963 1144 1023 1179 pius
1047 1145 1149 1179 absque
1172 1144 1290 1172 artificio
1318 1144 1497 1179 grammatico
1511 1153 1518 1171 ;
1533 1149 1560 1171 et
1574 1143 1609 1171 ibi
1628 1143 1756 1178 periodus

963 1191 1118 1223 notabatur,
1134 1190 1178 1218 ubi
1194 1190 1309 1226 legentis
1323 1191 1436 1225 spiritus
1458 1190 1607 1217 deciderat.
1628 1189 1699 1217 Sunt
1713 1190 1756 1217 ni-

963 1237 1109 1264 hilominus
1121 1237 1234 1264 forsitan
1249 1241 1276 1264 et
1295 1237 1321 1263 in
1343 1236 1385 1263 his
1407 1236 1613 1263 characterihus
1628 1236 1755 1270 quasdam

963 1283 1081 1310 erratula
1097 1290 1176 1317 :qure
1195 1288 1284 1310 tamen
1305 1289 1416 1310 sensum
1441 1281 1539 1309 litteras
1563 1281 1675 1309 minime
1689 1289 1754 1316 pos—

964 1333 1028 1356 sunt
1048 1329 1194 1362 invertere,
1212 1329 1234 1356 si
1255 1329 1379 1363 protinus
1393 1333 1420 1355 et
1434 1327 1576 1363 diligenter
1592 1328 1756 1355 emendave-

963 1376 1011 1408 ris,
1026 1380 1119 1410 utpote
1134 1383 1149 1402 a
1165 1383 1213 1410 pro
1229 1383 1262 1407 ιιι,
1276 1383 1292 1401 ιι
1309 1382 1358 1409 pro
1381 1383 1407 1407 η,
1422 1382 1434 1401 ε
1449 1381 1498 1409 pro
1516 1374 1536 1409 f,
1551 1378 1578 1401 et
1592 1378 1688 1401 caetera
1705 1373 1756 1399 lm-

960 1422 1089 1458 justnodi.
1107 1421 1145 1449 Ea
1160 1422 1241 1456 igitur
1253 1429 1314 1449 cum
1330 1421 1496 1456 benignitate
1510 1421 1592 1448 simul
1606 1425 1633 1448 et
1647 1419 1756 1447 silentio

963 1467 1120 1502 castigabis,
1145 1475 1199 1494 non
1216 1466 1370 1495 vociferans
1386 1471 1540 1494 erratorum
1559 1466 1710 1501 plaustrum
1728 1470 1756 1492 te

963 1512 1190 1547 deprehendisse:
1204 1512 1255 1540 hoc
1276 1513 1348 1539 enim
1373 1519 1427 1540 non
1445 1517 1487 1539 est
1507 1512 1668 1539 eharitatem
1687 1510 1748 1538 imi-

963 1558 1024 1591 tari,
1049 1566 1108 1592 qua:
1130 1558 1266 1585 netuiuem
1290 1558 1375 1591 laedit,
1403 1558 1512 1593 prodest
1536 1557 1753 1584 omnibusztum

963 1609 1051 1631 tecum
1067 1609 1094 1631 et
1111 1604 1194 1631 tacite
1211 1604 1360 1639 reputabis,
1385 1612 1435 1632 nos
1451 1606 1601 1631 etiamnum
1625 1603 1753 1631 homines

962 1654 1033 1679 esse,
1049 1647 1074 1674 id
1088 1653 1131 1674 est
1146 1647 1249 1675 lubrico
1264 1648 1393 1681 insidere,
1405 1648 1631 1683 quemadmodum
1648 1647 1752 1679 caeteri,

962 1692 1008 1726 qui
1018 1692 1186 1726 possitnuset
1197 1692 1265 1725 falli,
1275 1697 1302 1719 ct
1315 1692 1417 1719 l'allere.
1427 1692 1527 1719 Bonam
1540 1696 1630 1719 tamen
1642 1693 1738 1719 menda
1747 1709 1756 1714 -

962 1744 1022 1764 rum
1039 1741 1154 1771 partem,
1171 1737 1194 1763 si
1217 1744 1284 1771 quas
1297 1737 1519 1772 deprehenderis,
1533 1737 1750 1772 chalcographim

962 1784 1165 1811 tumultuationi
1173 1783 1338 1810 vindicabis:
1352 1782 1418 1810 nihil
1427 1783 1498 1810 enim
1509 1783 1576 1810 adeo
1585 1788 1666 1815 terse,
1677 1785 1756 1810 adeo-

962 1835 1014 1862 que
1029 1835 1095 1862 pure
1111 1827 1210 1855 excudi
1233 1832 1331 1862 potest,
1355 1827 1421 1862 quin
1443 1835 1550 1862 semper
1564 1828 1666 1863 aliquid
1681 1829 1752 1855 cmni

961 1883 1015 1902 non
1032 1879 1171 1901 remaneat
1185 1882 1192 1901 :
1206 1874 1253 1901 sed
1272 1874 1322 1901 hoc
1339 1879 1415 1902 certe
1438 1873 1505 1901 nulli
1529 1880 1629 1902 norunt
1648 1875 1754 1902 absolu-

961 1921 1075 1954 tissime,
1092 1921 1142 1948 nisi
1159 1921 1204 1955 qui
1218 1921 1363 1956 aliquando
1377 1921 1493 1948 similem
1510 1921 1651 1949 nobiscum
1671 1921 1751 1948 telam

961 1972 1170 1995 contexuerunt.
1191 1966 1231 1994 0b
1253 1967 1425 2001 imprimendi
1451 1968 1584 2002 siquidem
1610 1967 1752 1995 dilIiculta-

963 2019 1026 2046 lem,
1041 2013 1100 2041 ﬁeri
1113 2020 1283 2048 nequaquam
1299 2018 1399 2047 potest,
1416 2018 1443 2040 ut
1459 2013 1501 2040 vel
1517 2021 1622 2040 summa
1641 2018 1669 2041 et
1685 2021 1751 2041 cura

960 2065 988 2088 et
1003 2060 1147 2088 sedulitate
1162 2060 1294 2094 apposita,
1310 2067 1363 2086 non
1378 2065 1467 2087 tamen
1478 2059 1579 2094 aliquid
1595 2064 1750 2087 crratorum

962 2103 1032 2130 inter
1046 2103 1234 2130 cxcudendum
1251 2103 1362 2130 incidat.
1380 2103 1408 2129 ld
1424 2103 1496 2130 enim
1513 2104 1633 2130 onmium
1652 2103 1751 2131 suifra-

960 2151 1011 2185 giis
1025 2155 1051 2176 et
1075 2149 1178 2177 calculo
1195 2149 1403 2184 comprobatum
1427 2154 1480 2182 est,
1498 2155 1628 2184 praestare
1653 2157 1751 2184 nempe

961 2204 995 2223 ne
1017 2196 1068 2223 ulla
1091 2195 1216 2223 mendula
1239 2195 1265 2222 in
1287 2203 1355 2230 opus
1379 2195 1488 2230 aliquod
1515 2196 1635 2230 irrepat,
1664 2196 1749 2224 tnulto

961 2250 1026 2269 sane
1037 2242 1172 2269 dilIicilius
1187 2250 1256 2273 esse.
1271 2249 1351 2276 quam
1369 2240 1410 2268 vel
1427 2240 1487 2268 levi
1500 2240 1600 2268 fulmen
1617 2242 1665 2275 (ita
1678 2241 1750 2268 enim

961 2291 1084 2324 garriunt
1103 2289 1246 2316 mendaces
1261 2287 1359 2323 poetas)
1380 2287 1420 2314 vel
1442 2287 1547 2314 clavam
1570 2288 1679 2316 llereuli
1703 2289 1752 2316 de-

962 2337 1069 2362 trahere
1085 2344 1092 2361 :
1107 2335 1258 2370 praesertim
1272 2342 1333 2361 cum
1350 2335 1406 2360 sint
1423 2334 1491 2360 adeo
1512 2335 1620 2361 oculate
1633 2341 1750 2368 perpen-

961 2381 1047 2407 dcuda
1069 2380 1127 2407 cola
1150 2384 1178 2407 et
1195 2384 1340 2410 connnata,
1368 2379 1566 2411 verborumque
1585 2377 1705 2411 phaleris
1722 2383 1751 2404 et

961 2426 1043 2453 cultui
1057 2433 1249 2460 nonnunquam
1261 2424 1362 2452 diutius
1377 2423 1588 2454 immorandum,
1603 2423 1636 2449 ad
1653 2431 1750 2450 sensus

963 2471 1158 2499 obscuritatem
1179 2471 1338 2498 eruendam.
1356 2470 1409 2497 Sed
1428 2470 1532 2497 utinam
1549 2470 1693 2496 verborum
1709 2468 1750 2495 lc-

964 2518 1112 2549 noeinium,
1134 2517 1177 2544 cui
1196 2523 1250 2544 tam
1275 2517 1352 2544 multi
1377 2516 1437 2551 plus
1460 2523 1538 2550 mquo
1563 2515 1647 2542 dediti
1674 2519 1749 2547 sunt,

965 2563 1057 2597 procul
1074 2562 1270 2597 ablegareuius,
1292 2570 1349 2589 rem
1368 2569 1431 2588 vero
1451 2562 1537 2595 ipsam
1555 2561 1675 2595 pressius
1689 2567 1751 2595 per-

961 2609 1078 2643 pendere
1100 2608 1208 2635 liberet.
1231 2608 1300 2634 Sunt
1319 2607 1391 2633 euim
1421 2607 1528 2640 quidam
1546 2606 1685 2637 curiosuli,
1704 2606 1750 2640 qui

961 2655 1023 2681 dum
1056 2653 1200 2680 verborum
1238 2654 1399 2688 elegantiam
1430 2653 1589 2685 attendunt,
1624 2652 1750 2679 umbram

961 2701 1093 2728 duntaxat
1108 2707 1198 2726 rerum
1214 2700 1367 2734 degustant.
1383 2699 1440 2726 Non
1456 2699 1527 2734 quod
1540 2699 1620 2726 velim
1637 2699 1750 2733 politutn

961 2751 988 2773 et
1002 2751 1126 2773 ornatum
1144 2745 1249 2772 dicendi
1272 2752 1426 2772 sermonem
1452 2752 1511 2772 mea
1533 2752 1648 2772 censura
1670 2745 1751 2773 dam-

961 2799 1047 2818 nare:
1061 2792 1084 2819 si
1098 2792 1169 2818 enim
1187 2791 1238 2818 hoc
1259 2791 1354 2819 vellem
1376 2791 1552 2826 persuadere,
1567 2791 1675 2825 plurimi
1696 2795 1752 2818 sta--

963 2838 1009 2865 tim
1027 2838 1209 2869 exorirentur,
1225 2837 1272 2871 qui
1287 2844 1330 2864 me
1345 2837 1520 2864 retunderent
1532 2846 1539 2864 :
1553 2837 1599 2865 sed
1612 2837 1685 2873 quod
1698 2837 1751 2864 ini-

962 2892 1014 2918 quo
1030 2883 1115 2911 feram
1138 2883 1241 2917 animo,
1265 2883 1330 2918 quia
1359 2887 1411 2911 tam
1430 2883 1517 2917 multi,
1533 2889 1613 2919 atque
1637 2883 1655 2910 ii
1684 2890 1752 2911 sane
