2000 3045
169 160 224 184 »ιιν
853 151 959 180 PROLE

853 150 1118 180 PROLEGOMENA.

179 229 1791 245 mm

360 336 423 380 IN
462 335 646 382 VITAM
684 335 892 379 SANCTI
930 333 1255 378 ATHANASII
1293 331 1604 380 MONITUM.

216 525 245 554 1.
269 523 344 553 Sera
366 521 569 562 querimonia
590 524 688 556 esset,
708 522 890 560 mqualibus
915 522 1093 562 amicisque
1117 522 1271 553 Athanasi
1311 529 1390 552 νιιιο
1405 529 1492 557 dare,
1513 522 1599 560 quod
1627 523 1707 554 tanti
1728 523 1787 554 viri

177 576 262 612 gesta
280 572 410 603 silentio
433 571 708 611 praetermiserim,
734 580 842 611 neque
859 572 945 603 ullus
965 571 1132 603 familiaris
1149 581 1184 604 ea
1200 572 1362 604 scribendi
1385 572 1582 611 provinciam
1596 575 1788 612 susceperit,

175 631 247 663 quae
261 622 326 662 jam
347 622 431 652 haud
448 621 519 653 sine
535 622 659 661 ingenti
677 623 787 653 labore
802 623 877 654 hinc
892 628 922 655 et
938 624 1013 655 inde
1031 633 1048 655 e
1063 625 1286 656 monumentis
1300 628 1443 655 veterum
1460 624 1558 664 repeti
1576 626 1791 663 possunt.Du-

175 679 218 702 rte
241 675 349 711 partes
373 671 468 702 nobis
486 675 573 707 sunt,
594 679 666 702 cum
693 671 777 701 haud
800 672 906 702 minor
926 672 1110 703 sollicitudo
1133 673 1291 704 incumbit
1306 672 1360 711 qui
1377 681 1546 704 caveamus
1565 679 1743 705 commenta
1759 680 1790 706 et

173 721 312 757 fabulas,
345 728 439 759 quam
471 728 537 759 quo
569 725 659 760 pacto
678 731 751 753 vera
768 726 799 754 et
825 731 973 761 germana
988 723 1277 762 deprehendamus.
1295 724 1340 753 Ne
1358 731 1417 753 nos
1442 726 1548 755 tamen
1570 733 1717 756 curarum
1733 725 1784 756 ni-

174 771 237 801 mis
254 769 406 810 paaniteat
421 769 533 799 divino
550 770 688 802 consilio
702 775 908 810 prospectum
920 773 978 808 est,
996 771 1126 810 quando
1144 771 1312 802 Athanasii
1329 772 1446 811 scripta
1463 774 1547 804 bene
1557 774 1657 805 multa
1671 783 1687 805 a
1703 777 1783 806 tem-

174 828 290 858 porum
304 818 422 857 injuria
440 818 598 851 vindicata
614 824 702 857 sunt,
720 829 858 860 quorum
875 829 935 860 ope
952 821 1143 860 plerumque
1163 829 1236 852 vera
1256 829 1273 851 a
1289 820 1379 862 falsis
1396 821 1613 854 internoscere
1631 823 1672 854 sit
1685 823 1783 855 facul-

174 875 234 903 tas.
256 871 349 908 Quod
365 871 390 901 si
407 870 491 901 salva
517 874 548 902 et
563 871 688 911 integra
704 872 811 903 omnia
834 876 952 909 essent,
970 871 1098 903 facilius
1115 871 1198 902 foret
1213 880 1230 902 a
1246 872 1447 908 commentis,
1464 880 1480 902 a
1503 874 1705 912 praeposteris
1722 882 1782 913 pu-

172 921 259 952 tandi
289 920 480 957 rationibus,
508 928 525 950 a
550 920 675 952 turbato
703 929 810 951 rerum
841 922 965 957 ordine,
995 929 1067 960 quas
1084 923 1117 951 ut
1148 920 1324 960 plurimum
1354 920 1389 950 in
1414 921 1550 952 rcliauis
1574 923 1785 961 scriptoribus

172 976 356 1008 occurrunt,
369 962 439 1003 se’se
455 971 620 1010 expedire.

209 1026 241 1056 2.
259 1025 298 1056 Ut
315 1025 402 1055 enim
419 1024 457 1055 ab
481 1024 522 1054 iis
545 1023 717 1060 ordiamur,
734 1024 791 1063 qui
811 1027 953 1063 tempore
968 1023 1137 1055 Athanasii
1159 1023 1322 1060 vixerunt,
1345 1024 1506 1056 Eusebius
1522 1034 1677 1066 perpauca
1694 1027 1786 1058 aﬂert

173 1075 340 1106 Athanasii
360 1074 455 1104 vitam
472 1073 666 1112 spectantia,
687 1082 722 1104 ac
740 1078 859 1104 mutuae
880 1083 952 1104 cum
977 1074 1106 1105 Arianis
1129 1083 1234 1115 Operae
1255 1083 1362 1111 causa,
1385 1075 1669 1114 su5piciosissima.
1691 1078 1784 1114 Quod

172 1130 277 1158 autem
302 1135 356 1165 per
374 1125 455 1157 mihi
484 1126 599 1155 mirum
628 1125 768 1163 videtur,
786 1134 827 1156 ne
843 1126 976 1157 verbum
994 1127 1125 1166 quidem
1143 1128 1183 1158 de
1199 1127 1376 1157 Athanasio
1399 1127 1502 1164 affert,
1516 1127 1596 1158 nihil
1613 1128 1652 1159 de
1668 1130 1785 1168 pugnis

171 1187 243 1210 cum
260 1179 376 1209 Ariana
396 1177 521 1212 haeresi,
538 1177 617 1207 nihil
635 1177 674 1208 de
690 1178 796 1217 Tyriis
814 1178 923 1215 rebus,
941 1181 970 1208 et
986 1179 1077 1217 quasi
1098 1187 1152 1218 per
1169 1178 1463 1208 dissimulationem
1489 1177 1661 1216 ignorandi
1676 1181 1786 1210 omnia

167 1229 322 1267 praeterit,
340 1231 414 1268 puta
437 1227 512 1267 quia
525 1229 687 1265 gestorum
705 1227 807 1265 pudor
825 1227 988 1257 silentium
1005 1226 1191 1266 imperaret.
1211 1227 1355 1257 Hilarius
1373 1225 1471 1257 multa
1497 1227 1586 1257 affert
1604 1231 1787 1266 opportuna

171 1277 336 1307 Athanasii
366 1277 439 1307 vitae
464 1274 656 1306 adornanda
672 1286 678 1305 :
696 1279 727 1306 at
755 1284 866 1306 eorum
889 1277 1042 1315 pleraque
1066 1276 1149 1316 apud
1174 1276 1387 1307 Athanasium
1405 1276 1483 1307 item
1500 1276 1662 1315 leguntur,
1679 1277 1720 1308 ita
1748 1282 1783 1309 ut

173 1335 272 1365 pauca
289 1336 368 1358 nova
385 1330 415 1357 et
430 1326 469 1357 ab
486 1325 558 1356 aliis
574 1324 691 1356 intacta
708 1324 836 1356 referat.
848 1326 916 1356 Jam
934 1325 972 1356 ad
990 1334 1045 1356 eos
1062 1325 1263 1362 accedamus,
1279 1326 1338 1365 qui
1362 1326 1508 1365 proxime
1523 1327 1688 1357 Athanasii
1706 1333 1785 1358 aeta-

171 1383 234 1408 tem
254 1377 416 1412 vixerunt,
433 1377 476 1407 ita
498 1380 530 1406 ut
544 1383 654 1407 senem
683 1379 713 1406 et
730 1375 838 1406 videre
856 1380 886 1407 et
904 1376 1024 1416 all0qui
1052 1376 1227 1416 potuerint.
1241 1377 1415 1415 Gregorius
1444 1377 1665 1408 Nazianzenus
1696 1378 1785 1417 praeit

170 1435 264 1462 aetate
280 1429 515 1468 dignitateque,
534 1436 590 1467 par
603 1436 680 1458 sane
698 1428 884 1459 enarrandis
903 1428 1069 1460 Athanasii
1088 1428 1199 1467 gestis,
1217 1428 1422 1468 quantumvis
1443 1428 1551 1458 tritum
1567 1437 1602 1459 ac
1621 1429 1784 1468 vulgarem

170 1486 277 1509 rerum
292 1487 386 1509 usum
403 1477 690 1508 excedant.Verum
704 1476 759 1507 ille
776 1477 899 1508 utscite
915 1482 1011 1517 atque
1028 1478 1151 1508 naviter
1165 1478 1301 1508 oratoris
1313 1486 1432 1508 munus
1449 1480 1602 1516 explevit,
1615 1479 1657 1510 ita
1670 1479 1783 1518 jejune

171 1532 202 1559 et
220 1529 360 1558 tenuiter
389 1535 453 1564 res,
477 1531 560 1565 acta,
589 1531 733 1567 tempora
759 1529 874 1567 tetigit,
897 1533 929 1559 ut
956 1529 1025 1569 ejus
1038 1528 1171 1565 Ἐγκαιμίῳ
1200 1529 1341 1568 perlecto
1366 1528 1450 1560 haud
1469 1531 1604 1562 multum
1622 1531 1782 1562 doctiores

169 1580 336 1618 abeamus,
353 1579 418 1610 imo
446 1588 522 1611 vero
548 1580 736 1612 iucertiores
755 1581 789 1611 in
806 1581 972 1621 plerisque
989 1590 1084 1621 quam
1102 1582 1223 1612 dudum
1242 1580 1381 1618 fuimus,
1408 1582 1448 1612 ob
1478 1582 1584 1612 minus
1602 1585 1781 1613 accuratam

169 1635 329 1661 certarum
347 1639 453 1661 rerum
469 1631 667 1662 memoriam.

208 1683 238 1713 3.
259 1683 408 1722 Equalis
436 1682 511 1713 huic
540 1683 755 1721 Epiphanius,
785 1685 824 1715 de
852 1684 1046 1722 Mcletianis,
1066 1685 1209 1720 Arianis,
1229 1683 1642 1717 Semiarianis,Dimmritis
1671 1690 1782 1721 agens,

169 1732 267 1763 multa
294 1733 375 1764 dixit
392 1733 558 1766 Athanasii
575 1735 744 1766 historiam
764 1737 959 1775 spectantia;
979 1740 1009 1767 at
1027 1746 1098 1776 quas
1120 1738 1160 1768 de
1178 1737 1360 1767 Meletianis
1386 1736 1440 1773 ait,
1456 1744 1526 1767 cum
1542 1744 1581 1766 ex
1608 1735 1782 1766 Meletianu

168 1785 319 1824 quopiam
335 1786 492 1822 hauserit,
504 1790 532 1817 et
552 1787 745 1828 plerumque
761 1789 981 1820 commentitia
1000 1789 1078 1825 sint,
1098 1790 1216 1821 nedum
1232 1788 1400 1828 quidpiam
1419 1785 1499 1816 lucis
1511 1785 1655 1819 aﬂ'erant.
1672 1783 1783 1815 fucum

167 1837 284 1867 factum
302 1839 453 1871 accedere
471 1841 629 1872 videntur.
646 1843 779 1882 Reliqua
799 1842 944 1874 melioris
960 1845 1043 1873 nota;
1061 1846 1148 1879 sunt,
1167 1851 1277 1873 verum
1295 1841 1455 1880 implicata
1471 1846 1556 1878 saepe
1568 1841 1598 1868 et
1608 1845 1707 1876 pauca
1725 1845 1783 1876 pro

169 1891 326 1917 tantarum
346 1897 450 1919 rerum
470 1899 542 1920 usu.
558 1891 692 1921 Ruﬁnus
709 1899 838 1930 suppar,
856 1891 1060 1931 negligentiae
1073 1892 1204 1923 nomine
1220 1891 1337 1930 passim
1357 1895 1539 1930 suspectus,
1556 1888 1656 1920 nimia
1683 1888 1784 1920 facili-

167 1938 231 1965 tate
261 1937 444 1968 historiolas
478 1942 593 1973 multas
614 1943 754 1980 invexit,
782 1953 853 1983 quae
883 1944 1033 1983 ﬁngentis
1051 1946 1152 1984 magis
1171 1945 1339 1976 artiﬁcium
1364 1952 1459 1983 quam
1476 1951 1541 1974 rem
1566 1950 1640 1972 vere
1660 1944 1782 1980 gestam

168 1984 275 2014 oleant
295 1994 303 2014 :
324 1983 399 2016 hinc
417 1992 465 2017 est
482 1993 516 2019 ut
533 1994 625 2020 caute
643 1991 764 2022 incauti
781 1993 874 2024 ducis
889 1993 1022 2032 vestigia
1040 1996 1153 2024 sectari
1172 2001 1305 2024 necesse
1323 1993 1511 2032 plerumque
1532 1992 1584 2023 sit.
1603 1993 1680 2022 Tam
1697 2000 1783 2031 prae-

168 2037 316 2069 posterus
336 2039 384 2065 est
401 2035 434 2066 in
451 2041 631 2077 temporum
653 2041 842 2078 rationibus,
862 2046 908 2078 ut,
928 2051 999 2073 cum
1017 2042 1160 2073 Socrates
1178 2042 1235 2073 illo
1253 2046 1386 2072 auctore
1403 2043 1527 2080 priores
1543 2041 1698 2071 Historiae
1714 2048 1781 2071 suas

168 2082 267 2113 libros
290 2086 547 2126 conscripsisset,
565 2089 619 2120 ubi
646 2098 680 2121 se
697 2090 824 2129 longius
847 2092 1018 2123 abductum
1035 2093 1149 2128 sensit,
1176 2102 1193 2123 a
1211 2092 1328 2123 Ruﬁno
1347 2091 1379 2121 in
1402 2091 1506 2121 deviis
1525 2091 1603 2122 locis
1628 2096 1733 2122 actum
1748 2099 1782 2122 se

166 2136 312 2170 ηιιθειιιε,
328 2143 345 2165 ﬂ
370 2144 466 2167 cursu
485 2137 554 2176 ipso
570 2141 701 2179 gradum
722 2145 931 2180 revocaverit,
949 2147 979 2174 et
996 2145 1090 2175 aliam
1112 2145 1280 2183 ingressus
1296 2144 1379 2173 viam
1397 2143 1449 2173 sit.
1467 2142 1625 2182 Sulpitius
1643 2143 1782 2173 Severus

168 2186 346 2236 importuna
362 2184 516 2216 brevitate
533 2190 778 2226 prteterlabitur,
798 2197 831 2223 ut
848 2193 901 2222 vix
919 2202 984 2223 rem
996 2202 1066 2233 quae
1082 2194 1187 2231 agitur
1201 2194 1242 2224 ob
1258 2193 1369 2223 oculos
1385 2199 1500 2231 ponat;
1519 2202 1617 2232 pauca
1629 2193 1669 2224 de
1684 2193 1782 2224 Atha-

166 2232 247 2285 t‘tasi-i
271 2232 333 2285 vita
364 2240 480 2271 narrat,
499 2238 649 2276 perplexe
669 2241 759 2277 satis,
790 2251 894 2282 neque
915 2232 1020 2281 magni
1047 2245 1083 2273 ad
1111 2245 1180 2283 ejus
1200 2243 1365 2274 historiam
1385 2249 1433 2275 est
1463 2254 1550 2275 usus.
1569 2245 1689 2275 Auctor
1706 2245 1782 2276 Vita

164 2278 334 2315 Pachomt't',
348 2290 420 2334 quae
436 2292 538 2322 nuper
561 2288 593 2316 in
621 2288 708 2318 Actis
732 2278 921 2326 sancto-rum,
942 2278 1018 2323 toﬁm.
1037 2293 1080 2323 ΙΙΙ
1103 2278 1192 2330 Maii,
1208 2301 1282 2324 cusa
1306 2292 1379 2329 fuit,
1397 2302 1459 2324 non
1483 2303 1582 2333 pauca
1597 2295 1781 2334 suppeditat

154 2330 453 2384 '“OVa’hPmc'm‘tt,
484 2334 638 2367 hactenus
668 2339 795 2376 intacta,
828 2341 1045 2382 similiterque
1077 2343 1210 2380 epistola
1240 2343 1403 2373 Ammonii
1432 2344 1573 2383 episcopi
1604 2330 1780 2375 Athanasio

162 2378 308 2416 mqualis,
324 2383 499 2414 secundum
523 2394 592 2416 eam
611 2387 711 2418 Vitam
729 2398 816 2420 cusa.
843 2391 989 2422 Socrates
1018 2393 1183 2430 Ruﬁnum,
1200 2395 1235 2422 ut
1257 2400 1331 2422 mox
1352 2392 1474 2423 dictum
1493 2400 1553 2430 est,
1569 2399 1731 2425 auctorem
1746 2398 1777 2425 et

162 2430 275 2459 ducem
293 2436 423 2464 secutus
439 2439 487 2465 est
505 2436 536 2467 in
555 2438 714 2476 prioribus
730 2441 881 2472 Historia:
906 2451 971 2473 suas
999 2443 1102 2479 libris,
1132 2443 1234 2473 donec
1253 2451 1287 2472 se
1312 2443 1456 2473 abactum
1477 2444 1584 2481 procul
1613 2445 1725 2480 sensit,
1744 2449 1775 2474 et

162 2488 275 2534 novam
295 2482 440 2517 historia;
457 2488 536 2518 viam
562 2490 727 2530 ingressus
751 2497 818 2530 est;
836 2503 940 2534 neque
960 2495 1067 2534 seipso
1091 2494 1235 2525 feliciore
1249 2494 1331 2524 duce
1351 2502 1427 2524 usus
1446 2498 1505 2530 est,
1533 2504 1626 2534 quam
1643 2495 1772 2533 Ruﬁno;

155 2533 297 2571 plurima
317 2544 356 2566 ex
373 2537 491 2570 Sabino
519 2542 747 2575 Maccdoniano
774 2533 894 2582 hausit,
912 2547 962 2578 vel
982 2533 1019 2577 eo
1047 2546 1176 2577 nomine
1202 2549 1348 2583 suspecta
1378 2548 1408 2576 et
1436 2546 1600 2576 cavenda:
1624 2552 1774 2586 quantam

161 2593 237 2615 vero
263 2587 296 2617 in
316 2588 427 2620 ordine
445 2596 475 2622 et
492 2596 636 2633 tempore
657 2597 930 2635 perturbationem
957 2598 1112 2634 attulerit,
1136 2597 1285 2636 pluribus
1313 2599 1362 2627 est
1382 2596 1461 2627 alias
1480 2601 1775 2630 commonstratum.

160 2637 375 2680 Sozomenum
397 2642 487 2673 aiunt
505 2644 601 2681 vulgo
620 2653 657 2674 ex
685 2645 823 2681 Socratis
839 2647 967 2686 scriptis
991 2647 1099 2678 omnia
1127 2647 1193 2677 fere
1219 2646 1418 2685 expiscatum
1442 2656 1524 2683 esse,
1542 2652 1573 2678 et
1590 2656 1649 2678 nos
1671 2650 1778 2679 statim

161 2695 289 2718 rumore
305 2692 433 2722 auctore
451 2692 591 2731 idipsum
618 2694 827 2731 putabamus;
847 2704 956 2726 verum
979 2695 1072 2734 longe
1088 2696 1150 2726 alio
1167 2696 1262 2726 modo
1290 2703 1355 2725 rem
1379 2703 1413 2725 se
1431 2696 1547 2728 habere
1562 2697 1779 2735 deprehendi-

159 2748 243 2776 mus,
261 2744 291 2771 et
307 2744 494 2774 tractatione
510 2745 658 2777 diuturna
674 2749 902 2787 comperimus,
922 2749 1022 2780 multo
1040 2749 1297 2788 praestantiorem
1314 2756 1386 2779 esse
1409 2748 1579 2779 Sozomeni
1596 2758 1693 2788 quam
1716 2751 1778 2780 So-

159 2791 254 2821 cratis
273 2793 462 2824 Historiam.
478 2797 544 2827 Etsi
564 2797 649 2827 enim
669 2803 702 2828 ut
724 2799 896 2838 plurimum
915 2800 1081 2831 consimili
1099 2808 1206 2830 rerum
1223 2799 1337 2830 ordine
1353 2799 1508 2838 procedit,
1528 2799 1664 2839 plurima
1691 2804 1776 2832 certe

158 2844 250 2875 all‘crt
268 2846 396 2884 Optima:
412 2850 504 2885 notae,
521 2849 559 2879 ab
577 2849 702 2881 Socrate
721 2852 847 2889 intacta,
865 2853 1078 2889 inobservata,
1099 2855 1152 2883 aut
1174 2851 1282 2883 minus
1300 2855 1446 2883 accurate
1463 2850 1617 2883 recensita
1636 2860 1645 2881 :
1663 2851 1774 2890 cujus-
