2000 3045
642 180 722 210 VITA
743 182 771 210 S.
791 180 987 210 ATHANASII.
1005 197 1037 202 —
1052 181 1199 210 MONITU.‘
1736 189 1769 209 ιν

149 245 234 277 modi
251 248 328 277 sunt
348 253 398 276 res
415 242 491 283 Tyri
508 245 616 282 gestae,
633 242 764 281 Georgii
783 242 931 280 expulsio
951 241 1163 277 Alexandria,
1186 247 1283 280 quam
1307 239 1339 270 in
1353 246 1473 270 annum
1498 238 1625 270 circiter
1639 237 1699 269 356
1724 247 1774 270 re-

151 299 302 338 ponimus
320 309 329 328 :
349 301 379 329 et
396 296 517 328 similia
533 303 604 334 quas
619 294 719 325 Vitam
735 294 903 324 Athanasii
919 302 935 324 a
959 293 1054 324 nobis
1076 293 1261 324 adornatam
1287 289 1472 330 inspicienti
1498 289 1620 329 passim
1639 295 1710 318 sese
1728 287 1775 317 of-

149 349 264 379 ferent.
283 348 333 379 Ad
361 347 428 378 haec
458 355 508 377 res
526 344 674 385 pluribus
704 344 883 383 majorique
899 343 1103 374 accuratione
1119 342 1216 380 vulgo
1233 344 1391 373 recenset.
1411 340 1445 370 Id
1469 341 1587 378 cuique
1603 338 1772 369 Sozomeni

152 397 326 428 Historiam
349 395 481 435 legenti,
500 394 576 425 dum
593 393 830 432 praajudicatam
847 396 943 430 ponat
959 391 1161 430 opinionem,
1179 390 1343 429 propalam
1370 389 1443 420 erit.
1461 388 1685 420 Theodoretus
1713 388 1773 419 etsi

149 447 246 485 vulgo
262 447 303 477 ita
321 446 428 477 brevis
455 449 486 476 et
503 445 674 485 perplexus
692 448 751 481 est,
778 447 811 474 ut
835 452 885 474 res
910 443 1061 480 misceat;
1090 446 1293 482 opportunus
1313 445 1432 478 tamen,
1448 440 1522 481 quia
1542 445 1609 472 acte
1627 439 1772 481 quasdam

150 502 182 530 et
205 503 410 530 monumenta
429 506 537 528 rerum
556 497 646 528 affert
672 505 744 537 quas
764 505 922 536 nusquam
950 495 1029 526 alias
1045 497 1184 526 exstant.
1211 494 1361 525 Gelasius
1386 493 1564 532 Cyziccnus
1581 499 1688 530 nugax
1704 491 1774 530 ple-

150 555 302 588 rumque,
318 557 381 588 quo
398 549 470 579 sine
489 556 603 586 magna
623 548 773 578 cautione
790 547 839 578 uti
859 556 924 578 non
943 547 1028 579 licet.
1050 547 1154 586 Hujus
1174 551 1279 578 tamen
1299 546 1456 577 beneﬁcio
1475 546 1597 585 aliquot
1614 544 1772 585 epistolis,

152 603 184 632 et
200 601 335 632 sinceris
351 601 494 640 quidem,
511 600 595 631 aucti
612 609 737 631 sumus.
754 600 813 630 His
837 600 975 630 maxime
996 599 1209 638 scriptoribus
1224 597 1367 637 antiquis
1384 598 1416 628 in
1436 598 1618 628 adornanda
1638 597 1776 629 Athana-

149 651 193 681 sii
214 648 281 681 Vita
299 651 347 681 usi
371 659 496 681 sumus.
521 650 597 681 Nam
619 652 704 682 Vitas
720 652 886 683 Athanasii
909 651 1034 681 Graecas
1059 660 1075 682 a
1102 651 1197 681 nobis
1221 650 1324 682 editas
1338 650 1426 689 quod
1444 654 1578 690 spectat,
1596 659 1692 690 quam
1713 650 1773 681 mi-

150 702 232 732 nimi
249 701 344 741 pretii
363 701 424 732 illai
440 705 527 733 sunt.
557 702 647 733 Prior
671 702 757 733 enim
774 711 846 740 quae
864 706 912 733 est
937 702 1089 741 anonymi
1107 701 1291 742 cujusdam,
1309 711 1349 732 ex
1368 701 1516 738 Socratis,
1533 702 1717 737 Sozomeni,
1744 705 1776 733 et

151 752 346 783 Theodoreti
364 753 494 791 scriptis
510 752 681 792 desumpta
706 756 767 791 est,
791 753 926 793 adjectis
954 753 1089 793 insuper
1112 753 1272 784 sexcentis
1299 752 1427 784 fabellis
1447 763 1455 782 :
1483 752 1561 783 nihil
1578 752 1625 784 ibi
1647 761 1774 790 sanum,

150 803 257 833 omnia
273 804 502 841 contaminata,
520 813 577 836 sus
601 805 705 844 deque
721 814 833 843 versa;
851 807 981 837 domum
1011 813 1126 845 magno
1145 808 1262 836 conatu
1280 812 1401 843 magna)
1416 814 1508 844 nugae
1523 805 1687 836 dicuntur.
1714 805 1777 835 Ex-

150 857 234 885 stant
250 854 371 886 ibidem
388 857 532 895 quaedam
553 857 774 896 praefectorum
793 858 938 895 nomina,
954 867 1018 888 non
1035 858 1111 888 alibi
1133 860 1319 892 memorata,
1335 857 1472 895 ideoque
1490 863 1553 885 non
1571 855 1643 886 sine
1659 864 1776 895 magno

150 904 301 943 scrupulo
319 906 514 945 usurpanda.
532 906 612 942 Qum
638 915 712 938 vero
729 916 768 937 ex
788 907 892 938 Photii
910 907 1104 938 Bibliotheca
1119 907 1288 946 desumpta
1306 910 1353 937 est
1375 906 1545 937 Athanasii
1566 905 1650 941 Vita,
1667 907 1774 946 ipsius

150 953 256 985 Photii
270 954 408 994 judicio,
425 956 614 995 quisquillm
630 960 705 987 sunt
721 957 791 988 sine
810 958 890 996 pari.
906 958 998 995 Quod
1016 958 1055 994 si,
1074 961 1108 988 ut
1126 958 1170 988 ait
1187 957 1326 994 Tullius,
1348 958 1501 989 omnibus
1517 959 1551 990 in
1571 959 1668 990 rebus
1685 959 1777 990 simi-

151 1004 255 1036 litudo
271 1009 320 1036 est
337 1005 494 1037 satietatis
511 1011 621 1046 mater,
641 1009 673 1040 in
693 1009 743 1040 his
767 1010 849 1041 haud
881 1011 980 1042 dubie
1004 1011 1125 1042 fastidii
1141 1014 1172 1041 et
1188 1018 1318 1040 nauseae
1335 1019 1448 1049 parens
1469 1012 1550 1046 erit;
1574 1015 1604 1042 et
1619 1012 1777 1044 fateamur

151 1063 285 1086 necesse
302 1058 350 1086 est
366 1064 424 1087 nos
442 1058 560 1089 damno
577 1064 690 1091 auctos
707 1070 789 1092 esse.
806 1061 876 1091 Vita
894 1062 1061 1092 Athanasii
1077 1061 1300 1100 Metaphrastte
1315 1069 1410 1100 Opera
1426 1062 1614 1093 concinnata
1634 1063 1777 1094 melioris

150 1105 283 1144 quidem
301 1111 404 1144 notae;
432 1109 488 1140 sed
506 1119 577 1141 cum
599 1121 637 1143 ex
665 1112 792 1144 laciniis
810 1114 886 1145 hinc
900 1118 932 1144 et
950 1114 1025 1145 inde
1049 1113 1280 1145 consarcinatis
1305 1117 1440 1151 constet,
1459 1123 1475 1145 a
1493 1115 1704 1154 scriptoribus
1720 1117 1778 1155 qui

152 1155 328 1187 etiamnum
346 1162 472 1190 exstant
489 1162 653 1199 mutuatis,
665 1171 729 1194 non
750 1165 857 1203 magni
875 1173 953 1195 usus
966 1173 1037 1195 esse
1055 1168 1170 1203 potest.
1191 1166 1313 1203 Agmen
1332 1165 1452 1196 claudit
1469 1165 1539 1196 Vita
1556 1165 1724 1197 Athanasii
1738 1168 1776 1198 ad

153 1216 249 1239 usum
279 1209 452 1249 Coptorum
483 1213 633 1245 adornata
657 1224 695 1246 ex
720 1215 858 1248 Arabico
887 1225 977 1247 versa
995 1224 1012 1247 a
1029 1216 1103 1248 clar.
1124 1216 1190 1247 viro
1217 1216 1432 1251 Renaudotio,
1459 1215 1641 1255 linguarum
1661 1217 1780 1248 Orien-

153 1261 266 1292 talium
283 1263 510 1300 scientiSSimo,
529 1267 583 1306 qui
604 1275 674 1298 eam
692 1267 864 1299 nobiscum
886 1269 989 1300 amice
1010 1276 1044 1299 ac
1060 1267 1302 1308 perhumaniter
1317 1269 1578 1300 communicavit.
1594 1271 1649 1300 Est
1669 1275 1776 1302 autem

153 1321 190 1344 ea
218 1321 296 1352 gens
323 1317 489 1354 stupendae
508 1317 757 1356 ignorantire-et
788 1320 992 1359 nugacitatis,
1023 1324 1056 1351 ut
1084 1320 1195 1356 etiam,
1222 1321 1307 1360 quod
1339 1319 1566 1359 gravissimum
1599 1321 1687 1352 dictu
1719 1328 1778 1356 est,

152 1363 279 1394 Graecos
297 1372 332 1395 ea
356 1365 387 1395 in
416 1369 502 1402 parte
526 1367 620 1406 longe
636 1372 719 1399 retro
737 1369 932 1408 relinquant,
952 1370 1038 1408 quod
1056 1369 1105 1400 vel
1122 1379 1160 1400 ex
1181 1370 1241 1400 hoc
1258 1369 1415 1408 opusculo
1431 1370 1538 1401 videre
1556 1373 1615 1407 est,
1636 1370 1730 1409 nugis
1750 1376 1780 1402 et

150 1412 285 1453 ineptiis
302 1420 400 1454 supra
418 1416 511 1447 fidem
530 1417 731 1456 plenissimo.
750 1420 814 1450 Nec
839 1423 942 1450 tamen
960 1419 1093 1459 poenitet
1125 1419 1279 1457 edidisse,
1297 1423 1331 1450 ut
1359 1421 1481 1456 videas,
1502 1420 1636 1451 candide
1667 1420 1779 1457 lector,

151 1462 257 1501 gentis
296 1472 445 1495 acumen.
487 1466 621 1499 Exstant
658 1469 690 1499 in
732 1470 856 1500 Latinis
891 1470 1058 1500 codicibus
1094 1470 1260 1501 Athanasii
1291 1470 1371 1500 Vitas
1401 1470 1586 1507 nonnullae,
1625 1479 1665 1501 ex
1701 1471 1774 1502 Tri-

149 1513 274 1551 partita
297 1513 434 1546 historia
471 1519 502 1548 et
534 1526 573 1548 ex
604 1518 719 1549 Ruﬁno
747 1518 904 1556 collectae,
937 1518 1057 1549 nullius
1088 1518 1221 1550 omnino
1256 1527 1365 1556 usus;
1396 1527 1514 1559 easque
1547 1519 1620 1550 ideo
1650 1523 1780 1551 uraeter-

153 1571 316 1595 misimus.
1722 1592 1724 1595 ’

192 1615 223 1646 h.
240 1617 289 1648 Ad
306 1619 501 1651 recentiores
522 1620 599 1652 Vita:
619 1620 787 1652 Athanasii
803 1623 951 1653 auctores
969 1622 1148 1658 veniamus,
1165 1621 1221 1661 qui
1241 1622 1366 1653 decimo
1388 1621 1516 1662 quinto,
1533 1620 1659 1653 decimo
1675 1625 1778 1654 sexto.

153 1668 184 1696 et
200 1667 346 1704 praesenti
372 1669 489 1700 saeculo
506 1670 699 1702 ﬂoruerunt.
718 1672 788 1703 Non
817 1672 961 1703 omnium
980 1681 1087 1712 porro,
1109 1672 1165 1711 qui
1192 1673 1265 1703 huic
1288 1673 1334 1703 rei
1355 1681 1483 1711 operam
1500 1672 1669 1708 dederunt,
1689 1671 1780 1703 lucu-

150 1717 316 1749 brationes
335 1728 504 1751 recensere
520 1721 648 1752 animus
672 1725 720 1752 est
744 1733 751 1752 :
771 1731 821 1753 res
849 1722 1082 1761 propemodum
1101 1722 1224 1752 iulinita
1240 1723 1333 1756 foret.
1350 1723 1408 1752 sed
1430 1723 1507 1753 satis
1523 1727 1591 1753 esto
1608 1722 1682 1753 illos
1699 1732 1781 1753 enuo

150 1778 289 1808 merere,
315 1773 371 1811 qui
389 1772 447 1804 hac
465 1773 500 1803 in
521 1778 609 1812 parte
626 1775 771 1814 primarii
790 1783 863 1806 esse
880 1774 1042 1805 videntur.
1058 1774 1180 1804 Primas
1198 1774 1280 1804 inter
1300 1774 1374 1804 illos
1396 1773 1519 1804 obtinet
1536 1773 1675 1805 Joannes
1702 1774 1781 1805 To."-

151 1820 250 1852 tel'ius
265 1822 431 1857 Aretinus,
446 1823 503 1863 qui
522 1824 622 1854 Vitam
636 1824 803 1854 Athanasii
820 1834 858 1855 ex
875 1825 971 1861 veris,
990 1824 1110 1859 dubiis,
1129 1823 1218 1854 falsis
1238 1824 1405 1854 Athanasii
1420 1827 1450 1854 et
1466 1824 1602 1855 aliorum
1623 1832 1695 1863 quae
1711 1829 1778 1855 tum

150 1873 267 1905 Latine
293 1876 462 1906 exstabant
479 1877 633 1916 Operibus
662 1878 877 1913 concinnavit,
897 1887 968 1918 qua}
997 1879 1027 1908 in
1047 1878 1189 1909 editione
1212 1879 1388 1908 Parisiensi
1418 1879 1494 1909 anni
1518 1879 1596 1910 1520
1612 1883 1728 1916 exstat,
1747 1883 1778 1910 et

151 1927 422 1966 nuucupatoriam
442 1930 574 1968 praeﬁxit
595 1930 763 1970 epistolam
788 1933 826 1962 ad
849 1931 1032 1969 Eugenium
1059 1935 1209 1971 quartum
1235 1932 1429 1971 pontiﬁcem.
1448 1930 1553 1969 Hujus
1570 1934 1704 1960 conatus
1721 1939 1779 1969 pro

154 1977 310 2016 temporis
330 1980 519 2012 conditione
540 1981 719 2012 laudandus
744 1993 752 2012 :
770 1985 801 2012 et
820 1982 848 2013 si
863 1982 992 2022 quidem
1007 1983 1071 2021 jam
1087 1981 1210 2013 nullius
1230 1990 1307 2013 usus
1325 1982 1365 2011 sit
1380 1981 1565 2021 hujusmodi
1586 1980 1780 2016 lucubratio,

152 2029 184 2060 id
199 2031 283 2061 eatati
309 2034 418 2071 potius
438 2041 535 2073 quam
553 2034 702 2073 scriptori
722 2035 856 2066 tribuas.
874 2035 1067 2074 Lipomanus
1083 2034 1193 2065 multis
1208 2038 1278 2073 post
1295 2033 1387 2065 annis
1406 2034 1507 2062 Vitam
1519 2032 1684 2062 Athanasii
1698 2033 1782 2062 inter

153 2082 230 2113 alias
244 2083 353 2122 dedit;
373 2088 404 2116 et
422 2085 498 2116 nihil
515 2086 603 2117 aliud
618 2085 693 2124 egit,
707 2095 805 2126 quam
824 2086 910 2124 quod
927 2094 967 2116 ex
984 2085 1123 2116 diversis
1134 2085 1334 2116 diversorum
1352 2084 1429 2115 locis
1444 2083 1518 2113 hinc
1538 2087 1568 2113 et.
1585 2082 1658 2113 inde
1672 2082 1781 2114 accitis

152 2142 252 2165 unum
272 2143 355 2174 opus
372 2137 553 2173 contexuit,
589 2138 771 2176 perturbato
798 2138 990 2176 plerumque
1007 2145 1114 2167 rerum
1132 2139 1162 2167 et
1182 2139 1362 2175 temporum
1379 2135 1504 2166 ordine.
1527 2136 1591 2166 Nec
1611 2135 1682 2174 plus
1701 2135 1781 2167 lucis

152 2185 378 2217 Athattasianis
396 2188 492 2218 rebus
506 2188 696 2225 attulerunt,
716 2187 772 2229 qui
797 2189 973 2218 secundum
994 2187 1060 2218 hzec
1075 2187 1158 2217 Vitis
1182 2189 1363 2217 sanctorum
1383 2185 1563 2216 scribendis
1581 2193 1708 2224 operam
1726 2193 1782 2216 na-

152 2242 278 2268 varunt.
294 2239 397 2269 Aliam
418 2240 574 2271 exhibent
593 2244 717 2272 veteres
737 2241 816 2272 editi
835 2241 934 2271 Vitam
949 2240 1126 2277 Athanasii,
1145 2241 1183 2270 ab
1200 2239 1309 2270 nescio
1325 2247 1390 2278 quo
1408 2247 1580 2278 anonymo,
1600 2247 1662 2269 non
1680 2238 1781 2269 inele-

152 2289 415 2328 ganterquidem,
432 2289 486 2321 sed
505 2291 645 2322 oratorio
662 2299 753 2322 more
770 2291 996 2330 conscriptam,
1015 2291 1178 2330 permistis
1197 2290 1388 2329 plerumque
1404 2290 1510 2324 rebus,
1529 2299 1625 2328 quam
1645 2289 1779 2327 perinde

152 2343 247 2380 atque
273 2348 403 2374 caeteras
424 2352 496 2374 mox
516 2346 781 2374 commemoratas
815 2342 929 2372 missas
958 2341 1061 2372 facere
1092 2341 1181 2371 nullo
1213 2339 1385 2380 dispendio
1409 2340 1510 2370 licuit.
1532 2341 1667 2370 Domum
1694 2348 1780 2370 anno

153 2393 230 2424 1671
247 2394 324 2426 clar.
342 2396 388 2426 vir
402 2395 625 2432 Hermantius,
647 2395 768 2434 insigni
787 2403 885 2433 opere
904 2395 1005 2426 Vitam
1022 2393 1191 2424 Athanasii
1208 2393 1331 2423 Gallim
1350 2393 1503 2424 idiomate
1519 2394 1550 2423 in
1569 2394 1673 2424 lucem
1698 2394 1778 2424 emi-

151 2446 204 2483 sit,
222 2448 385 2485 probatam
402 2448 546 2487 quidem,
566 2451 597 2478 et
612 2446 755 2478 omnium
774 2453 830 2475 ore
847 2444 1053 2480 celebratam,
1076 2444 1131 2474 ubi
1158 2451 1219 2473 non
1249 2451 1321 2482 quae
1350 2443 1561 2474 Athanasium
1592 2445 1698 2478 modo.
1723 2444 1779 2474 sed

151 2506 224 2538 quas
240 2500 381 2539 aequales
398 2501 466 2540 ejus
493 2502 649 2539 spectant,
667 2497 814 2537 pluribus
835 2497 1063 2535 complectitur
1081 2496 1129 2526 vir
1144 2495 1301 2527 eruditus.
1331 2497 1366 2527 Et
1382 2496 1562 2527 accuratius
1581 2496 1681 2527 multo
1697 2505 1779 2535 opus

150 2549 305 2587 dedisset,
330 2551 357 2581 si
378 2551 522 2582 editione
540 2549 796 2580 Commeliniana
814 2551 844 2578 el
867 2547 1079 2577 Felrkmanni
1097 2546 1291 2577 lectionibus
1308 2545 1423 2576 fuisset
1446 2555 1538 2578 usus.
1555 2547 1662 2586 Hujus
1686 2547 1780 2579 lucu-

154 2599 316 2631 brationes
340 2596 446 2641 magni
466 2602 615 2638 facimus,
632 2599 826 2630 sententiam
846 2602 952 2628 tamen
978 2597 1062 2641 haud
1078 2605 1148 2627 raro
1164 2596 1393 2636 impugnamus
1414 2606 1421 2626 :
1440 2601 1506 2627 tum
1524 2597 1612 2636 quia,
1633 2603 1666 2628 ut
1683 2599 1780 2637 vulgo

149 2651 263 2688 fertur,
282 2639 407 2684 variant
421 2653 616 2692 Opinioncs;
635 2655 701 2682 tum
721 2651 866 2686 fortasse,
885 2649 963 2689 quia
982 2639 1187 2679 d‘iuttirniore
1209 2657 1268 2679 usu
1289 2656 1423 2687 Operum
1434 2647 1615 2685 Athanasii,
1633 2649 1781 2680 codicum

152 2707 183 2734 et
205 2709 394 2736 ceterorum
424 2707 463 2736 ad
482 2715 551 2737 eam
570 2713 634 2736 rem
653 2704 902 2744 pertinentium,
920 2702 1011 2743 plura
1040 2702 1290 2742 perspiciuntur.
1309 2702 1346 2732 Et
1364 2710 1438 2732 vero
1467 2701 1494 2732 is
1524 2701 1551 2732 si
1581 2703 1780 2734 tantumdem

149 2755 207 2785 otii
225 2757 393 2788 codicibus
410 2762 441 2789 et
458 2758 553 2789 editis
569 2756 737 2788 Athanasii
756 2755 1026 2796 consumpsisset,
1053 2755 1155 2786 multo
1173 2755 1265 2794 plura
1281 2754 1430 2790 vidisset,
1456 2756 1486 2784 ct
1511 2753 1708 2785 accuratiora
1725 2761 1783 2784 no—

148 2805 223 2836 stris
240 2806 395 2839 dedisset.

186 2858 217 2888 5.
233 2860 303 2890 Jam
322 2860 361 2890 de
372 2861 538 2893 Athanasii
553 2863 624 2894 Vita
642 2871 659 2894 a
675 2862 768 2894 nobis
784 2862 935 2894 adornata
953 2862 994 2893 sit
1009 2870 1129 2899 sermo,
1145 2865 1176 2892 et
1202 2860 1334 2900 quidem
1352 2860 1460 2900 paucis
1485 2869 1493 2889 :
1510 2868 1581 2890 nam
1599 2867 1659 2898 ego
1680 2861 1785 2891 tuum,

147 2910 273 2943 erudite
292 2911 403 2950 lector,
423 2912 481 2945 hac
496 2914 534 2946 de
558 2924 590 2946 re
604 2915 763 2955 judicium
783 2917 948 2955 exspecto,
971 2923 1036 2948 non
1055 2918 1089 2947 tu
1117 2923 1238 2947 meum.
1263 2914 1297 2945 1d
1315 2912 1455 2955 primum
1472 2912 1554 2944 scitu
1566 2908 1652 2950 opus
1668 2912 1727 2943 est,
1749 2909 1780 2938 iu
