2000 3045
223 140 274 162 '1."
909 132 1175 161 PBOLEGOHENA.

232 191 400 230 proposito
414 190 507 221 nobis
525 190 657 223 minime
673 192 786 228 fuisse,
807 194 841 223 ut
857 192 964 223 omnia
983 191 1107 229 Arium,
1126 192 1260 222 Arianos
1277 191 1423 231 aliosque
1440 192 1606 224 hereticos
1620 193 1709 224 illius
1724 194 1846 231 (elatis;

230 242 408 282 itidemque
429 243 645 274 Alexandrum
666 243 927 279 Alexandrinum,
955 243 1105 279 Hosium,
1120 243 1319 278 Marcellum,
1344 243 1564 283 Serapionem,
1585 245 1737 285 aliosque
1752 244 1849 276 Atha-

231 293 315 324 nasii
338 292 513 323 familiares
532 296 586 322 aut
603 293 747 332 synodos
766 293 942 332 spectantia
969 302 1158 331 recensere;
1187 294 1244 324 sed
1264 294 1466 325 solummodo
1483 303 1517 325 ea
1542 303 1614 333 qua:
1632 295 1681 325 vel
1698 295 1736 325 ad
1752 295 1850 325 Atha-

231 343 317 374 nasii
333 342 436 374 Vitam
461 343 633 381 pertinent,
651 343 700 374 vel
718 343 756 374 ad
775 352 842 374 eam
862 344 1007 383 proxime
1032 344 1198 376 accedunt.
1229 345 1295 375 Etsi
1324 353 1418 384 porro
1448 345 1585 376 curarim
1615 353 1670 384 pro
1688 343 1849 380 facultate,

232 397 266 426 ut
283 394 499 425 narrationem
516 398 681 433 gestorum
708 404 748 426 ne
772 395 998 434 interciperem
1016 405 1024 426 :
1043 399 1073 426 at
1090 396 1144 427 ubi
1171 395 1318 427 incidunt
1335 398 1572 433 controversiae,
1590 400 1620 427 et
1644 395 1849 437 interpellatu

231 455 325 486 opus,
339 451 404 478 tum
421 447 552 487 paulum
565 445 660 485 spatii
675 453 780 481 sumo,
797 448 828 476 et
842 445 951 484 paucis
966 445 1005 476 ad
1020 445 1230 485 quaestionem
1249 445 1353 476 allatis
1369 445 1564 478 destinatum
1582 455 1758 486 persequor
1774 447 1846 478 iter.

229 500 317 531 Nova
342 507 408 531 non
435 507 546 538 pauca,
562 506 622 529 nec
644 498 730 537 quod
757 498 854 529 sciam
879 497 1033 529 hactenus
1047 498 1226 534 observata,
1244 498 1500 530 animadvertent
1516 499 1646 530 eruditi.
1674 498 1846 529 Annalium

228 558 318 581 more
344 551 495 581 adornata
524 549 632 579 omnia
658 552 746 584 sunt,
775 550 955 587 opportuno
977 548 1117 583 scilicet,
1141 557 1177 579 ac
1205 548 1302 579 dictis
1330 548 1410 579 viris
1437 548 1671 587 acceptissimo.
1705 541 1848 580 Tametsi

228 610 317 639 vero,
336 601 366 632 si
394 600 473 641 quid
501 602 644 631 occurrat
668 598 703 629 in
730 597 830 636 gestis
852 597 1070 634 difﬁcultatis,
1099 597 1149 633 id,
1177 601 1212 629 ut
1240 598 1438 638 plurimum,
1468 600 1575 638 quoad
1604 599 1738 630 facultas
1757 599 1844 636 tulit,

229 653 454 693 expendimus,
483 653 626 693 quaedam
660 655 781 689 tamen,
797 654 832 682 ut
861 651 992 683 evenire
1006 650 1103 688 solet,
1125 651 1336 691 prtetermissa
1361 656 1451 687 sunt,
1468 660 1540 692 quas
1564 652 1627 691 jam
1648 650 1847 691 explicemus

228 709 364 746 oportet.

266 759 297 789 6.
314 758 465 790 Diximus
482 760 520 790 ad
537 766 654 790 annum
672 758 744 792 322.
764 766 853 789 num.
874 758 903 794 1,
918 757 1022 789 videri
1042 757 1136 788 nobis
1154 757 1355 793 Colluthum,
1376 758 1581 790 temerarium
1603 758 1693 789 illum
1709 759 1847 798 presby-

227 811 332 840 terum
350 809 407 848 qui
429 812 544 848 suopte
567 809 700 840 arbitrio
723 809 777 847 jus
804 808 1022 840 constituendi
1050 809 1257 848 presbyteros
1273 809 1335 841 sibi
1363 809 1541 849 arrogabat,
1563 811 1711 842 eumdem
1740 811 1846 850 ipsum

225 868 298 892 esse
315 861 369 900 qui
390 862 536 901 epistolas
549 861 663 901 synodi
680 862 913 899 Alexandrinae,
939 870 1022 892 anno
1038 863 1095 892 321
1113 862 1291 898 celebrata,
1316 862 1401 901 prior
1424 863 1635 902 subscripsit;
1651 854 1746 894 secus
1760 863 1846 894 arbi-

225 911 298 942 trati
318 914 393 942 sunt
410 912 464 943 alii
483 912 543 943 viri
561 911 657 943 docti.
684 913 761 944 Rem
793 913 904 951 paucis
934 913 1043 944 lectori
1068 921 1267 952 expromam.
1287 913 1383 944 Arius
1410 913 1579 945 damnatur
1606 922 1678 944 cum
1695 913 1793 945 sociis
1809 914 1842 944 in

224 962 351 1000 synodo
377 962 593 994 Alexandrina
609 971 692 994 anno
712 963 838 994 circiter
852 964 912 994 320
943 963 991 994 vel
1011 963 1082 994 321.
1100 963 1307 995 Damnationi
1332 963 1400 994 Arii
1430 963 1638 995 sub‘scribunt
1664 963 1845 1003 presbyteri

223 1021 337 1046 omnes
350 1014 558 1046 Alexandrini
574 1019 606 1046 et
619 1016 799 1053 Mareotici,
823 1020 853 1047 et
869 1017 1010 1053 diaconi,
1031 1019 1191 1056 quotquot
1210 1016 1332 1048 scilicet
1347 1017 1385 1048 ad
1407 1017 1518 1048 Arium
1536 1025 1599 1047 non
1617 1016 1816 1048 desciverant
1835 1026 1844 1046 :

223 1063 308 1095 inter
324 1064 421 1095 hosce
445 1065 652 1104 presbyteros
667 1066 837 1097 Colluthus
859 1075 942 1097 unus
960 1067 1021 1098 hoc
1036 1067 1167 1098 nomine
1187 1066 1299 1104 fertur,
1317 1067 1372 1105 qui
1389 1066 1476 1105 prior
1490 1067 1542 1097 dat
1557 1065 1744 1104 suffragium
1761 1073 1842 1096 con-

216 1119 269 1147 tra
286 1117 423 1148 Arianos
439 1127 446 1147 :
461 1117 645 1149 Colluthum
664 1127 738 1150 vero
754 1119 908 1150 audacem
924 1119 1029 1155 illum,
1056 1117 1221 1149 infensum
1250 1116 1378 1147 Arianis
1398 1116 1499 1148 fuisse
1525 1120 1632 1147 narrat
1658 1115 1842 1147 Alexander

224 1167 460 1199 Alexandrinus
475 1169 508 1199 in
525 1169 658 1208 epistola
678 1177 736 1200 sua
751 1169 788 1200 ad
805 1168 1023 1199 Alexandrum
1040 1166 1439 1206 ConstantinOpolitanum
1452 1166 1505 1206 (α).
1522 1165 1606 1196 Hinc
1627 1165 1843 1205 conjectamus

222 1218 408 1250 Colluthum
421 1220 550 1251 dissidii
563 1225 724 1252 auctorem
742 1229 816 1251 eum
830 1221 938 1259 ipsum
957 1229 1027 1251 esse
1043 1219 1099 1260 qui
1118 1218 1244 1258 Synodo
1260 1217 1402 1249 Alexand
1411 1217 1486 1247 rinaa
1501 1216 1623 1258 primus
1640 1215 1841 1254 subscripsit.

222 1269 370 1299 Nondum
389 1269 473 1301 enim
490 1278 556 1309 quo
574 1274 717 1310 tempore
735 1271 892 1303 celebrata
908 1271 1054 1312 synodus
1071 1269 1288 1301 Alexandrina
1304 1268 1377 1305 fuit,
1392 1276 1477 1300 anno
1493 1267 1612 1299 scilicet
1629 1268 1689 1298 320
1706 1266 1753 1297 vel
1771 1267 1841 1304 32!,

223 1318 377 1349 nefariam
402 1319 489 1350 illam
508 1328 573 1351 rem
591 1319 866 1359 aggressusfuisse
889 1320 1018 1351 videtur
1035 1319 1221 1356 Coiluthus;
1246 1327 1319 1350 nam
1341 1319 1368 1350 si
1393 1320 1453 1358 iam
1471 1326 1580 1349 orsum
1596 1320 1627 1348 et
1644 1316 1840 1356 publicatum

221 1368 341 1399 malum
361 1368 490 1408 fuisset,
506 1378 577 1409 qua)
593 1377 690 1401 causa
703 1374 770 1401 erat
785 1370 871 1409 quod
889 1371 929 1401 de
943 1374 1031 1401 tanto
1058 1378 1139 1401 ausu
1155 1369 1238 1400 nihil
1256 1369 1289 1400 in
1306 1377 1343 1400 ea
1360 1368 1487 1409 synodo
1502 1368 1670 1406 ageretur?
1686 1366 1749 1397 Res
1765 1374 1843 1397 sane

222 1421 272 1449 est
288 1419 325 1449 ad
343 1419 486 1459 synodos
503 1420 681 1459 pertinens,
698 1424 729 1451 et
746 1415 935 1460 gravissima
951 1420 1093 1460 quidem.
1111 1421 1165 1451 Sin
1189 1428 1267 1451 vero
1281 1427 1390 1451 orsum
1405 1417 1577 1450 dissidium
1601 1415 1840 1447 Colluthianum

221 1478 287 1501 non
309 1475 376 1502 erat
392 1479 464 1502 cum
481 1471 638 1511 ejusmodi
658 1473 805 1511 synodus
834 1473 993 1504 celebrata
1008 1472 1083 1510 fuit,
1102 1473 1180 1512 quid
1197 1475 1280 1503 vetat
1295 1472 1374 1512 quin
1394 1473 1544 1511 putemus
1562 1467 1748 1499 Colluthum
1765 1476 1839 1506 pre-

224 1520 405 1558 sbyterum,
421 1521 476 1559 qui
494 1521 617 1560 synodo
629 1522 855 1554 Alexandrina)
871 1523 994 1562 primus
1011 1522 1204 1560 subscripsit
1217 1522 1302 1553 inter
1319 1520 1536 1560 presbyteros,
1553 1520 1584 1546 et
1599 1515 1690 1547 solus
1705 1515 1841 1555 hujusce

220 1571 363 1602 nominis
391 1572 511 1603 ibidem
530 1579 736 1612 memoratur,
754 1575 903 1606 eumdem
921 1575 1028 1613 ipsum
1052 1582 1123 1605 esse
1144 1573 1200 1613 qui
1217 1573 1346 1603 dissidii
1371 1572 1464 1612 paulo
1484 1575 1556 1611 post
1571 1573 1682 1616 auctor
1698 1568 1760 1601 fuit
1776 1568 1839 1609 (b);

211 1629 292 1652 ~cum
313 1621 364 1652 hic
379 1630 508 1662 quoque
526 1627 557 1654 et
573 1625 741 1664 presbyter
756 1624 1007 1661 Alexandrinus,
1025 1627 1056 1655 et
1071 1624 1215 1660 Arianis,
1234 1623 1330 1654 initio
1346 1623 1459 1654 saltem
1475 1626 1570 1653 sectze
1584 1629 1663 1656 suae,
1691 1619 1839 1651 infensus

216 1671 327 1707 fuerit,
344 1675 377 1703 ut
397 1677 534 1704 testatur
550 1674 734 1704 Alexander
751 1674 852 1713 episc.
869 1674 1133 1704 Alexandrinus?
1157 1673 1255 1704 Aiunt
1275 1677 1382 1703 autem
1404 1682 1442 1703 ex
1459 1672 1606 1708 adverso,
1622 1670 1839 1702 Alexandrum

218 1724 260 1754 ita
281 1723 322 1755 de
337 1724 486 1756 Collutho
509 1725 714 1758 schismatico
731 1726 824 1757 verba
851 1725 969 1762 facere,
993 1730 1027 1757 ut
1047 1726 1190 1757 indicare
1208 1725 1355 1757 videatur
1372 1724 1483 1756 eodem
1503 1732 1568 1764 quo
1580 1723 1676 1755 Arius
1696 1727 1840 1762 temporc

216 1775 324 1813 ipsum
345 1777 453 1807 turbas
478 1778 637 1816 movisse;
660 1781 691 1809 et
714 1777 932 1817 Epiphaniam
961 1777 1036 1809 hear.
1053 1786 1131 1808 uix
1149 1777 1271 1815 dicere,
1294 1776 1494 1813 Colluthum,
1511 1777 1697 1812 Sarmatam,
1717 1775 1840 1814 Carpo-

217 1833 291 1855 nem
310 1830 341 1857 et
359 1826 468 1857 Arium
490 1828 706 1867 presbyteros,
726 1829 849 1868 quibus
866 1831 955 1859 erant
980 1832 1120 1867 quatuor
1135 1828 1361 1859 Alexandrinas
1386 1826 1537 1858 Ecclesiae
1552 1825 1753 1864 contributae,
1773 1829 1839 1856 tur-

216 1873 328 1905 barum
350 1879 495 1906 auctores
520 1876 621 1909 fuisse
641 1883 672 1909 et
689 1879 797 1918 populi
825 1879 1039 1911 Alexandrini
1066 1880 1307 1911 multitudinem
1330 1879 1363 1910 in
1391 1879 1495 1910 varias
1511 1878 1700 1909 distraxisse
1720 1881 1838 1916 partes.

215 1923 278 1959 Qui
301 1924 503 1962 Epiphanius
522 1925 588 1957 hmo
599 1927 736 1959 dicendo
750 1929 880 1960 videtur
894 1930 1050 1967 iudicare,
1064 1931 1177 1962 eodem
1199 1934 1340 1969 tempore
1355 1929 1482 1960 obortas
1495 1928 1595 1958 fuisse
1610 1927 1680 1959 illas
1693 1929 1837 1959 Alexan-

216 1973 325 2004 drinas
341 1973 518 2013 factiones;
534 1982 631 2016 atque
648 1979 728 2010 adeo
744 1978 928 2011 Colluthum
950 1980 1015 2020 jam
1037 1985 1102 2012 tum
1121 1990 1192 2012 cum
1209 1981 1307 2012 Arius
1326 1981 1530 2012 damnaretur
1545 1978 1702 2010 defecisse
1717 1979 1755 2009 ab
1774 1980 1837 2010 Ec-

215 2026 325 2063 clesia,
351 2026 493 2066 ideoque
520 2037 584 2060 non
613 2030 706 2062 illum
736 2032 844 2071 ipsum
876 2042 947 2065 esse
976 2034 1032 2074 qui
1050 2035 1277 2065 Alexandrinae
1305 2034 1432 2072 synodo
1458 2032 1544 2072 prior
1573 2041 1611 2063 ex
1638 2031 1836 2071 presbyteris

215 2077 405 2116 suﬂ'ragium
432 2078 531 2109 dedit.
549 2079 672 2111 Verum
693 2090 803 2120 nemo,
831 2087 864 2114 ut
891 2092 997 2123 spero,
1026 2085 1103 2116 citra
1133 2085 1367 2125 praejudicatam
1394 2082 1582 2121 opinionem
1608 2082 1780 2113 Alexandri
1803 2085 1836 2112 et

213 2130 387 2170 Epiphanii
404 2131 500 2162 verba
517 2131 611 2170 leget,
628 2133 685 2172 qui
705 2132 867 2164 existimet
884 2142 940 2164 eos
955 2133 997 2165 ita
1021 2134 1132 2165 stricte
1147 2138 1273 2173 tempus
1295 2132 1477 2171 signiﬁcare
1492 2131 1647 2168 voluisse,
1665 2135 1699 2162 ut
1719 2133 1833 2161 eodem

213 2182 347 2213 omnino
365 2183 519 2222 temporis
535 2187 654 2223 puncto
675 2184 799 2222 Arium,
815 2185 1002 2217 Colluthum
1018 2189 1049 2216 et
1065 2186 1145 2217 alios
1161 2186 1290 2217 dedisse
1304 2185 1416 2216 turbas
1441 2188 1471 2215 et
1487 2181 1669 2213 schismatis
1685 2184 1835 2212 auctores

213 2233 315 2266 fuisse
338 2238 479 2266 narrent.
499 2235 533 2266 Et
550 2235 714 2274 vulgatum
732 2241 779 2268 est
803 2241 838 2269 ut
857 2240 971 2270 eodem
997 2243 1139 2278 tempore
1158 2243 1246 2278 gesta
1262 2238 1420 2274 dicamus,
1437 2245 1509 2277 quas
1535 2235 1662 2267 modico
1682 2235 1835 2274 temporis

213 2287 328 2326 spatio,
348 2288 421 2319 licet
447 2288 509 2319 alia
528 2289 629 2328 prius,
647 2289 709 2320 alia
730 2290 902 2329 posterius,
920 2291 1096 2322 evenerint.
1128 2291 1176 2322 Ad
1196 2291 1261 2322 hinc
1287 2300 1325 2322 ex
1347 2289 1527 2330 Epiphanio
1543 2288 1625 2319 haud
1651 2287 1830 2318 invalidum

213 2345 272 2376 pro
298 2342 406 2370 nostra
431 2338 584 2378 Opinione
602 2347 829 2379 argumentum
856 2341 990 2372 eruitur.
1016 2342 1096 2373 Cum
1129 2342 1213 2373 enim
1233 2342 1267 2372 in
1294 2340 1507 2372 Alexandrina
1538 2338 1663 2379 synodo
1681 2338 1833 2376 superius

214 2394 399 2425 memorata,
417 2391 528 2427 Arius,
545 2391 706 2429 Carpones
722 2395 754 2423 et
768 2393 928 2424 Sarmates
944 2393 1148 2430 damnentur,
1169 2403 1205 2425 ac
1222 2393 1261 2424 de
1278 2393 1427 2425 Collutho
1444 2391 1531 2422 nulla
1549 2389 1670 2421 mentio
1685 2390 1749 2426 sit;
1769 2390 1833 2421 nisi

212 2449 246 2471 in
262 2441 557 2480 subscriptionibus
574 2441 832 2481 presbyterorum
848 2443 1143 2474 Alexandrinorum
1171 2443 1227 2475 ubi
1244 2444 1363 2482 primas
1381 2442 1437 2473 ille
1452 2445 1555 2480 tenet;
1573 2441 1646 2471 hinc
1662 2449 1739 2471 sane
1757 2448 1833 2471 con-

212 2491 262 2523 ﬁci
287 2491 424 2529 videtur,
443 2492 630 2524 Colluthum
651 2493 793 2524 nondum
808 2498 917 2533 aperte
937 2495 1106 2531 defecisse,
1124 2500 1154 2526 et
1180 2505 1253 2526 eum
1278 2495 1385 2535 ipsum
1410 2502 1481 2525 esse
1495 2493 1552 2534 qui
1568 2492 1757 2531 suffragium
1778 2492 1832 2522 ad-

210 2551 324 2575 versus
348 2544 429 2575 alios
444 2545 542 2580 dedit,
562 2548 592 2576 et
608 2545 702 2585 paulo
715 2549 785 2584 post
806 2549 915 2577 auctor
932 2546 1059 2577 dissidii
1074 2546 1147 2577 fuit.
1164 2547 1252 2578 Idem
1264 2551 1370 2577 autem
1394 2544 1575 2581 Colluthus,
1594 2552 1680 2575 anno
1703 2543 1774 2580 32h,
1790 2543 1831 2574 ab

210 2594 310 2626 Hosio
328 2595 362 2626 in
378 2597 502 2635 synodo
515 2597 729 2629 Alexandrina
745 2598 778 2628 iu
798 2598 943 2630 ordinem
962 2599 1111 2630 redactus
1131 2602 1191 2630 est.
1207 2599 1319 2630 Totam
1337 2606 1402 2629 rem
1423 2596 1544 2628 eruditi
1556 2596 1685 2627 lectoris
1700 2593 1832 2626 arbitrio

211 2645 438 2684 permittimus.

251 2695 281 2726 7.
299 2696 347 2727 Ad
367 2706 485 2729 annum
509 2700 579 2737 326,
596 2709 684 2733 num.
704 2702 734 2739 1,
751 2701 891 2733 diximus
909 2705 1044 2734 mortem
1065 2699 1238 2732 Alexandri
1257 2699 1469 2731 Alexandrini
1497 2697 1644 2738 prtesulis
1663 2705 1680 2728 a
1698 2695 1833 2737 quibus-

244 2811 281 2849 (ξι)
300 2809 402 2849 Iheoq.
424 2813 469 2849 ub.
486 2821 505 2846 ι,
521 2822 578 2849 cap.
600 2815 625 2843 4.

240 2847 280 2881 (ρ)
300 2844 404 2874 Τιιευα.
421 2847 473 2875 ibid
