2000 3045
690 187 770 215 νιτΑ
789 187 817 215 S.
839 186 1031 215 ATHANASII.
1050 187 1266 216 -MONITUH-
1738 198 1801 219 Lm:

171 245 242 277 dam
262 244 451 284 consignari
468 243 500 274 in
519 243 559 275 εὖ
582 243 747 275 Februarii
764 244 908 284 ejusdem
924 244 997 275 anni
1015 254 1023 275 :
1040 252 1090 274 res
1103 244 1169 284 jam
1184 243 1362 274 accuratius
1380 243 1601 283 investiganda
1618 245 1711 275 nonis
1728 252 1789 276 est.

173 296 210 326 Ut
224 295 283 327 diu
300 295 432 334 ignotus
448 295 711 327 Occidentalibus
727 296 787 327 fuit
807 305 910 327 annus
922 296 1030 327 obitus
1047 296 1232 332 Athanasii;
1251 295 1298 327 sic
1313 304 1373 335 qua
1397 295 1449 326 die
1465 296 1638 328 decesserit
1653 296 1791 328 Alexan-

171 347 238 384 der,
267 348 306 379 ad
324 357 430 388 usque
447 352 586 380 nostram
616 353 741 380 aetatem
772 349 953 388 ignoratum
979 353 1049 386 est;
1079 349 1181 380 donec
1210 349 1332 380 scilicet
1357 348 1514 379 Orientate
1542 348 1722 379 Chronicon
1751 348 1791 379 ab

170 399 353 431 Abrahamo
368 400 549 432 Eckellensi
567 401 688 433 editum
707 402 767 432 fuit
785 402 818 432 in
851 401 1060 441 typographia
1077 402 1177 441 regia,
1193 409 1277 433 anno
1293 402 1384 438 1651,
1401 404 1432 432 et
1447 401 1576 440 quidem
1599 400 1790 432 concinnata

169 453 208 483 ad
227 455 368 484 mentem
393 451 569 491 Coptorum
597 462 654 485 seu
678 454 909 491 Jacobitarum,
936 462 998 484 non
1018 453 1238 484 Melchitarum
1262 462 1320 484 seu
1342 454 1451 485 Graeco
1475 453 1550 484 ritui
1568 452 1790 486 addictorum:

169 505 265 544 cujus
278 504 430 535 Chronici
449 512 511 535 non
534 505 767 536 contemnenda
783 515 855 546 pars
869 510 915 537 est
929 505 1182 545 chronographia
1196 506 1444 546 patriarcharum
1463 505 1663 537 Alexandria;
1679 505 1790 536 Latine

171 557 325 588 translata
350 557 388 588 ab
411 557 523 588 eodem
541 557 737 589 Eckellensi.
754 558 800 589 lbi
834 566 940 589 annus
964 558 1073 589 obitus
1089 558 1267 595 Athanasii,
1283 562 1314 589 et
1334 558 1409 589 anni
1427 557 1629 595 episcopatus
1644 555 1712 594 ejus
1731 564 1789 595 ap-

170 608 278 645 prime
294 610 458 638 notantur.
471 607 655 639 Alexander
669 617 745 639 vero
762 609 880 639 ibidem
898 608 1019 639 obiisse
1036 607 1135 638 fertur
1145 608 1197 639 die
1211 609 1252 638 22
1266 608 1442 644 Barmudae,
1459 609 1491 638 ut
1520 610 1647 643 vocant,
1666 606 1788 637 mensis

170 663 284 691 exacto
298 659 362 698 jam
378 668 463 691 anno
476 659 548 694 318,
560 662 710 689 currente
730 666 804 689 vero
821 658 882 689 319
896 666 967 688 aera;
988 657 1177 689 Christiana:
1200 657 1437 694 Alexandrinae,
1458 657 1605 688 videlicet
1630 665 1713 687 anno
1729 656 1794 686 326

172 709 392 748 Dionysmnte,
410 708 531 739 decima
547 708 682 747 septima
709 708 833 748 Aprilis
860 708 995 745 Iuliani,
1014 716 1085 739 cum
1103 712 1187 739 esset
1203 708 1305 739 littera
1325 706 1532 738 Dominicalis
1559 706 1593 743 Β,
1620 706 1789 737 Dominica

169 761 338 798 nimirum,
356 770 393 792 ex
411 761 544 801 antiquo
566 761 740 792 Orientalis
758 761 910 792 Ecclesia)
936 769 1009 796 usu,
1031 760 1178 792 inchoata
1203 762 1241 792 ad
1265 769 1429 800 vesperam
1456 759 1596 796 Sabbali,
1621 759 1787 790 occidente

168 809 248 846 sole,
267 810 305 840 ad
325 817 489 848 vesperam
519 817 624 848 usque
640 814 852 848 sequentem;
879 809 922 840 ita
943 813 1047 840 tamen
1064 814 1099 840 ut
1123 810 1275 840 vicesima
1298 810 1438 841 secunda
1466 809 1631 840 Barmudte
1654 810 1787 843 mensis.

164 859 222 898 qui
246 858 356 898 Coptis
379 867 437 899 pro
461 858 569 898 Aprile
587 859 736 895 habetur,
752 860 789 890 ad
814 859 949 890 mediam
967 864 1092 890 noctem
1110 868 1199 890 more
1222 860 1364 891 Romano
1383 859 1555 890 desineret.
1573 859 1665 890 Obiit
1690 859 1788 899 igitur

165 910 362 946 Alexander,
380 912 473 941 nocte
496 909 696 940 Dominicam
719 910 802 940 inter
824 913 856 940 et
879 909 994 940 feriam
1016 909 1189 941 secundam
1216 909 1446 945 intercedente,
1468 918 1554 940 anno
1572 909 1642 945 326,
1661 909 1787 940 decima

164 960 302 1000 septima
330 960 463 1000 Aprilis.
480 960 688 991 Wanslebius
705 960 738 990 in
761 960 934 999 Egyptum
958 960 1042 991 haud
1065 960 1163 991 semel
1191 961 1426 1000 peregrinatus,
1443 968 1482 991 ex
1497 959 1671 999 Coptorum
1693 959 1786 990 libris

165 1010 310 1041 eamdem
331 1011 440 1042 obitus
453 1010 626 1042 Alexandri
642 1009 728 1040 diem
744 1009 934 1048 assignavit,
951 1009 1074 1041 scilicet
1089 1010 1129 1040 22
1144 1010 1262 1049 Aprilis
1279 1010 1440 1050 (Coptici),
1455 1018 1550 1049 quem
1573 1009 1714 1049 Egyptii
1731 1017 1789 1039 vo-

164 1063 236 1090 cant
251 1059 458 1096 Barmudam,
476 1060 654 1098 inciditque
669 1059 700 1091 in
719 1060 758 1090 17
780 1059 898 1098 Aprilis
913 1059 1048 1090 Iuliani.
1065 1060 1182 1091 Eadem
1200 1068 1295 1099 porro
1311 1060 1364 1091 die
1387 1061 1417 1091 S.
1439 1059 1614 1091 Alexandri
1632 1059 1786 1090 memoria

165 1111 346 1142 celebratur
367 1119 384 1141 a
402 1111 500 1149 Copta
517 1116 548 1143 et
563 1112 750 1152 Abyssinis,
767 1117 798 1143 et
815 1113 847 1143 in
864 1113 1093 1152 antiquissimo
1109 1121 1221 1144 ecrum
1238 1112 1435 1144 Kalendario
1453 1113 1612 1153 ipsissima
1626 1111 1680 1143 die
1703 1119 1787 1142 mor-

163 1167 238 1193 tuus
269 1161 372 1193 fertur
402 1163 594 1195 Alexander.
624 1164 856 1202 Argumentum
887 1172 982 1203 porro
1013 1163 1093 1195 illud
1122 1167 1182 1201 est,
1202 1164 1289 1195 illam
1317 1172 1422 1194 veram
1448 1171 1520 1194 esse
1549 1165 1579 1193 et
1609 1160 1784 1200 genuinam

162 1213 336 1244 Alexandri
354 1204 579 1251 obitus'diem,
595 1213 680 1253 quod
712 1214 745 1244 in
769 1213 963 1245 Kalendario
979 1214 1214 1254 Abyssinorum
1231 1213 1433 1253 Ethiopum,
1451 1212 1508 1253 qui
1525 1221 1564 1243 ex
1579 1211 1710 1252 Coptico
1729 1219 1784 1242 ca-

165 1265 272 1304 talogo
290 1267 470 1306 exscriptus
488 1266 564 1297 olim
576 1265 651 1304 fuit,
668 1267 706 1297 ad
725 1265 910 1297 vicesimam
927 1266 1102 1297 secundam
1124 1266 1245 1297 mensis
1259 1265 1424 1296 Barmudaa
1440 1265 1506 1296 hinc
1524 1263 1685 1302 legantur,
1700 1260 1786 1292 Alea-

161 1316 298 1347 kandros
313 1317 397 1348 Likia
412 1316 527 1357 Papae,
548 1317 578 1348 id
596 1321 644 1348 est
668 1316 847 1348 Alexander
870 1317 1125 1357 presbyterorum
1145 1317 1341 1357 patriarcha,
1360 1325 1396 1348 ac
1411 1316 1438 1347 si
1456 1315 1556 1352 dicas,
1587 1322 1723 1344 summus
1735 1322 1786 1343 sa-

160 1366 280 1397 cerdos.
297 1367 334 1398 In
354 1376 426 1407 quae
450 1367 545 1399 verba
561 1367 628 1398 haec
643 1370 730 1398 notat
748 1367 938 1406 Ludolphus
955 1368 995 1407 (a)
1013 1378 1021 1398 :
1046 1367 1187 1398 Decimus
1210 1377 1311 1398 nonus
1334 1366 1516 1407 patriarcha
1534 1364 1782 1399 Alexandrinus,

160 1418 247 1450 Likw
262 1419 444 1454 Mahaebaer,
458 1429 571 1459 praue:
587 1419 717 1450 concilii
733 1418 854 1451 Nicceni
883 1420 1062 1451 ccumenici
1087 1420 1124 1451 ab
1143 1420 1326 1451 encomiaate
1343 1424 1483 1455 vocatur,
1499 1419 1550 1449 cui
1567 1416 1785 1457 astipulantur

158 1468 305 1501 historici
319 1470 504 1509 Orientales,
522 1471 600 1502 abiit
623 1473 681 1503 hoc
703 1473 772 1511 ipso
788 1472 849 1502 die.
875 1472 906 1503 Si
923 1473 1130 1504 Theodoreto
1146 1473 1224 1504 ﬁdes
1248 1477 1345 1509 esset,
1368 1472 1543 1504 Alexandri
1560 1471 1667 1503 obitus
1687 1470 1785 1510 probe

159 1521 191 1552 in
210 1522 420 1554 Februarium
438 1523 513 1554 anni
529 1525 588 1555 326
605 1524 714 1555 referri
733 1528 841 1564 posset
857 1536 866 1556 :
885 1525 949 1556 aitt

1002 1533 1062 1565 ppe
1077 1525 1162 1557 diem
1179 1526 1313 1563 obiisse,
1327 1528 1392 1561 μιτά
1408 1530 1490 1563 μῆνας
1506 1525 1578 1553 πέντι
1594 1527 1639 1554 τῆς
1653 1524 1679 1550 εν
1694 1524 1785 1558 Νικαὶᾳ

156 1571 278 1606 συνόδου.
294 1574 428 1613 quinque
450 1574 602 1605 mensibus
616 1579 689 1614 post
702 1574 859 1606 Nicwnam
880 1576 1033 1615 synodum
1047 1577 1177 1608 exactis.
1199 1578 1238 1608 At
1257 1576 1479 1607 Theodoretus
1501 1573 1583 1606 haud
1601 1572 1677 1604 satis
1693 1571 1770 1603 accu

159 1628 224 1656 rate
244 1625 413 1656 Athanasii
431 1625 624 1656 sententiam
643 1626 782 1665 excepit.
800 1626 909 1664 Longe
937 1635 1075 1666 namque
1092 1627 1175 1658 varia
1194 1630 1299 1658 narrat
1325 1626 1539 1660 Athanasius;
1565 1623 1620 1655 sed
1649 1630 1688 1653 en
1714 1623 1783 1660 ejus

158 1678 312 1706 mentem.
333 1676 416 1706 Dum
433 1675 542 1706 turbas
559 1676 646 1706 daret
660 1676 821 1712 Meletius,
837 1680 921 1705 ταῦτα
939 1676 948 1705 a

996 1680 1136 1716 τράττοντος
1149 1678 1342 1710 τοῠ’Με).ιτίου,
1364 1676 1509 1707 haeresim
1524 1675 1673 1705 Arianam
1693 1680 1786 1703 exor-

159 1729 221 1755 tam
238 1734 321 1761 esse,
334 1727 420 1763 γέγονα
437 1730 481 1755 καὶ
495 1730 510 1758 ἡ
523 1728 638 1763 ’Δριιανή
659 1727 773 1762 αἵρεσις.
805 1727 930 1758 Deinde

994 1737 1029 1758 ro
1046 1728 1194 1758 haeresim
1221 1727 1333 1757 Nicaea;
1347 1727 1540 1760 damnatam,
1556 1724 1690 1754 Arianos
1707 1729 1784 1752 vero

157 1775 298 1806 Ecclesia
321 1778 439 1815 ejectos
455 1778 568 1814 fuisse,
584 1777 765 1809 ιξιϐλήθησαν.
784 1776 824 1806 At
847 1783 941 1806 secus
958 1784 1029 1806 cum
1047 1775 1228 1806 Meletianis
1245 1779 1365 1811 actum,
1381 1783 1452 1805 nam
1472 1773 1603 1804 admissi
1623 1772 1654 1803 in
1670 1772 1784 1802 Eccle-

159 1825 238 1855 siam
254 1825 364 1864 fuere;
390 1827 543 1867 additque
567 1827 764 1858 Athanasius
784 1835 845 1857 non
865 1835 1035 1858 necessum
1054 1835 1127 1857 esse
1150 1834 1276 1856 narrare
1294 1825 1370 1864 quid
1391 1832 1496 1855 causa;
1513 1823 1610 1854 fuerit
1633 1821 1720 1862 quod
1734 1821 1782 1851 illi

158 1876 414 1908 admitterentur.
430 1877 511 1905 Οὔπω
527 1879 576 1916 γὰρ
591 1878 665 1906 πέντε
683 1882 759 1913 μῆνις
779 1877 918 1913 παρῆλθον.
942 1886 948 1906 1

992 1886 1014 1906 νη
1030 1877 1164 1916 quinque
1179 1875 1332 1906 mensibus
1346 1875 1483 1905 nondum
1495 1874 1624 1910 exactis,
1641 1872 1782 1903 Alexan-

158 1927 215 1958 der
232 1935 382 1958 reversus
401 1929 640 1966 Alexandriam,
659 1929 908 1968 Nicaanojussui
925 1928 1121 1968 obsequens,
1139 1927 1276 1966 perﬁdos
1299 1927 1331 1957 in
1354 1924 1527 1956 Ecclesiam
1543 1923 1693 1959 admittit,
1711 1926 1751 1951 καὶ
1768 1922 1784 1950 ι

156 1977 202 2010 μὲν
216 1978 357 2013 μακαρίτης
373 1976 532 2014 Ἀλέξανδρος
553 1978 741 2012 τιτιλιύτηκεν,
767 1982 794 2008 et
813 1978 906 2009 beam
930 1986 946 2008 ﬂ

995 1978 1083 2008 carice
1097 1976 1275 2008 Alexander
1288 1976 1376 2007 obiit.
1395 1976 1424 2002 oi
1445 1974 1471 2002 δί
1488 1974 1633 2002 Mum-imi
1651 1972 1708 2000 δίο-ι
1724 1975 1785 2008 np:-

157 2030 214 2062 μεῖν
230 2029 273 2054 καὶ
293 2029 373 2066 χάριν
387 2027 462 2064 ἴχιιν
477 2028 517 2056 ὅτι
535 2027 582 2056 κᾶν
600 2028 663 2061 ὅλως
678 2029 834 2066 ἕόέχθησαν,
857 2020 947 2059 εοὶιίἑ

1006 2028 1181 2064 Meletiani,
1197 2035 1280 2067 quos
1298 2027 1467 2066 quiescere
1490 2033 1544 2063 par
1560 2026 1639 2059 erat,
1657 2028 1688 2054 et
1709 2031 1784 2063 gra-

159 2079 211 2108 tiae
231 2078 300 2108 loco
315 2077 433 2109 habere
455 2078 542 2118 quod
560 2079 672 2118 aliquo
688 2080 802 2111 saltem
816 2079 913 2110 modo
929 2088 949 2109 at

992 2079 1060 2110 iissi
1077 2078 1225 2114 fuissent,
1244 2078 1267 2104 οἱ
1281 2076 1308 2105 δὲ
1320 2077 1386 2104 κατὰ
1402 2077 1464 2106 τοὺς
1480 2075 1568 2108 κύνας,
1584 2079 1659 2110 etc.,
1675 2074 1782 2105 statim

157 2131 229 2167 post
244 2131 378 2158 mortem
392 2127 579 2164 Alexandri,
597 2130 688 2169 quasi
711 2137 806 2160 canes
823 2129 862 2159 ad
881 2129 1037 2160 vomitum
1062 2128 1183 2159 reversi
1203 2132 1291 2158 sunt.
1308 2127 1411 2157 Palam
1431 2128 1478 2156 est
1501 2124 1726 2159 Athanasium,
1747 2128 1783 2154 ut

158 2183 247 2211 notet
268 2179 518 2212 Meletianorum
537 2181 715 2221 perﬁdiam,
731 2181 913 2220 signiﬁcare
930 2189 1039 2221 pacem
1058 2190 1129 2212 cum
1153 2180 1219 2211 illis
1248 2180 1359 2210 initam
1377 2179 1493 2209 damno
1514 2177 1629 2212 fuisse,
1649 2177 1779 2215 quando

157 2234 211 2263 vix
227 2233 373 2273 quinque
392 2232 550 2263 mensium
566 2233 669 2272 spatio
687 2237 757 2273 post
771 2233 881 2264 datum
898 2233 1003 2265 {cadus
1020 2238 1142 2269 exacto,
1159 2232 1197 2263 ad
1213 2231 1379 2271 ingenium
1395 2230 1579 2265 rediissem,
1596 2232 1628 2259 et
1641 2228 1782 2267 pejorem

157 2280 254 2324 quam
271 2288 343 2315 ante
361 2284 545 2315 intulissent
561 2285 714 2316 Ecclesia;
729 2285 864 2316 cladem.
883 2285 966 2316 Illud
984 2293 1091 2324 porro,
1101 2284 1253 2314 mensibus
1267 2283 1401 2323 quinque
1415 2281 1554 2312 nondum
1569 2282 1699 2316 exactis,
1717 2289 1780 2311 non

157 2344 174 2365 a
191 2335 295 2366 soluta
313 2335 439 2366 Nicmna
460 2336 585 2375 synodo
601 2338 645 2367 ait
660 2336 867 2372 Athanasius,
887 2337 939 2367 uti-
953 2337 1109 2372 diximus,
1126 2337 1180 2367 sed
1197 2345 1212 2366 a
1231 2335 1366 2374 receptis
1388 2332 1570 2364 Meletianis
1589 2342 1598 2361 :
1615 2331 1700 2370 quod
1718 2340 1781 2371 qua

156 2385 280 2415 ratione
309 2389 471 2424 peractum
496 2385 604 2420 fuerit.
628 2391 731 2418 narrat
754 2387 902 2424 inferius,
919 2396 953 2418 n.
976 2389 1017 2418 72
1038 2387 1131 2427 Apol.
1149 2391 1260 2418 contra
1282 2386 1392 2416 Arian.
1414 2383 1622 2418 Athanasius,
1640 2382 1692 2412 ubi
1710 2387 1782 2420 post

157 2436 288 2467 allatum
306 2436 426 2468 Meletii
444 2437 657 2475 Breviarium,
673 2438 716 2470 ait
747 2439 912 2470 Meletium
940 2439 1111 2478 episcopos
1139 2442 1170 2470 et
1196 2438 1415 2478 presbyteros,
1434 2437 1490 2467 abs
1514 2444 1548 2466 se
1574 2443 1630 2474 per
1654 2434 1781 2464 diversa

156 2486 285 2526 Egypti
304 2488 373 2518 loca
387 2490 595 2526 constitutos,
619 2491 802 2522 Alexandro
817 2500 923 2522 coram
941 2491 1096 2523 abductos
1113 2491 1285 2522 obtulisse.
1303 2490 1362 2521 Ubi
1380 2489 1524 2521 advertas
1547 2486 1654 2521 velim,
1669 2495 1781 2516 neces-

156 2545 229 2567 sum
257 2546 329 2568 esse
361 2547 425 2569 non
450 2540 581 2578 paulum
611 2541 810 2572 intervenire
835 2541 990 2580 temporis
1005 2541 1145 2581 spatium
1162 2541 1201 2572 ab
1217 2541 1356 2572 adventu
1375 2537 1543 2569 Alexandri
1562 2536 1664 2566 Nicaea
1685 2535 1781 2565 remi-

155 2585 277 2624 grantis
294 2587 532 2626 Alexandriam,
551 2599 656 2630 usque
672 2591 747 2621 dum
763 2594 806 2621 tot
820 2591 962 2630 episcopi
981 2592 1012 2621 in
1031 2595 1092 2621 tam
1109 2591 1233 2622 dissitis
1249 2589 1327 2621 locis
1348 2589 1441 2628 positi
1457 2589 1490 2618 in
1509 2587 1651 2618 eamdem
1668 2585 1781 2616 urbem

155 2636 380 2675 convenirent,
399 2642 436 2669 ut
448 2639 631 2670 Alexandro
647 2647 752 2670 coram
769 2640 973 2671 sisterentur.
988 2641 1062 2671 Ideo
1074 2644 1180 2671 autem
1197 2640 1392 2671 Athanasius
1409 2641 1481 2678 post
1501 2637 1566 2668 haec
1585 2636 1691 2671 verba,
1708 2635 1737 2662 οἱ
1753 2633 1780 2662 δέ

153 2686 298 2714 Μιλετιανοί
308 2687 476 2718 ὁπωσδήποτι
492 2689 647 2724 ἕδέχθησαν¹
661 2690 690 2716 οὐ
703 2691 752 2727 γὰρ
762 2691 900 2728 ἀναγκαῖον
911 2693 955 2718 νῦν
973 2694 1018 2721 τήν
1036 2692 1118 2720 αἰτίαν
1134 2691 1263 2727 ὀνομάζειν
1273 2710 1280 2722 ,
1311 2697 1382 2720 mnx
1411 2687 1529 2726 adjicit,
1553 2685 1624 2714 οὔπω
1637 2687 1687 2723 γάρ
1705 2686 1779 2713 πέντε

153 2741 232 2771 μῆνας
247 2738 386 2774 παρῆλθον,
404 2741 444 2766 καὶ
457 2739 469 2766 ὁ
485 2741 529 2775 μὶν
541 2743 685 2778 μακαρίτης
698 2740 855 2779 Ἀλέξανδρος
872 2741 1057 2775 τετελεύτηκεν,
1071 2742 1095 2770 οἱ
1110 2741 1136 2770 δὲ
1154 2741 1310 2772 Μελιτιανοὶ,
1324 2739 1380 2767 δίον
1400 2741 1512 2777 ἠριμιῖν,
1546 2740 1580 2768 ut
1608 2737 1709 2776 palam
1736 2734 1781 2765 fa-

155 2789 219 2819 ciat
235 2789 393 2821 inﬁrmam
419 2791 524 2823 fuisse
549 2802 655 2832 pacem
682 2794 767 2826 illam
785 2802 856 2825 cum
875 2793 1070 2830 Meletianis,
1087 2800 1160 2824 cum
1178 2792 1229 2822 vix
1247 2791 1365 2830 elapsis
1384 2789 1528 2830 quinque
1543 2790 1618 2826 post
1636 2784 1789 2818 reconda

192 2901 233 2939 (a)
251 2897 502 2934 lli-Commentario.
