2000 3045
199 142 207 150 ι
238 168 302 191 "In
915 169 1179 198 PROLEGOMENA.

240 218 345 249 liatam
377 221 509 258 gratiam
530 226 694 255 mensibus
720 225 826 256 denuo
846 228 953 257 turbas
974 228 1121 259 dederint
1149 240 1156 259 :
1186 228 1270 259 unde
1298 228 1504 268 perspicuum
1533 229 1691 266 videatur,
1708 230 1853 270 quinque

239 268 399 299 mensium
419 271 585 301 exordium
610 273 682 304 duci
701 273 740 304 ab
756 276 893 305 adventu
912 280 941 306 et
958 277 1221 307 reconciliatione
1245 276 1490 308 Meletianorum
1508 286 1580 308 cum
1604 278 1798 310 Alexandro.
1817 280 1854 310 ln

239 318 381 357 antiquis
406 319 594 351 Latinorum
612 322 850 362 Martyrologiis
877 324 963 355 nulla
983 325 1013 356 S.
1038 325 1210 355 Alexandri
1228 325 1439 356 Alexandrini
1462 327 1612 357 memoria
1633 331 1698 358 erat
1714 339 1723 359 :
1741 337 1851 360 verum

241 370 393 404 vicesima
421 377 510 404 sexta
532 375 696 406 Februarii
725 375 777 406 die
797 379 1056 409 memorabantur
1073 378 1266 414 Alexander,
1284 378 1400 409 Nestor
1414 383 1444 409 et
1468 379 1579 410 Theon
1597 385 1751 420 martyres
1779 390 1853 413 cum

239 420 335 450 sociis
351 422 432 453 suis.
463 423 509 454 ita
527 424 650 456 scilicet
678 425 710 456 in
739 426 969 466 Martyrologio
997 428 1192 459 Gellonense
1209 432 1241 459 et
1258 429 1290 459 in
1311 429 1530 460 vetustissimo
1547 431 1658 462 Luccaa
1685 441 1761 464 cuso
1780 441 1852 464 cum

240 472 324 502 notis
346 473 600 515 Florentinii(a).
616 477 653 507 ln
676 477 740 514 his,
757 478 903 517 inquam,
920 480 1158 519 Martyrelogiis
1176 480 1414 520 (Gellonianum
1433 483 1554 524 excipe)
1575 487 1750 518 secundum
1767 496 1852 518 mar-

238 524 322 559 tyres
341 530 415 554 mox
440 530 644 563 memoratos,
662 527 779 566 legitur
795 540 802 559 :
825 530 863 559 In
877 529 1073 560 Alexandria
1089 530 1205 561 Felicis
1230 535 1257 561 ει
1279 531 1447 562 sociorum.
1463 533 1547 565 Hinc
1562 535 1670 567 vitiata
1688 537 1853 577 interpun-

235 573 353 610 ctione,
378 574 471 612 illud,
489 577 522 607 in
547 578 750 617 Alexandria,
773 581 810 611 ad
836 582 987 621 superius
1009 587 1201 614 memoratos
1221 586 1388 623 martyres,
1408 584 1529 617 scilicet
1545 588 1774 626 Alexandrum,
1788 591 1852 622 Ne-

234 629 367 662 storem,
389 631 464 664 etc.,
492 629 677 669 adjunctum
704 631 777 663 fuit.
804 633 855 664 Sic
871 634 998 664 turbato
1026 634 1124 665 semel
1144 635 1272 673 ordine,
1292 639 1403 667 auctor
1428 637 1611 669 brevissimi
1633 639 1852 679 Martyrologii

235 674 418 714 Aquileiam
432 678 531 710 Roma
550 681 742 718 transmissi,
758 685 788 712 et
803 682 908 713 Adoni
927 683 1103 715 Viennensi
1124 689 1233 724 postea
1249 685 1360 723 oblati,
1378 687 1514 718 nimium
1531 689 1722 727 conjecturis
1742 689 1852 720 indul-

234 735 325 765 gens,
342 730 560 762 Alexandrum
590 733 681 764 illum
699 734 867 772 praesulem
888 744 960 767 esse
985 740 1082 773 ratus,
1103 737 1148 768 sic
1164 738 1314 769 audacter
1336 740 1488 777 restituit,
1504 739 1703 770 Alexandria:
1719 739 1854 771 Alexan-

235 776 286 807 dri
300 778 437 817 gloriosi
448 783 528 811 senis
540 782 690 822 episcopi,
707 788 737 815 et
753 785 791 816 ad
808 785 991 816 vicesimam
1009 787 1178 826 septimam
1197 788 1340 827 ejusdem
1358 790 1480 820 mensis
1499 789 1607 828 habet,
1626 790 1752 820 ,Ιαιίαηί
1766 800 1853 820 mar-

234 827 315 865 tyris
333 832 360 862 et
383 829 469 860 Euni
487 831 541 870 qui
556 840 623 861 cum
650 832 717 871 ipso
734 842 801 863 sene
816 835 849 864 in
865 835 1056 875 confessione
1076 835 1281 874 perduravit;
1298 838 1339 867 ita
1356 841 1390 867 ut
1417 843 1590 878 martyrem
1616 843 1646 870 et
1663 839 1853 879 episcopum

235 885 364 916 quoque
380 878 594 912 Alexandrum
610 881 711 915 fuisse
730 890 898 923 memoret,
917 886 1005 925 quod
1023 887 1135 926 utique
1150 887 1278 919 falsum.
1294 888 1332 918 Et
1356 897 1431 920 vero
1446 890 1627 922 Alexander
1642 878 1696 922 ille
1709 891 1853 930 quidem,

236 930 269 957 ut
286 927 435 966 primitus
452 929 575 969 jacebat
600 932 735 971 integris
761 935 870 972 rebus,
890 938 1009 975 martyr
1023 944 1097 967 vere
1113 935 1186 972 fuit,
1203 940 1238 967 ut
1256 937 1428 969 observant
1452 938 1485 969 in
1501 940 1585 970 notis
1604 940 1671 970 suis
1694 927 1854 971 Florenti-

234 978 310 1011 nius
339 983 368 1010 et
402 981 640 1014 Henschenius.
676 985 910 1018 Vandelbertus
942 991 1050 1018 autem
1086 989 1120 1019 in
1148 983 1379 1029 Martyrologio
1406 999 1467 1022 suo
1497 991 1629 1021 matrice
1660 990 1854 1029 conscripto,

235 1030 456 1063 Alexandrum
478 1034 607 1072 omittit,
626 1037 733 1068 socios
750 1042 918 1076 memorat,
937 1041 1101 1072 Theonam
1118 1041 1241 1073 scilicet
1257 1046 1288 1073 et
1312 1043 1478 1074 Nestorem
1498 1046 1675 1082 martyres;
1691 1043 1853 1078 Babanus,

235 1083 455 1116 Alexandrum
472 1089 502 1117 et
516 1087 622 1118 socios
640 1091 774 1121 tantum.
788 1092 858 1122 Ado
875 1097 981 1124 autem
998 1093 1196 1126 Viennensis
1212 1095 1293 1126 duce
1311 1104 1390 1126 usus
1415 1096 1646 1135 Martyrologio
1667 1102 1727 1125 suo
1754 1102 1854 1133 supe-

236 1133 303 1164 rius
317 1142 506 1175 memorato,
522 1139 739 1173 Alexandrum
756 1145 925 1183 praesulem
939 1145 992 1177 hic
1009 1147 1093 1177 male
1115 1147 1212 1178 situm
1229 1149 1298 1179 suis
1312 1149 1407 1180 etiam
1424 1149 1508 1179 notis
1525 1147 1685 1184 distinxit,
1699 1146 1854 1186 adjiciens

234 1193 307 1216 eum
325 1188 510 1228 episcopum
525 1191 727 1225 Alexandriae
744 1195 922 1232 exstitisse,
939 1201 969 1228 et
983 1197 1151 1229 damnasse
1170 1199 1296 1235 Arium,
1315 1208 1350 1230 ac
1364 1200 1499 1231 Nicaenae
1512 1197 1696 1230 interfuisse
1716 1196 1851 1236 synodo.

234 1234 411 1287 Usuardus,
427 1242 539 1270 auctor
554 1242 775 1283 Martyrologii
793 1246 887 1277 Bedm
902 1246 981 1278 falso
1003 1248 1146 1287 ascripti,
1161 1234 1331 1285 Notkerus,
1348 1254 1459 1281 auctor
1471 1247 1689 1287 Martyrologii
1705 1234 1852 1282 Romani,

236 1285 328 1324 quasi
347 1295 424 1319 oves
441 1292 607 1332 gregariaa,
626 1293 746 1326 Adonis
762 1295 887 1336 lapsum
901 1302 1096 1338 sequuntur.
1116 1299 1220 1339 Atque
1239 1300 1357 1330 exinde
1375 1305 1514 1331 erratum
1532 1298 1683 1334 obtinuit,
1699 1306 1735 1328 ac
1750 1297 1783 1327 in
1803 1296 1855 1326 vi-

236 1335 388 1368 cesimam
405 1343 527 1370 sextam
547 1342 713 1374 Februarii
743 1335 885 1377 certatim
904 1335 1016 1379 omnes
1035 1348 1121 1379 diem
1140 1335 1248 1380 obitus
1274 1350 1449 1381 Alexandri
1474 1349 1693 1381 contulerunt.
1716 1347 1751 1378 ln
1767 1345 1854 1377 deci-

235 1394 317 1419 mam
335 1396 434 1443 porro
451 1392 618 1430 septimam
636 1397 757 1436 Aprilis
778 1399 805 1430 si
822 1401 1069 1440 constituamus,
1086 1403 1207 1441 optime
1222 1404 1428 1443 quadrabunt
1447 1403 1567 1441 omnia,
1589 1402 1636 1434 uti
1653 1405 1701 1434 est
1716 1410 1734 1432 a
1758 1400 1854 1432 nobis

233 1437 384 1475 superius
403 1446 702 1478 commonstratum.

271 1487 319 1520 Ad
331 1496 454 1541 annum
472 1492 544 1530 327,
563 1494 619 1524 ubi
636 1495 675 1526 de
701 1496 815 1529 itinere
843 1499 1012 1531 Athanasii
1033 1501 1206 1541 Thebaico,
1226 1503 1401 1535 notandum
1429 1512 1498 1534 eam
1516 1502 1692 1535 clausulam
1709 1501 1852 1532 Graecam

234 1537 310 1569 ῐνίιω
325 1539 496 1579 ΡασΙιοηιίί,
516 1545 661 1584 ἀρχόμενος
675 1553 722 1580 τῆς
736 1551 889 1584 ἐπισκοπῆς,
905 1560 970 1583 non
985 1553 1018 1584 fu

1070 1563 1086 1585 e
1103 1554 1215 1585 Latine
1243 1563 1368 1585 versam
1399 1553 1438 1585 ab
1466 1553 1652 1594 interprete.
1671 1553 1748 1591 Ejus
1777 1559 1855 1583 vera

231 1592 390 1622 sententia
408 1597 466 1629 est,
484 1595 694 1629 Athanasium
708 1608 746 1630 eo
763 1603 962 1634 concessisse
977 1612 1048 1634 cum
1069 1604 1164 1636 iniret
1179 1604 1414 1644 episcopatum.

271 1642 317 1672 Ad
333 1652 452 1676 annum
463 1646 523 1677 362
535 1657 728 1688 magnopere
745 1651 942 1684 observanda
954 1654 1020 1686 haec
1034 1642 1242 1687 Ammonii'in
1255 1642 1392 1695 epistola
1413 1657 1456 1687 De
1474 1657 1546 1688 Vita
1559 1655 1719 1686 Pachomii
1734 1654 1830 1686 verba

231 1697 280 1723 Md
302 1698 367 1731 μετὰ
385 1698 414 1725 τὸ
441 1698 584 1735 διωχθῆναι
602 1703 644 1729 τὸν
659 1704 748 1730 mium
762 1704 909 1732 ’Δθανὰσιον
934 1710 970 1741 τῷ
986 1707 1078 1743 ἐννὰτῳ
1100 1710 1158 1738 μηνὶ
1179 1707 1226 1735 τοῦ
1241 1709 1327 1748 Χὲκτου
1343 1708 1430 1739 ἔτους,
1452 1709 1586 1738 Ἰουλιανὸς
1601 1707 1770 1745 βασιλεύσας»
1790 1707 1854 1743 ἀνὴρ

230 1742 429 1782 εἰδωλολάτρης,
453 1747 497 1774 τὸν
519 1749 564 1783 μὲν
586 1750 676 1777 πάπαν
692 1752 839 1780 Ἀθανάσιον
861 1754 897 1784 εἰς
911 1756 955 1783 τὴν
967 1755 1020 1784 Θηϐ

1064 1760 1083 1782 α
1096 1756 1223 1793 ἒξώρισιν,
1240 1742 1298 1786 etc.
1317 1756 1351 1786 Id
1372 1760 1419 1786 est
1439 1766 1447 1786 :
1464 1755 1554 1786 Nono
1570 1764 1668 1785 mense
1684 1755 1767 1785 sexti
1777 1755 1854 1784 anni

229 1797 303 1832 post
315 1795 440 1833 pulsum
452 1805 566 1836 papam
579 1800 956 1839 Athanasium,Julianus
969 1805 1100 1844 imperio
1109 1806 1231 1844 potitus
1245 1806 1295 1836 vir
1314 1805 1499 1842 idalolatra,
1514 1815 1627 1845 papam
1649 1805 1854 1836 Athanasium

230 1844 264 1874 in
277 1843 462 1877 Thebaidem
472 1847 631 1887 relegavit.
644 1850 713 1882 Duo
731 1851 783 1883 hic
798 1853 968 1884 observatu
985 1843 1174 1893 dignissima
1190 1854 1487 1893 deprehenduntur.
1500 1843 1606 1885 Friino
1622 1854 1848 1889 Athanasium,

231 1897 314 1928 circa
331 1906 473 1929 mensem
492 1899 663 1933 Octobrem
688 1904 763 1934 anni
785 1906 856 1942 362,
878 1907 939 1937 sub
953 1906 1099 1944 Juliano,
1118 1906 1247 1946 pulsum
1267 1907 1381 1943 fuisse,
1394 1906 1516 1938 scilicet
1537 1913 1624 1936 nono
1640 1911 1752 1934 mense
1768 1903 1853 1934 sexti

232 1947 308 1977 anni
324 1951 495 1987 postquam
516 1951 703 1990 proﬂigatus
718 1962 736 1984 a
751 1953 941 1986 Constantio
967 1956 1084 1992 fuerat,
1104 1957 1189 1994 quod
1206 1959 1275 1988 tum
1289 1956 1403 1988 accidit
1422 1965 1496 1987 cum
1511 1964 1622 1987 mense
1643 1953 1819 1985 Februario
1834 1963 1851 1985 a

231 1995 357 2033 Syriani
386 1999 417 2028 et
445 1999 584 2032 militum
617 2001 739 2039 impetu
770 2011 806 2034 se
834 2004 994 2044 proripuit
1023 2013 1107 2036 anno
1135 2006 1220 2043 356;
1254 2009 1365 2045 postea
1392 2014 1486 2042 vero,
1516 2004 1637 2036 scilicet
1668 2003 1728 2034 sub
1754 2002 1849 2032 ﬁnem

229 2045 306 2078 anni
334 2046 389 2077 361
407 2071 415 2085 ,
432 2049 484 2081 vel
512 2049 605 2081 initio
632 2052 715 2089 362,
744 2061 816 2083 cum
844 2053 1061 2093 inauguratus
1087 2056 1236 2087 Julianus
1265 2055 1440 2094 imperator
1465 2053 1653 2085 facultatem
1681 2051 1851 2082 exsulibus

233 2097 389 2129 redeundi
417 2100 572 2138 dedisset,
602 2101 804 2137 Alexandria!
831 2111 945 2134 novem
976 2105 1102 2136 circiter
1130 2113 1257 2137 menses
1282 2107 1498 2135 commoratus
1528 2106 1589 2140 est,
1612 2103 1715 2133 donec
1740 2109 1851 2132 mense

229 2148 357 2181 circiter
384 2152 527 2190 Octobri,
559 2153 702 2193 ejusdem
734 2154 850 2186 Iuliani
877 2156 985 2194 jussu,
1013 2158 1205 2191 Alexandria
1229 2158 1409 2189 decederet.
1439 2155 1586 2188 Secundo
1622 2153 1850 2209 Julianijuss'u

227 2201 261 2233 in
292 2203 453 2236 Thebaide
485 2206 662 2243 exsulasse,
679 2207 766 2247 quod
791 2207 831 2242 ab
853 2208 924 2240 aliis
951 2210 1175 2241 ecclesiasticm
1199 2209 1344 2241 historim
1368 2208 1579 2248 scriptoribus
1606 2205 1737 2238 minime
1755 2203 1850 2235 tradi-

228 2254 294 2285 tum
316 2257 374 2284 68L
1614 2308 1622 2312 _
1651 2310 1654 2312 ι
1784 2306 1789 2312 .

268 2303 315 2333 Ad
332 2312 454 2338 annum
471 2306 541 2342 363,
559 2315 648 2337 num.
665 2307 693 2337 1.
707 2307 777 2338 Non
799 2317 909 2347 parum
927 2311 1046 2348 negotii
1064 2310 1228 2342 facessunt
1250 2311 1315 2341 haec
1334 2310 1430 2341 verba
1454 2317 1525 2348 quae
1540 2308 1622 2347 apud
1640 2306 1849 2340 Ammonium

227 2351 335 2385 Graece
351 2354 392 2384 ita
410 2355 561 2394 leguntur
575 2367 583 2386 ε
599 2357 641 2384 Διό
655 2358 696 2384 οὐκ
707 2358 810 2395 ὀφείλεις
825 2359 866 2386 ἐπὶ
882 2362 928 2389 τήν
942 2361 1017 2390 Θηϐαῖ

1070 2361 1238 2398 autenm/.5140;
1254 2361 1378 2394 ἀπελθεῖν,
1391 2359 1441 2388 ἀλλ’
1457 2361 1494 2390 εἰς
1509 2360 1550 2388 τὸν
1565 2358 1698 2395 κομιτὰτον
1710 2357 1850 2388 λιληθότως

225 2407 351 2445 γενέσθαι.
361 2409 483 2446 Συντιύξῃ
497 2410 547 2447 ιγᾲρ
561 2410 630 2444 αὐτῷ
645 2410 700 2437 καθ’
712 2409 777 2443 ὁδὸν,
788 2413 946 2448 καὶγνησίως
954 2412 1122 2449 ὑποδεχθεὶς,
1131 2415 1260 2446 ἐπανήξεις
1274 2415 1310 2444 εἰς
1324 2416 1371 2443 τήν
1381 2412 1538 2444 Ἐκκλησίαν·
1554 2411 1588 2441 Id
1601 2414 1665 2441 est:
1679 2409 1850 2448 Propterea

225 2465 262 2486 ne
273 2457 433 2488 molestum
457 2460 516 2490 iter
529 2459 570 2489 ad
587 2460 767 2492 Thebaidem
781 2463 939 2501 excipias;
962 2462 1014 2492 sed
1030 2463 1069 2492 ad
1092 2463 1272 2493 comitatum
1291 2462 1370 2492 clam
1387 2466 1415 2491 te
1434 2461 1585 2500 conferas.
1602 2460 1641 2492 In
1656 2460 1707 2488 via
1721 2467 1850 2498 namque

227 2507 329 2546 ipsum
345 2508 492 2549 offendes,
513 2514 539 2540 et
554 2512 716 2543 clementer
729 2512 766 2541 ab
780 2522 813 2541 eo
826 2518 984 2552 exceptus,
1001 2514 1164 2545 reverteris
1183 2513 1215 2542 in
1230 2512 1411 2543 Ecclesium.
1429 2510 1489 2545 Ubi
1506 2511 1631 2541 videtur
1646 2508 1848 2563 Theodorus,

226 2557 281 2596 qui
299 2558 365 2590 haec
380 2568 418 2589 ex
439 2561 628 2600 prophetico
651 2563 769 2600 spiritu
786 2563 963 2594 Athanasio
981 2565 1120 2600 mandat,
1136 2564 1254 2604 jubere
1271 2563 1332 2603 ipsi
1349 2566 1384 2593 ut
1409 2566 1492 2593 recta
1517 2560 1719 2599 imperatoris
1745 2559 1848 2590 comi-

226 2610 327 2638 tatum
346 2612 432 2646 petat
450 2614 481 2641 et
497 2611 723 2650 imperaIOrem
740 2613 842 2644 adeat.
861 2614 899 2644 Et
925 2618 1029 2645 tamen
1049 2617 1170 2644 certum
1195 2614 1324 2644 videtur:
1340 2621 1380 2644 ex
1406 2612 1448 2664 iis
1464 2620 1536 2664 qua:
1562 2611 1594 2664 in
1614 2610 1683 2641 Vita
1704 2609 1848 2664 Alltatts-

225 2657 268 2690 :ii
283 2658 321 2688 ad
341 2659 426 2690 hunc
441 2669 575 2696 annum,
593 2661 668 2693 etin
692 2663 815 2694 Manilo
841 2663 878 2694 ad
896 2663 1063 2703 epistolam
1083 2664 1210 2695 Joviani
1239 2663 1397 2699 diximus,
1424 2661 1634 2693 Athanasium
1659 2668 1724 2692 non
1741 2659 1846 2690 statim

225 2705 450 2745 imperatorem
468 2710 600 2748 adiisse.
619 2712 676 2743 sed
701 2713 839 2752 primum
858 2715 988 2756 petiisse
1014 2714 1254 2753 Alexandriam,
1271 2715 1385 2754 ibique
1408 2712 1644 2752 aliquantisper
1666 2718 1847 2744 commora-

227 2759 294 2792 tum
310 2767 390 2791 esse.

264 2873 302 2910 (α)
323 2874 443 2912 Spicileg.
462 2876 587 2907 Dacheri.
