2000 3045
840 178 920 206 νιτΑ
940 177 970 206 3.

1027 178 1184 206 I‘HA‘NASH.
1766 186 1812 206 ιιι

416 321 646 398 VlTA
696 320 1034 399 SANCTI
1077 256 1593 402 A'l’HANASII

538 462 1002 509 ARCHIEPISCOPI
1030 463 1472 511 ALEXANDRINI.

224 638 298 665 Amm
307 635 565 664 296.-Αι1ωηαεὶί
591 639 676 667 ortus,
694 635 978 669 patria,parentea.—
991 638 1014 666 Α
1029 641 1146 669 praeerat
1173 636 1270 664 Petrus
1297 636 1473 665 ‘Alexandriaa
1504 637 1617 672 praesul;
1651 638 1742 674 ibique
1770 639 1814 668 ille

189 684 284 712 incidit
296 682 436 710 Athanasii
453 686 529 709 ortus
544 682 569 709 in
584 681 765 709 Diocletiauea
780 682 824 709 illa
846 687 976 716 tempora,

186 729 386 758 calamitatibus
406 728 578 762 aedibusque
594 727 807 756 Christianorum
826 727 976 756 funestata.

182 775 313 803 Parentes
325 774 385 808 ejus
411 773 457 808 pii,
477 773 636 806 Christiani,
650 780 693 804 ac.
711 773 733 800 si
755 780 806 807 qua
823 774 889 801 ﬁdes
907 773 977 801 infe-

182 822 264 849 rioris
273 821 324 848 aevi
340 821 532 855 scriptoribus,
545 819 685 847 nobilitate
700 824 727 847 et
739 820 834 855 opibus
846 820 974 856 insignes-

182 867 304 896 Patrium
321 867 405 894 solum
421 866 611 894 Alexandriam
636 865 718 893 fuisse
729 873 789 893 cum
806 865 850 893 alii
867 866 976 901 plurimi

184 914 304 945 tradunt,
320 917 376 939 tum
403 912 460 947 ipse
480 919 530 939 nec
548 911 632 938 semel
660 911 758 945 innuit,
783 916 810 939 et
835 912 977 946 perspicue

184 967 247 986 cum
273 958 400 993 profugus
423 957 512 985 missis
526 958 558 984 ad
582 957 738 985 Luciferum
756 957 852 985 litteris
868 957 906 984 ait
924 957 975 992 (a),

182 1005 348 1032 excubantes
362 1004 479 1031 Arianos
494 1004 521 1030 in
536 1004 626 1031 aditus
647 1008 794 1038 portasque
809 1003 894 1037 urbis,
910 1004 975 1031 ade-

181 1051 264 1079 misse
275 1050 337 1082 sibi,
353 1057 387 1078 ex
403 1057 456 1085 quo
479 1057 509 1077 se
527 1049 634 1077 illorum
650 1050 774 1077 manibus
791 1049 974 1084 proripuerat,

180 1101 307 1132 parentes
320 1096 452 1124 invisendi
468 1095 632 1123 facultatem.
659 1095 696 1123 De
718 1101 793 1123 ortus
807 1103 879 1123 anno
891 1095 975 1122 altum

181 1143 281 1178 ubique
297 1142 446 1170 silentium.
469 1142 580 1174 Verum,
600 1142 786 1176 prementibus
805 1141 876 1168 ultro
893 1141 975 1168 citro-

181 1195 235 1223 que
247 1188 414 1223 argumentis
430 1191 458 1215 et
481 1187 654 1222 coniecturis,
673 1191 764 1213 uatum
779 1187 922 1220 opinamur
936 1187 974 1213 A-

183 1235 336 1262 thanasium
357 1241 427 1261 anno
441 1234 548 1261 circiter
562 1232 625 1260 296.
650 1232 690 1260 Ne
704 1233 785 1260 citius
797 1237 886 1260 ortum
901 1232 975 1259 dica-

182 1289 254 1314 mus,
275 1285 347 1308 vetat
361 1281 431 1316 quod
450 1281 487 1307 ait
502 1280 545 1308 ille
561 1280 598 1315 (b)
611 1287 641 1306 se
659 1287 674 1306 a
695 1279 817 1314 patribus
836 1278 974 1313 accepisse

180 1335 241 1362 quae
258 1315 420 1354 Maximiano
437 1326 560 1362 principe
570 1334 643 1353 anno
655 1326 708 1353 505
721 1325 885 1355 Christianis
899 1324 973 1352 illata
990 1315 1013 1346 Β

180 1378 245 1401 sunt
260 1373 330 1400 mala
346 1382 353 1400 :
374 1380 434 1400 cum
452 1373 556 1400 scilicet
583 1372 634 1407 ipsi
653 1380 701 1406 per
727 1376 847 1400 teneram
867 1375 973 1398 aetatem

181 1426 215 1446 ne
226 1419 391 1447 domesticas
402 1419 512 1448 quidem
529 1419 700 1446 calamitates
716 1417 818 1446 sentire
838 1417 932 1444 liceret
948 1420 976 1444 et

179 1466 335 1493 observare.
353 1465 404 1499 Qui
420 1471 508 1493 autem
534 1473 606 1493 anno
619 1464 672 1492 290
691 1469 782 1491 natum
797 1468 905 1499 putant,
930 1471 975 1491 ve-

181 1518 243 1538 reor
257 1515 287 1538 ut
297 1511 426 1545 majorem
438 1511 580 1538 duodenne
593 1515 674 1538 tanta:
689 1510 775 1538 eladis
788 1510 974 1537 immemorem

181 1556 324 1583 suadeant.
343 1548 380 1583 Et.
390 1563 454 1583 vero
468 1557 491 1583 si
514 1564 586 1584 anno
598 1555 652 1583 ‘290
664 1560 744 1583 natus
767 1555 814 1587 sit,
827 1563 899 1583 anno
911 1555 974 1588 526,

180 1608 234 1635 quo
249 1601 299 1628 fuit
321 1602 347 1628 in
363 1601 517 1636 episcopum
531 1601 656 1633 allectus,
673 1600 783 1636 triginta
801 1606 905 1635 septem
924 1608 974 1626 an-

181 1653 277 1673 norum
294 1645 390 1678 fnerit;
406 1654 440 1673 ac
456 1653 489 1674 ne
505 1647 635 1673 minimus
655 1646 763 1680 quidem
779 1646 886 1673 Arianis
909 1645 975 1673 fuis-

181 1695 224 1718 set
243 1691 320 1719 locus
335 1692 508 1724 criminandi,
523 1693 593 1726 quod
609 1693 714 1719 minore
730 1698 811 1725 quam
826 1691 869 1718 lex
892 1691 977 1718 ferret

182 1740 261 1763 aztate
274 1736 301 1763 in
315 1737 469 1771 episcopum
481 1736 695 1763 Alexandrinqu
706 1736 800 1763 fuisset
815 1739 973 1769 cooptatus:

182 1785 216 1810 de
229 1791 282 1818 quo
295 1788 384 1811 tamen
402 1784 579 1811 Athanasium
596 1784 622 1811 in
638 1784 739 1811 crimen
753 1787 878 1810 vocatum
892 1782 976 1810 fuisse

182 1835 315 1857 memorat.
331 1831 491 1858 Ammonius
506 1830 552 1866 (ε).
574 1830 613 1857 Ne
639 1835 700 1865 post
716 1837 816 1856 annum
837 1829 891 1856 296
906 1828 976 1856 refe-

181 1883 275 1903 ramus
297 1876 382 1903 multa
413 1876 590 1903 dehortantur
617 1883 626 1904 :
653 1884 668 1902 a
688 1875 853 1910 martyribus
877 1875 976 1910 quippe

182 1921 346 1949 Athanasius
363 1929 403 1954 se,
417 1926 480 1949 ante
506 1929 606 1949 annum
622 1921 726 1949 scilicet
751 1921 814 1954 5H,
830 1921 975 1948 edidicisse

183 1965 221 1992 ait
229 1966 370 1994 sublimem
383 1966 533 1993 divinarum
544 1966 706 1994 Litterarum
721 1966 870 1994 doctrinam
884 1975 890 1992 :
903 1965 974 2000 quod

182 2017 336 2047 vergentem
349 2013 382 2040 ad
398 2012 605 2040 adolescentiam
618 2016 724 2040 {etatem
742 2013 831 2047 arguit
849 2012 899 2047 (ιι),
912 2019 973 2040 cum

183 2063 318 2085 tantarum
335 2066 424 2086 rerum
440 2059 537 2086 tenella
553 2063 581 2086 et
598 2058 730 2085 infantilis
750 2065 834 2092 capax
856 2065 908 2085 non
926 2057 972 2084 sit.

183 2105 224 2131 Ad
237 2105 295 2132 haec
309 2112 384 2137 vero,
397 2109 460 2133 ante
477 2113 577 2132 annum
585 2105 648 2138 319,
665 2105 782 2132 nondum
794 2108 888 2132 exorto
900 2103 974 2130 Aria-

185 2151 285 2183 nismo,
303 2150 386 2178 libros
403 2151 498 2184 edidit,
526 2156 599 2178 tanta
612 2151 764 2179 eruditione
786 2156 813 2177 et
829 2150 972 2184 gravitate,

185 2200 214 2222 ut
237 2195 319 2222 nullis
333 2204 387 2223 non
405 2196 516 2225 Patrum
534 2197 644 2231 scriptis
661 2197 716 2223 sint
730 2197 924 2230 comparanda.
937 2196 972 2223 At

184 2241 256 2268 enim
271 2241 294 2269 si
316 2241 427 2269 ineunte
451 2242 549 2271 saeculo
567 2249 644 2270 ortus
670 2248 752 2276 esset,
777 2247 807 2268 ut
832 2245 974 2269 autumant

184 2287 317 2319 nonnulli,
342 2288 402 2323 quis
428 2292 504 2322 putet
530 2288 714 2316 novemdecim
735 2295 867 2315 annorum
884 2287 973 2315 adole-

183 2337 304 2359 scentem
326 2333 408 2361 tantis
434 2333 547 2361 edendis
570 2333 645 2360 libris
663 2340 755 2367 parem
773 2337 799 2360 et
817 2332 974 2359 maturum?

185 2377 248 2405 Haec
260 2379 315 2414 jam
339 2380 405 2407 satis
426 2384 518 2412 sunto,
538 2379 622 2407 multa
641 2380 714 2406 enim
734 2386 793 2413 quae
804 2385 973 2412 consequun-

184 2427 240 2458 tur,
254 2429 373 2452 nostram
391 2425 500 2453 ﬁrmant
514 2426 679 2460 opinionem.

222 2480 298 2508 ANNO
320 2481 385 2509 30L
411 2496 446 2502 —
471 2482 496 2509 L
518 2481 634 2509 Exortus
652 2480 787 2508 Meletiani
813 2480 969 2508 schismalia.

182 2541 220 2550 ——
237 2527 306 2554 Dum
330 2532 424 2556 tenera
455 2528 542 2556 adhuc
562 2528 675 2555 infantia
699 2532 780 2560 esset,
807 2527 889 2561 caepit
915 2533 972 2553 res-

185 2573 292 2608 publica
322 2574 349 2601 in
370 2573 488 2610 Egypto
527 2574 681 2602 Christiana
708 2574 834 2601 intestino
863 2577 890 2600 et
916 2572 972 2600 exi-

185 2620 255 2647 tioso
279 2619 393 2648 dissidio
419 2620 596 2656 conﬂagrare.
628 2619 748 2654 Namque
772 2618 903 2651 Meletius,
917 2616 972 2652 Ly-

1029 681 1055 708 in
1069 682 1243 716 promeritam
1259 682 1368 718 ﬂagitiis
1380 690 1487 718 ptenam
1506 683 1647 712 damnatus
1660 689 1686 712 et
1705 685 1813 713 abdica-

1029 731 1072 755 tus
1093 732 1145 755 est.
1168 727 1292 756 Meletius
1311 735 1384 760 vero,
1400 729 1571 757 conscientiae
1587 737 1682 765 nempe
1698 731 1814 759 stimulis

1027 775 1189 809 exagitatus,
1213 781 1267 801 non
1292 782 1374 803 ausus
1398 775 1477 802 aliam
1503 775 1638 811 appellare
1664 776 1812 812 synodum;

1028 826 1087 851 nec,
1103 827 1162 854 quae
1186 827 1238 847 una
1264 825 1406 854 supererat
1429 820 1522 856 gratiae
1538 821 1660 848 ineundas
1673 822 1726 855 via,
1751 821 1814 850 facti

1028 866 1133 893 veniam
1148 870 1284 900 precatus,
1308 866 1422 894 abducta
1448 874 1540 895 secum
1569 868 1813 896 consceleratorum

1029 913 1117 946 turba,
1143 911 1217 939 Petri
1242 912 1268 939 in
1284 912 1360 948 cujus
1374 913 1475 941 ditione
1495 917 1554 940 erat
1570 913 1711 948 imperium
1726 910 1814 941 detre-

1027 962 1120 990 ctare;
1139 965 1206 985 nova
1223 958 1248 985 iu
1265 957 1322 985 dies
1338 958 1502 992 machinari;
1520 959 1659 994 episcopos
1674 960 1813 995 presbyte-

1028 1010 1124 1038 rosque
1140 1003 1238 1038 ubique
1255 1003 1373 1030 locorum
1391 1009 1485 1031 contra
1502 1003 1545 1038 ius
1563 1004 1656 1039 fasque
1666 1005 1813 1032 constitue-

1027 1057 1056 1077 re
1068 1057 1075 1082 ;
1087 1049 1153 1076 alias
1166 1054 1246 1084 atque
1262 1049 1328 1077 alias
1344 1050 1478 1084 parmcias
1492 1050 1525 1077 ad
1540 1049 1718 1078 defectionem
1737 1050 1813 1078 solli-

1026 1096 1125 1129 citare;
1153 1094 1298 1123 Mareotem
1313 1095 1399 1131 ipsam
1429 1095 1545 1124 nobilem
1565 1096 1742 1124 Alexandrini
1757 1097 1814 1132 epi-

1026 1145 1152 1176 scopatus
1166 1142 1318 1176 portionem
1334 1146 1448 1175 tentare,
1464 1141 1534 1176 quod
1554 1147 1644 1170 tamen
1660 1142 1685 1170 ei
1703 1142 1813 1170 minime

1025 1188 1108 1215 cessit
1123 1195 1156 1215 ex
1170 1191 1242 1215 voto.
1271 1187 1369 1215 Fertur
1383 1188 1492 1215 demum
1511 1192 1584 1215 tanta
1597 1187 1680 1216 fuisse
1696 1189 1812 1220 vafritie.
1835 1179 1840 1187 ’

1026 1238 1055 1261 ut
1069 1233 1211 1261 calumniis
1223 1233 1383 1267 insidiisque
1396 1240 1449 1260 non
1468 1240 1569 1268 paucos
1579 1241 1593 1261 a
1604 1233 1689 1267 Petri,
1703 1234 1813 1262 Achillae

1025 1285 1054 1308 et
1069 1280 1216 1308 Alexandri
1242 1280 1365 1315 partibus
1390 1279 1544 1307 abduceret.
1571 1279 1654 1314 Hujus
1673 1288 1813 1316 sequaces,

1026 1326 1127 1354 amisso
1141 1326 1359 1354 Christianorum
1373 1326 1493 1359 nomine,
1509 1325 1643 1353 Meletiani
1658 1326 1812 1358 audierunt,

1027 1372 1074 1407 qui
1098 1372 1249 1400 Athanasio
1264 1371 1336 1399 haud
1359 1372 1448 1399 minus
1466 1379 1546 1406 quam
1567 1372 1756 1400 decessoribus
1770 1372 1812 1399 in-

1025 1418 1100 1451 festi,
1118 1418 1205 1445 virum
1219 1425 1273 1445 non
1288 1416 1372 1445 semel
1386 1417 1457 1445 ﬁctis
1472 1417 1631 1446 criminibus
1642 1422 1773 1445 vocarunt
1786 1417 1814 1445 in

1025 1465 1121 1500 capitis
1135 1465 1279 1492 discrimen

1063 1511 1091 1537 2.
1108 1510 1171 1538 llaec
1184 1518 1216 1538 ex
1229 1511 1378 1539 Athanasio
1390 1518 1488 1539 verace
1507 1514 1534 1539 et
1545 1515 1575 1538 ut
1590 1510 1734 1546 plurimum
1746 1517 1813 1538 ocu-

1028 1557 1084 1584 lato
1096 1561 1174 1584 teste.
1188 1556 1287 1584 Verum
1303 1557 1410 1585 diversa
1434 1557 1512 1592 longe
1538 1561 1631 1584 narrat
1648 1556 1813 1592 Epiphanius

1026 1603 1072 1638 (ί),
1090 1602 1188 1637 quibus
1200 1602 1264 1630 facti
1286 1602 1388 1630 in‘vidia
1402 1602 1481 1630 Petro
1493 1610 1546 1629 non
1561 1602 1649 1629 minus
1663 1608 1743 1637 quam
1758 1601 1814 1629 Meo

1026 1649 1091 1677 letio
1106 1649 1274 1677 conferatur.
1293 1649 1339 1676 Ait
1356 1649 1482 1676 nimirum
1498 1648 1606 1675 Petrum
1630 1652 1656 1675 et
1678 1647 1814 1676 Meletiutn

1027 1695 1088 1722 ﬁdei
1112 1703 1195 1723 causa
1216 1695 1441 1730 comprehensos,
1458 1699 1538 1729 atque
1552 1694 1579 1721 in
1598 1701 1736 1722 carcerem
1751 1701 1813 1722 cum

1027 1741 1120 1769 multis
1141 1742 1201 1768 aliis
1216 1742 1346 1773 reclusos,
1362 1741 1395 1768 de
1412 1740 1574 1774 recipiendis
1591 1740 1672 1774 lapsis
1684 1739 1812 1774 questio-

1028 1794 1088 1814 nem
1113 1787 1230 1822 agitasse
1249 1797 1255 1813 :
1272 1785 1472 1820 Meletiumque,
1488 1785 1626 1821 gentilium
1638 1785 1733 1813 ritibus
1748 1785 1814 1820 pol-

1027 1833 1106 1864 lutos.
1121 1832 1167 1866 qui
1180 1839 1272 1859 veram
1284 1832 1363 1859 ﬁdem
1377 1836 1530 1866 negassent,
1546 1831 1672 1858 Ecclesiae
1687 1831 1758 1858 aditu
1772 1831 1815 1858 in-

1028 1877 1161 1905 terclusos
1181 1881 1308 1912 oportere
1324 1877 1495 1904 contendisse
1512 1883 1564 1904 :ac
1584 1883 1619 1904 ne
1637 1875 1752 1904 facilitas
1764 1884 1813 1904 ve-

1027 1922 1078 1950 nia:
1091 1923 1181 1950 multis
1197 1923 1333 1950 occasioni
1352 1927 1379 1950 et
1397 1922 1561 1950 offendicula
1577 1923 1657 1955 foret,
1671 1923 1812 1951 deterren-

1027 1969 1075 1997 dos
1092 1969 1216 2004 exemplo
1229 1969 1390 1999 {severitatis
1411 1977 1419 1996 :
1436 1968 1545 1996 Petrum
1564 1973 1668 2001 contra,
1696 1972 1724 1995 et
1743 1976 1813 2004 quo-

1028 2022 1086 2042 rum
1101 2014 1198 2042 melior
1208 2015 1340 2042 sententia
1353 2015 1446 2047 menti,
1466 2014 1631 2049 paenitentiae
1645 2014 1734 2042 locum
1746 2015 1813 2041 dan-

1027 2061 1089 2088 dum
1105 2067 1166 2088 esse
1183 2060 1404 2096 resipiscentibus
1416 2060 1579 2093 defendisse,
1590 2067 1624 2088 ne
1637 2060 1748 2094 praecisa
1765 2067 1814 2094 spe

1027 2106 1121 2139 venia,
1137 2106 1163 2133 in
1177 2111 1329 2134 extremum
1343 2106 1472 2141 perniciei
1486 2110 1512 2133 et
1526 2105 1691 2133 inﬁdelitatis
1703 2110 1814 2133 ruerent

1027 2152 1073 2187 qui
1089 2152 1171 2180 semel
1194 2152 1262 2187 lapsi
1284 2152 1409 2185 fuissent.
1434 2152 1550 2185 Acriter,
1577 2151 1616 2179 ait
1637 2150 1812 2186 Epiphanius,

1028 2198 1156 2232 utrinque
1170 2205 1247 2225 versa
1264 2205 1307 2224 res
1330 2202 1382 2230 est,
1398 2197 1459 2224 aliis
1479 2197 1504 2224 in
1528 2196 1608 2223 aliam
1624 2200 1739 2230 partem.
1757 2203 1812 2230 quo

1028 2244 1131 2272 scilicet
1153 2244 1246 2279 opinio
1259 2243 1373 2276 ferebat,
1391 2243 1611 2271 concedentibus.
1627 2241 1695 2269 Tum
1716 2241 1812 2269 Petrus

1026 2290 1137 2326 pallium
1153 2290 1180 2318 in
1203 2290 1293 2318 medio
1319 2296 1430 2317 carcere
1453 2289 1560 2321 stravit,
1580 2292 1607 2316 et
1617 2287 1779 2322 proclamari
1796 2295 1812 2315 ι

1027 2336 1141 2364 diacono
1162 2336 1244 2371 jussit
1260 2344 1268 2362 :
1299 2345 1309 2361 ε
1322 2335 1373 2369 Qui
1396 2342 1501 2362 mecum
1517 2334 1648 2367 sentiunt,
1667 2334 1719 2361 huc
1733 2342 1811 2362 acce-

1026 2384 1101 2411 dant.
1118 2392 1127 2408 D
1144 2382 1205 2410 Mox
1220 2382 1297 2417 pauci
1308 2382 1438 2417 episcopi,
1452 2380 1587 2413 monachi,
1604 2380 1752 2414 presbyteri
1767 2379 1813 2407 Pe-

1027 2434 1116 2463 trum;
1134 2428 1219 2456 multo
1233 2428 1324 2463 plures
1349 2427 1482 2454 Meletium
1502 2427 1611 2454 adeunt.
1633 2425 1723 2453 Palam
1739 2431 1828 2454 certe.

999 2476 1003 2481 ’
1027 2483 1071 2503 res
1084 2480 1135 2506 est,
1149 2474 1332 2509 Epiphanium
1346 2472 1484 2500 Meletiani
1500 2471 1638 2506 cujusdam
1654 2471 1748 2498 fraude
1760 2471 1812 2500 cita

1028 2525 1202 2550 cumvcntum
1224 2519 1277 2547 tale
1301 2523 1485 2546 commentum
1507 2517 1636 2549 edidisse,
1659 2518 1702 2545 cui
1724 2517 1813 2549 recta,

1026 2572 1102 2596 mant
1114 2575 1174 2595 cum
1189 2566 1339 2594 Athanasio
1355 2572 1450 2593 omnes
1461 2564 1636 2592 ecclesiastici
1655 2563 1810 2598 scriptores.

1028 2614 1223 2648 Quamobrem,
1240 2612 1332 2650 missis
1347 2611 1453 2639 caneris
1465 2619 1525 2646 qua:
1539 2610 1582 2638 ille
1594 2611 1627 2638 ad
1642 2610 1738 2637 hleletii
1754 2610 1811 2639 Ian.—

184 2665 354 2699 copolitanus
385 2667 529 2701 episcopus
559 2665 607 2701 (ε),
646 2665 791 2692 multorum
826 2663 971 2694 scelerum,
988 2675 1012 2703 Ι)
1027 2662 1087 2690 dem
1108 2664 1135 2687 et
1151 2659 1412 2687 commendationem
1425 2657 1524 2690 attulit,
1540 2665 1590 2684 nos
1606 2659 1710 2685 veriora
1723 2661 1811 2685 secta?

184 2710 322 2746 oblatique
349 2712 488 2746 gentilium
514 2712 669 2739 numinibus
696 2711 822 2738 sacriﬁcii
847 2718 919 2743 reus,
943 2709 970 2736 in

182 2756 314 2790 judicium
336 2762 448 2784 vocatur
467 2765 482 2784 a
510 2758 612 2793 synodo
629 2757 820 2793 Alexandrina,
847 2755 890 2784 cui
914 2759 970 2783 tum

233 2824 259 2860 a_)
274 2824 352 2860 (ᾖτε
368 2825 402 2851 ad
413 2825 574 2860 Luciferum.

236 2858 262 2891 ὁ)
276 2859 346 2886 Hist.
360 2859 454 2887 Arian.
475 2858 509 2886 (id
525 2860 677 2893 ntonacl'al,
694 2868 720 2888 n.
737 2861 775 2888 64.

222 2893 259 2929 (ι)
273 2894 356 2928 Epist.
370 2894 514 2928 Ammonii,
527 2903 550 2930 ι).
569 2895 631 2924 550.

1025 2714 1096 2736 mur.
1115 2705 1222 2732 Annum
1239 2711 1319 2739 porro
1331 2704 1386 2731 orsi
1406 2703 1539 2732 Meletiani
1560 2703 1677 2736 dissidii,
1693 2704 1812 2731 Athana-

1025 2753 1059 2781 sii
1073 2751 1194 2787 vestigiis
1215 2751 1360 2783 haerentes,
1381 2750 1524 2778 statuimus
1541 2749 1604 2778 501,
1628 2750 1663 2778 At
1679 2749 1812 2778 Baronius

1059 2821 1098 2856 (d)
1111 2821 1148 2848 De
1164 2820 1310 2853 Incarnat.,
1324 2828 1351 2848 η.
1362 2819 1406 2846 56.

1073 2854 1097 2888 e)
1108 2856 1187 2890 ﬂpol.
1202 2860 1292 2882 contra
1305 2855 1409 2889 Arium,
1426 2863 1451 2883 η.
1467 2854 1511 2883 59.

1081 2890 1226 2926 )lfttres.,
1241 2899 1316 2919 Lt'ItI.
