2000 3045
211 156 246 177 LX
895 152 1164 182 PROLEGOMENA.

214 216 248 236 ex
275 208 348 237 male
365 209 506 238 intellecto
529 209 673 238 Athanasii
702 211 761 239 loco
777 219 919 248 perperam
937 214 1002 241 inita
1017 215 1040 244 A
1056 214 1178 250 ignarum
1206 215 1258 242 hoc
1283 214 1443 243 eruditionis
1471 222 1572 252 genere
1586 215 1702 252 produnt
1713 215 1771 251 ejus
1781 223 1841 251 qua!

216 256 345 290 temporis
362 257 465 284 ratione
481 256 506 284 in
530 264 631 284 annum
648 257 731 285 refert
747 257 809 286 506.
836 259 894 292 Qua
921 261 952 287 de
974 268 1004 287 re
1052 261 1107 296 jam
1124 265 1269 296 supersunt
1292 269 1386 296 opera.
1404 261 1473 296 Quid
1500 262 1522 290 si
1545 267 1717 298 superessent
1731 263 1842 290 infinitae

215 302 337 336 pluribus
350 308 440 330 actum
457 308 498 331 est
517 303 550 331 ad
563 304 705 339 epistolam
724 304 858 340 Egyptiis
868 306 1003 342 episcopis

216 349 318 377 datam.

250 395 326 423 Anno
340 395 402 423 503.
418 412 453 416 —
470 396 632 424 Maximiani
648 397 722 432 furor
737 398 763 425 in
779 397 954 427 Christianos.
970 415 1004 420 ——

215 441 330 476 Insignis
346 447 388 469 est
401 450 488 470 annus
504 443 557 470 505
577 444 670 471 furore
689 444 846 471 Diocletiani
861 450 888 472 et
904 445 1003 472 Galerii

215 488 371 516 Maximiani
395 490 422 516 in
438 489 607 518 Christianos
627 500 634 518 :
651 491 697 525 qui
712 491 881 519 Alexandria)
898 492 1005 526 potissi-

215 543 287 562 mum
305 539 358 562 tam
376 537 507 564 atrociter
521 537 617 568 saeviit,
640 542 682 564 ut.
694 537 806 572 gentiles
822 538 870 572 ipsi
901 538 1006 565 miseri-

215 582 306 609 cordia
330 589 393 617 erga
420 583 590 611 Christianos
612 584 677 610 moti
705 585 793 618 quoad
811 584 924 612 facultas
947 590 1006 612 erat

215 627 381 656 cruciatibus
397 629 593 661 subducerent,
623 637 673 657 nec
699 631 758 657 sine
781 630 952 658 fortunarum
979 637 1006 659 et

215 674 311 709 capitis
321 674 479 702 discrimine
490 674 560 702 domi
574 676 749 703 oecultarent.
761 676 847 710 Quam
858 684 926 711 rem,
936 678 1005 712 quod

214 721 302 754 prima
315 721 455 749 Athanasii
474 722 590 756 pueritia
606 723 738 755 evenerit,
755 731 807 751 non
824 731 873 751 sua
889 723 943 756 ille,
959 723 1006 752 sed

215 771 322 801 patrum
341 767 470 795 memoria
486 772 588 803 gestam
604 773 698 795 narrat
709 768 758 805 (a).

251 814 289 842 Aa
305 821 374 842 anno
387 814 438 842 503
456 822 490 842 Αι)
508 814 570 841 511.
588 830 623 835 -
637 815 663 842 1.
678 815 735 841 An'i
748 823 832 842 more:
841 819 864 841 et
875 820 958 850 gesta.
971 829 1007 835 —

216 859 310 895 Neque
321 861 357 888 ita
370 861 455 888 multo
468 866 538 896 post,
556 866 696 895 grassante
712 860 854 888 Meletiano
877 861 1008 889 schisma-

216 911 253 940 te,
266 906 344 942 longe
357 907 467 941 gravius
479 908 594 935 exitium
612 907 762 935 Ecclesiam
779 907 825 935 Dei
839 908 950 935 invadit.
967 908 1005 934 A-

215 954 272 982 rius
283 954 355 981 enim
372 954 422 989 (b),
437 961 470 981 ex
486 953 571 988 Libya
587 958 768 981 monstrorum
790 958 901 988 parente
914 953 1006 980 oriun-

215 1000 275 1033 dus,
291 999 404 1027 mutatis
421 1000 540 1032 sedibus,
560 999 752 1027 Alexandriam
769 1000 941 1035 commigrat,
956 999 1006 1026 Pe-

216 1051 259 1073 tro
273 1046 364 1073 sedem
389 1051 551 1081 occupante.
568 1045 684 1073 Procera
703 1047 784 1073 homo
808 1050 923 1079 statura,
945 1045 1007 1073 sub-

217 1091 288 1118 lristi
302 1095 329 1118 et
341 1091 488 1119 macilento
505 1099 564 1123 ore.
583 1093 659 1126 cujus
671 1092 758 1126 pallor
771 1092 854 1119 animi
867 1096 934 1119 tetra
949 1100 1008 1119 ver-

216 1138 303 1165 santis
331 1138 480 1171 indicium;
504 1138 577 1173 passi
603 1138 693 1166 crines
709 1142 737 1166 et
767 1138 906 1174 incompti,
922 1139 1006 1166 vestis

215 1183 338 1218 squalida
369 1189 397 1211 et
423 1184 456 1211 ad
472 1184 603 1219 reliquam
619 1185 738 1220 speciem
765 1185 925 1218 composita.
951 1184 1007 1212 Hoc

216 1235 358 1266 apparatu,
373 1231 425 1258 hoc
441 1230 556 1259 artiﬁcio
575 1231 665 1267 populi
680 1231 897 1266 spectaculorum
911 1239 1006 1258 aman-

217 1277 252 1304 tis
280 1277 396 1312 gratiam
424 1278 561 1312 captabat.
581 1277 630 1305 His
657 1278 762 1305 artibus
780 1278 888 1306 animus
915 1278 1008 1313 glerite

217 1330 345 1360 appetens
361 1326 464 1354 aditum
481 1326 532 1353 sibi
558 1325 674 1360 parabat
699 1325 731 1352 ad
747 1325 865 1352 honores
877 1330 905 1352 et
917 1324 1006 1359 digni-

216 1374 296 1399 tates.
311 1371 351 1398 Ad
368 1371 436 1403 haec,
449 1372 486 1398 ait
502 1371 677 1406 Epiphanius,
694 1370 746 1397 leni
763 1370 896 1397 interdum
913 1370 1008 1398 ollicii-

215 1424 268 1451 que
280 1417 359 1452 pleno
370 1417 444 1444 vultu
458 1417 545 1444 obviis
559 1424 701 1444 occurrere
711 1417 831 1449 solebat;
843 1421 1007 1451 cunctosque

215 1463 332 1490 comiter
346 1463 518 1498 compellare.
535 1470 589 1498 quo
615 1463 667 1490 sibi
682 1462 897 1498 quamplurimas
915 1462 1008 1490 devin-

215 1510 293 1536 ciret.
311 1509 343 1536 Hi
365 1517 454 1537 mores
475 1509 603 1537 hominis.
618 1508 684 1536 Erat
702 1516 783 1543 porro
802 1508 948 1535 dialecticae
963 1515 1008 1535 ar-

215 1555 251 1582 tis
264 1555 433 1590 aliarumque
444 1555 647 1590 disciplinarum
660 1555 878 1587 scientissimus;
892 1558 929 1587 et,
948 1561 1007 1589 quae

214 1602 393 1636 opportunior
404 1602 437 1629 ad
454 1602 682 1630 existimationem
699 1602 753 1635 via,
779 1601 939 1636 prmferebat
952 1602 1008 1637 pie-

215 1648 281 1675 tatis
298 1648 492 1682 religionisque
505 1648 624 1675 studium
638 1647 786 1683 singulare.
800 1647 849 1675 Hic
860 1648 1008 1683 perspectis

214 1693 362 1720 factionum
385 1694 520 1728 partibus,
534 1694 624 1721 statim
650 1694 677 1721 in
695 1693 795 1721 Meletii
808 1694 961 1721 clientelam
977 1701 1008 1722 se

214 1739 338 1766 contulit.
351 1739 451 1767 Verum
467 1744 571 1767 mutata
587 1739 662 1767 brevi
675 1740 821 1772 sententia,
838 1747 890 1775 qua
902 1740 1007 1767 facilio-

214 1793 271 1813 rem
288 1786 400 1820 putabat
416 1787 449 1813 ad
480 1786 582 1821 gradus
605 1786 805 1814 ecclesiasticos
833 1787 947 1819 aditum,
974 1793 1007 1814 eo

214 1832 327 1859 consilia
346 1836 374 1859 et
389 1832 478 1859 studia
494 1837 668 1866 convertens,
695 1839 709 1859 a
727 1832 835 1860 Meletio
848 1833 961 1861 descivit
972 1833 1006 1860 ad

214 1877 324 1906 Petrum
336 1878 568 1911 Alexandrinum;
594 1885 611 1905 θ
635 1885 689 1913 quo
707 1879 911 1913 perhumaniter
925 1886 1006 1907 exce-

212 1929 286 1958 ptus,
306 1929 335 1951 ut
349 1930 409 1951 erat
419 1925 452 1951 ad
467 1923 587 1951 fraudem
599 1928 627 1952 et
640 1924 674 1951 ad
690 1925 890 1953 simulationem
915 1930 1005 1960 natus,

214 1971 267 1996 viri
283 1970 398 2004 gratiam
419 1974 581 2004 aucupatur,
597 1977 629 1997 ac
649 1970 723 1998 brevi
740 1970 767 1997 in
788 1971 948 1999 diaconatus
961 1979 1007 1999 or-

215 2014 306 2042 dinem
324 2013 444 2042 delectus
455 2019 505 2042 est.
520 2014 596 2042 Haud
613 2015 649 2042 ita
666 2015 752 2042 multo
764 2021 833 2051 post,
846 2024 907 2044 cum
923 2017 1005 2045 Mele-

215 2061 304 2088 tianos
316 2060 413 2088 Petrus
426 2065 454 2088 ut
469 2060 608 2093 factiosos,
627 2065 655 2088 et
676 2061 829 2096 reipublicae
844 2062 1006 2091 Christianae

215 2107 386 2135 adversarios
411 2107 524 2142 pelleret
541 2107 674 2140 Ecclesia,
691 2108 785 2134 Arium
812 2109 906 2141 etiam,
924 2117 1004 2144 quem

215 2153 255 2188 (ut
269 2159 310 2182 est
322 2153 434 2181 ambitio
447 2153 567 2189 inquieta
582 2158 610 2181 et
624 2154 790 2189 turbulenta)
802 2159 875 2189 gesta
891 2162 938 2182 sua
956 2156 1006 2182 im-

213 2199 330 2234 probare
342 2200 550 2235 traducereque,
566 2208 598 2228 ac
620 2208 690 2227 nova
718 2201 745 2227 in
766 2200 824 2227 dies
852 2202 939 2228 moliri
957 2202 1002 2229 de-

1054 315 1138 342 prope
1155 308 1225 334 illius
1238 308 1366 341 homiliac,
1378 309 1509 343 cpistola,
1523 309 1726 341 commentaria,
1740 309 1842 343 ingenti

1055 353 1211 387 reipublicae
1226 361 1286 380 cum
1308 353 1446 381 litterariae
1463 358 1518 380 tum
1530 353 1722 387 ecclesiasticae
1736 353 1843 387 dispen-

1055 398 1100 425 dio
1124 399 1242 426 amissa?
1260 399 1372 427 Divinas
1387 404 1477 427 autem
1493 399 1610 427 Litteras
1631 399 1758 434 frequens
1776 399 1843 426 adeo

1056 446 1179 482 perlegit,
1195 452 1223 473 ut
1238 447 1396 474 universam
1413 453 1482 480 pene
1498 446 1667 481 Scripturam
1686 445 1844 473 memoriter

1057 493 1177 520 tenuisse
1193 493 1278 526 dicas,
1298 493 1334 520 ita
1351 493 1504 527 frequenter
1516 497 1542 520 et
1556 497 1707 527 opportune
1729 491 1772 517 illa
1791 491 1844 518 uti-

1058 543 1111 565 tur.
1126 538 1152 565 ln
1173 537 1283 566 Patrum
1296 539 1358 566 item
1371 539 1519 573 superioris
1534 538 1584 565 aevi
1601 538 1709 573 scriptis
1721 537 1845 565 evolven-

1056 585 1098 611 dis
1112 585 1221 612 assidue
1236 585 1433 620 dtligenterque
1448 590 1582 615 versatus,
1601 585 1746 618 magistros
1759 584 1785 611 in
1801 584 1844 610 di-

1057 631 1126 658 vinis
1140 631 1191 658 sibi
1215 631 1297 658 fuisse
1311 635 1424 658 testatur
1438 630 1489 666 (tl),
1508 630 1645 665 theologos
1671 630 1844 664 eruditosque

1057 676 1138 707 viros.
1155 676 1262 710 pietatis
1275 677 1457 711 doctrinaeque
1475 683 1555 703 causa
1574 675 1704 711 martyrio
1718 682 1845 702 consum-

1058 728 1154 751 matos.
1186 723 1220 750 lis
1236 723 1282 750 ille
1296 722 1461 754 doctoribus,
1485 729 1545 757 quae
1560 721 1660 748 Christi
1683 721 1845 748 incarnatio-

1058 777 1119 796 ncm
1140 769 1363 804 Scripturamque
1380 775 1486 796 sacram
1507 772 1640 802 spectant,
1661 768 1846 794 edidicissese

1058 819 1262 843 commemorat.
1280 815 1312 842 Et
1327 815 1442 842 fortasse
1470 819 1603 849 martyres
1631 821 1692 840 cum
1712 812 1844 844 meminit,

1059 861 1129 896 apud
1150 860 1260 888 Petrum
1285 860 1372 895 ipsum
1395 859 1608 887 Alexandrinum
1636 866 1665 885 se
1685 858 1845 885 Christiana:

1057 907 1207 942 disciplina:
1221 907 1355 943 tyrocinia
1384 907 1508 942 posuisse
1521 906 1685 934 subindicat.
1708 904 1847 932 Juriscon-

1058 954 1157 982 sultum
1177 954 1293 989 appellat
1310 953 1442 989 Sulpitius
1457 953 1586 980 Severus.
1602 953 1635 980 Et
1650 960 1714 979 vero
1729 951 1844 982 videtur,

1057 1009 1117 1028 cum
1132 1009 1166 1028 ex
1180 1001 1293 1028 scientia
1310 1008 1400 1028 rerum
1420 1000 1610 1035 gerendarum,
1627 1003 1682 1026 tum
1697 1006 1729 1026 ex
1744 997 1846 1032 sparsis

1057 1054 1105 1082 per
1123 1047 1230 1075 diversa
1247 1047 1306 1082 ejus
1323 1054 1404 1081 opera
1433 1047 1509 1078 locis,
1529 1046 1611 1073 fuisse
1628 1045 1679 1072 hoc
1695 1044 1845 1071 litterarum

1057 1099 1155 1127 genere
1181 1093 1289 1127 egregie
1316 1093 1432 1127 peritus.
1451 1091 1522 1119 Sane
1549 1091 1708 1126 providente
1730 1089 1846 1117 Numine

1057 1137 1115 1165 haec
1128 1143 1279 1173 opportune
1296 1138 1346 1164 tela
1364 1138 1541 1172 comparavit,
1561 1137 1660 1171 quibus
1679 1136 1776 1164 exinde
1791 1136 1846 1163 hae-

1057 1185 1205 1212 reticorum
1235 1185 1342 1218 agmina
1367 1182 1746 1219 impeteretproﬂigaretoue,
1773 1182 1846 1217 quod

1057 1230 1130 1257 omni
1143 1237 1189 1264 spe
1205 1230 1337 1257 maturius
1349 1230 1447 1257 evenit.

1092 1275 1168 1303 ANNO
1183 1276 1214 1303 51
1222 1277 1245 1304 1,
1256 1291 1291 1296 -
1301 1276 1326 1303 1.
1339 1275 1411 1304 Petri
1420 1275 1586 1310 martyrium.
1595 1275 1710 1303 —Pelri
1730 1274 1846 1301 Alexan-

1057 1323 1128 1350 drini
1166 1323 1297 1358 martyrio
1331 1322 1486 1350 nobilitatus
1504 1327 1547 1349 est
1576 1329 1663 1348 annus
1686 1321 1749 1353 511,
1770 1321 1848 1353 cujus

1057 1369 1189 1405 sanguine
1206 1370 1335 1397 restincta
1350 1369 1457 1397 videtur
1475 1369 1600 1397 immanis
1619 1368 1663 1395 illa
1677 1367 1847 1396 Christiano-

1061 1423 1120 1443 rum
1138 1416 1257 1448 vexatio,
1284 1423 1332 1450 per
1346 1415 1492 1452 Egyptum
1519 1416 1681 1450 praesertim,
1709 1413 1848 1442 Maximini

1061 1462 1230 1496 temporibus
1251 1467 1384 1497 grassata.
1405 1462 1470 1496 Quae
1492 1461 1577 1490 fertur
1589 1467 1677 1489 autem
1698 1461 1849 1496 inquibus~

1057 1507 1120 1535 dam
1130 1507 1206 1535 Actis
1223 1507 1260 1543 (ε)
1275 1508 1385 1535 historia
1403 1507 1438 1535 de
1453 1508 1534 1535 Petro
1545 1508 1677 1540 antistite,
1693 1508 1735 1534 cui
1750 1508 1850 1534 instan-

1020 1571 1041 1599 ο
1060 1560 1087 1581 te
1100 1558 1187 1581 morte
1198 1554 1322 1582 Christus
1338 1555 1502 1590 apparuerit,
1518 1554 1594 1582 talari
1610 1562 1661 1589 qua
1676 1554 1849 1589 operiebatur

1059 1605 1133 1628 veste
1145 1600 1180 1627 ab
1195 1600 1260 1628 Ario
1274 1601 1397 1633 discissa,
1416 1608 1530 1628 monens
1542 1606 1571 1628 ut
1589 1609 1622 1628 ne
1637 1601 1732 1628 Arium
1750 1600 1849 1627 admit-

1057 1651 1126 1674 teret
1139 1649 1172 1674 ad
1187 1647 1316 1675 Ecclesia:
1329 1648 1560 1679 communionem,
1590 1647 1762 1682 idipsumqne
1777 1654 1849 1680 prte-

1056 1695 1159 1729 ciperet
1179 1694 1290 1721 Achillae
1312 1699 1339 1721 et
1354 1694 1521 1726 Alexandro,
1545 1695 1591 1729 qui
1610 1693 1669 1728 ejus
1689 1693 1771 1720 futuri
1788 1700 1850 1720 suc-

1056 1748 1177 1767 cessores
1202 1745 1294 1767 essent
1314 1748 1321 1773 ;
1342 1740 1410 1773 haec,
1428 1741 1549 1775 inquam,
1568 1748 1581 1766 a
1601 1740 1711 1768 nemine
1725 1745 1849 1767 veterum

1057 1785 1166 1818 tradita,
1182 1785 1244 1820 jure
1257 1794 1289 1813 ac
1315 1787 1412 1813 merito
1438 1786 1464 1813 in
1481 1786 1587 1818 νοθείας
1608 1787 1789 1822 suspicionem
1804 1793 1850 1813 vo-

1057 1836 1142 1864 c:ttnr,
1164 1831 1204 1858 vel
1231 1839 1264 1858 eo
1287 1832 1395 1859 nornine
1410 1833 1480 1867 quod
1509 1833 1622 1861 Achillas
1649 1838 1676 1861 et
1701 1833 1849 1860 Alexandri

1057 1877 1161 1904 amicus
1177 1877 1332 1912 aliquandiu
1347 1877 1430 1905 fuerit
1441 1878 1532 1905 Arius.
1551 1879 1579 1906 ln
1600 1879 1753 1913 hujusmodi
1768 1885 1849 1913 porro

1056 1923 1128 1950 viros
1145 1923 1217 1950 nulla
1240 1929 1404 1960 contemptae
1418 1925 1505 1952 sancti
1517 1924 1568 1952 viri
1583 1924 1713 1960 jussiOnis
1730 1924 1850 1960 suspicio

1055 1969 1152 1996 cadere
1166 1973 1264 2004 potest.

1091 2015 1118 2043 2.
1143 2016 1261 2043 Achillas
1283 2016 1357 2044 Alex.
1386 2018 1532 2053 episcopus.
1558 2033 1592 2039 --
1610 2018 1719 2046 Petrum
1747 2018 1849 2054 excipit

1055 2062 1175 2089 Achillas
1189 2063 1233 2098 (Γ),
1246 2063 1287 2090 vir
1298 2064 1448 2091 litterarqu
1462 2065 1583 2099 apprime
1596 2073 1704 2100 gnarus,
1718 2065 1751 2092 ab
1760 2065 1849 2092 Theo-

1056 2116 1090 2134 na
1108 2108 1180 2135 Petri
1195 2110 1337 2137 decessore
1351 2110 1377 2136 in
1393 2111 1580 2146 presbyterum
1597 2116 1751 2147 cooptatus;
1769 2112 1790 2139 si
1805 2116 1847 2138 ta-

1057 2161 1117 2180 men
1135 2155 1158 2181 is
1187 2155 1243 2189 ipse
1256 2156 1375 2183 Achillas
1392 2162 1433 2184 est
1456 2164 1535 2191 quem
1554 2163 1686 2186 memorat
1703 2158 1846 2192 Eusebius,

1056 2199 1128 2233 quod
1150 2200 1206 2226 veri
1231 2201 1312 2235 plane
1333 2202 1509 2230 simillimum.
1528 2203 1569 2231 Ab
1595 2204 1639 2231 illo
1655 2204 1735 2231 Arius
1757 2203 1847 2232 delicti

213 2245 369 2280 prehendit,
391 2245 518 2273 Ecclesiae
537 2246 661 2281 ingressu
673 2249 700 2273 et
719 2246 911 2274 communione
922 2247 1007 2275 inter-
1024 2247 1045 2276 D
1060 2245 1273 2282 defectionisque
1288 2248 1394 2276 veniam
1409 2256 1542 2284 precatus,
1559 2251 1731 2278 reconciliata
1748 2251 1846 2286 gratia,

213 2291 292 2318 dixit.

248 2337 275 2364 ‘2.
286 2336 427 2364 Athanasii
437 2336 619 2364 institutio..——
630 2337 703 2365 lnter
722 2337 781 2364 haec
802 2337 964 2365 Athanasius
978 2338 1004 2365 in

211 2382 322 2418 juvenili
338 2387 420 2409 actate
440 2382 566 2409 humanis
583 2382 738 2418 divinisque
754 2383 869 2410 traditus
881 2383 1003 2417 discipli-

212 2428 265 2460 nis,
282 2428 431 2462 specimina
446 2428 528 2455 dabat
541 2429 642 2462 ingenii
657 2428 691 2456 ad
708 2437 812 2456 summa
830 2430 897 2457 nati.
911 2429 940 2456 ln
954 2430 1004 2457 hu-

213 2474 302 2502 manis
311 2479 401 2502 autem
417 2474 590 2502 addisr-endis
610 2482 663 2502 non
683 2475 817 2502 modicum
833 2483 922 2510 operte
937 2480 1003 2503 tem-

212 2520 341 2555 porisque
358 2521 561 2556 consumpsisse
572 2522 685 2549 suadent
698 2522 756 2557 ejus
768 2523 881 2557 scripta,
895 2523 1003 2558 potissi-

213 2573 286 2592 mum
303 2567 401 2593 Contra
415 2573 513 2602 gentes,
528 2567 601 2594 varia
622 2573 649 2594 et
665 2569 777 2603 antiqua
790 2568 836 2596 illa
851 2570 1003 2597 eruditione

212 2610 331 2644 referta;
363 2618 396 2639 ac
423 2613 530 2640 videtur
554 2613 581 2640 in
605 2613 701 2648 primis
729 2613 813 2640 fuisse
842 2614 868 2641 in
894 2613 1002 2642 Homeri

212 2655 389 2692 Platonisque
414 2658 492 2687 libris
514 2659 728 2687 versatissimus.
755 2659 1002 2689 Grammaticorum

213 2702 277 2730 item
301 2711 332 2730 ac
349 2704 489 2732 rhetorum
512 2706 620 2733 scholas
648 2706 830 2741 frequentavit
855 2707 891 2743 (ε)
916 2716 924 2734 :
952 2714 1003 2735 nec

247 2781 286 2854 Ea)
301 2781 372 2822 Hist.
387 2783 483 2810 Arion.
495 2785 529 2811 ad
546 2786 698 2818 monachos,
715 2795 743 2815 n.
758 2786 802 2814 64.

260 2818 286 2851 b)
306 2817 438 2854 Epiphan.
461 2819 527 2848 haer.
552 2827 638 2852 uix;
656 2822 745 2851 Gelas.
766 2823 802 2854 Cy

260 2818 286 2851 b)
306 2817 438 2860 Epiphan.
461 2819 542 2860 hair."
552 2827 615 2847 Lxrx
629 2828 638 2852 ;
656 2817 745 2851 Getas.
766 2823 857 2859 Cyzic.
874 2828 944 2860 part.
961 2832 998 2858 n;

212 2851 323 2888 Sosom_.
336 2851 382 2881 lib.
394 2861 416 2888 μ,
433 2860 492 2888 cap.
511 2854 553 2881 l5.
788 2851 797 2859 '
824 2851 844 2852 η
874 2851 882 2860 “
896 2851 910 2861 ⁷⁷

247 2887 284 2925 (r)
297 2886 379 2922 (ἔνθα.
393 2886 503 2917 Νειίὶη
519 2888 654 2918 Encmio.

1059 2298 1174 2320 assuetae
1196 2294 1378 2323 simulationis
1393 2297 1521 2329 artiﬁcio,
1538 2302 1640 2324 tantam
1655 2297 1706 2324 sibi
1720 2298 1789 2332 apud
1807 2298 1848 2324 vi-

1059 2346 1117 2365 rum
1134 2339 1242 2373 pietatis
1259 2341 1486 2369 existimationem
1505 2343 1619 2377 peperit,
1638 2348 1667 2369 ut
1681 2343 1714 2370 ad
1733 2343 1847 2379 presby—

1059 2385 1119 2412 terii
1134 2386 1245 2420 gradum
1261 2392 1400 2420 promotus
1423 2388 1468 2414 sit.
1493 2389 1565 2421 Quas
1581 2388 1607 2415 in
1626 2395 1658 2416 eo
1676 2389 1758 2424 gradu
1775 2390 1848 2424 pasi-

1057 2435 1099 2458 tus
1112 2432 1162 2459 sub
1177 2431 1332 2460 Alexandro
1356 2433 1467 2460 Achilla:
1483 2441 1640 2461 successore
1663 2435 1754 2462 turbas
1769 2435 1848 2463 dede-

1055 2477 1090 2505 ι’ἰι
1107 2486 1168 2504 mox
1184 2483 1311 2506 OCCUI‘I'CIv
1325 2480 1518 2507 enarrandum.

1089 2522 1164 2550 Auno
1180 2523 1243 2550 512.
1257 2538 1293 2543 —-
1307 2524 1417 2551 Achillw
1431 2525 1546 2551 succedit
1559 2524 1718 2553 Alexander.
1730 2541 1765 2546 —
1777 2525 1847 2554 Pau<

1054 2570 1094 2596 cis
1108 2569 1228 2596 Achillas
1252 2569 1391 2596 mensibus
1406 2570 1493 2602 sedit;
1517 2570 1698 2606 defunctoque
1716 2572 1847 2607 subroga-

1057 2620 1101 2643 tur
1119 2616 1285 2650 Alexander,
1313 2617 1466 2644 eruditione
1485 2617 1527 2644 vir
1552 2618 1684 2652 omnique
1714 2618 1846 2651 virtutum

1056 2670 1156 2698 genere
1182 2667 1304 2690 ornatus.
1337 2663 1365 2690 Si
1386 2664 1494 2691 Eusebii
1518 2664 1648 2691 Chronico
1678 2666 1846 2697 steterimus,

1056 2716 1127 2736 anno
1151 2713 1254 2736 tantum
1271 2709 1320 2736 521
1336 2710 1523 2744 pontificatum
1541 2710 1773 2739 iniitAlexander.
1794 2711 1846 2738 Ve—

1091 2788 1128 2822 (Δ)
1143 2787 1217 2815 Orat.
1230 2788 1268 2815 De
1281 2787 1401 2820 lncarn.,
1420 2797 1448 2816 n.
1463 2789 1508 2817 56.

1090 2824 1127 2858 (ε)
1144 2823 1170 2850 lu
1189 2825 1264 2851 Actis
1278 2822 1496 2852 Cumbelisianis.

1089 2859 1122 2888 (Γ)
1139 2858 1233 2887 Euseb.
1245 2859 1315 2886 "ist.
1328 2858 1401 2886 Eccl.
1418 2859 1435 2886 Ι.
1451 2867 1496 2888 vn.

1054 2900 1068 2922 ε
1089 2859 1122 2920 (2f)
1139 2858 1233 2887 Euseb.
1245 2859 1315 2886 "ist.
1328 2858 1401 2886 Eccl.
1418 2859 1435 2886 Ι.
1451 2867 1499 2893 vu,
1511 2860 1593 2894 c.52;
1605 2860 1783 2895 Tbeodoret.,
1796 2860 1813 2888 l.
1825 2869 1844 2895 ι,
