2000 3045
821 155 898 184 VlTA
919 156 949 186 S.
969 153 1166 183 ATHANASII.

1748 162 1794 183 ιιι

155 217 215 238 rum
230 214 326 247 aperte
350 210 499 239 reclamant
511 211 687 247 Epiphanius,
699 238 701 241 ,
711 212 897 242 Theodoretus
912 213 950 250 (α)
964 220 988 249 Α
1037 213 1066 240 9.
1079 211 1180 240 Verum
1195 211 1253 239 hac
1261 209 1351 238 Rufini
1366 209 1481 238 historia
1491 209 1585 246 grandi
1594 210 1665 246 apud
1675 211 1795 240 eruditos

154 261 182 283 et
193 256 250 290 alii,
263 257 308 292 qui
323 255 460 284 Achillam
478 265 579 292 paucos
590 265 698 286 menses
709 259 889 295 episcopalem
907 268 951 289 se-

155 303 215 329 dem
231 309 382 337 occupasse
399 303 520 330 tradunt.
538 303 755 338 Repugnatitem
774 306 949 340 Athanasius,

154 349 200 383 qui
214 356 275 375 cum
288 349 321 388 in
335 348 454 383 EpiuoIa
474 350 509 376 ad
520 349 661 385 Egyptior
676 359 747 379 anno
761 351 812 379 556
827 353 950 380 conscri-

155 400 198 428 pta
220 395 258 421 ait
274 394 313 428 (η.
330 394 388 429 22),
407 402 421 422 a
440 395 548 430 triginta
573 403 619 423 sex
644 397 724 424 annis
741 397 836 424 Arium
866 402 893 425 et
908 405 951 425 se-

154 447 256 474 quaces
270 441 416 468 damnatos
429 445 456 468 et
474 443 641 476 proscriptos
653 443 747 476 fuisse,
763 443 851 477 palam
870 443 951 478 signi-

154 485 218 513 ﬁcat
233 485 260 512 in
277 493 377 512 anuutn
395 486 447 514 520
464 487 506 514 vel
526 487 574 514 52l
600 488 812 522 consignandam
828 496 887 516 esse
903 496 949 524 sy-

154 533 255 559 nodum
272 532 306 559 ab
323 531 475 560 Alexandro
498 533 625 568 episcopo
643 539 736 561 contra
754 533 870 561 Arianos
884 541 950 561 coa-

154 584 238 612 ctam,
255 587 335 613 quam
349 579 479 614 synodum
502 587 554 606 non
572 580 677 607 modico
690 581 786 614 spatio,
799 585 825 607 et
835 580 951 608 fortasse

154 625 259 659 aliquot
272 625 360 656 annis,
378 625 518 660 pra-vertit
533 626 614 660 impia
628 626 671 653 illa
688 626 746 653 Arii
759 627 878 659 vesania,
895 634 948 662 qua

153 671 307 699 Alexandro
328 671 385 706 jam
401 672 530 707 episcopo
550 679 660 700 errores
673 679 803 708 spargere
822 680 885 700 suos
902 681 949 709 ag-

154 725 264 753 gressus
276 722 332 746 est.

189 807 264 835 Amm
285 808 426 836 511—1.
437 807 476 835 De
495 808 581 843 pueris
596 808 628 834 ab
645 807 788 835 Athanasio
800 807 946 843 baptizatis.

151 853 228 881 -—ln
257 854 402 882 Alexandri
435 855 608 890 pontificatus
635 854 742 882 initium
772 855 945 888 conferenda,

151 907 212 934 ane
231 900 312 927 tradit
330 899 444 927 Ruﬁnus
459 900 496 936 (ὑ)
514 900 546 927 de
560 901 651 935 pueris
674 902 706 928 ad
723 909 797 928 oram
817 901 900 928 maris
912 900 946 928 ab

1002 258 1108 285 laborat
1121 256 1287 292 suspicione.
1302 255 1359 283 Etsi
1375 256 1447 284 enim
1461 263 1510 291 per
1529 255 1672 284 Athanasii
1687 261 1794 284 aetatem

1001 305 1115 332 minime
1132 308 1298 339 repugnaret
1321 302 1455 338 ejusmodi
1471 302 1556 335 lusus,
1575 303 1646 337 quod
1660 303 1731 330 haud
1754 303 1794 330 fa-

1001 350 1053 378 cile
1084 354 1173 377 tamen
1209 348 1376 376 concedatur
1401 348 1435 375 de
1465 348 1657 380 adolescente,
1686 349 1728 376 cui
1759 357 1793 377 ex

1002 395 1161 424 memoratis
1185 395 1310 430 superius
1340 393 1385 421 vix
1414 393 1504 421 minus
1534 393 1716 429 duodeviginti
1742 402 1792 422 an-

1002 448 1098 468 norum
1132 445 1188 467 tum
1219 440 1449 474 ascripserimus;
1480 447 1533 467 non
1559 439 1582 466 is
1599 445 1658 467 erat
1676 439 1792 468 Alexan-

1000 489 1058 519 der.
1077 488 1123 523 qui
1138 492 1191 515 tam
1213 487 1285 515 seria
1311 486 1338 514 in
1355 493 1384 514 re
1409 485 1502 514 ludum
1529 493 1675 523 puerorum
1701 491 1790 514 ratum

1000 534 1123 562 haberet.

1035 624 1111 652 Auno
1129 632 1253 652 ClRCl‘I’El
1270 624 1377 652 515.—
1390 623 1534 651 Antonium
1550 624 1606 650 adit
1620 623 1789 651 Athanasius.

998 683 1035 689 —
1054 669 1112 696 Sub
1131 670 1372 703 hazc,Antonium,
1393 677 1522 705 magnum
1538 669 1612 696 illum
1637 669 1790 697 solitudinis

1000 715 1144 747 cultorem,
1172 715 1251 751 cujus
1278 715 1334 751 jam
1354 715 1426 742 fama
1454 719 1514 742 erat
1544 715 1643 750 ubique
1670 715 1790 742 locorum

999 767 1157 797 pervagata,
1181 763 1246 790 adiit
1271 763 1449 790 Athanasius.
1475 762 1507 789 Et
1529 762 1578 789 viri
1603 763 1714 798 pietate,
1729 762 1790 790 vita:

1001 815 1110 842 genere,
1128 808 1219 834 innata
1235 815 1285 835 nec
1301 807 1389 835 studio
1404 812 1480 842 parta
1501 807 1606 835 dicendi
1621 807 1645 834 vi
1662 815 1746 842 usque
1758 815 1790 835 eo

1001 853 1149 881 delectatus
1164 857 1204 880 est
1218 853 1269 889 (ά),
1283 857 1311 880 ut
1326 852 1466 888 profectus
1481 857 1507 880 et
1519 853 1696 880 institutionis
1709 860 1788 880 causa

1001 907 1054 926 non
1082 899 1190 926 modico
1209 903 1330 934 tempore
1356 906 1417 926 cum
1440 906 1474 925 eo
1498 899 1533 925 sit
1548 904 1683 931 versatus,
1709 903 1789 933 atque

151 945 303 973 Athanasio
328 945 484 980 baptizatis.
500 946 562 974 Hch
588 947 660 974 illius
673 947 755 975 verba
771 957 777 974 :
795 947 947 982 «Tempore
962 939 984 969 Β
998 945 1118 972 abluenti
1138 951 1245 977 manuS,
1269 949 1299 972 ul
1316 944 1380 971 olim
1399 944 1464 971 ΕΙίίΒ
1486 944 1609 977 ΕΙῖεΞυες
1624 952 1721 978 aqua"I
1739 944 1790 972 mi-

151 998 207 1026 qno
221 992 290 1026 apud
302 991 493 1019 Alexandriam
508 991 581 1020 Petri
594 993 724 1028 martyris
739 993 811 1020 diem
824 993 941 1020 Alexan-

150 1037 200 1064 der
212 1037 354 1072 episcopus
375 1038 562 1072 agebat;cum
591 1043 651 1073 post
677 1038 783 1072 expleta
810 1038 940 1066 solemnia

149 1087 332 1110 conventuros
347 1085 380 1110 ad
391 1083 545 1111 convivium
558 1092 635 1110 suum
648 1083 762 1111 clericos
771 1088 942 1118 exspectaret

150 1128 177 1155 in
193 1129 252 1156 loco
269 1129 339 1156 mari
356 1129 456 1161 vicino,
473 1129 545 1157 videt
564 1131 670 1158 eminus
697 1138 842 1165 puerorum
861 1138 941 1166 super

148 1181 224 1201 oram
238 1175 322 1202 maris
336 1174 440 1209 ludum,
458 1175 635 1208 imitantium,
652 1181 681 1203 ut
695 1176 753 1204 ﬁeri
780 1177 858 1209 solet,
883 1177 941 1212 epi-

149 1227 274 1254 scopum,
299 1225 380 1256 atque
404 1229 435 1248 ea
451 1229 512 1256 qua!
530 1223 556 1250 in
584 1222 706 1250 ecclesiis
731 1222 788 1258 geri
815 1230 873 1250 mos
887 1227 939 1249 est.

150 1264 204 1292 Sed
221 1273 281 1293 cum
294 1266 423 1295 intentius
437 1267 542 1295 diutine
557 1275 656 1303 pueros
679 1269 851 1303 inspectaret,
867 1268 939 1296 videt

149 1311 186 1338 ab
205 1312 240 1339 iis
263 1314 320 1347 geri
333 1314 458 1348 quzedam
485 1314 566 1341 etiam
590 1314 737 1342 secretiora
760 1319 788 1342 et
813 1314 937 1350 mystica.

149 1355 340 1392 Perturbatus,
361 1359 432 1386 illico
457 1359 549 1386 vocari
567 1359 600 1386 ad
615 1367 644 1387 se
657 1360 772 1387 clericos
792 1359 880 1395 jubet,
898 1364 940 1387 at-

148 1411 200 1436 que
215 1404 256 1431 eis
271 1405 336 1439 quid
350 1405 457 1432 eminus
472 1405 528 1441 ipse
540 1406 643 1433 videret
657 1406 785 1433 ostendit.
800 1404 869 1432 Tum
893 1406 939 1433 ab-

147 1449 188 1477 ire
205 1457 262 1482 eos,
278 1455 306 1477 et
333 1452 545 1485 comprehensos
571 1451 604 1478 ad
620 1459 650 1479 se
672 1451 821 1487 perducere
842 1459 938 1479 omnes

147 1504 246 1532 pueros
263 1497 391 1532 imperat.
410 1497 531 1532 Cumque
547 1498 685 1530 adessent,
714 1498 775 1532 quis
791 1498 830 1525 eis
846 1497 936 1532 ludus,

147 1547 174 1569 et
187 1542 252 1576 quid
276 1543 397 1578 egissent
412 1542 453 1570 vel
469 1543 617 1577 quomodo,
643 1547 827 1578 percontatur.
842 1542 893 1575 Illi,
907 1548 937 1571 ut

146 1588 207 1615 talis
218 1587 300 1616 habet
322 1593 400 1621 aetas,
411 1589 500 1623 pavidi
519 1596 619 1624 negare
647 1589 753 1624 primo;
768 1588 866 1617 deinde
879 1597 935 1616 rem

145 1639 249 1670 gestam
261 1643 309 1671 per
318 1636 440 1663 ordinem
458 1636 590 1670 pandunt,
606 1640 633 1663 et
647 1635 797 1671 baptizatos
808 1643 823 1662 a
840 1643 870 1663 se
880 1643 940 1664 esse
952 1632 974 1661 C

144 1681 275 1715 quosdam
290 1682 500 1709 catechumenos
514 1682 677 1710 confitentur
689 1690 737 1717 per
747 1683 938 1716 Athanasium,

146 1726 193 1760 qui
215 1726 270 1753 ludi
285 1726 356 1754 illius
372 1726 494 1761 puerulis
519 1727 662 1761 episcopus
681 1727 769 1753 fuerat
785 1727 935 1754 simulatus.

146 1770 214 1798 Tum
231 1771 274 1798 ille
300 1770 445 1805 diligenter
461 1770 602 1806 inquirens
630 1771 664 1798 ab
683 1771 725 1799 his
744 1771 789 1806 qui
809 1772 937 1807 baptizati

145 1817 318 1849 dicebantur,
330 1817 396 1852 quid
412 1818 570 1852 interrogati
585 1818 695 1851 fuerint,
713 1812 811 1853 quidve
825 1827 937 1854 respon-

145 1864 246 1896 derint,
264 1864 346 1891 simul
364 1865 435 1892 etab
451 1871 484 1892 eo
498 1865 544 1900 qui
560 1865 784 1901 interrogaverat,
806 1866 850 1893 ubi
867 1866 938 1894 videt

144 1908 293 1936 secundum
307 1909 445 1944 religionis
462 1913 562 1937 nostra
590 1909 670 1936 ritum
688 1914 784 1936 cuncta
800 1914 935 1943 constare,

145 1954 295 1982 collocutus
311 1962 373 1982 cum
390 1955 506 1983 concilio
531 1955 707 1988 clericorum,
737 1955 866 1983 statuisse
883 1961 937 1983 tra-

145 1997 218 2025 ditur
230 1997 293 2030 illis,
312 1999 412 2033 quibus
430 1999 544 2034 integris
568 2000 830 2036 interrogationibus
844 2006 871 2028 et
894 2009 936 2029 re-

144 2043 335 2078 sponsionibus
351 2052 420 2080 aqua
434 2045 515 2073 fuerit
533 2045 634 2079 infusa,
650 2046 743 2074 iterari
771 2047 934 2081 baptismum

143 2096 198 2116 non
213 2089 324 2123 debere,
349 2091 396 2117 sed
424 2090 565 2126 adimpleri
588 2098 619 2117 ea
638 2099 698 2125 quae
713 2100 728 2118 a
747 2093 935 2122 sacerdotibus

142 2141 201 2162 mos
218 2139 276 2168 est,
291 2135 469 2164 Athanasium
485 2144 550 2164 vero
563 2142 645 2172 atque
656 2145 703 2165 eos
717 2145 785 2172 quos
799 2138 878 2166 ludus
891 2139 935 2167 ille

143 2180 184 2207 vel
214 2181 388 2216 presbyteros
413 2182 514 2210 habere
526 2182 600 2210 visus
623 2182 711 2210 fuerat
728 2183 770 2210 vel
783 2183 932 2218 ministros,

142 2228 298 2255 convocatis
311 2229 479 2262 parentibus,
496 2228 547 2256 sub
566 2229 612 2256 Dei
629 2229 810 2257 obtestatione
823 2230 933 2258 tradidit

143 2271 269 2300 Ecclesia
280 2281 335 2300 suae
343 2274 511 2302 nutriendos.
527 2274 616 2302 Parvo
625 2281 714 2303 autem
725 2280 857 2310 tempore,
871 2283 932 2303 cum

143 2325 157 2344 a
172 2319 278 2346 notario
291 2318 394 2355 integre
405 2324 432 2347 et
447 2327 461 2346 a
473 2321 650 2355 grammatico
669 2320 834 2349 suﬂicienter
849 2322 935 2349 Atha-
949 2315 972 2342 Ῑ)

142 2363 235 2390 nasius
251 2363 346 2391 fuisset
362 2363 526 2397 instructus,
553 2365 685 2394 continuo
707 2370 839 2402 tanquam
855 2367 935 2395 ﬁdele

142 2409 247 2445 Domini
266 2411 497 2445 commendatum,
515 2421 529 2439 a
544 2414 701 2448 parentibus
721 2414 872 2442 restituitur
887 2422 934 2442 sa-

142 2456 254 2488 cerdoti,
271 2464 303 2484 ac
317 2457 388 2484 velut
404 2457 516 2486 Samuel
538 2459 649 2494 quidam
671 2459 697 2487 in
714 2460 814 2495 templo
828 2460 933 2489 Domini

143 2503 272 2536 nutritur,
298 2508 326 2530 ct
339 2506 374 2530 ab
388 2511 420 2532 eo
440 2511 570 2540 pergente
587 2506 620 2533 ad
636 2505 731 2533 Patres
746 2506 773 2533 in
790 2511 933 2536 senectute

142 2547 222 2580 bona,
235 2548 267 2574 ad
280 2549 443 2582 portandum
464 2553 524 2584 post
538 2557 568 2577 se
581 2549 668 2584 epliod
685 2550 853 2578 sacerdotale
865 2550 932 2577 deli-

140 2593 223 2626 gitur.
237 2603 247 2619 ι
272 2594 368 2622 Subdit
384 2600 474 2623 autem
493 2595 661 2623 Sozumenus
677 2595 724 2632 (c),
743 2596 931 2624 Alexandrum

140 2643 234 2672 postea
249 2639 400 2667 Athanasio
415 2639 512 2668 scriba:
527 2644 554 2668 et
579 2641 752 2669 amanuensis
778 2641 839 2669 loco
852 2649 929 2669 usum

139 2683 234 2711 fuisse.

175 2808 213 2850 (ᾳ)
229 2808 325 2850 ξρῇριι.
339 2810 406 2838 lia-r.
424 2819 486 2850 gis
501 2812 622 2845 :Thcod.
635 2814 682 2844 lib.
703 2822 722 2847 I,
737 2822 798 2850 cap.
812 2814 838 2842 2.

176 2845 213 2876 (ω
232 2843 291 2881 μψί
308 2853 329 2877 ι,
347 2853 408 2881 cap.
422 2847 465 2874 M.

176 2880 211 2915 ίε)
231 2878 290 2907 Lib.
304 2887 334 2913 tt,
351 2878 433 2910 cf”.

996 992 1135 1019 nislraret.
1161 989 1256 1025 Hujus,
1282 995 1312 1018 ut
1338 995 1478 1026 putamus,
1506 990 1664 1025 magisterio
1690 994 1788 1017 ascetae

995 1038 1078 1065 vitam
1096 1038 1168 1070 iniit,
1186 1043 1215 1064 ut
1238 1042 1322 1064 testes
1349 1036 1556 1071 locupletissimi
1584 1039 1647 1063 sunt
1668 1035 1786 1071 Egyptii

994 1086 1113 1120 episcopi
1135 1085 1161 1112 in
1176 1086 1292 1120 epistola
1315 1085 1443 1120 synodica
1461 1084 1508 1120 (ε).
1526 1084 1629 1112 Exinde
1649 1092 1713 1111 vero
1728 1084 1787 1111 An-

995 1131 1101 1159 toniunt
1118 1131 1248 1165 frequens
1263 1131 1356 1158 invisit
1369 1131 1478 1166 quicum
1494 1138 1591 1166 magna
1605 1131 1656 1166 ipsi
1671 1131 1787 1159 societas

993 1182 1022 1205 et
1039 1178 1210 1206 necessitudo
1227 1178 1423 1206 intercedebat.

1028 1245 1105 1272 Anre
1122 1253 1211 1272 ANIUI
1232 1245 1294 1272 319.
1309 1258 1344 1266 —
1363 1245 1390 1272 1.
1413 1244 1508 1272 Scribit
1526 1249 1619 1272 contra
1640 1250 1738 1280 gentes.
1751 1261 1787 1267 —

996 1289 1108 1318 Vixdum
1132 1291 1343 1318 adolescentiam
1364 1295 1586 1326 praetergressus,
1596 1290 1786 1325 ,υμεταιίοηεε

993 1341 1084 1362 contra
1099 1340 1187 1371 genter
1200 1337 1266 1368 edit,
1280 1341 1355 1363 tanta
1369 1335 1535 1367 eruditione,
1549 1341 1624 1363 tanta
1637 1334 1784 1370 elegantia,

993 1387 1022 1408 ut
1036 1381 1103 1409 nihil
1119 1391 1213 1417 supra.
1231 1383 1330 1410 Mirere
1353 1390 1419 1411 sane
1436 1383 1462 1409 in
1477 1383 1578 1418 juvene
1590 1382 1687 1415 salem,
1712 1382 1785 1417 lepo-

993 1435 1061 1459 rem,
1079 1428 1134 1456 vim
1154 1429 1320 1464 argumenti.
1341 1429 1369 1456 In
1391 1430 1485 1465 priore
1507 1429 1579 1457 salse
1601 1429 1670 1456 ridet
1686 1436 1719 1456 ac
1739 1437 1784 1461 re-

991 1474 1086 1508 pudiat
1102 1475 1243 1510 gentilium
1259 1476 1401 1503 numinum
1419 1476 1523 1508 turbas,
1543 1475 1672 1510 profanos
1688 1475 1784 1503 obsce-

992 1527 1096 1554 Iosque
1126 1520 1219 1553 ritus;
1250 1521 1278 1548 in
1316 1521 1402 1550 altera
1433 1521 1535 1549 Christi
1568 1521 1782 1549 incarnationem

991 1565 1134 1593 adversum
1165 1565 1272 1594 Judaos
1301 1568 1419 1595 maxime
1445 1567 1618 1602 comprobat,
1643 1567 1734 1594 allatis
1748 1574 1783 1594 ex

990 1610 1080 1638 Veteri
1108 1612 1284 1640 Testamento
1317 1613 1556 1649 opportunioribus
1579 1613 1613 1640 ad
1638 1620 1699 1640 eam
1724 1619 1782 1639 rem

991 1656 1068 1685 locis.
1085 1657 1205 1685 Necdum
1218 1657 1314 1686 oborta
1330 1659 1431 1686 Ariona
1450 1656 1543 1686 haeresi
1556 1658 1614 1685 haec
1626 1657 1781 1692 conscripta

988 1702 1115 1730 videntur
1131 1711 1138 1730 :
1155 1710 1190 1730 ne
1211 1703 1252 1731 vel
1279 1703 1392 1731 minima
1409 1703 1483 1731 enim
1500 1704 1527 1731 in
1552 1703 1628 1731 hisce
1649 1702 1781 1737 ejusmodi

989 1754 1111 1775 errorum
1128 1749 1243 1781 mentio,
1257 1749 1321 1776 licet
1334 1749 1496 1784 posterioris
1517 1749 1579 1776 libri
1591 1753 1781 1783 argumentum

988 1797 1016 1820 et
1037 1794 1164 1821 materies
1192 1802 1225 1821 eo
1249 1795 1412 1830 scriptorem
1443 1795 1518 1823 velut
1545 1802 1561 1823 e
1586 1802 1616 1823 re
1643 1800 1706 1822 nata
1731 1795 1780 1823 de-

988 1839 1111 1868 duceret.
1132 1840 1270 1875 Ejusmodi
1289 1849 1337 1869 ceu
1361 1841 1510 1876 praeludiis,
1528 1841 1631 1869 Christi
1655 1841 1779 1869 militiam

988 1884 1127 1920 ingressus
1153 1887 1339 1920 Athanasius,
1372 1887 1406 1914 ad
1436 1887 1634 1922 periculosiora
1668 1892 1696 1915 et
1723 1887 1779 1922 jam

987 1931 1156 1960 imminentia
1174 1933 1325 1960 certamina
1352 1933 1504 1961 adornabat
1531 1940 1602 1961 sese.
1627 1933 1699 1961 Inter
1723 1933 1780 1960 haec

986 1977 1067 2004 etiam
1094 1978 1128 2005 ad
1154 1978 1221 2006 cieri
1249 1984 1351 2007 statum
1380 1983 1521 2012 evocatus,
1547 1980 1709 2014 cunctisque
1731 1986 1779 2006 ee-

987 2023 1206 2052 elesiasticorum
1230 2025 1363 2058 graduum
1387 2026 1546 2053 muneribus
1565 2025 1733 2059 perfunctus,
1750 2025 1778 2052 in

987 2069 1095 2096 diaconi
1123 2070 1246 2098 ordinem
1277 2074 1456 2106 promovetur
1484 2071 1519 2098 ab
1546 2070 1710 2102 Alexandro,
1735 2075 1779 2098 at-

987 2123 1041 2150 que
1065 2116 1136 2144 inter
1165 2117 1316 2145 familiares
1335 2122 1522 2153 computatus,
1546 2117 1597 2152 ipsi
1619 2124 1634 2144 a
1659 2115 1779 2144 consiliis

985 2160 1045 2191 fuit.

1019 2232 1046 2259 2.
1074 2232 1182 2261 Ariona:
1207 2233 1335 2260 Itwreseos
1360 2233 1508 2260 exordium.
1529 2246 1565 2252 —
1587 2231 1694 2258 Ariona:
1711 2238 1777 2259 vero

985 2279 1121 2307 haereseos
1151 2279 1227 2307 initia
1253 2280 1279 2307 in
1307 2287 1387 2314 quem
1410 2279 1465 2307 sint
1488 2286 1588 2306 annum
1615 2277 1780 2306 conferenda

987 2324 1210 2353 incertissimum.
1235 2325 1396 2353 Damnatum
1412 2330 1489 2353 certe
1505 2328 1613 2352 constat
1632 2324 1727 2351 Arium
1748 2324 1776 2352 in

985 2369 1168 2398 Alexandrina
1191 2372 1294 2407 synodo
1308 2379 1380 2399 anno
1398 2370 1450 2399 520
1471 2371 1513 2398 vel
1531 2371 1705 2406 insequente,
1718 2370 1778 2405 ipso

987 2420 1056 2444 teste
1070 2416 1232 2450 Athanasio,
1252 2418 1298 2452 qui
1312 2417 1339 2445 in
1359 2417 1473 2453 epistola
1490 2417 1525 2445 ad
1549 2416 1691 2452 Egyptios
1705 2424 1778 2444 anno

985 2462 1037 2490 356
1049 2463 1124 2496 data,
1141 2464 1251 2499 elapsos
1265 2471 1325 2492 esse
1340 2464 1442 2492 iudicat
1458 2464 1567 2500 triginta
1582 2471 1629 2492 sex
1642 2471 1727 2490 annos
1741 2463 1779 2491 ab

985 2508 1138 2543 huiusmodi
1165 2510 1255 2538 habita
1273 2511 1388 2546 synodo.
1406 2511 1440 2538 Et
1460 2518 1526 2538 vero
1554 2517 1624 2537 anno
1645 2509 1694 2537 521
1721 2510 1778 2538 late

985 2562 1034 2589 per
1065 2555 1220 2591 [Egyptium
1253 2556 1337 2585 effusa
1363 2561 1391 2585 et
1416 2561 1563 2593 pervagata
1588 2556 1699 2584 haeresis
1730 2556 1774 2584 illa

983 2605 1042 2627 erat
1055 2610 1062 2628 :
1077 2602 1147 2629 unde
1158 2601 1262 2638 aliquot
1273 2609 1335 2631 ante
1347 2611 1434 2631 annos
1445 2611 1508 2631 orsa
1522 2603 1655 2637 videatur,
1667 2604 1777 2639 quando

982 2647 1134 2680 praesertim
1165 2648 1334 2683 exploratum
1364 2654 1421 2682 est,
1450 2649 1637 2678 Alexandrum
1665 2650 1775 2678 nonnisi

983 2698 1041 2728 post
1058 2693 1159 2721 multas
1180 2694 1238 2722 Arii
1255 2695 1288 2722 ad
1301 2703 1395 2723 sanam
1413 2700 1534 2723 mentem
1551 2697 1696 2725 reducendi
1713 2701 1774 2724 ten-

1023 2815 1062 2887 ἑά)
1086 2815 1113 2843 In
1133 2814 1193 2844 Vita
1207 2818 1313 2845 Antonii
1327 2819 1375 2846 sub
1390 2818 1506 2848 initium.

1034 2851 1058 2887 ε)
1081 2851 1180 2880 Athan.
1193 2853 1268 2887 Apol.
1284 2859 1375 2882 contra
1391 2854 1497 2887 Arium,

1034 2851 1058 2888 ε)
1081 2851 1180 2880 Athan.
1193 2853 1268 2888 Apol.
1284 2859 1375 2882 contra
1391 2854 1497 2889 Arium,
1514 2864 1541 2884 n.
1553 2857 1582 2885 6.
