2000 3045
235 163 290 183 “ll

922 151 1185 181 PROLEGOMENA.

236 218 307 242 tatas
320 214 391 248 vias,
408 213 542 244 hominem
565 220 627 242 cum
648 214 809 248 sequacibus
825 213 931 241 feriisse
952 221 1017 241 ana-
1030 215 1056 244 Α
1069 221 1166 241 nomen
1182 213 1271 245 dedit,
1297 212 1343 239 sed
1367 211 1399 239 ad
1417 211 1511 238 Arium
1529 217 1636 247 quoque
1651 211 1774 241 defecere
1795 221 1857 247 pre-

236 261 364 288 themate.

274 307 301 334 3.
313 307 390 334 Arius
399 307 549 334 Alexandro
559 307 680 340 infestus.
691 306 748 333 Arii
758 307 1021 341 impietas.-Arium

238 352 330 387 igitur,
338 353 378 380 cui
389 357 447 380 erat
455 353 628 388 explananda:
637 361 721 380 sacrae
729 353 877 388 Scriptura:
885 354 1022 388 provincia

238 397 348 431 tradita,
361 398 548 426 Alexandrinae
560 399 632 426 sedis
640 399 802 434 occupandae
811 399 893 426 libido
902 400 1021 427 incesse-

237 449 290 470 rat.
308 443 398 477 Quare
414 452 474 471 cum
493 445 626 472 delectum
643 446 669 473 in
683 446 830 472 antistitem
842 445 1021 474 Alexandrum

237 489 329 524 inique
348 488 431 517 ferret
448 490 500 526 (α),
517 491 631 518 excubat
653 491 679 518 in
698 491 855 518 oceasiones
869 492 1021 524 turbarum,

236 539 264 561 et
280 541 341 569 quae
362 535 476 562 crimina
501 536 560 563 viro
583 536 677 564 offerat
700 537 855 564 meditatur.
876 537 975 564 Verum
990 537 1022 565 iis

238 584 298 607 erat
324 581 446 608 moribus
475 581 639 614 Alexander,
665 587 696 609 ut
721 582 810 610 nullus
838 582 1022 610 criminationi

238 625 340 660 aditus,
356 627 444 654 nullus
469 632 540 654 esset
564 628 703 656 calumnia:
728 629 826 655 locus:
846 628 1022 656 sanctimonia

237 673 337 707 quippe
364 673 436 700 haud
464 674 553 700 minus
584 681 663 708 quam
687 678 826 702 senectute
849 673 1020 706 venerabilis,

239 717 404 752 eloquentia,
423 719 639 752 mansuetudine,
654 719 825 752 liberalitate,
838 720 956 747 omnium
969 719 1022 747 sibi

237 764 353 797 gratiam
368 765 534 792 conciliarat.
559 765 611 792 Sed
638 773 669 792 eo
690 766 778 793 acrius
803 766 903 793 invidia
920 766 1020 800 erupit,

238 817 292 843 quo
313 810 402 837 minus
420 810 469 837 loci
495 811 528 837 ad
544 811 753 838 obtrectandum
779 811 942 838 inveniebat.
963 810 1020 837 Ali-

238 855 346 889 quando
357 856 427 883 enim
441 857 594 884 Alexandro
610 856 670 884 Filii
685 857 823 889 deitatem,
844 857 1021 892 eamdemque

237 899 328 928 Patris
349 908 376 928 et
399 902 459 929 Filii
484 902 663 930 substantiam
690 902 863 938 praedicante,
892 902 1021 931 ferociter

238 945 319 974 Arius
345 951 372 974 et
396 948 566 985 impudenter
581 955 639 974 eam
664 948 815 975 doctrinam
844 955 894 975 nec
912 955 1018 981 sanam,

237 999 288 1020 nec
301 993 486 1027 apostolicam,
504 994 550 1020 sed
569 993 751 1021 Sabellianam
769 1001 828 1021 esse
844 993 1018 1028 vociferatur,

237 1037 391 1072 Filiumque
409 1039 480 1066 inter
495 1040 602 1074 opificia
618 1043 644 1066 et
664 1046 707 1067 res
722 1044 827 1067 creatas
841 1047 894 1066 non
907 1044 1020 1066 aeternas

236 1085 497 1118 connumerandum,
523 1086 573 1112 hoc
592 1093 656 1112 usus
672 1089 829 1119 argumento
843 1084 915 1119 (nam
939 1084 1020 1112 diale-

238 1130 315 1156 cticae
331 1130 427 1164 peritia
442 1130 526 1157 exitio
552 1130 603 1157 fuit
629 1130 742 1166 homini)
759 1138 766 1157 :
784 1130 812 1157 Si
834 1130 915 1157 Pater
927 1130 1021 1165 genuit

238 1173 347 1208 Filium,
365 1175 470 1202 initium
499 1176 580 1203 habet
598 1176 746 1203 exsistcndi
773 1177 818 1209 qui
847 1176 954 1211 genitus
969 1181 1018 1209 est,

235 1225 265 1247 et
277 1219 328 1247 fuit
340 1225 444 1256 tempus
457 1229 516 1249 cum
533 1230 585 1249 non
599 1226 681 1249 esset.
693 1222 778 1256 Quam
791 1223 842 1250 viri
856 1223 1019 1257 proterviam

235 1270 265 1293 et
286 1266 450 1301 impietatem
475 1268 645 1301 Alexander,
666 1272 695 1296 ut
720 1272 778 1295 erat
801 1269 875 1296 mitis
896 1273 924 1296 et
947 1269 1020 1303 pacis

237 1319 343 1343 amans,
364 1313 481 1347 primum
496 1313 594 1340 leniter
609 1313 740 1348 coarguit,
759 1318 904 1348 monetque
926 1322 940 1340 a
955 1322 1019 1348 pra—

236 1357 279 1385 vis
294 1357 468 1392 opinionibus
482 1359 595 1386 absistat
612 1368 619 1386 :
632 1363 687 1386 tum
704 1366 780 1386 suam
799 1359 856 1394 ipse
869 1360 1019 1387 doctrinam

235 1410 270 1430 ex
295 1404 381 1431 sacris
392 1403 504 1431 Litteris
529 1404 663 1432 sinceram
689 1405 860 1438 comprobat,
890 1406 1019 1433 Arianam

236 1455 301 1476 vero
329 1449 438 1483 impiam
466 1454 494 1477 et
519 1450 722 1477 exsecrandam.
750 1451 787 1478 Ea
811 1458 893 1486 porro
925 1451 1021 1479 lenitas

234 1495 302 1522 vitio
318 1503 397 1522 versa
408 1495 522 1522 antistiti
536 1495 588 1522 fuit
603 1501 610 1521 :
624 1496 688 1528 imo,
703 1496 724 1522 si
740 1496 805 1523 fides
821 1496 1019 1533 Sozomeno(b)

1073 259 1175 294 sbyteri
1191 258 1328 294 Carpones
1355 263 1383 284 et
1409 258 1559 290 Sarmates,
1581 258 1678 292 quibus
1704 263 1782 286 erant
1798 259 1857 287 dum

1072 305 1142 332 intra
1170 305 1263 331 urbem
1296 303 1418 330 ecclesia:
1453 303 1616 330 commissae.
1646 303 1678 330 Hi
1711 304 1764 338 iam
1793 304 1856 331 olim

1072 351 1224 378 Alexandro
1238 348 1327 377 infesti
1344 349 1388 383 (fl.
1403 349 1464 376 data
1483 350 1635 381 occasione,
1658 350 1690 376 ab
1703 349 1856 378 Alexandro

1073 397 1174 431 pariter
1194 401 1221 423 et
1247 403 1261 422 a
1288 404 1354 423 sana
1377 396 1429 423 fide
1445 396 1610 424 desciscunt.
1633 395 1700 423 Cum
1724 396 1766 424 his
1792 397 1856 424 item

1072 443 1199 476 Achilles,
1226 442 1350 471 Ethales
1377 448 1405 470 et
1429 444 1512 471 Arius
1535 443 1619 476 alter;
1647 443 1752 470 diaconi
1777 451 1855 476 vero,

1072 489 1201 522 Euzoius,
1218 488 1435 521 Lucius,.lulius,
1454 488 1556 520 Menas,
1573 488 1709 515 Helladius
1720 494 1747 516 et
1757 488 1855 521 Gaius;

1072 534 1127 561 imo
1145 542 1209 561 vero
1231 534 1348 568 episcopi
1371 535 1422 561 duo
1439 534 1555 568 turpiter
1573 538 1600 560 et
1615 533 1741 561 indecore
1764 534 1798 561 ad
1815 541 1858 561 co-

1071 588 1131 607 rum
1152 585 1242 614 partes
1264 579 1411 611 defluxere,
1428 579 1572 607 Secundus
1589 579 1691 607 scilicet
1711 579 1856 608 Ptolemai-

1072 627 1124 658 dis,
1136 631 1162 653 et
1177 626 1302 653 Theonas
1317 625 1502 653 Marmariees.

1107 672 1182 699 Anno
1196 679 1321 698 emet-rea
1340 671 1401 698 520.
1418 686 1453 691 —
1469 670 1620 698 Alexander
1634 676 1715 698 tenta!
1736 671 1829 700 Arium
1840 682 1857 700 ιι

1072 723 1153 752 coepto
1169 725 1299 745 revocare.
1313 732 1349 737 —
1361 717 1397 744 Ut
1417 718 1608 746 animadvertit
1629 717 1782 746 Alexander
1797 727 1856 747 ma-

1072 762 1125 789 lum
1141 770 1251 789 manare
1268 763 1294 790 in
1309 763 1366 790 dies
1386 763 1479 796 latius,
1496 772 1529 791 ne
1551 764 1663 792 ulteritts
1676 770 1856 799 grassaretur,

1073 808 1176 835 litteras
1200 808 1245 835 dat
1274 809 1308 835 ad
1340 807 1432 834 Arium
1457 812 1483 835 et
1511 809 1608 841 socios,
1635 814 1756 836 moneta
1775 816 1858 843 prave

1073 854 1186 888 inceptis
1224 854 1368 886 desistant,
1403 853 1514 888 impiam
1543 854 1696 882 doctrinam
1726 862 1760 882 ne
1787 855 1857 882 ultra

1073 905 1214 931 tueantur,
1249 900 1295 927 sed
1331 907 1406 927 sana:
1433 900 1628 936 catholicaeque
1659 901 1856 936 obtemperent.

1070 946 1138 973 Tum
1155 946 1353 974 Alexandrinos
1367 947 1438 981 cogit
1453 950 1481 973 et
1496 945 1658 974 Mareoticos
1679 947 1854 982 presbyteros

1071 992 1252 1026 diaconosque
1267 999 1274 1018 :
1295 997 1371 1026 rogat
1387 991 1438 1019 sibi
1456 992 1592 1019 sinceram
1609 992 1690 1019 fidem
1710 992 1857 1020 vindicanti

1072 1035 1160 1063 ferant
1176 1044 1265 1071 opem,
1291 1036 1443 1071 litterisque
1457 1036 1524 1068 suis,
1541 1037 1574 1064 ad
1592 1037 1684 1064 Arium
1701 1042 1727 1065 et
1741 1037 1858 1066 asseclas

1070 1084 1150 1116 datis,
1180 1084 1306 1119 suﬁ'ragia
1332 1083 1487 1116 ascribant;
1514 1091 1589 1119 spem
1614 1091 1674 1111 esse
1693 1083 1776 1111 totius
1791 1084 1858 1111 cleri

1071 1130 1180 1157 munitis
1200 1131 1447 1164 obtemperaturos,
1474 1129 1520 1164 qui
1545 1130 1602 1157 suis
1628 1130 1760 1157 hactenus
1774 1129 1858 1156 obsti-

1072 1175 1176 1201 tissent.
1217 1175 1371 1201 Alexandro
1414 1182 1516 1201 morem
1556 1179 1655 1210 gerunt
1705 1173 1859 1209 presbyteri

1071 1227 1164 1247 omnes
1182 1225 1210 1247 et
1221 1220 1339 1251 diaconi,
1354 1227 1470 1254 quarunt
1488 1221 1622 1256 sulfragiis
1637 1221 1747 1248 munitae
1762 1221 1859 1248 litterae

1070 1266 1179 1293 Arianis
1193 1265 1354 1293 on‘eruntur.
1375 1265 1461 1293 Hasce
1475 1266 1523 1301 illi,
1541 1266 1646 1294 feroces
1659 1267 1786 1301 cupidine
1801 1273 1859 1293 cte—

1070 1312 1108 1346 pti
1123 1311 1295 1346 perﬁciundi,
1321 1311 1398 1338 nihili
1426 1312 1562 1345 fecerunt,
1579 1319 1667 1347 neque
1687 1312 1776 1340 minus
1796 1319 1858 1345 per-

1071 1357 1198 1384 stiterunt
1215 1357 1241 1383 in
1259 1357 1374 1392 pristina
1388 1357 1536 1392 impietate.

1105 1402 1179 1429 ANNO
1202 1403 1265 1430 52L
1281 1402 1359 1429 -1,
1386 1402 1538 1430 Alexander
1564 1404 1695 1439 synodum
1720 1404 1797 1439 cogit.
1823 1418 1858 1424 —

1072 1447 1164 1475 Sensit
1183 1448 1290 1475 demum
1307 1447 1463 1475 Alexander
1488 1448 1590 1476 nullam
1616 1456 1759 1484 superesse
1783 1456 1859 1484 spem

1071 1493 1279 1521 reconcilianda:
1298 1495 1385 1528 pacis,
1400 1495 1512 1528 Ariique
1535 1495 1569 1522 ad
1594 1502 1689 1522 sanum
1715 1494 1859 1522 consilium

234 1545 288 1574 est,
303 1541 354 1568 sub
374 1541 481 1568 initium
495 1541 687 1569 controversiae
702 1542 823 1569 haerebat
838 1542 884 1570 ille
900 1543 1018 1570 incertus
1033 1547 1053 1576 ο
1072 1541 1225 1568 reducendi.
1258 1541 1437 1575 Quamobrem
1466 1543 1510 1579 (g)
1533 1542 1637 1570 coactis
1669 1549 1701 1569 ex
1730 1541 1859 1577 Egypto,

235 1586 279 1613 cui
306 1587 396 1620 potius
421 1587 543 1621 opinioni
571 1588 714 1615 accederet
740 1596 747 1614 :
779 1595 840 1622 qua:
864 1596 908 1616 res
929 1593 1018 1617 tamen

234 1631 398 1666 scriptorum
425 1633 546 1660 omnium
571 1633 726 1661 testimonio
751 1633 912 1669 refragatur.
938 1634 1020 1662 Addit

234 1676 430 1712 Philostorgius
463 1677 508 1712 (ε),
542 1678 729 1713 presbyterum
754 1678 897 1712 quemdam
921 1684 1020 1712 cogno-

234 1726 325 1749 mento
348 1721 494 1754 Baucalim,
510 1723 572 1757 quia
598 1723 624 1749 in
641 1723 723 1750 dorso
744 1727 836 1749 tumor
861 1726 1020 1749 excreverat

233 1768 319 1795 instar
344 1769 399 1795 vasi
417 1768 541 1801 testacei,
567 1768 610 1795 cui
638 1768 766 1795 baucalas
783 1775 881 1794 nomen
898 1767 1016 1795 Alexan-

233 1810 319 1842 driae,
353 1811 500 1839 simultatis
535 1811 720 1839 Alexandrum
761 1811 833 1839 inter
863 1816 891 1839 et
924 1812 1018 1839 Arium

233 1857 376 1884 materiam
400 1857 634 1885 subministrasse.
655 1858 736 1886 Fides
759 1858 794 1885 sit
820 1865 901 1893 penes
924 1863 1017 1886 aucto-

233 1909 299 1929 rem.

267 1947 295 1973 4.
309 1947 388 1974 Arius
399 1948 547 1975 doctrinam
560 1950 662 1984 spargit
675 1957 807 1976 suam.—
820 1950 901 1977 Arius
916 1954 1017 1984 autem,

233 1994 262 2018 ut
273 1991 428 2019 rudioribus
439 1992 529 2020 fueum
545 1993 657 2027 faceret,
672 2001 704 2021 ex
718 1995 890 2029 antiquorum
907 1995 1017 2022 Patrum

231 2036 344 2072 scriptis'
355 2038 477 2065 nonnihil
492 2039 662 2066 auctoritatis
680 2039 874 2075 dignitatisque
888 2048 944 2067 sua:
956 2048 1018 2068 sen-

231 2083 322 2109 tentiae
334 2081 431 2110 afferre
450 2084 598 2116 nitebatur,
614 2090 719 2112 novata:
736 2085 867 2112 doctrinae
881 2076 1015 2121 suspicio—

231 2135 292 2155 nem
320 2128 474 2162 declinans;
502 2135 530 2157 ut
555 2131 728 2165 simplicitate
755 2132 910 2166 verborum,
938 2133 1015 2168 queis

229 2181 279 2209 per
293 2174 392 2209 ingenii
410 2175 621 2203 imbecillitatem
638 2184 692 2203 non
702 2177 807 2205 licebat
830 2185 875 2205 res
889 2178 1015 2206 subtilius

229 2221 392 2254 expendere,
407 2221 532 2248 haustum
549 2229 680 2249 venenum
703 2223 860 2257 propinaret
879 2224 930 2259 (ά).
945 2224 1013 2251 Tum

228 2266 310 2299 coepit
326 2266 370 2293 ille
390 2274 498 2294 errores
514 2267 612 2301 ubique
633 2275 772 2302 spargere,
790 2269 899 2296 vicatim
917 2269 1013 2297 domos

228 2311 313 2345 adire,
327 2319 360 2338 ex
376 2312 494 2345 clericis,
510 2320 577 2347 quos
591 2314 776 2341 novandarum
796 2322 886 2342 rerum
910 2315 1014 2343 studio-

227 2364 272 2384 sos
288 2358 429 2392 comperit,
446 2358 498 2386 sibi
520 2359 666 2391 asciscere,
693 2359 759 2387 alios
783 2361 903 2395 cujusvis
925 2362 1013 2389 aetatis

227 2410 258 2430 ae
273 2404 439 2432 conditionis
459 2404 493 2431 ab
505 2405 649 2432 Alexandri
664 2405 787 2440 partibus
811 2406 955 2434 abducere.
972 2407 1011 2434 Ex

225 2449 360 2483 virginum
383 2450 478 2482 choro,
501 2450 650 2486 Epiphanio
666 2457 734 2479 teste
750 2451 777 2487 (e
791 2454 812 2487 ),
835 2452 1011 2487 septingenta!

226 2495 260 2522 ad
285 2495 342 2522 Arii
368 2501 460 2530 partes
476 2497 617 2524 descivere
637 2504 646 2524 :
669 2497 712 2525 cui
738 2505 789 2532 pro
807 2501 881 2525 tanto
898 2506 1011 2526 numero

226 2541 271 2568 vix
291 2541 357 2570 fides
381 2543 520 2570 habeatur.
539 2543 692 2570 Excitatum
714 2543 803 2578 itaque
824 2543 858 2570 ab
875 2544 941 2572 Ario
954 2552 1010 2572 ma-

225 2587 280 2613 lum
297 2587 351 2615 late
363 2595 411 2622 per
423 2588 579 2625 Ezyptum,
596 2589 760 2617 Thebaidem
782 2594 809 2615 et
821 2588 932 2625 Libyam
947 2598 1010 2625 pcr-

183 2630 185 2633 ’
225 2634 305 2661 vasit.
321 2634 413 2669 Neque
428 2636 500 2667 vulgi
518 2635 605 2663 solum
618 2635 760 2662 multitudo
774 2637 894 2663 nascenti
914 2636 1010 2665 haeresi

224 2689 301 2752 25ξι)
322 2690 469 2726 Τιιεοᾱοιι.,
494 2692 541 2720 lib.
567 2700 588 2725 ι,
613 2699 673 2728 cap.
699 2692 727 2725 2,
754 2691 855 2719 Htcret.
885 2691 952 2726 [αιι.Ι
981 2701 1006 2728 p.

259 2744 297 2795 (ὁ)
315 2759 376 2796 Lib.
395 2762 456 2796 ι,·ρ.
473 2761 535 2789 426.

259 2796 295 2828 (ε)
313 2795 372 2822 Lib.
389 2804 407 2828 l,
423 2795 449 2823 ri.
462 2798 487 2823 Δ.

260 2831 299 2869 (μ)
315 2830 405 2869 Eas“.
422 2831 702 2869 conquhEunomittm,
717 2841 744 2869 p.
763 2833 797 2867 6;
819 2835 907 2869 Socr.,
927 2834 973 2862 lib.
989 2841 1008 2868 ι,

225 2874 250 2894 c.
264 2867 300 2900 ῆς
315 2865 492 2900 Theodoret.,
505 2867 553 2895 lib.
567 2875 586 2901 ι,
605 2875 630 2895 c.
643 2868 670 2897 2.

1071 1586 1155 1622 Libya
1170 1592 1198 1614 et
1221 1587 1360 1622 Pentapoli
1383 1589 1519 1623 episcopis
1535 1595 1620 1623 prope
1640 1592 1759 1621 centum,
1777 1595 1858 1623 syno-

1071 1633 1133 1660 dum
1146 1633 1275 1667 celebrat,
1299 1634 1326 1660 in
1342 1642 1394 1668 qua
1410 1635 1444 1662 de
1460 1635 1517 1662 Arii
1535 1642 1616 1662 causa
1640 1639 1767 1670 ageretur
1779 1641 1859 1662 accu-

1071 1679 1168 1706 ratius.
1195 1679 1281 1706 Acciti
1309 1680 1382 1714 impii
1409 1681 1544 1712 homines,
1568 1682 1656 1715 parati
1682 1681 1859 1716 mcditatique

1069 1724 1190 1750 veniunt.
1226 1723 1264 1751 De
1300 1724 1423 1751 doetrina
1458 1725 1554 1759 rogati,
1586 1725 1720 1752 incertum
1755 1725 1858 1760 majore

1069 1769 1207 1804 impietate
1236 1777 1269 1796 an
1300 1770 1467 1805 impudentia
1499 1770 1580 1798 verba
1619 1770 1735 1798 fecerint
1771 1779 1779 1798 :
1810 1771 1859 1799 Dei

1069 1824 1186 1852 namque
1212 1817 1312 1844 Filium
1340 1825 1374 1845 ex
1402 1825 1455 1845 non
1479 1817 1653 1845 exstantibus
1686 1817 1786 1845 factum
1817 1817 1859 1845 af-

1069 1863 1224 1896 flrmavere,
1243 1867 1376 1896 creatum,
1402 1863 1476 1891 Patri
1498 1863 1667 1894 dissimilem,
1689 1863 1856 1891 mutabilem.

1069 1909 1226 1936 Sciscitanti
1254 1910 1381 1942 cuidam,
1407 1917 1441 1936 an
1475 1909 1589 1943 perinde
1623 1909 1762 1936 mutabilis
1785 1914 1858 1936 esset

1069 1957 1150 1987 atque
1183 1953 1328 1986 diabolus,
1361 1953 1527 1988 respondent
1557 1958 1603 1980 aut
1635 1961 1714 1981 secus
1742 1953 1857 1981 mutabi-

1068 1997 1132 2025 lem.
1165 1997 1220 2025 liac
1247 1999 1309 2026 data
1338 2006 1404 2026 voce
1429 1999 1597 2026 exhorruere
1627 1998 1733 2031 Patres,
1761 2004 1855 2026 tantae-

1068 2050 1120 2078 que
1147 2043 1294 2078 impietatis
1323 2049 1458 2076 auctores,
1489 2043 1561 2071 nulla
1586 2044 1746 2079 interposita
1768 2052 1854 2078 mora,

1067 2096 1121 2116 uno
1132 2090 1251 2116 omnium
1267 2089 1380 2122 calculo,
1397 2090 1528 2116 damnant
1545 2090 1736 2123 abdicantque.

1100 2134 1129 2161 ‘2.
1148 2133 1229 2161 Multi
1253 2135 1288 2160 ad
1311 2134 1404 2160 Arium
1428 2134 1584 2161 desciscunt.
1610 2149 1645 2154 —
1662 2135 1761 2162 Verum
1780 2139 1854 2161 tanto

1067 2179 1172 2206 vulneri
1188 2179 1309 2207 curando
1325 2180 1412 2214 impar
1429 2179 1480 2206 fuit
1496 2180 1656 2208 remedium.
1669 2180 1750 2207 Arius
1769 2181 1852 2215 enim,

1030 2215 1052 2242 D
1067 2225 1153 2253 multo
1166 2226 1306 2252 ardentior
1319 2225 1508 2261 perturbandae
1520 2225 1558 2253 rei
1573 2226 1766 2254 ecclesiasticae
1777 2228 1850 2260 cupi-

1067 2270 1162 2303 ditate,
1180 2271 1298 2298 asseclas
1314 2271 1485 2303 conﬁrmare,
1508 2278 1593 2299 novos
1612 2271 1664 2299 sibi
1681 2272 1708 2299 in
1728 2272 1785 2299 dies
1803 2274 1858 2300 sua

1068 2323 1234 2350 suorumque
1254 2324 1337 2350 opera
1360 2317 1506 2344 asciscere.
1534 2317 1601 2343 Tum
1629 2317 1724 2351 ingens
1754 2317 1806 2345 fuit
1824 2319 1852 2346 in

1065 2361 1182 2389 Llareote
1202 2361 1316 2389 defectio
1333 2370 1341 2388 :
1367 2361 1469 2388 Chares
1491 2362 1562 2389 enim
1587 2366 1614 2388 et
1626 2360 1728 2394 Pistus,
1743 2362 1852 2398 presby-

1064 2407 1113 2435 teri
1131 2417 1138 2435 :
1164 2407 1306 2441 Serapion,
1322 2407 1496 2442 Parammon,
1514 2407 1638 2435 Zosimus
1667 2412 1694 2435 et
1722 2407 1851 2442 lrenaeus,

1064 2453 1180 2485 diaconi,
1205 2452 1313 2480 Arianis
1331 2460 1428 2480 nomen
1446 2453 1555 2480 dedere.
1577 2453 1660 2481 Arius
1680 2458 1781 2486 autem,
1797 2461 1851 2488 quo

1064 2498 1173 2526 facilius
1192 2503 1266 2533 gesta
1291 2499 1360 2525 tueri
1376 2498 1483 2532 liceret,
1506 2499 1642 2526 vindicem
1657 2503 1684 2526 et
1703 2503 1849 2534 patronum

1063 2545 1116 2572 sibi
1138 2544 1263 2572 conciliat
1281 2545 1437 2578 Eusebium,
1455 2545 1564 2580 quicum
1588 2549 1666 2572 vetus
1681 2545 1732 2572 sibi
1755 2552 1850 2573 neces-

1062 2591 1152 2618 situdo
1181 2591 1387 2625 studiorumque
1419 2591 1538 2619 societas
1564 2590 1748 2618 intercedebat
1771 2600 1778 2618 :
1801 2591 1849 2625 qui

1062 2638 1194 2666 Eusebius
1217 2638 1304 2664 audax
1334 2638 1414 2665 homo
1430 2638 1480 2674 (It),
1509 2639 1642 2666 honorum
1659 2637 1785 2672 cupidine
1798 2637 1847 2664 fia-

1099 2693 1137 2728 (e)
1155 2694 1231 2721 er.
1247 2701 1320 2721 thx.

1099 2729 1132 2765 (Γ)
1154 2729 1238 2765 Epist.
1255 2729 1410 2765 Alexandri.
1430 2737 1457 2757 η,
1470 2729 1497 2756 2.

1062 2806 1075 2826 ε
1097 2763 1135 2826 g1)
1155 2764 1240 2799 Epist.
1268 2764 1435 2797 Alexandri,
1463 2773 1489 2792 n.
1523 2765 1556 2798 1,
1582 2764 1616 2798 ‘2;
1645 2764 1736 2797 Socr.,
1761 2763 1805 2790 llb.
1825 2769 1844 2794 ι,

1099 2816 1137 2869 δῖ)
1157 2834 1244 2869 Epist.
1260 2833 1415 2868 Alexandri,
1433 2842 1460 2862 n.
1852 2816 1861 2835 χ
