2000 3045
791 162 876 191 γιτΑ
895 163 925 191 S.
943 161 1139 194 ATHANAS“.

1701 172 1734 193 LX
1738 172 1769 196 111

151 226 245 255 grans,
263 219 359 248 relicto
376 227 465 255 nuper
477 220 616 256 Berytensi
632 220 802 255 episcopatu,
815 221 938 248 Nicome—
952 221 975 248 A
990 222 1015 248 in
1043 223 1156 251 Ariame
1183 227 1264 251 sectae
1291 228 1388 252 exortu
1415 229 1552 260 gestarum
1584 221 1705 250 ordinem
1735 228 1769 248 ex

152 266 273 292 diensem
300 267 448 300 invaserat,
476 268 546 301 quod
571 267 752 301 episcopalem
778 267 934 303 dignitatem

153 311 294 338 metiretur
307 312 487 346 amplitudine
501 303 652 339 civitatum.
667 313 757 340 inerat
770 314 810 340 vis
825 314 935 348 ingenii,

153 364 202 383 nec
217 357 359 384 mediocris
379 358 530 392 principum
545 359 641 393 gratia,
659 366 719 385 cum
744 365 802 386 arte
827 364 854 386 et
880 359 937 385 otii-

152 401 204 433 cio,
224 407 280 429 tum
303 403 468 431 Constantia:
487 403 657 431 Constantini
683 405 783 432 sororis
806 404 937 432 aliiuitate

153 453 243 484 parta.
263 448 356 476 Parem
373 450 462 477 studio
476 457 503 478 et
517 451 639 478 consiliis
659 451 793 478 hominem
807 458 839 478 eo
850 451 936 478 liben-

155 494 206 521 tius
225 495 250 521 in
273 496 418 524 arctiorem
445 498 590 525 amicitiam
609 498 721 532 recepit,
739 505 793 532 quo
807 498 888 524 altius
910 498 936 524 in

154 540 237 567 corde
253 540 367 568 deﬁxam
394 543 501 569 tenebat
527 543 650 570 eamdem
673 544 745 570 circa
769 543 816 570 Dei
840 539 936 570 Filium

155 585 331 620 impietatem.
351 587 439 621 Quare
460 589 560 616 litteris
577 590 675 624 ubique
688 590 790 622 missis,
804 589 938 624 episcopis

156 638 206 666 per
221 632 323 659 diversa
339 633 396 660 loca
423 639 516 662 auctor
538 640 589 666 est,
615 641 643 662 ut
668 636 725 662 Arii
749 635 938 668 sociorumque

156 676 305 705 doctrinam
326 683 352 705 et
367 678 438 706 facta
457 685 627 714 propugnent
643 689 650 707 :
674 679 818 708 Alexandri
839 679 937 705 invidia

155 722 192 748 ait
209 722 386 750 immerentes
406 724 497 758 pulsos
509 725 629 752 Ecclesia
649 725 739 752 fuisse.
758 725 854 752 Exstat
868 723 939 757 apud

153 767 334 796 Athanasium
351 769 392 804 (α)
414 771 532 805 epistola:
561 771 668 798 Eusebii
703 771 735 798 ad
760 771 853 797 Arium
882 770 937 796 fra-

156 819 306 848 gmentum,
319 823 371 849 quo
393 816 465 843 clare
483 816 692 850 deprehenditur
714 816 764 842 viri
790 816 913 850 impietas
930 823 937 840 :

157 868 166 883 ι
185 859 254 887 Cum
271 866 345 888 recte
359 862 474 894 sentias,
493 863 591 897 inquit,
611 869 723 897 precare
745 867 774 889 ut
791 868 885 888 omnes
901 861 935 887 ita

987 269 1043 295 Arii
1058 270 1286 297 condemnatione
1304 275 1331 298 et
1355 278 1386 298 ex
1405 270 1517 306 cpistola
1540 267 1685 296 Alexandri
1711 274 1770 296 mu-

989 315 1053 341 tuati
1084 322 1190 347 sumus,
1217 323 1271 349 quo
1301 319 1393 350 pateat
1419 319 1519 349 quanta
1545 321 1578 340 ex
1608 310 1769 340 brevissimo

987 360 1117 393 opusculo
1134 361 1214 388 rebus
1234 365 1297 388 ante
1311 360 1453 387 admodum
1463 358 1606 394 implicatis
1620 357 1665 383 lux
1681 361 1770 382 acces-

987 407 1062 434 serit.

1022 452 1050 480 4,
1069 452 1123 479 Alii
1140 452 1205 479 Aria
1220 451 1349 486 adjuncti.
1369 466 1405 472 -—
1426 450 1527 478 Praeter
1544 451 1769 477 commemorntos

988 498 1123 532 superius,
1139 498 1172 524 ad
1187 498 1281 524 Arium
1295 497 1385 524 delicit
1396 495 1553 523 Ammonius
1565 495 1685 530 quidam,
1699 493 1769 519 inter

987 544 1151 571 Arianorum
1183 544 1319 579 principes
1347 543 1444 570 exinde
1471 545 1682 569 connumeratus
1703 548 1710 566 :
1734 545 1769 564 ex

990 588 1072 625 Libya
1091 594 1180 617 autem
1208 589 1352 620 Sisinnius,
1370 592 1397 615 et
1414 587 1495 615 Seras
1510 587 1658 621 presbyter,
1672 585 1769 612 Eusta-

990 635 1061 662 thius
1081 636 1163 663 etiam
1188 635 1279 662 multis
1297 639 1357 669 post
1373 633 1451 661 annis
1465 633 1491 660 in
1509 633 1688 660 Sehastenum
1710 629 1769 664 epi-

989 689 1100 716 scopum
1128 685 1278 715 cooptatus,
1300 688 1332 707 ac
1355 679 1455 707 Basilio
1480 678 1686 706 infensissimus.
1712 674 1770 702 Arii

988 727 1110 754 doctrina
1132 727 1166 754 ab
1181 727 1359 753 adolescentia
1378 725 1471 752 imbuti
1487 728 1549 752 sunt
1565 724 1628 750 item
1643 721 1769 750 Ursacius

989 778 1016 800 et
1036 772 1135 799 Valens
1156 781 1162 798 :
1182 772 1226 806 qui
1247 771 1345 798 exinde
1362 769 1436 797 fuere
1455 769 1561 796 Arianae
1580 772 1659 795 secta:
1673 766 1769 801 primi-

990 818 1100 852 pilares,
1115 817 1318 851 Athanasioque
1334 823 1386 843 non
1400 814 1484 842 semel
1503 813 1647 849 perniciem
1667 811 1770 839 machi-

989 864 1043 890 nati
1059 868 1121 892 sunt
1138 864 1184 898 (ε).

153 907 284 933 sentiant.
309 907 399 934 Palam
423 909 495 936 enim
525 910 649 936 omnibus
675 914 725 940 est,
748 909 818 943 quod
837 908 936 934 factum
953 899 974 925 Β
1023 909 1098 936 Δικο
1118 916 1243 936 cluet-rea
1268 908 1332 936 522.
1351 922 1385 927 --
1407 907 1433 934 1.
1451 905 1567 934 Collutlti
1589 904 1710 937 aeiectio.
1733 916 1769 923 --

153 956 206 984 est,
235 960 287 980 non
311 955 447 982 exstitisse
471 959 615 989 antequam
644 955 736 984 ﬁeret:
760 955 829 988 quod
848 957 936 980 autem

154 997 254 1025 factum
283 1003 337 1030 est,
363 1000 509 1027 exsistendi
539 1001 644 1027 initium
670 1001 763 1028 habet.
784 1009 793 1026 ι
821 999 937 1026 Litteras

155 1043 218 1071 item
237 1044 363 1079 frequens
391 1046 473 1072 mittit
499 1046 532 1073 ad
556 1047 751 1076 Alexandrum.
765 1054 878 1073 monens
895 1050 934 1078 ut,

153 1096 310 1124 compressa
328 1091 480 1124 hujusmodi
510 1092 669 1126 quaestione,
692 1092 788 1118 Arium
813 1092 938 1119 admittat

153 1134 186 1161 ad
203 1136 431 1163 communionem.
450 1137 577 1171 Epistolis
603 1143 691 1165 autem
720 1138 790 1165 ultro
815 1138 938 1173 citroque

152 1184 184 1204 ea
194 1178 226 1204 de
237 1185 317 1205 causa
333 1180 422 1208 missis
440 1181 554 1212 factum.
571 1186 601 1208 ut
617 1182 810 1214 controversia,
828 1182 936 1218 Egypti

154 1223 285 1252 hactenus
311 1225 441 1254 limitibus
471 1227 694 1262 circumscripta,
723 1236 770 1262 per
799 1228 936 1256 Orientem

154 1275 240 1302 prope
257 1274 340 1297 totum
364 1278 497 1300 manaret.
522 1273 592 1300 Hinc
615 1274 692 1305 rixae,
716 1273 935 1308 disceptationes,

154 1313 272 1347 invidiae,
287 1315 354 1350 irae;
372 1317 433 1345 aliis
447 1318 487 1345 rei
508 1318 660 1351 insolentia,
674 1319 735 1346 aliis
748 1319 865 1347 novandi
881 1325 937 1347 stu-

153 1361 198 1388 dio
217 1362 370 1390 concitatis.

187 1407 215 1434 5.
231 1408 376 1435 Alexandri
393 1410 489 1438 littera
509 1419 541 1438 ae
554 1416 715 1439 Artanumo.
734 1426 769 1431 —
786 1411 938 1440 Alexander

151 1459 228 1494 vero,
253 1454 298 1487 qui
325 1454 460 1483 damnatis
485 1463 499 1483 a
525 1457 628 1494 synodo
656 1462 735 1484 sectae
759 1456 936 1491 principibus,

153 1491 269 1537 hacta")
294 1499 430 1533 haeresim,
455 1506 482 1528 et
507 1491 690 1537 compressam
718 1502 775 1530 fore
801 1502 936 1537 sperabat,

157 1549 318 1572 caete-rarum
337 1547 476 1581 regionum
501 1548 634 1583 episcopis
654 1549 740 1576 latere
754 1549 880 1582 cupiebat
895 1555 938 1575 res

152 1589 181 1617 in
196 1590 313 1626 Egypto
329 1597 428 1626 gestas,
450 1598 479 1621 ut
495 1602 528 1621 ne
552 1596 677 1629 vulgatus
693 1602 770 1622 error
785 1595 866 1622 latius
881 1602 938 1622 ser-

153 1641 233 1670 peret
253 1638 300 1671 (Ιι).
320 1637 352 1665 Ut
373 1644 463 1666 autent
487 1639 555 1666 vidit
580 1640 769 1675 ingravescere
784 1641 810 1667 in
824 1641 882 1667 dies
898 1640 938 1666 in-

153 1682 282 1710 testinum
295 1684 406 1715 malum,
421 1692 469 1711 nec
485 1685 607 1713 externis
622 1685 744 1713 hostibus
757 1686 846 1713 minus
857 1693 936 1719 quam

157 1726 315 1754 domesticis
334 1727 545 1755 Alexandrinam
558 1729 707 1756 Ecclesiam
726 1731 869 1760 laborare;
885 1730 938 1762 epi-

153 1771 224 1798 stola
241 1773 311 1804 data,
326 1774 460 1807 episcopis
489 1782 536 1808 per
553 1774 644 1801 orbem
670 1775 797 1802 omnibus
821 1774 937 1801 Alexan-

155 1817 239 1844 drina:
269 1819 364 1852 synodi
392 1823 453 1845 acta
489 1820 634 1851 renuntiat,
667 1824 799 1846 memorat
826 1819 884 1846 Arii
912 1823 939 1846 et

153 1867 320 1890 sectatorum
332 1863 390 1898 ejus
405 1864 561 1898 blasphema
579 1865 651 1892 dicta
662 1885 670 1897 ,
685 1873 745 1900 qute
761 1865 818 1892 ausi
833 1864 939 1891 fuerant

153 1907 181 1935 in
194 1913 266 1935 ccetu
287 1909 396 1936 Patrum
417 1910 539 1944 proferre
555 1918 586 1937 ac
605 1917 776 1945 propugnare
794 1921 800 1937 :
816 1914 893 1944 rogat
906 1916 940 1936 ne

154 1953 241 1987 magis
273 1953 389 1981 Eusebio
423 1956 552 1982 adversus
582 1955 720 1982 Christum
748 1955 803 1989 jam
836 1955 938 1988 pridem

155 1999 281 2026 sentienti
305 2004 333 2026 et
354 1999 554 2027 ecclesiasticas
576 2001 649 2035 leges
675 2007 724 2035 pro
749 1999 861 2027 libidine
883 2000 940 2027 vio-

154 2043 220 2070 lanti
244 2052 345 2071 morem
372 2050 478 2078 gerant,
502 2053 582 2080 quam
609 2050 648 2072 tot
674 2046 817 2080 episcopis,
843 2045 940 2080 quibus

154 2090 258 2116 sincera
278 2098 353 2117 mens
376 2091 489 2124 inesset,
509 2098 540 2118 ac
556 2099 627 2118 vera:
643 2091 705 2118 lidei
727 2092 854 2119 studium.
871 2091 939 2118 Tum

155 2140 185 2162 ut
196 2135 281 2169 major
296 2136 392 2163 litteris
410 2136 474 2162 lides
489 2141 573 2171 esset,
586 2135 756 2164 Alexandriae
774 2141 801 2162 et
815 2135 940 2163 Mareota:

155 2181 257 2208 clerum
286 2189 379 2208 rursus
396 2186 504 2216 evocat,
528 2181 619 2208 laudat
644 2181 756 2216 probum
785 2181 939 2213 consilium,

989 955 1061 982 inter
1091 955 1147 982 haec
1176 954 1305 981 intestina
1332 953 1414 985 mala,
1443 959 1512 979 novo
1539 951 1650 978 dissidio
1671 950 1769 976 misere

988 1001 1115 1028 distracta
1129 1001 1224 1027 civitas
1235 999 1414 1027 Alexandrina
1425 1002 1465 1025 est
1481 998 1529 1032 (ά).
1547 996 1683 1024 Coilutbus
1697 995 1768 1022 enim

988 1045 1141 1080 presbyter,
1168 1045 1190 1072 is
1215 1045 1281 1080 ipse,
1305 1049 1333 1071 ut
1351 1044 1522 1076 arbitramur,
1541 1041 1587 1076 qui
1604 1042 1629 1068 in
1653 1040 1769 1068 Arianos

989 1092 1063 1125 prior
1089 1090 1247 1125 suﬂ'ragium
1273 1090 1393 1124 scripsit,
1419 1093 1526 1123 arrepta
1555 1095 1588 1115 ex
1614 1086 1769 1114 conditione

989 1137 1117 1171 temporis
1141 1137 1294 1168 occasione,
1325 1143 1391 1163 ausu
1423 1134 1564 1162 temerario
1588 1138 1667 1167 atque
1695 1132 1770 1159 inso-

988 1183 1064 1215 lenti,
1086 1183 1226 1217 presbyter
1241 1190 1302 1209 cum
1317 1186 1388 1209 esset
1401 1185 1516 1212 tantum,
1531 1181 1576 1214 jus
1591 1178 1642 1207 sibi
1660 1184 1770 1212 arroga-

987 1228 1033 1255 bat
1048 1227 1300 1255 constituendorum
1329 1226 1512 1256 sacerdotum,
1538 1225 1608 1259 quod
1628 1223 1770 1258 episcopo-

988 1282 1048 1302 rum
1064 1275 1196 1302 duntaxat
1217 1280 1316 1300 munus
1332 1278 1383 1300 est.
1403 1272 1506 1299 NHCIUS
1521 1276 1609 1298 autem
1624 1273 1769 1297 sectatores

987 1328 1040 1348 non
1059 1327 1169 1355 paucos,
1188 1319 1333 1346 Alexandri
1348 1326 1408 1346 sese
1429 1318 1543 1352 imperio
1558 1315 1694 1346 subduxit,
1709 1318 1736 1341 et
1754 1321 1769 1340 a

987 1371 1060 1394 ccetu
1079 1365 1279 1393 Catholicorum
1294 1370 1390 1399 suopte
1413 1368 1486 1391 motu
1507 1367 1535 1390 et
1554 1362 1666 1390 consilio
1678 1368 1765 1396 segre-

986 1416 1075 1446 gatus,
1094 1411 1222 1445 despecto
1236 1410 1370 1445 pontillcis
1388 1415 1465 1442 nutu,
1481 1416 1544 1436 suas
1562 1407 1613 1435 simi
1634 1406 1763 1441 regendas

987 1456 1121 1484 Ecclesias
1145 1456 1280 1490 ascripsit.
1309 1455 1402 1482 Ariani
1431 1462 1508 1487 vero,
1529 1454 1575 1489 qui
1596 1453 1713 1480 nondum
1743 1451 1770 1478 in

988 1502 1058 1529 banc
1089 1505 1269 1537 proruperant
1299 1500 1462 1532 audaciam,
1492 1498 1608 1526 Colluthi
1636 1495 1770 1530 exemplo,

988 1547 1119 1581 ccclesiis,
1137 1554 1185 1575 seu
1210 1547 1311 1582 potius,
1334 1551 1364 1573 ut
1388 1546 1426 1573 ait
1450 1545 1612 1576 Alexander,
1637 1541 1771 1577 spelttncis

989 1593 1124 1622 latronum
1156 1593 1206 1621 sibi
1233 1592 1406 1623 constructis,
1430 1591 1486 1625 jam
1513 1589 1659 1624 separatim
1685 1592 1771 1615 coetus

989 1647 1069 1674 agere
1091 1643 1243 1673 coeperunt.
1275 1638 1344 1665 Tum
1377 1637 1415 1664 illi
1442 1641 1520 1664 nocte
1546 1635 1642 1669 dieque
1668 1633 1772 1661 calum-

989 1685 1042 1712 niis
1069 1685 1095 1712 in
1127 1684 1276 1712 Ecclesium
1306 1682 1467 1718 spargendis
1495 1680 1651 1715 advigilare,
1679 1677 1771 1706 turbas

993 1729 1068 1760 dare,
1085 1729 1233 1755 seditiones
1256 1735 1374 1758 movere,
1394 1726 1535 1752 mulierum
1554 1724 1638 1750 virilis
1652 1723 1771 1748 audaciae

993 1780 1088 1808 opera,
1118 1773 1218 1807 probos
1241 1771 1370 1805 [rogique
1393 1770 1466 1797 viros
1491 1769 1518 1796 in
1539 1767 1601 1802 jus,
1629 1767 1656 1794 in
1683 1766 1771 1794 l’orum

990 1825 1100 1849 vocare,
1114 1819 1216 1852 probro
1233 1821 1314 1851 atque
1336 1815 1447 1843 infamia
1469 1814 1621 1841 universam
1642 1820 1773 1847 consper-

990 1870 1054 1898 gere
1080 1862 1241 1890 Ecclesium.
1271 1861 1340 1888 Hinc
1368 1859 1511 1891 tumultus,
1539 1859 1771 1891 concursationes,

990 1908 1114 1940 dissidia,
1132 1907 1208 1941 rixae,
1231 1907 1364 1939 virorum,
1381 1903 1770 1938 mulierum,juvencularum:

991 1961 1050 1989 qua:
1072 1954 1186 1988 turpiter
1207 1956 1234 1979 et
1255 1953 1382 1979 indecore
1405 1955 1481 1986 gesta
1503 1950 1695 1977 cachinnorum
1714 1956 1773 1976 ma-

991 2001 1072 2028 teries
1100 2000 1176 2026 fuere
1199 1997 1355 2034 gentilibus,
1383 1997 1480 2031 quibus
1509 1995 1606 2023 fabula:
1626 2000 1773 2029 argumen-

992 2051 1047 2073 tum
1063 2045 1156 2072 isthaac
1172 2048 1251 2071 erant
1275 2043 1302 2070 in
1333 2043 1422 2070 scenis
1448 2041 1570 2076 ludisque
1586 2040 1710 2075 publicis,
1727 2039 1773 2066 ubi

993 2092 1123 2128 mysteria
1140 2090 1303 2119 Christianae
1322 2089 1461 2125 religionis
1476 2088 1580 2116 traduci
1593 2091 1620 2115 et
1636 2086 1716 2114 rideri
1731 2085 1772 2112 vi-

990 2138 1054 2164 dere
1068 2141 1136 2164 erat.

1026 2184 1055 2210 2.
1081 2183 1163 2210 Arius
1189 2182 1319 2216 demigral
1342 2189 1369 2208 ιη
1390 2179 1572 2207 Ραιιειιίηαηι.
1599 2175 1702 2203 ——Sub
1716 2175 1774 2202 haec

155 2228 328 2262 animumque
349 2228 407 2261 Paci
431 2233 458 2254 ει
480 2227 631 2254 εοῐιυοτάίίῐέ
654 2227 802 2259 addictum.
819 2231 909 2254 mone!
925 2234 940 2253 ε
956 2237 978 2263 ι)
993 2230 1085 2262 Arius,
1097 2229 1201 2256 Achilla
1218 2228 1330 2259 comite,
1348 2227 1483 2261 demigrat
1496 2225 1523 2251 in
1541 2222 1720 2251 Palaestinam.
1734 2219 1775 2248 Ne

155 2281 185 2307 re
199 2273 266 2306 fore,
283 2278 311 2300 ut
337 2274 456 2308 epistola:
476 2273 601 2299 omnibus
622 2273 722 2307 ubique
738 2273 858 2299 locorum
883 2272 940 2305 epi-

155 2319 245 2352 scopis
262 2319 400 2346 mittendaa
427 2319 529 2345 addant
545 2317 682 2352 sull‘ragia,
712 2325 816 2344 necnon
834 2318 941 2345 abdica-

155 2364 256 2395 cationi
282 2365 456 2398 Arianorum,
479 2364 559 2393 etiam
582 2372 688 2396 eorum,
713 2363 758 2398 qui
775 2368 834 2398 post
858 2364 940 2391 latam

155 2410 316 2437 sententiam
341 2410 528 2437 descivissent.
552 2409 704 2445 Presbyteri
723 2411 804 2445 igitur
826 2411 941 2438 Alexan-

155 2455 227 2482 drini
248 2455 451 2488 septemdecim,
472 2455 542 2482 inter
558 2462 625 2489 quos
639 2455 741 2490 primas
760 2460 832 2482 tenet
853 2456 941 2483 Collu-

156 2502 236 2533 tltus;
253 2501 358 2528 diaconi
374 2506 489 2535 quatuor
500 2506 525 2528 et
537 2501 641 2535 viginti,
659 2502 684 2527 in
698 2509 811 2536 quorum
830 2510 942 2530 numero

155 2546 209 2573 duo
226 2551 385 2580 comparent
402 2546 554 2578 Athanasii,
568 2554 716 2581 eorumque
729 2547 859 2574 alteruter
874 2548 896 2575 is
909 2548 942 2575 de

156 2599 209 2626 quo
225 2592 329 2625 agimus
355 2596 406 2625 est,
432 2592 496 2619 item
524 2600 557 2619 ex
577 2592 695 2620 Mareote
725 2593 874 2629 presbyteri
892 2601 940 2620 no-

155 2636 317 2670 vemdecim,
339 2637 443 2664 diaconi
470 2637 575 2671 viginti,
592 2637 706 2665 antistiti
725 2637 940 2672 obtemperantes

154 2683 276 2718 epistola:
305 2682 434 2718 suffragia
462 2684 610 2711 ascribunt.
637 2683 714 2712 lluuc
741 2692 821 2719 porro
849 2692 938 2711 rerum

192 2772 229 2845 ξπ)
250 2772 335 2804 Epist.
349 2773 389 2801 De
403 2776 520 2809 synodis,
536 2783 563 2802 ιι.
577 2774 621 2801 17.

205 2807 231 2845 ρ)
253 2809 335 2842 Epist.
369 2810 512 2838 Alexandri
529 2831 536 2842 ,
575 2819 600 2837 n.

156 2807 231 2870 Arg?)
253 2809 335 2842 Epist.
369 2807 536 2842 Alexandri,
575 2819 600 2837 n.
631 2810 655 2842 Ι,
687 2815 713 2837 et
740 2810 766 2837 in
796 2810 939 2837 condemn.

192 2879 228 2913 με)
254 2876 316 2903 Atii.
344 2879 390 2912 Ep.
419 2879 545 2917 cncyclic.
577 2883 608 2906 ad
632 2887 726 2915 episc..
761 2889 786 2908 n.
816 2880 848 2912 7',
877 2879 938 2907 llic-

994 2280 1081 2310 posset
1097 2275 1167 2302 enim
1188 2273 1358 2302 Alexandriae
1375 2273 1475 2300 diutius
1492 2271 1650 2300 consistere,
1666 2266 1775 2295 vetabat

993 2321 1142 2348 Alexandri
1159 2320 1314 2348 sollicitudo
1334 2319 1360 2346 in
1387 2318 1508 2346 fovendis
1528 2317 1607 2345 rebus
1623 2313 1773 2345 catholicis,

993 2371 1021 2393 et
1037 2365 1195 2393 coercendis
1214 2365 1404 2392 seditiosorum
1421 2363 1569 2390 conatibus.
1586 2361 1614 2388 In
1630 2357 1775 2387 Palaestina

993 2412 1076 2447 igitur
1094 2412 1261 2446 aliquantum
1283 2415 1416 2442 moratus,
1435 2417 1489 2436 non
1505 2409 1647 2436 immemor
1665 2410 1774 2432 vetera—

995 2458 1070 2485 toris:
1088 2458 1167 2488 artis,
1191 2456 1321 2484 ementita
1337 2455 1446 2489 pietatis
1463 2454 1570 2488 specie,
1587 2452 1773 2486 episcoporum

993 2504 1114 2539 regionis
1125 2503 1238 2538 gratiam
1253 2502 1323 2529 inire
1337 2501 1459 2528 tentahat
1472 2508 1478 2526 :
1493 2504 1520 2526 et
1534 2506 1587 2534 qua
1599 2497 1689 2524 aditus
1700 2497 1774 2522 esset

993 2548 1159 2581 observans,
1180 2546 1278 2574 litteris
1294 2551 1321 2573 et
1342 2545 1484 2580 colloquiis
1508 2543 1650 2579 praesulum
1669 2541 1773 2568 animos

993 2593 1194 2628 experiebatur,
1213 2599 1306 2627 pacem
1324 2591 1400 2618 aiens
1413 2597 1440 2617 et
1458 2588 1631 2617 concordiam
1648 2586 1776 2614 Ecclesia:

993 2639 1069 2667 cordi
1090 2639 1140 2666 sibi
1166 2646 1273 2672 semper
1288 2637 1388 2670 fuisse,
1404 2636 1450 2664 sed
1465 2636 1550 2662 livore
1567 2632 1713 2661 Alexandri
1730 2639 1773 2659 se-

993 2692 1045 2719 que
1059 2691 1176 2718 suosque
1191 2683 1275 2711 solum
1289 2687 1396 2710 vertere
1410 2685 1530 2709 coactos.
1543 2679 1695 2707 Doctrinam
1710 2684 1775 2704 vero

996 2773 1185 2808 ron.,Dialog.
1212 2778 1304 2801 contra
1332 2771 1537 2806 Luciferianoa;
1568 2769 1661 2802 Basil.,
1693 2767 1772 2803 epist.

994 2810 1069 2878 ⁷4((1)
1089 2843 1261 2875 Tlieodorrt.,
1278 2843 1324 2871 lib.
1341 2851 1360 2875 t,
1377 2849 1401 2870 c.
1418 2842 1451 2875 ις
1474 2841 1573 2869 Aman.
1592 2839 1668 2875 Apol.
1684 2843 1774 2866 contra

992 2881 1095 2907 Arium.
1112 2887 1137 2906 ιι.
1153 2879 1198 2906 76.
