2000 3045
191 139 194 143 ’
211 147 272 169 thv

898 120 1165 168 pautaconem.
1190 156 1191 159 η

211 205 288 225 suam
304 204 357 225 non
372 204 425 233 qua
441 197 548 225 ratione
561 197 733 226 Alexandria
749 197 902 234 evulgarat,
917 205 1000 233 expo-
1013 200 1036 228 Α
1054 199 1208 233 reciperent
1233 197 1341 231 Arium,
1357 196 1403 224 alii
1422 203 1455 224 ex
1480 203 1570 224 rerum
1596 199 1732 230 gestarum
1759 195 1835 230 igno-

212 243 285 276 suit;
305 243 352 271 sed
375 243 531 278 blasphema
549 243 621 270 dicta
642 244 741 278 partim
760 244 867 272 silentio
891 249 997 279 tegere,

213 288 312 323 partim
328 287 427 316 fucatis
444 288 535 315 verbis
556 287 673 316 delinire
690 289 841 324 satagebat.
861 297 915 324 quo
930 288 999 316 late-

214 339 256 363 ret
276 335 425 370 impietatis
438 335 522 362 virus.
539 333 587 362 His
606 335 652 362 ille
669 335 774 362 artibus
786 355 794 367 ,
810 335 862 362 hac
875 334 998 366 vafritie,

214 389 268 408 non
296 388 416 416 paucos,
451 387 501 409 nec
531 380 663 415 ignobiles
695 381 837 415 episcopos
871 381 1000 408 conciliat

213 420 328 462 silii'(a),
346 426 487 454 Paulinum
502 434 598 461 nempe
615 426 738 461 Tyrium,
753 426 896 453 Eusebium
911 426 1001 453 Caesa-

215 472 331 499 riensem
342 491 349 504 ,
372 479 460 506 neque
478 472 515 498 ita
532 472 620 499 multo
640 477 700 506 post
716 471 885 499 Theodotum
901 472 1001 499 Laodi-

214 525 324 550 cenum,
340 518 520 545 Athanasium
532 518 765 551 Anazarbensem,
780 518 940 553 Gregorium
953 519 1002 546 Be-

214 566 368 599 rytensem,
390 564 498 590 Aetium
519 562 742 598 Diospolitanum.
761 563 816 591 Nec
830 564 940 592 defuere
962 569 1002 591 ta-

214 616 276 636 men
299 608 398 644 quibus
411 609 493 636 Arius
510 609 592 637 verba
615 610 679 637 dare
695 617 749 636 non
764 610 862 645 potuit.
886 610 905 637 li
924 615 1002 638 erant

214 661 310 686 senes,
330 654 379 682 viri
403 662 520 689 graves,
538 663 626 690 neque
646 656 822 684 novatoribus
845 657 1001 691 opportuni,

214 701 261 735 qui
286 705 421 734 przecauta
442 701 466 727 vi
491 701 642 736 ingruentis
661 702 736 734 mali,
754 707 887 730 curarunt
902 707 930 730 ut
948 711 1000 730 non

215 746 297 773 modo
310 746 374 778 sibi,
392 746 439 774 sed
457 754 491 774 ne
506 747 577 774 notis
592 747 676 774 etiam
692 747 791 774 damno
806 747 878 775 foret
893 749 1004 783 pestile-

215 798 308 818 rorum
331 791 469 818 hominum
485 791 585 819 aditus.
602 790 669 819 Tres
689 792 877 827 hujuscemodi
898 801 1002 821 memo-

216 842 313 864 rantur
337 837 371 864 ab
387 838 453 864 Ario
476 837 502 865 in
520 838 635 872 cpistola
654 838 687 865 ad
710 838 858 866 Eusebium
874 839 1002 868 Nicome-

215 883 347 915 diensem,
361 871 544 919 Philogonius
556 883 753 916 Antiocbeuus,
772 884 907 913 Macarius
924 886 1002 914 Jero-
1018 871 1040 899 Β

215 927 405 963 solymitanus,
422 933 449 956 et
472 928 628 956 Hellanicus
645 929 830 964 Tripolitanus
842 951 850 964 ,
872 939 941 965 quos
959 931 1004 959 ille

215 975 348 1003 conviciis
360 975 511 1003 insectatur
530 980 558 1003 el.
572 976 741 1004 maledictis:
757 977 825 1005 alios
838 983 942 1009 contra,
958 979 1004 1013 qui

216 1028 328 1055 operam
345 1021 395 1048 sibi
410 1022 626 1054 commodarent,
645 1022 686 1049 vel
709 1022 895 1055 immerentes,
916 1023 1004 1051 laudi-

217 1065 268 1093 bus
291 1066 324 1092 ad
347 1066 444 1094 caelum
471 1067 549 1094 tollit.
572 1067 638 1094 Eam
663 1068 803 1102 epistolam
829 1077 877 1104 per
892 1069 1004 1096 Ammo-

217 1110 304 1142 nium,
318 1118 399 1144 quem
415 1111 527 1139 honoris
544 1119 625 1140 causa
643 1112 750 1141 Patrem
772 1113 816 1141 ille
836 1122 914 1142 suum
928 1116 1004 1148 dicit,

217 1162 279 1182 cum
297 1157 391 1184 eodem
414 1157 512 1185 itinere
534 1157 699 1185 Alexandria
721 1158 748 1185 iu
766 1158 921 1194 Bithyniam
944 1168 1006 1195 pro-

217 1206 337 1236 peraret,
363 1202 436 1230 misit
458 1202 576 1231 Eusebio
599 1203 810 1238 Nicomediensi,
826 1213 906 1240 quem
929 1214 1005 1234 com-

218 1248 298 1282 pellat
313 1249 391 1276 titulo
406 1249 455 1276 oiri
477 1249 543 1281 Dei,
566 1253 594 1276 et
606 1249 669 1284 ﬁdei
690 1250 847 1285 defensoris,
873 1259 1006 1288 vocatque

217 1292 446 1320 Collucianistam.
468 1294 531 1329 quia
543 1294 638 1322 eodem
654 1296 786 1329 magistro
799 1296 921 1325 Luciano
935 1306 1007 1326 mar-

218 1343 279 1374 tyre
294 1338 444 1374 disciplinis
458 1340 630 1368 addiscendis
643 1341 722 1368 ambo
735 1342 872 1370 dedissent
884 1351 1005 1378 operam.

218 1384 251 1412 Et
269 1392 332 1412 vero
345 1392 379 1412 ex
392 1385 504 1413 Luciani
525 1386 667 1421 discipulis
681 1394 734 1414 non
746 1388 826 1422 pauci
845 1389 878 1416 ad
891 1389 1008 1418 Arianos

218 1430 367 1458 descivere.
384 1431 517 1460 Eusebius
533 1439 609 1466 vero,
626 1431 744 1468 ﬂagrans
758 1434 884 1469 cupidine
899 1443 1006 1470 promo-

217 1481 312 1508 venda:
333 1486 416 1508 secta!
432 1483 475 1509 cui
493 1490 591 1510 nomen
614 1483 745 1514 dedisset,
764 1490 813 1518 par
830 1482 857 1509 in
874 1483 935 1509 aliis
951 1487 1008 1510 stu-

218 1526 291 1553 dium
306 1527 450 1561 expetebat
464 1539 470 1555 :
487 1534 659 1556 cunctantem
671 1533 699 1556 et
712 1536 781 1563 pene
795 1528 927 1556 incertum
942 1536 1008 1556 con-
1022 1542 1043 1570 ο

217 1572 270 1600 silii
289 1580 404 1601 cernens
422 1573 566 1600 Paulinum
584 1574 707 1609 Tyrium,
724 1574 816 1602 missis
831 1574 930 1601 litteris
945 1582 1006 1602 car.-

218 1619 257 1653 pit
272 1618 320 1655 (b),
340 1620 446 1647 animos
465 1620 539 1652 facit,
553 1624 585 1647 ut
602 1627 662 1648 rem
680 1620 821 1648 ardentius
836 1620 1010 1655 aggrediatur

217 1669 320 1693 manet.
333 1664 382 1693 Cui
395 1665 512 1700 gessisse
528 1673 629 1693 morem
643 1665 772 1694 Paulinus
783 1673 816 1694 ex
829 1666 863 1693 iis
876 1673 937 1701 qua:
948 1671 1010 1694 sunt

218 1713 364 1736 consecuta
377 1709 600 1744 deprehenditur.

253 1754 280 1782 3.
300 1753 379 1781 Gesta
400 1753 544 1782 Alexandri
567 1759 658 1781 contra
674 1754 775 1782 Arium.
798 1768 835 1775 —
854 1753 1009 1782 Secundum

217 1800 276 1828 haec
297 1800 462 1833 Alexander,
488 1808 550 1828 cum
577 1808 689 1828 rumore
711 1801 807 1828 nuntio
832 1801 1010 1835 comperisset

219 1845 308 1872 nullas
322 1852 375 1872 non
393 1845 512 1876 fraudes,
529 1845 602 1872 nulla
616 1854 668 1872 non
686 1846 804 1873 artiﬁcia
821 1846 915 1874 Arium
930 1847 1010 1874 adhi-

217 1891 301 1923 bere;
315 1891 452 1918 excubare
466 1891 492 1918 in
507 1891 565 1918 dies
581 1891 615 1918 ad
628 1899 723 1918 omnes
746 1892 849 1919 erroris
863 1892 1009 1927 spargendi

219 1937 388 1968 occasiones,
408 1936 552 1970 praesulum
576 1940 768 1963 extraneorum
791 1936 873 1963 ﬁdem
893 1941 1009 1968 tentare,

220 1984 329 2014 captare
352 1979 579 2014 benevolentiam,
604 1980 661 2016 jam
688 1981 788 2008 multos
810 1989 871 2009 esse
894 1987 956 2009 astu
983 1986 1010 2009 et

220 2025 282 2053 dolo
299 2025 417 2053 hominis
440 2026 639 2053 circumventos
654 2033 662 2053 :
678 2030 707 2053 nt
722 2027 858 2061 grassanti
877 2026 949 2054 malo
964 2034 1010 2054 oc-

220 2075 360 2106 curreret,
381 2071 512 2105 epistolas
529 2071 603 2098 misit
616 2072 649 2099 ad
672 2071 824 2106 permultos
844 2071 942 2106 ubique
954 2077 1009 2100 ter-

220 2126 312 2146 rarum
327 2118 468 2153 episcopos
479 2139 487 2151 ,
506 2126 573 2153 quas
589 2118 627 2145 ait
643 2117 810 2153 Epiphanius
821 2118 857 2154 (ε)
879 2119 915 2146 ad
930 2126 1008 2147 suum

220 2173 307 2200 usque
326 2169 430 2199 tempus
447 2165 630 2192 studiosorum
654 2172 720 2192 cura
737 2170 908 2198 asservatas,
924 2171 953 2192 ut
973 2166 1008 2194 iis

1053 243 1157 276 rantia;
1188 249 1252 278 pars
1280 242 1340 276 ejus
1365 242 1398 268 ad
1425 247 1520 268 sanam
1548 244 1663 268 mentem
1693 239 1835 268 revocandi

1052 288 1154 321 studio,
1179 287 1324 315 admisisse
1345 287 1432 314 virum
1452 295 1459 313 :
1478 288 1585 314 demum
1607 286 1739 319 nonnulli,
1764 285 1836 320 quod

1053 339 1145 362 essent
1157 334 1223 361 Ario
1234 333 1383 368 impensius
1393 333 1506 365 addicti,
1521 333 1644 360 simulata
1661 332 1755 360 mutati
1770 339 1836 359 con-

1054 381 1106 409 silii
1123 381 1199 416 signa
1217 381 1358 408 dederunt.

1087 427 1114 455 6.
1136 427 1216 454 Arius
1230 426 1412 453 Nicomediam
1429 426 1502 460 petit.
1525 425 1634 454 Initium
1651 425 1705 451 adii
1724 424 1838 452 Ariano-

1053 482 1110 501 rum
1137 474 1166 500 in
1190 472 1377 500 Athanasium.
1403 487 1438 492 —
1461 472 1518 499 Non
1551 471 1652 499 frustra
1678 471 1748 498 datte
1776 474 1839 497 sunt

1052 518 1198 547 Alexandri
1226 518 1323 545 litterae
1344 518 1408 553 (d):
1434 517 1515 545 Arius
1538 518 1621 550 enim,
1646 524 1708 544 cum
1738 515 1837 543 multos

1052 565 1240 598 episcoporum
1266 570 1359 590 errore
1384 563 1501 598 pristino
1527 562 1630 590 levatos
1647 566 1782 592 cerneret,
1805 569 1839 588 ac

1052 611 1097 637 vix
1117 609 1253 644 quidpiam
1273 609 1323 636 loci
1341 609 1477 636 residuum
1495 609 1544 636 sibi
1565 616 1626 636 esse
1643 608 1747 636 videret
1764 607 1834 641 apud

1053 656 1221 688 Palaestinos,
1237 662 1353 690 quorum
1368 655 1486 682 maxima
1506 662 1570 689 pars
1588 654 1724 681 hominem
1742 653 1840 680 ﬁnibus

1052 702 1158 738 pulsum
1180 702 1236 729 suis
1251 701 1429 736 exoptabant,
1443 701 1476 728 ad
1492 701 1636 728 Eusebium
1655 699 1842 727 Nicomedien-

1053 755 1109 775 sem
1126 755 1156 774 se
1169 747 1313 781 proripuit,
1326 753 1413 781 neque
1427 745 1516 773 dubia:
1528 753 1615 780 neque
1629 745 1764 772 nascentis
1778 743 1840 771 ﬁdei

1054 793 1180 820 amicum.
1199 792 1232 819 Et
1249 799 1313 819 vero
1327 791 1372 819 illo
1389 791 1445 819 Arii
1462 792 1580 819 reditum
1598 791 1791 818 Alexandriam
1807 790 1844 817 ab

1054 839 1223 870 Alexandro,
1245 839 1335 866 missis
1355 839 1465 872 litteris,
1495 839 1641 873 impetrare
1665 837 1776 869 nititur;
1793 843 1841 864 cu-

1056 890 1151 920 ratque
1172 885 1242 912 inter
1263 885 1358 913 ambos
1378 892 1473 920 pacem
1490 889 1517 912 et
1535 883 1733 912 communionis
1750 883 1842 910 socie-

1056 936 1138 959 tatem
1155 931 1348 965 redintegrare.
1367 931 1402 957 At
1420 931 1509 958 induci
1523 937 1576 957 non
1591 930 1677 964 potuit
1689 929 1844 956 Alexander

1055 981 1085 1005 ut
1099 977 1166 1004 tanti
1183 977 1316 1004 artiﬁcem
1332 976 1408 1009 mali,
1422 976 1538 1003 necdum
1553 980 1696 1010 pertaesum
1709 982 1741 1001 ac
1755 974 1843 1008 pteni-

1057 1027 1156 1051 tentem
1179 1022 1324 1054 factorum,
1347 1023 1373 1048 in
1399 1021 1544 1056 pristinum
1565 1021 1654 1048 locum
1676 1021 1842 1047 restitueret.

1056 1069 1122 1096 Erat
1141 1075 1173 1095 eo
1189 1073 1309 1101 tempore
1325 1067 1490 1095 Athanasius
1507 1071 1600 1094 noster
1623 1067 1750 1101 episcopo
1765 1065 1844 1092 fami-

1056 1115 1219 1143 liarissimus
1231 1123 1238 1148 ;
1248 1115 1294 1149 qui
1306 1122 1366 1142 cum
1381 1114 1413 1141 ad
1424 1112 1578 1147 huiusmodi
1592 1113 1660 1140 bella
1674 1112 1843 1140 conﬁcienda

1057 1162 1148 1189 divino
1167 1162 1281 1196 quodam
1307 1159 1422 1188 consilio
1439 1164 1517 1187 natus
1533 1166 1598 1187 esse
1615 1159 1762 1190 videretur,
1785 1158 1841 1191 jam

1057 1215 1117 1234 cum
1135 1207 1264 1241 episcopo
1282 1213 1342 1239 suo,
1359 1205 1579 1239 conspirantibus
1594 1204 1705 1237 animis,
1728 1203 1848 1231 arcendo

1057 1252 1248 1281 haereticorum
1272 1252 1383 1286 impetui
1405 1251 1486 1278 dabat
1504 1258 1626 1286 operam.
1652 1250 1708 1277 Nec
1728 1249 1846 1284 fugiebat

1056 1298 1172 1326 Arianos
1193 1297 1370 1325 Athanasium
1387 1304 1401 1323 a
1420 1296 1542 1324 consiliis
1565 1295 1728 1326 Alexandro,
1753 1298 1846 1321 aucto-

1058 1351 1170 1379 remque
1190 1351 1250 1371 esse
1268 1343 1381 1378 negandi
1396 1342 1462 1369 Ario
1483 1341 1571 1369 aditus
1587 1339 1633 1377 (e).
1657 1340 1748 1374 Quare
1769 1347 1847 1367 acer-

1059 1389 1128 1416 rimo
1144 1389 1172 1416 in
1189 1396 1250 1416 eum
1275 1389 1338 1416 odio
1354 1387 1476 1420 incensi,
1494 1386 1619 1414 exsilium
1649 1390 1744 1420 postea
1764 1389 1850 1419 atque

1058 1434 1206 1470 perniciem
1229 1434 1278 1469 ipsi
1293 1441 1345 1461 non
1364 1432 1451 1460 semel
1473 1431 1622 1459 machinati
1638 1436 1711 1458 sunt.

1093 1480 1168 1507 Anno
1186 1486 1313 1507 cmcrrsa
1332 1478 1396 1506 525.
1418 1491 1454 1498 -—
1480 1477 1507 1504 Ι.
1525 1476 1604 1503 Arius
1624 1481 1648 1503 et
1665 1475 1771 1503 asseclc
1788 1475 1848 1502 mit-

1060 1529 1116 1551 tunt
1135 1524 1170 1551 ad
1186 1524 1367 1551 Alexandrum
1384 1523 1498 1551 litteras.
1522 1522 1625 1550 THALIA
1648 1521 1717 1548 Arii.
1730 1535 1765 1541 --
1781 1521 1848 1548 Dum

1062 1571 1226 1599 Nicomedia:
1240 1579 1301 1598 cum
1326 1569 1443 1597 Eusebio
1466 1569 1522 1605 agit
1535 1568 1627 1602 Arius,
1645 1575 1707 1596 cum
1726 1575 1774 1603 per
1791 1566 1850 1600 ejus

1061 1617 1174 1652 gratiam
1199 1621 1226 1644 et
1248 1615 1430 1651 patrocinium
1447 1614 1552 1648 liceret,
1576 1613 1716 1642 erroribus
1739 1613 1851 1640 liberius

1062 1662 1222 1698 spargendis
1248 1661 1379 1693 vacabat;
1415 1665 1496 1695 atque
1525 1659 1679 1687 Alexandro
1708 1658 1850 1693 epistolam

1061 1708 1136 1735 misit
1157 1715 1207 1735 suo
1231 1713 1399 1742 suorumque
1418 1707 1528 1734 nomine
1553 1708 1642 1733 datam
1658 1705 1703 1741 (Ῑ),
1722 1712 1774 1740 qua
1795 1711 1850 1732 non

1061 1754 1142 1782 modo
1155 1753 1322 1788 impietatem
1338 1753 1435 1780 nudam
1453 1759 1485 1779 ac
1504 1752 1577 1779 nullo
1590 1752 1728 1778 delinitam
1751 1751 1848 1778 verbov

1060 1808 1120 1828 rum
1147 1799 1239 1828 colore
1265 1799 1405 1834 aperiunt,
1435 1806 1530 1826 verum
1558 1798 1640 1826 etiam
1665 1805 1694 1825 se
1717 1797 1849 1831 ejusmodi

1062 1846 1145 1873 verba
1158 1845 1192 1873 ab
1207 1845 1267 1880 ipso
1283 1845 1438 1873 Alexandro
1451 1845 1537 1872 media
1554 1844 1580 1870 in
1592 1843 1707 1871 ecclesia
1723 1843 1851 1878 loquente

1061 1892 1201 1928 accepisse
1218 1892 1398 1919 mentiuntur.
1417 1890 1486 1918 Huic
1506 1898 1590 1926 porro
1611 1890 1734 1925 epistolae
1753 1889 1852 1917 suﬁ‘ra-

1062 1939 1105 1973 gia
1122 1938 1306 1972 ascripserunt
1331 1937 1425 1964 Ariani
1442 1936 1611 1971 complures,
1638 1936 1692 1963 imo
1717 1936 1770 1963 duo
1792 1935 1850 1969 epi-

1062 1984 1136 2018 scopi
1158 1984 1229 2019 apud
1254 1983 1446 2018 Epiphanium,
1467 1982 1608 2010 Secundus
1630 1982 1735 2008 scilicet
1758 1981 1849 2009 Ptole-

1063 2030 1160 2057 maidis
1185 2033 1214 2057 et
1230 2028 1357 2056 Theonas
1379 2027 1564 2055 Marmarices.
1593 2027 1667 2060 Quos
1688 2032 1776 2054 tamen
1803 2027 1848 2054 vix

1063 2075 1234 2103 existimetur
1255 2080 1312 2101 tum
1328 2073 1491 2101 Nicomediae
1507 2073 1630 2108 degisse;
1655 2074 1702 2100 sed
1727 2080 1791 2100 vero
1808 2073 1849 2100 si-

1063 2122 1153 2149 milius
1166 2124 1209 2147 est
1223 2123 1317 2147 nactos
1332 2119 1405 2146 illam
1427 2119 1581 2155 epistolam,
1601 2125 1744 2154 postquam
1767 2119 1848 2146 missa

1064 2166 1127 2198 fuit,
1153 2165 1286 2193 muniisse
1313 2164 1512 2199 subscriptione
1541 2172 1588 2192 sua
1615 2163 1663 2200 (y).
1687 2163 1850 2191 Nicomediae

222 2217 266 2238 res
288 2209 327 2237 uti
353 2214 435 2244 gestae
460 2209 575 2237 fuissent
601 2210 737 2244 aperiret,
761 2215 843 2245 atque
870 2218 923 2238 una
952 2211 1009 2239 Arii
1026 2212 1128 2247 Ditem
1143 2212 1224 2239 Arius
1244 2211 1443 2239 exsecrandum
1458 2218 1525 2246 opus
1538 2211 1631 2242 edidit,
1646 2210 1716 2246 quod
1728 2209 1850 2235 Thaliam

220 2255 345 2283 fraudem
365 2260 393 2283 et
406 2255 584 2289 impietatem.
608 2254 794 2283 Memorantur
807 2255 841 2282 ab
858 2255 1010 2290 Epiphanio

221 2302 320 2337 quibus
344 2301 499 2335 huiusmodi
524 2301 644 2336 epistolae
669 2302 760 2329 missa:
775 2307 850 2335 sunt,
876 2302 1010 2330 Eusebius

221 2348 348 2375 nimirum
373 2347 570 2381 Caesariensis,
595 2346 731 2374 Macarius
747 2347 1008 2383 Jerosolymitanus,

220 2392 362 2428 Asclepius
376 2400 424 2420 seu
442 2392 573 2427 Asclepas
586 2392 729 2426 Gazensis,
745 2392 883 2428 Longinus
897 2393 1009 2420 Ascalo-

221 2440 323 2472 nensis,
342 2439 478 2467 Macrinus
494 2439 676 2472 Jamniensis,
698 2439 772 2467 Zeno
792 2439 903 2474 quidam
926 2447 1010 2468 senex

220 2487 302 2514 homo
324 2486 440 2522 Tyrius,
468 2493 523 2513 non
550 2486 657 2520 quidem
683 2486 826 2520 episcopus
849 2485 932 2521 Tyri;
959 2486 1010 2514 nisi

222 2531 339 2559 fortasse
355 2532 432 2559 senio
447 2531 600 2564 conlectus,
612 2530 770 2566 fractusque
781 2531 893 2564 viribus,
914 2539 1012 2560 munus

220 2577 374 2612 episcopale
394 2577 506 2605 Paulino
526 2577 664 2606 detulerit.
681 2577 827 2605 Alexandri
850 2577 947 2605 litteris
960 2585 1008 2605 ac-

221 2624 308 2656 ceptis
327 2624 466 2659 praesules,
487 2628 518 2651 ut
543 2624 674 2659 cujusque
698 2623 802 2651 ferebat
822 2624 940 2656 animus,
967 2631 1010 2651 re-

222 2670 350 2706 sponium
363 2670 474 2704 dedere,
491 2671 548 2704 alii,
568 2671 759 2699 commissuros
772 2677 802 2699 se
819 2677 962 2706 nunquam
979 2675 1010 2698 ut

259 2752 298 2787 (α)
312 2753 400 2787 Epist.
410 2753 573 2786 Alexandri;
586 2753 705 2787 Socrat.,
722 2752 758 2780 l.|
774 2772 783 2787 ,
794 2759 818 2780 c.
831 2752 857 2781 6.

260 2788 297 2824 (ὸ)
309 2789 466 2824 '[heodoret
493 2788 509 2815 l.
527 2796 545 2820 ι,
559 2797 583 2816 c.
599 2788 625 2815 6.

261 2820 297 2859 (ε)
313 2822 445 2859 Epiphan.
461 2824 526 2850 ham
539 2832 614 2851 uix.

262 2860 302 2893 (di
316 2858 447 2893 Epiphan.
464 2859 528 2887 hear.
547 2866 621 2886 uix.

1063 2257 1211 2293 inscripsit,
1226 2258 1271 2285 ubi
1285 2257 1411 2285 Sotadem
1428 2257 1562 2292 impurum
1575 2262 1682 2292 poetam
1693 2255 1851 2292 Egyptium

1063 2305 1200 2337 imitatus,
1213 2303 1373 2332 eﬁeminatis
1391 2303 1552 2338 quibusdam
1571 2310 1604 2331 ac
1622 2302 1743 2330 ridiculis
1765 2302 1851 2329 modis

1062 2351 1196 2386 penitiora
1211 2350 1375 2378 Christianae
1391 2349 1530 2384 religionis
1541 2356 1641 2377 arcana
1655 2349 1793 2381 versabat,
1806 2348 1851 2375 ad-

1062 2397 1142 2424 misto
1153 2403 1276 2424 errorum
1291 2403 1404 2423 veneno.
1425 2395 1480 2423 Nec
1493 2399 1575 2422 tanta!
1602 2395 1640 2422 rei
1655 2394 1772 2429 dignitas
1786 2394 1852 2421 ade-

1063 2443 1112 2470 mit
1132 2449 1235 2470 vesano
1251 2442 1354 2469 homini
1373 2441 1482 2477 jocandi
1501 2441 1651 2469 libidinem.
1674 2441 1760 2476 Hujus
1780 2447 1850 2476 sape

1063 2488 1124 2516 libri
1146 2487 1216 2523 apud
1230 2488 1407 2515 Athanasium
1432 2487 1533 2515 mentio
1552 2492 1610 2520 est,
1634 2487 1805 2523 potissimum
1822 2487 1852 2514 in

1066 2534 1185 2569 Epistola
1201 2534 1233 2561 de
1252 2534 1370 2569 synodis,
1387 2534 1432 2561 tibi
1449 2541 1499 2562 nec
1513 2534 1647 2561 modicam
1663 2533 1764 2561 Thalia:
1787 2540 1850 2568 par-

1063 2584 1117 2606 tem
1143 2581 1295 2614 inspectare
1320 2579 1391 2606 licet.
1406 2579 1447 2607 Ad
1470 2579 1527 2606 inec
1543 2578 1594 2615 (ἡ),
1620 2579 1725 2606 cantica
1751 2579 1851 2612 nautis,

1064 2625 1246 2660 pistrinariis,
1260 2625 1410 2652 viatoribus
1431 2625 1613 2659 conscripsit,
1636 2624 1719 2652 certis
1742 2626 1852 2651 concin-

1065 2676 1130 2699 nata.
1141 2671 1268 2705 modulis,
1282 2671 1382 2706 quibus
1399 2670 1470 2706 vulgi
1490 2670 1588 2698 animis
1602 2670 1714 2698 insidias
1730 2670 1850 2705 parabat,

1100 2749 1136 2785 (e)
1151 2751 1252 2778 Athan.
1268 2750 1344 2785 Apol.
1365 2755 1458 2777 contra
1470 2749 1576 2781 Arian.,
1589 2756 1621 2785 ει.
1637 2748 1664 2776 6.

1150 2779 1362 2820 Epiplian.'lt:er.
1376 2792 1456 2818 uix;
1469 2779 1572 2812 Athan.
1584 2782 1621 2811 De
1633 2783 1748 2819 synodis,
1765 2789 1792 2808 ιι.
1807 2779 1848 2807 l6.

1154 2822 1252 2848 Athan.
1269 2821 1305 2847 De
1318 2820 1435 2854 synodis.

1154 2824 1252 2848 Athan.
1269 2824 1305 2847 lle
1318 2824 1435 2854 synodis.

1154 2855 1315 2890 Pliilostorg.
1331 2856 1348 2882 l.
1361 2862 1393 2890 ιι,
1409 2863 1435 2883 n.
1451 2854 1479 2882 Ξ.
