2000 3045
137 158 143 181 1
251 166 254 179 ι

793 146 874 175 VlTA
894 147 924 176 s.
945 132 1141 178 ATHANASII.

1732 160 1785 182 ιη

149 211 178 234 ιιι
194 213 243 241 per
259 209 358 234 cantus
376 206 539 234 suavitatem
564 206 662 234 hausta
679 213 783 234 sensim
803 207 941 243 impietate
954 213 979 241 Α
993 212 1076 244 atque
1090 209 1155 237 hinc
1166 209 1295 245 deinceps
1307 210 1434 244 Arianos,
1450 210 1646 246 Eunomianos,
1660 210 1785 240 Macedo-

147 253 307 283 verborum,
321 251 355 279 ad
371 259 436 280 suas
451 255 543 287 partes
561 250 740 279 conﬂuerent.
764 251 798 279 Et
813 259 888 285 sane,
908 257 939 280 ut

147 298 200 327 levi
219 302 359 326 momento
381 297 564 325 multitudinis
586 298 670 325 animi
685 298 834 331 ducuntur,
847 297 940 331 hujus-

147 343 218 371 modi
230 343 363 378 iocularia
376 342 448 370 dicta
465 350 518 370 non
536 343 634 377 paucis
647 343 731 370 exitio
744 342 863 370 fuerunt.
876 342 940 370 Car-

147 389 187 424 pit
204 388 369 416 Athanasius
385 388 501 416 Arianos
517 388 554 424 (ιι)
571 389 642 423 quod
668 388 802 424 ejusmodi
828 393 938 416 cantum

148 435 217 462 inter
235 435 332 470 pocula
349 438 377 461 et
397 434 513 469 tripudia
530 434 654 462 ederent.

142 478 146 483 ’
180 482 210 510 2.
224 482 305 509 Arius
328 482 378 508 sibi
397 480 581 508 Constantiam
598 481 734 508 conciliat.
761 495 797 501 -—
812 480 937 516 Ejusdem

147 527 257 555 Eusebii
287 526 502 554 Nicomediensis
529 533 627 561 opera,
656 526 788 559 consilio,
813 526 938 558 artibus,

147 572 316 600 Constantia!
347 571 468 599 favorem
503 577 532 600 et
570 572 686 607 gratiam
724 571 777 600 sibi
811 571 938 600 conciliat

147 618 229 646 Arius
238 618 362 654 (b):qua2
382 625 425 645 res
443 618 519 654 origo
537 618 670 646 malorum
690 617 752 651 fuit,
773 622 804 646 ut
825 617 938 645 inferius

146 669 283 691 narratur.
306 663 440 691 Eusebius
465 668 568 696 autem,
590 664 635 691 cui
658 671 713 691 una
730 663 839 691 fovendi
855 663 937 691 Aria-

145 709 225 737 nismi
238 716 303 736 cura
317 714 389 741 erat,
404 708 546 744 perinique
562 708 666 742 ferens,
682 709 868 736 Alexandrum
883 715 936 736 non

144 754 217 787 suis,
243 761 297 782 non
321 761 434 782 suorum
460 754 558 782 litteris
586 762 601 781 a
627 754 768 790 proposito
792 753 935 787 dimoveri,

144 801 279 836 synodum
295 808 357 828 cum
383 801 441 828 suis
455 801 482 828 in
507 800 634 836 Bithynia
660 800 792 829 celebrat.
809 799 862 834 Qui
883 807 936 827 una

144 847 245 879 coacti,
260 846 352 874 missis
366 847 546 882 undequaque
565 853 614 881 per
627 847 721 874 orbem
744 847 856 879 litteris,
877 847 935 882 epi-

991 255 1105 289 nianos,
1132 255 1196 288 tela,
1222 256 1321 291 quibus
1348 264 1458 285 errores
1484 262 1697 293 propugnarent,
1724 265 1785 286 esse

991 305 1136 329 mutuatos.
1160 302 1241 330 Hisce
1263 302 1402 330 vertendis
1422 302 1504 331 rebus
1521 302 1612 331 multa:
1636 311 1686 338 per
1700 303 1781 339 Eg}

993 351 1067 381 ptum
1086 349 1180 383 synodi
1193 353 1295 376 coactae
1309 348 1384 376 fuere
1398 348 1434 386 (ι)
1450 359 1457 376 :
1475 356 1591 384 quarum
1605 349 1672 377 Acta
1684 350 1786 385 episto-

990 391 1077 427 Iaaque
1091 394 1230 428 synodicae
1245 394 1343 428 injuria
1361 400 1513 430 temporum
1528 395 1702 424 interierunt.

1024 439 1051 466 ι.
1067 438 1228 467 Arianorum
1247 440 1387 475 principes.
1402 455 1438 461 -
1450 441 1547 476 Operae
1561 445 1651 469 autem
1667 442 1783 477 pretium

991 485 1082 518 fuerit,
1097 487 1254 521 priusquam
1286 487 1389 521 majora
1418 487 1606 523 ingrediamur
1619 489 1783 516 Arianorum

989 531 1222 566 machinamenta,
1238 537 1322 560 secta
1344 533 1480 568 principes
1494 541 1665 561 enumerare.
1680 534 1730 568 Qui
1747 535 1781 562 ab

988 584 1082 605 exortu
1099 578 1233 613 pestifera
1255 579 1386 606 doctrinae
1407 587 1505 607 nomen
1528 579 1640 613 dedere,
1662 580 1689 607 hi
1714 584 1784 608 teste

988 623 1137 651 Athanasio
1159 625 1194 660 (ί)
1211 629 1293 658 sunt,
1323 624 1455 653 Eusebius
1473 624 1709 658 Nicomediensis,
1731 625 1784 654 Eu-

987 670 1080 698 sebius
1103 670 1298 705 Caesariensis,
1318 671 1463 699 Narcissus
1482 671 1654 705 Neroniadis,
1679 672 1779 699 Patro-

989 717 1076 752 philus
1094 716 1346 753 Scythopolitanus,
1360 717 1443 745 Maris
1457 717 1698 749 Chalcedonensis,
1713 717 1783 745 Pau-

987 762 1058 791 linus
1081 763 1191 798 Tyrius,
1220 763 1377 791 Theodotus
1404 763 1596 796 Laodicenus,
1615 764 1783 791 Athanasius

987 808 1198 843 Anazarbensis,
1213 809 1346 845 Georgius
1361 810 1516 845 presbyter.
1532 809 1578 837 lsti
1594 817 1646 837 non
1658 810 1779 838 consiliis

990 855 1069 882 modo
1079 859 1107 882 et
1119 862 1200 889 opera
1215 855 1262 883 sed
1285 855 1367 883 etiam
1383 855 1492 890 scriptis
1509 855 1575 887 suis,
1599 855 1732 882 firmando
1749 863 1782 882 ac

145 892 236 927 scopis
246 892 363 920 Arianos
373 898 401 920 ut
412 893 481 929 frugi
496 893 630 925 homines,
638 893 772 920 Arianam
783 893 932 921 doctrinam

989 887 1174 936 promovendo
1192 901 1282 929 errori
1305 887 1500 937 advigilabant.
1525 901 1583 929 Non
1603 906 1645 929 est
1659 901 1731 936 quod
1747 901 1781 928 de

145 943 176 966 ut
194 939 283 973 piam,
297 943 327 966 ut
345 946 438 966 sanam
456 938 641 966 venditabant.
663 938 808 974 Rogabaut
829 938 934 966 admitti

144 984 219 1012 viros
232 984 265 1011 ad
280 985 476 1012 communionis
490 985 662 1016 societatem,
678 984 720 1020 agi
734 985 805 1019 apud
816 984 935 1012 Alexan-

143 1030 232 1063 drum,
249 1035 278 1058 ut
293 1038 326 1058 ne
340 1030 410 1058 ultra
425 1037 473 1058 eos
487 1030 684 1058 intercluderet
707 1030 782 1058 aditu
805 1031 935 1059 ecclesia-

143 1084 214 1104 rum.
237 1076 291 1104 Sed
307 1076 374 1103 nihil
398 1077 448 1103 bac
463 1076 506 1102 via
532 1079 560 1103 et
578 1076 685 1103 ratione
701 1075 850 1110 perfectum
869 1082 911 1105 est
926 1088 932 1105 :

143 1129 232 1157 neque
243 1122 316 1150 enim
329 1122 354 1149 is
366 1126 429 1149 erat
438 1121 602 1155 Alexander,
614 1129 629 1148 a
641 1129 695 1157 quo
707 1123 812 1150 crebris
823 1122 932 1156 litteris,

142 1168 286 1202 precibus,
305 1168 563 1202 obsecrationibus,
586 1168 728 1203 impetrari
752 1169 818 1204 quid
843 1174 935 1204 posset

143 1213 172 1240 in
189 1214 303 1248 gratiam
318 1214 532 1248 pcrniciosorum
545 1214 695 1247 hominum,
711 1214 827 1248 pestium
842 1215 934 1250 reipu-

141 1259 221 1287 tilica:
231 1259 403 1293 Christianae.
417 1258 474 1287 Sub
484 1260 555 1292 haec,
568 1259 626 1286 Arii
641 1261 792 1294 postulatu,
807 1265 835 1288 et
849 1268 932 1296 opera

141 1305 247 1333 Paulini
276 1305 369 1342 Tyrii,
386 1306 496 1334 Eusebii
523 1307 700 1335 Caesariensis
727 1312 757 1335 et
784 1307 932 1342 Patrophili

142 1351 369 1387 Scythopolitani,
385 1353 504 1388 synodus
523 1353 588 1380 item
603 1354 632 1381 in
648 1352 797 1381 Palaestina
814 1353 931 1389 cogitur,

141 1399 168 1425 in
186 1406 238 1434 qua
265 1399 298 1426 de
311 1399 421 1427 Arianis
450 1399 483 1427 ad
510 1400 731 1427 communioneut
754 1400 931 1427 admittendis

140 1449 242 1472 actum.
268 1444 454 1481 lnopportune
476 1447 576 1474 cecidit
599 1451 627 1474 ut
651 1447 695 1481 qui
716 1446 777 1474 aliis
799 1452 934 1482 praeerant

140 1490 322 1525 auctoritate,
351 1491 520 1526 [eruditionis
551 1491 639 1524 fama,
672 1491 827 1526 eloquentia
860 1498 925 1526 erga

140 1536 258 1564 Arianos
271 1536 408 1565 voluntate
428 1537 555 1572 propensi
578 1541 680 1565 essent.
704 1538 794 1571 Quare
813 1537 931 1565 Ariano-

139 1591 199 1610 rum
217 1584 341 1618 petitioni
357 1585 545 1620 episcoporum
565 1584 694 1620 suffragia
710 1586 772 1613 data
790 1590 864 1617 sunt,
876 1585 932 1620 jus-

139 1631 179 1657 sis
194 1634 283 1658 tamen
298 1632 411 1664 additis,
427 1636 458 1659 ut
469 1636 598 1666 parerent
613 1632 778 1664 Alexandro,
793 1636 820 1659 et
833 1640 932 1667 quant-

139 1677 257 1712 primum
273 1678 392 1712 aliquam
409 1678 482 1712 pacis
498 1678 622 1706 ineundas
641 1679 714 1705 viam
731 1683 878 1706 tentarent.

175 1723 202 1750 5.
225 1723 351 1758 Epistolas
360 1723 519 1750 Alexandri.
534 1737 570 1746 --
584 1723 659 1751 Inter
674 1724 731 1752 haec
744 1724 801 1751 Arii
814 1728 934 1752 sectato-

141 1777 201 1797 rum
219 1770 375 1804 molimina,
397 1769 484 1798 nihilo
507 1770 598 1798 secius
624 1769 790 1802 Alexander,
817 1777 933 1797 cernens

140 1824 223 1852 qnam
243 1817 294 1844 sibi
309 1824 370 1844 cum
387 1816 472 1844 val‘ris
491 1821 519 1844 et
540 1816 703 1844 turbulentis
718 1816 875 1844 hominibus
889 1823 933 1844 res

140 1868 220 1895 esset,
236 1862 401 1898 advigilabat
425 1870 521 1890 eorum
538 1862 697 1898 frangendis
710 1862 831 1890 consiliis
845 1868 872 1890 et
889 1870 933 1890 ar-

140 1909 222 1936 tibus.
236 1907 408 1944 Tomumque
427 1909 485 1936 sive
501 1909 662 1944 epistolam.
677 1913 708 1936 ut
723 1913 867 1944 putamus,
883 1917 930 1944 sy-

140 1955 263 1981 nodicam
282 1961 363 1988 supra
382 1959 571 1989 memoratam,
588 1955 672 1982 variis
689 1962 737 1989 per
752 1955 848 1982 orbem
862 1962 933 1989 prat-

141 2000 247 2028 sulibus
261 2000 352 2028 missis
367 1999 467 2028 litteris
485 2000 618 2029 offerebat
630 2000 856 2028 subscribendam
873 2000 930 2036 (ε).

141 2046 201 2080 Quo
227 2047 327 2074 factum
353 2051 385 2074 ut
406 2046 533 2082 permulti
559 2053 593 2073 ex
621 2047 749 2082 Egypto,
782 2047 930 2080 Thebaide,

140 2092 242 2128 Libya,
257 2091 409 2128 Pentapoli,
426 2092 520 2128 Syria,
539 2091 697 2128 Pamphylia
708 2111 716 2125 ,
733 2094 809 2126 Asia,
825 2093 931 2129 Cappa-

141 2139 217 2166 docia
236 2139 369 2174 episcopi,
389 2139 464 2174 pacis
481 2143 510 2166 et
535 2138 689 2166 concordia:
715 2139 823 2166 litteras
841 2140 931 2167 mitte-

142 2190 200 2213 rent
211 2185 378 2219 Alexandro,
392 2186 489 2213 Arium
510 2191 538 2213 et
551 2185 639 2213 socios
653 2189 683 2212 ut
700 2189 820 2212 motuum
836 2186 932 2212 turba—

142 2238 257 2267 rumque
275 2236 402 2260 auctores
417 2232 556 2259 traductos
577 2231 645 2259 diris
669 2230 845 2258 devoverent.
868 2230 931 2264 Epi-

140 2277 225 2306 stolas
245 2284 320 2307 certe
336 2278 492 2313 complures
515 2277 590 2306 dedit
615 2281 728 2304 sanctus
743 2276 795 2310 .ille
817 2276 928 2311 praesul,

139 2331 255 2360 quarum
268 2324 329 2352 duae
343 2324 431 2352 solum
447 2324 481 2351 ad
499 2329 592 2351 nostra
608 2330 696 2358 usque
712 2326 835 2357 tempora
850 2323 932 2349 deve-

141 2374 259 2398 nerunt:
276 2370 322 2397 illa
339 2370 444 2398 scilicet
464 2370 605 2406 synodica,
621 2373 649 2396 et
661 2368 747 2396 altera
765 2369 799 2395 ad
814 2367 931 2395 Alexan-

139 2416 218 2443 drum
235 2415 425 2451 Byzantinum,
447 2415 532 2442 multo
548 2413 690 2449 prolixior,
708 2420 760 2447 qua
776 2419 830 2439 non
845 2411 928 2439 semel

139 2462 183 2488 usi
203 2467 296 2489 sumus
321 2470 328 2488 :
356 2466 398 2489 est
417 2461 518 2496 quippe
544 2460 625 2487 rebus
649 2458 882 2487 Colluthianorunt
903 2462 930 2485 et

138 2508 302 2536 Arianorum
323 2508 481 2536 ordinandis
497 2514 529 2535 ac
549 2506 707 2542 digerendis
722 2504 927 2540 percommoda.

139 2553 273 2588 Epistolas
297 2553 357 2581 illas
370 2552 517 2581 Alexandri
533 2551 704 2586 septuaginta
724 2556 793 2584 pene
814 2556 928 2576 numero

138 2598 224 2627 fuisse
244 2604 340 2628 auctor
372 2603 415 2627 est
434 2598 612 2634 Epiphanius.
643 2595 799 2630 Adjicitque
829 2594 929 2622 Socra-

131 2633 179 2681 ftes
200 2644 251 2681 (ά),
279 2652 339 2679 quae
369 2645 404 2672 ab
433 2633 590 2671 Alexandro
603 2641 645 2669 vel
669 2641 819 2669 Alexandri
846 2649 927 2669 causa

129 2676 298 2723 'eonscriptze
320 2689 445 2720 fuissent,
470 2689 497 2716 in
512 2688 637 2715 volumen
663 2694 745 2713 unum
769 2692 927 2722 compactae

138 2737 209 2766 esse,
223 2739 251 2761 et
264 2741 324 2769 qua:
335 2734 392 2761 Arii
405 2741 499 2767 causa,
513 2734 547 2761 ab
562 2732 657 2760 eodem
670 2733 736 2760 Ario
748 2732 776 2759 in
793 2731 924 2764 alterum;

175 2797 214 2832 (α)
233 2804 307 2828 Urat.
325 2807 416 2829 contra
433 2801 526 2829 Arion.

173 2832 213 2875 (II)
229 2832 340 2875 Elisson.
355 2837 616 2875 ad‘CtesipbotLtem.
629 2837 744 2875 Sozam.
766 2835 785 2863 Ι.
802 2844 820 2868 ι,
834 2843 859 2875 c_.
880 2836 923 2864 l5.

175 2871 211 2903 (ε)
228 2867 354 2904 Epistulae
367 2867 524 2901 Alexandri.
540 2872 710 2902 Tlteodoret.
727 2874 745 2900 ι.
762 2880 782 2906 ι,
801 2879 826 2899 c.
844 2871 872 2899 4.

984 947 1101 975 Eusebio
1114 946 1316 975 Nicomediensi
1333 952 1440 982 agatur,
1454 948 1511 982 qui,
1535 947 1631 983 utjam
1653 954 1686 975 ex
1705 955 1781 982 supe-

984 993 1040 1021 rius
1057 993 1203 1022 recensitis
1224 993 1396 1029 exploratum
1424 998 1477 1026 est,
1495 993 1518 1021 si
1540 993 1605 1028 quid
1629 993 1734 1028 gratiae,
1755 994 1778 1020 si

984 1039 1048 1075 quid
1070 1040 1225 1074 potestatis.
1251 1040 1274 1067 si
1296 1040 1361 1074 quid
1387 1039 1509 1067 scientiae
1530 1039 1630 1071 inerat,
1655 1038 1780 1066 fovendis

984 1084 1095 1112 Arianis
1116 1085 1286 1112 conferebat.
1316 1083 1377 1112 Iam
1400 1084 1436 1112 de
1461 1084 1555 1119 gentili
1580 1084 1640 1118 ejus
1660 1083 1780 1112 Eusebio

982 1131 1153 1164 Caesariensi,
1168 1131 1213 1166 qui
1227 1135 1369 1166 postquam
1386 1131 1421 1158 ad
1442 1131 1572 1158 Arianam
1588 1130 1702 1158 descivit
1718 1131 1780 1166 opi-

984 1176 1102 1208 nionem,
1130 1177 1200 1204 haud
1224 1177 1308 1204 semel
1338 1177 1365 1203 in
1396 1176 1505 1212 scriptis
1530 1176 1587 1204 suis
1601 1176 1659 1211 ejus
1675 1177 1778 1204 semina

983 1223 1134 1256 conspersit
1148 1231 1155 1249 ι
1170 1222 1204 1249 ad
1221 1221 1433 1257 Euphrationem
1446 1222 1518 1249 enim
1535 1221 1660 1249 Balauete
1673 1222 1780 1256 episco-

983 1275 1046 1303 pum
1060 1267 1226 1300 rescribens,
1242 1275 1295 1296 non
1313 1268 1404 1295 timuit
1416 1268 1504 1301 palam
1518 1267 1628 1300 efferre,
1640 1268 1778 1295 Christum

984 1321 1037 1340 non
1054 1321 1116 1341 esse
1128 1321 1224 1340 verum
1259 1314 1355 1342 Deum.
1381 1313 1467 1348 Hujus
1485 1321 1567 1348 porro
1583 1313 1704 1348 epistolae
1722 1315 1778 1340 fra-

983 1364 1122 1395 gmentum
1134 1364 1225 1387 exstat
1237 1359 1264 1387 in
1275 1360 1382 1387 actione
1395 1360 1490 1394 quinta
1503 1360 1599 1396 synodi
1617 1359 1731 1387 Nicatnaa
1743 1367 1773 1390 ιι.

984 1406 1030 1433 ubi
1041 1410 1135 1441 aperte
1151 1406 1200 1438 ait,
1217 1413 1270 1433 non
1283 1414 1336 1433 una
1351 1406 1484 1433 exsistere
1495 1414 1557 1434 cum
1571 1405 1652 1433 Patre
1664 1405 1774 1436 Filium,

982 1452 1029 1480 sed
1041 1452 1219 1488 esse.Patrem
1232 1456 1260 1479 et
1275 1452 1372 1479 ordine
1385 1456 1412 1479 et
1427 1452 1531 1479 honore
1545 1451 1665 1486 priorem
1681 1460 1688 1478 :
1705 1456 1734 1478 et
1748 1451 1777 1478 in

982 1499 1088 1526 actione
1104 1502 1181 1526 sexta
1195 1498 1310 1526 habetur
1323 1498 1396 1526 aliud
1413 1498 1593 1533 fragmentum
1610 1505 1644 1525 ex
1655 1497 1779 1531 ejusdem

984 1544 1098 1579 epistola
1110 1545 1143 1572 ad
1155 1544 1341 1572 Alexandrum
1355 1545 1580 1577 Alexandrinum,
1594 1544 1639 1572 ubi
1653 1544 1780 1579 blasphe-

985 1598 1058 1617 mam
1075 1589 1148 1617 illaut
1165 1590 1327 1617 Arianorum
1344 1589 1467 1616 vindicat
1481 1589 1649 1623 opinionem,
1666 1596 1718 1623 qua
1736 1589 1778 1616 di-

984 1636 1083 1664 cebant
1105 1643 1166 1663 esse
1186 1635 1284 1662 Filium
1314 1643 1369 1662 rem
1397 1643 1412 1662 a
1430 1635 1511 1662 Patre
1540 1639 1672 1663 creatam.
1688 1634 1779 1668 Quare

985 1686 1081 1706 vereor
1102 1686 1138 1706 ne
1159 1686 1250 1706 aerem
1265 1680 1411 1706 verberare
1434 1679 1591 1712 videantur,
1607 1680 1653 1715 qui
1674 1679 1708 1707 ab
1726 1679 1780 1706 hu-

983 1722 1102 1757 iusmodi
1118 1723 1229 1750 homine
1242 1725 1367 1750 nituntur
1378 1723 1526 1750 Ariattismi
1540 1723 1722 1758 suspicionem
1737 1724 1780 1751 di-

986 1776 1108 1797 movere.
1125 1769 1291 1796 Athanasius
1317 1774 1406 1796 autem
1424 1770 1624 1798 Anazarbensis
1635 1790 1642 1802 ,
1661 1771 1735 1799 clare
1751 1776 1779 1800 et

983 1814 1051 1841 nihil
1083 1815 1245 1842 circuitione
1270 1822 1346 1846 usus,
1378 1814 1544 1849 impietatem
1576 1816 1775 1851 propugnabat,

983 1868 1044 1888 cum
1074 1861 1186 1893 diceret,
1204 1868 1265 1888 esse
1290 1861 1388 1888 Filium
1417 1860 1462 1888 Dei
1492 1868 1574 1888 unam
1601 1869 1636 1888 ex
1665 1866 1777 1890 centum

982 1906 1078 1934 ovibus
1094 1906 1119 1933 in
1136 1906 1283 1941 Evangelia
1297 1907 1471 1938 memoratis,
1487 1911 1569 1942 atque
1586 1908 1657 1934 inter
1671 1909 1778 1942 opitlciu

983 1952 1130 1979 numerari.
1146 1951 1278 1985 Georgius
1292 1959 1367 1983 vero,
1383 1956 1438 1978 tum
1455 1953 1599 1986 presbyter
1611 1953 1778 1980 Alexandri-

983 2005 1044 2031 nus,
1067 2001 1129 2033 post
1155 1997 1324 2025 Laodicenus
1347 1997 1502 2032 episcopus,
1527 2002 1624 2031 suopte
1646 2001 1721 2025 motu
1748 2002 1778 2024 et

983 2044 1105 2076 consilio,
1122 2051 1173 2071 nec
1185 2043 1219 2070 ad
1232 2043 1259 2071 id
1274 2042 1355 2070 cilicii
1366 2048 1505 2075 evocatus,
1517 2043 1578 2078 paci
1592 2043 1664 2070 inter
1674 2047 1778 2071 utram-

982 2097 1034 2124 qne
1061 2095 1165 2125 partem
1192 2089 1368 2117 conciliandae
1395 2088 1522 2117 simulate
1547 2088 1630 2116 dabat
1653 2096 1776 2124 operam,

982 2135 1091 2163 Arianis
1116 2139 1208 2162 tamen
1235 2141 1286 2162 nec
1312 2134 1427 2162 obscure
1447 2133 1565 2161 deditus.
1596 2132 1647 2160 ille
1677 2133 1777 2161 litteris

982 2181 1165 2209 Alexandrum
1179 2187 1293 2215 carpere
1306 2187 1397 2213 ausus,
1414 2187 1467 2207 non
1484 2183 1612 2214 oportere
1626 2179 1716 2206 aiebat
1731 2186 1776 2206 ar-

982 2227 1026 2260 gui
1050 2227 1182 2259 Arianos,
1208 2226 1280 2261 quod
1309 2226 1433 2253 dicerent
1456 2225 1564 2252 Patrem
1591 2229 1655 2251 ante
1677 2223 1776 2252 Filium

983 2271 1076 2299 fuisse.
1093 2272 1193 2299 Contra
1209 2278 1276 2298 vero
1298 2271 1419 2303 Arianis,
1434 2270 1511 2297 vafre
1533 2273 1560 2297 et
1583 2269 1617 2297 de
1638 2270 1774 2297 industria

983 2318 1096 2350 ludens,
1113 2318 1239 2349 dicebat,
1256 2316 1315 2344 Non
1335 2316 1498 2352 culpandum
1517 2323 1577 2343 esse
1592 2315 1775 2342 Alexandrum

982 2365 1053 2398 quod
1070 2370 1103 2390 ex
1124 2362 1206 2390 Patre
1220 2363 1318 2390 Filium
1340 2369 1400 2389 esse
1416 2361 1528 2393 diceret,
1544 2368 1605 2388 cum
1622 2367 1717 2388 omnes
1730 2368 1776 2395 pa-

983 2409 1049 2436 riter
1061 2415 1105 2436 res
1121 2408 1235 2436 conditae
1251 2414 1283 2435 ex
1300 2407 1354 2435 Deo
1369 2408 1433 2435 sint.
1454 2406 1504 2433 Hic
1523 2411 1612 2433 autem
1629 2405 1774 2440 Georgius,

983 2462 1063 2490 quem
1083 2453 1248 2481 Arianorum
1272 2453 1469 2488 nequissimum
1492 2457 1572 2479 vocat
1596 2452 1774 2485 Athanasius,

983 2501 1018 2528 ab
1032 2500 1204 2533 Alexandro,
1229 2507 1290 2527 cum
1315 2500 1396 2527 studii
1413 2500 1575 2526 Ariauarum
1596 2490 1697 2531 rerum,
1717 2503 1774 2526 tum

982 2547 1108 2574 obscenae
1124 2546 1244 2574 libidinis
1257 2553 1339 2574 causa
1351 2546 1493 2573 abdicatus
1508 2546 1709 2579 damnatusque
1720 2549 1772 2572 est.

984 2593 1081 2620 Postea
1100 2597 1189 2620 tamen
1213 2593 1248 2620 ab
1263 2592 1371 2620 Arianis
1392 2593 1419 2619 in
1439 2592 1592 2619 mercedem
1613 2591 1772 2625 impietatis,

983 2647 1087 2667 necnon
1106 2644 1211 2666 navatae
1222 2639 1273 2666 sibi
1291 2646 1391 2674 operte,
1412 2642 1555 2672 cooptatus
1574 2642 1617 2665 est
1630 2638 1773 2673 episcopus

981 2684 1161 2712 Laodicenus.
1196 2684 1277 2712 Hisce
1304 2683 1526 2712 annumerandus
1553 2683 1699 2711 circulator
1728 2683 1773 2711 ille

980 2731 1103 2759 Asterius
1116 2731 1251 2766 sophista,
1270 2731 1312 2758 vir
1322 2730 1430 2766 ﬂagitiis
1443 2730 1610 2765 nobilitatus,
1625 2730 1708 2759 oblati
1721 2737 1772 2758 nu—

1015 2800 1053 2835 (tl)
1070 2807 1100 2827 ιλ.
1117 2808 1136 2833 ι,
1150 2807 1173 2828 c.
1188 2799 1215 2827 6.

1016 2837 1050 2870 te)
1069 2836 1177 2862 Sozom.
1191 2836 1209 2862 l.
1223 2842 1242 2869 ι,
1258 2843 1284 2862 c.
1302 2835 1346 2863 lli.

1016 2874 1055 2908 υ),
1067 2870 1106 2898 De
1121 2871 1239 2906 synodis,
1253 2879 1281 2898 ιι.
1299 2870 1342 2898 Π.
