2000 3045
251 171 314 200 tm

933 171 1197 201 PROLEGOMENA.

252 227 372 256 minibus
400 227 540 262 gentilium
572 227 697 255 sacriﬁcii
726 235 806 260 reus;
832 228 878 262 qui
910 229 960 256 sibi
993 236 1041 255 sua
1055 230 1177 260 Asemel
1194 212 1255 255 cum
1270 228 1378 256 Arianis
1396 228 1509 261 findere,
1531 229 1610 256 malis
1637 228 1765 258 Ecclesia
1785 229 1881 259 catho-

252 273 426 306 auctorilate,
440 273 513 300 nullo
527 279 641 301 ornatus
657 273 844 301 ecclesiastico
856 274 951 309 gradu,
968 274 1043 302 Chri-

251 320 346 346 stiana.
359 319 418 346 lldei
439 319 616 354 praedicanda:
632 325 722 355 partes
746 320 913 347 vindicabat.
935 320 983 347 Hic
999 327 1042 347 te-

251 366 377 392 meritate
396 371 423 392 et
441 366 553 392 audacia
580 371 693 393 caeteros
719 366 797 401 longe
823 371 896 393 retro
921 367 1042 401 reliquit.

250 411 394 438 Elfutiebat
414 412 523 446 quippe,
545 412 617 439 haud
647 420 725 439 secus
754 412 801 439 Dei
828 412 955 439 virtutem
982 419 1043 440 esse

251 458 346 485 Filium
362 466 442 492 quam
458 464 570 486 caeteras
586 459 613 485 in
638 457 748 486 Litteris
768 458 854 485 sacris
879 463 1043 486 memoratas

249 503 381 536 virtutes;
394 508 422 530 ut
437 504 554 539 exempli
571 505 670 538 gratia,
686 504 806 531 bruchus
820 511 848 531 et
860 504 976 537 locusta,
989 512 1041 532 non

249 550 363 577 virtutes
387 551 482 583 modo,
499 551 547 578 sed
563 553 680 578 virtutes
698 558 801 585 magna:
815 551 994 586 appellantur.
1009 550 1042 578 Hi

249 597 342 628 duces,
356 597 381 624 hi
403 597 523 632 magistri
540 597 714 624 Arianorum.

284 643 358 670 ANNO
372 643 435 670 δξι.
451 658 487 663 ——
505 643 530 670 1.
545 641 732 669 Constantinus
746 643 778 670 de
789 643 899 670 diuidit)
915 642 1042 670 Orienta-

248 687 313 714 lium
329 689 424 715 certior
439 688 534 723 factus.
548 702 583 707 —-—
598 687 654 714 Sub
671 687 739 719 haec,
757 687 953 714 Constantinus
970 687 1042 714 Lici-

248 735 293 762 nio
308 735 413 761 devicto
426 742 519 769 pacem
535 734 593 761 orbi
611 735 738 761 restituit.
755 734 790 761 At
805 742 838 761 ne
852 739 933 760 tanta:
948 733 1039 761 fructu

248 781 370 807 victoriae
394 780 543 814 potiretur,
571 781 671 806 lactum
697 779 849 814 reipublicze
873 779 1039 806 Christianae

249 825 471 852 dissensionibus.
485 824 595 851 Audivit
608 825 742 860 siquidem
763 824 927 852 Orientalent
943 823 1039 852 Eccle-

246 870 317 897 siam
334 870 470 897 intestinis
491 870 561 898 odiis
577 876 605 898 et
623 871 744 898 dissidiis
758 870 938 905 conﬂagrare.
958 871 1038 905 lnop-

247 922 362 951 portune
377 917 474 944 cecidit
496 918 523 945 in
543 917 683 945 catholica:
705 917 743 944 rei
771 917 866 952 ingens
888 917 1036 944 detrimen-

245 968 316 996 tum,
331 967 360 990 ut
381 964 495 991 Eusebio
518 963 716 991 Nicomediensi
741 968 872 990 narrante
892 963 926 990 de
947 970 1037 990 rerum

245 1010 493 1038 ecclesiasticarum
519 1009 676 1037 conditione
704 1009 782 1037 fieret
811 1009 922 1036 certior.
951 1009 1037 1043 Quam

246 1063 303 1082 rem
327 1064 379 1082 non
407 1055 560 1090 cujuspiani
579 1055 721 1089 scriptoris
751 1055 909 1082 testimonio
933 1055 1037 1089 accipi-

246 1107 324 1132 mus;
340 1099 388 1127 sed
405 1107 438 1126 ex
448 1107 480 1126 eo
489 1099 571 1134 probe
588 1099 742 1133 conjectare
756 1099 908 1134 licet,quod
923 1099 1039 1126 inNico-

245 1146 346 1179 Inedia,
362 1145 472 1173 Eusebii
487 1147 563 1178 sede,
582 1146 687 1173 litteras
703 1154 765 1172 mox
781 1146 972 1173 memorandas
987 1147 1036 1173 de-

245 1191 317 1218 derit
342 1190 500 1225 imperator,
520 1191 552 1218 ad
576 1198 656 1226 quem
679 1190 819 1225 perfacilis
835 1195 895 1218 erat
922 1191 1036 1219 Eusebio

244 1236 353 1270 aditus,
372 1244 433 1264 cum
461 1237 600 1272 dignitatis
628 1236 800 1272 ingeniique,
817 1241 873 1264 tum
898 1236 1037 1264 aﬂinitatis

245 1290 340 1310 causa.
370 1281 517 1310 Veterator
547 1283 629 1318 igitur
658 1283 738 1310 homo
765 1287 848 1309 totam
878 1282 1036 1309 obortarutn

244 1329 425 1364 quiesﬁonum
443 1329 570 1356 invidiam
587 1329 614 1356 in
635 1329 819 1356 Alexandrum
833 1327 957 1355 conferre
973 1328 1037 1355 niti-

245 1379 299 1407 tur.
321 1380 349 1402 et
373 1375 553 1403 Constantino
573 1380 668 1402 auctor
688 1375 771 1403 fuisse
799 1380 911 1410 putatur
934 1376 984 1410 (α),
1008 1380 1037 1403 ut

243 1420 400 1448 Alexandro
427 1421 505 1456 juxta
536 1425 619 1456 atque
647 1421 713 1448 Ario
749 1421 856 1449 litteras
885 1422 1036 1455 scriberet,

244 1467 378 1494 hactenus
394 1467 420 1494 in
439 1467 548 1494 Eusebii
567 1467 686 1494 Historia
704 1468 875 1502 superstites,
894 1468 920 1495 in
939 1468 1036 1502 quibus

245 1514 381 1541 vafritiem
410 1514 519 1541 Eusebii
541 1519 569 1541 et
590 1515 702 1548 probam
728 1514 900 1549 imperatoris
917 1519 1035 1541 mentem

243 1561 441 1595 deprehendas.
455 1560 521 1587 Nam
537 1561 563 1587 in
579 1561 764 1587 Alexandrum
787 1561 889 1595 pariter
908 1565 990 1596 atque
1007 1561 1033 1587 in

241 1607 335 1634 Ariunt
354 1607 452 1633 acriter
475 1606 613 1634 invehitur
627 1607 840 1638 Constantinus,
864 1607 935 1642 quod
953 1607 1036 1634 levis-

241 1652 311 1678 sima
334 1652 367 1678 de
389 1658 470 1678 causa
489 1649 547 1686 (sic
568 1651 685 1678 Eusebio
703 1651 814 1678 doctore
839 1650 1033 1686 existimabat)

241 1701 343 1723 tantatn
359 1697 505 1724 movissent
518 1698 707 1731 quaestionem,
720 1704 752 1724 ac
764 1697 791 1724 in
804 1701 924 1724 mutuum
938 1697 1035 1725 exinde

241 1742 333 1769 odium
352 1742 529 1769 exarsissent.
553 1741 644 1768 Monet
665 1746 703 1774 ut,
725 1742 821 1776 positis
847 1741 1035 1769 altercationi-

242 1787 302 1820 bus,
331 1787 411 1815 linem
429 1787 577 1815 dissidendi
601 1787 713 1821 faciant,
735 1795 885 1823 pacemque
911 1788 983 1815 inter
1005 1795 1035 1816 se

241 1833 403 1865 concilient;
420 1833 480 1860 fore
504 1838 560 1860 tum
585 1838 614 1860 ut
640 1838 732 1868 pateat
756 1834 809 1861 sibi
835 1834 862 1861 in
893 1833 1032 1862 Orientetn

241 1879 342 1910 aditus,
361 1886 454 1906 eorum
475 1884 539 1906 ante
553 1879 642 1914 jurgio
661 1879 837 1908 interclusus.
854 1879 910 1907 Has
927 1880 972 1907 ille
990 1880 1033 1907 lit-

242 1929 315 1952 teras
327 1924 408 1952 Hosio
422 1924 553 1952 Corduba:
567 1926 592 1952 in
605 1925 735 1960 Hispania
747 1926 886 1960 episcopo,
904 1931 1032 1960 spectata

241 1969 303 1994 ﬁdei
319 1969 387 2000 viro,
403 1969 514 1995 tradidit
529 1969 721 1996 Alexandriam
738 1970 908 1997 deferendas.

275 2012 302 2039 2.
322 2012 504 2039 Alexandrina
524 2014 652 2047 synodus.
676 2028 712 2034 —
727 2013 815 2048 Caput
841 2015 902 2041 ntali
927 2015 1029 2042 Arium

240 2059 355 2087 haeresis
371 2065 440 2087 erat.
463 2059 498 2086 At
518 2059 600 2086 nmlta
618 2067 727 2094 quoque
749 2060 801 2086 alia
827 2060 966 2088 instabant
990 2069 1035 2089 ne-

240 2106 310 2140 gotia
325 2105 376 2140 (b).
395 2105 457 2132 licet
477 2113 565 2139 neque
585 2107 652 2132 tanti
674 2106 814 2141 ponderis,
837 2114 928 2141 neque
951 2112 1032 2135 tantae

240 2158 329 2185 opera:
345 2151 452 2182 futura;
467 2151 564 2186 quibus
582 2156 670 2178 tamen
688 2159 702 2178 a
717 2152 851 2187 principio
881 2160 1031 2180 occurren-

239 2195 304 2221 dmn
330 2200 399 2228 crat,
423 2202 457 2222 ne
487 2195 586 2222 malum
613 2195 768 2231 neglectum
794 2197 875 2224 latius
899 2203 1031 2232 serperet.

241 2241 399 2275 llujusmodi
430 2246 509 2268 erant
548 2241 648 2268 Meletii
673 2247 699 2268 ct
725 2242 843 2270 Colluthi
885 2243 1029 2271 factiones.
1047 2254 1069 2280 ι)

240 2288 303 2315 Erat
326 2289 389 2315 item
412 2296 460 2324 per
484 2289 582 2316 multas
606 2288 726 2316 Orientis
749 2290 875 2324 regiones
901 2295 972 2316 mota
997 2290 1031 2316 de

239 2333 380 2361 Paschalis
397 2339 517 2368 tempore
535 2335 744 2368 controversia;
770 2336 847 2370 cujus
864 2336 889 2362 in
907 2335 1029 2362 Alexan-

239 2381 314 2407 drina
333 2381 436 2415 synodo
455 2383 647 2416 componenda:
662 2382 830 2417 provinciam
845 2381 927 2408 llosio
946 2382 1026 2409 tradit

237 2427 386 2461 Augustus.
411 2425 458 2454 llis
482 2428 515 2454 de
538 2429 629 2454 causis
650 2427 844 2455 Alexandriam
870 2427 1027 2461 demigrans

239 2472 344 2503 ilosius.
363 2478 455 2500 coacta
484 2473 564 2500 isthic
596 2475 713 2508 synodo,
732 2473 856 2508 ,Colluthi
879 2473 1022 2500 audaciam

237 2525 264 2548 et
280 2521 458 2548 temeritatem
471 2527 642 2556 compressu,
659 2522 820 2549 constitutos
836 2522 870 2548 ab
882 2529 914 2548 eo
941 2521 1023 2549 cleri-

237 2575 283 2593 cos
299 2568 526 2603 presbyter-osque
552 2568 585 2595 ad
603 2562 744 2603 pristinam
770 2568 869 2595 reverti
887 2568 1024 2595 conditio~

237 2621 297 2639 Iteul
311 2614 406 2646 jussit:
420 2621 454 2640 ex
468 2622 582 2648 quorum
599 2619 658 2641 erat
671 2622 784 2641 numero
808 2614 936 2650 Ischyras
963 2615 1026 2649 qui-

237 2661 297 2685 dam
313 2659 485 2694 Mareoticus,
500 2661 544 2696 qui
562 2668 671 2696 operam
687 2666 778 2695 postea
792 2668 870 2688 suam
888 2661 914 2688 in
934 2661 1023 2688 Atha~

237 2705 303 2731 nasii
320 2706 468 2740 perniciem
485 2707 595 2734 Arianis
611 2707 720 2735 locavit.
733 2707 826 2742 Neque
843 2708 916 2736 enim
932 2708 1025 2735 turba.

237 2759 294 2777 Itllll
322 2753 403 2778 tinem
423 2752 548 2781 fecerunt
568 2753 735 2783 Collntbiani
761 2763 769 2781 :
793 2754 840 2782 sed
861 2757 942 2789 pacto
966 2761 1023 2781 non

271 2821 308 2882 (1410)
328 2820 425 2848 Euseb.
442 2822 460 2848 l.
484 2830 530 2855 nt;
545 2823 652 2852 Socrat.
668 2824 687 2852 Ι.
702 2831 722 2857 ι,
737 2830 762 2852 c.
776 2823 806 2856 7;
824 2823 932 2851 Sozom.
950 2822 968 2851 l.
988 2830 1024 2857 vi,

233 2863 258 2891 θ’.
270 2860 428 2928 (Ibti-Socr'at.
444 2892 464 2919 Ι.
481 2900 521 2927 ιιι,
533 2900 559 2920 c.
576 2893 593 2919 ti

1093 276 1152 303 lica:
1168 275 1316 303 inferendis
1329 276 1482 303 inhiabant.
1498 275 1632 303 Meletiani
1649 283 1730 310 porro
1744 281 1771 304 et
1788 276 1881 304 Ariani

1093 321 1204 348 altiores
1222 326 1367 356 posuerant
1384 321 1500 353 radices,
1523 328 1604 355 quam
1628 326 1657 348 ut
1683 321 1758 348 Hosii
1784 325 1882 350 conatu

1093 371 1120 394 et
1132 374 1182 401 ope
1194 367 1310 394 convelli
1336 372 1465 401 possent;
1484 367 1639 402 frustraque
1663 368 1746 395 cessit
1760 375 1791 395 ea
1807 367 1832 394 in
1852 374 1884 394 re

1092 419 1174 446 opera
1187 412 1273 439 Hosii.
1291 413 1391 440 Auctor
1409 419 1450 440 est
1474 412 1600 440 Socrates
1624 413 1674 448 (c),
1701 413 1812 439 Hosium
1829 412 1882 439 Sa-

1093 457 1164 485 bellii
1177 459 1327 486 doctrinam
1348 463 1471 486 evertere
1485 459 1633 491 studuisse,
1650 466 1682 486 ac
1699 459 1732 486 de
1749 459 1881 486 substan—

1094 504 1130 531 tia
1146 508 1173 531 et
1189 504 1327 539 hypostasi
1353 505 1472 540 agitasse
1491 505 1678 539 quaestionem.
1702 504 1754 531 Pro
1772 508 1866 531 contro

1092 550 1180 577 versia
1197 555 1286 577 autem
1303 551 1336 577 de
1351 549 1483 578 Paschate
1494 550 1683 584 componenda
1698 550 1762 584 quid
1787 554 1878 577 actum

1092 599 1119 622 et
1134 596 1272 630 provisum
1287 595 1334 628 sit,
1349 596 1499 630 ignoratur.
1516 595 1603 623 Unum
1616 599 1737 628 constat,
1754 602 1811 622 retn
1830 595 1879 622 nti-

1093 642 1166 669 nime
1183 643 1300 669 cessisse
1321 649 1354 669 ex
1373 641 1544 669 Constantini
1559 646 1643 673 voto;
1672 648 1733 668 cum
1752 647 1783 667 ea
1805 647 1879 675 qute~

1092 688 1145 715 stio
1162 688 1232 714 inter
1247 688 1398 722 praecipuas
1413 689 1540 722 cogenda:
1554 687 1669 714 Nicena;
1692 686 1792 721 synodi
1816 693 1877 713 cau-

1091 740 1135 760 sas
1148 738 1332 760 enunteretur.
1356 731 1526 766 Quapropter
1550 739 1579 759 re
1606 731 1706 759 infecta
1732 731 1831 759 Hosius
1844 737 1876 758 at:

1091 779 1298 807 Constantinum
1319 779 1461 812 remigrat.
1484 778 1511 805 Id
1530 782 1619 805 tamen
1643 777 1711 805 lucri
1738 777 1878 805 catholicis

1093 825 1173 852 rebus
1199 832 1232 852 ex
1255 824 1314 858 ejus
1342 824 1440 852 itinere
1463 824 1588 856 accessit,
1622 824 1693 858 quod
1720 824 1879 858 imperator,

1092 869 1175 897 Hosio
1195 875 1335 902 narrante,
1352 870 1386 897 de
1399 870 1456 898 Arii
1471 870 1607 904 protervia
1623 874 1650 897 et
1665 869 1803 904 impietate
1819 876 1881 897 cer-

1053 907 1074 934 Β
1092 916 1144 942 tior
1157 914 1258 947 factus,
1273 923 1336 942 cum
1351 920 1444 949 postea
1460 914 1554 942 oborti
1567 914 1671 942 dissidii
1682 914 1808 942 habuerit
1831 921 1881 942 au.

1091 965 1192 988 ctorem
1207 966 1234 988 et
1249 961 1465 995 antesignanum.

1125 1018 1151 1046 5.
1167 1018 1262 1044 Ariani
1281 1017 1449 1045 Constantini
1466 1023 1569 1045 statuas
1591 1017 1721 1053 lapidibus
1737 1022 1876 1052 impetum.

1089 1063 1234 1091 —Ariani
1254 1071 1319 1091 vero
1342 1068 1369 1091 et
1389 1063 1524 1091 Meletiani
1552 1072 1583 1092 ex
1610 1064 1690 1092 rebus
1712 1065 1880 1100 improspere

1089 1111 1174 1146 gestis
1191 1111 1217 1137 in
1238 1110 1358 1138 furorem
1375 1115 1402 1137 et
1418 1111 1632 1144 desperationem
1656 1111 1720 1143 acti,
1741 1110 1879 1138 Constan-

1089 1157 1137 1184 tini
1161 1161 1267 1184 statuas
1284 1156 1402 1185 ferocius
1426 1157 1558 1192 aggressi,
1581 1156 1662 1192 jactis
1680 1157 1814 1191 lapidibus
1829 1156 1878 1183 de-

1089 1202 1208 1230 formare
1232 1203 1290 1230 ausi
1318 1207 1390 1230 sunt.
1413 1202 1479 1236 Quae
1505 1203 1539 1230 ad
1562 1203 1756 1238 imperatorem
1778 1203 1878 1234 delata,

1089 1248 1304 1275 misericordiam
1335 1247 1394 1282 ejus
1412 1248 1498 1282 magis
1524 1255 1633 1275 movere
1664 1255 1745 1282 quam
1773 1247 1881 1275 iracun-

1089 1294 1173 1326 diam,
1187 1299 1216 1321 ut
1229 1294 1295 1321 nihil
1318 1294 1361 1320 ille
1384 1301 1445 1321 cum
1472 1294 1615 1321 sceleratis
1638 1293 1833 1328 expostularet.
1848 1293 1879 1321 Si

1088 1348 1141 1376 qua
1166 1341 1232 1367 ﬁdes
1250 1340 1455 1368 Meletianorum
1488 1340 1724 1368 criminationibus
1749 1340 1790 1375 (Δ)
1814 1339 1878 1374 Tyri

1089 1388 1236 1415 Athanasio
1257 1387 1368 1418 oblatis,
1393 1387 1499 1414 delatus
1525 1387 1558 1414 ab
1581 1387 1732 1414 Athanasio
1760 1387 1811 1414 fuit
1838 1386 1878 1414 ls-

1088 1435 1186 1470 chyras
1214 1435 1284 1468 apud
1311 1433 1445 1470 Hyginum
1473 1433 1582 1469 Egypti
1609 1432 1775 1468 praefectum,
1806 1433 1880 1468 quod

1088 1480 1260 1516 imperatoris
1276 1480 1408 1515 imagines
1429 1480 1502 1507 saxis
1519 1480 1686 1514 appetiisset,
1702 1484 1784 1513 atque
1795 1486 1826 1506 ea
1845 1479 1879 1506 de

1088 1535 1170 1555 causa
1198 1528 1225 1554 in
1245 1534 1383 1554 carcerem
1407 1527 1544 1554 detrusus.
1564 1526 1629 1559 Quae
1646 1533 1700 1558 res,
1718 1526 1742 1552 si
1755 1532 1819 1552 vere
1832 1532 1880 1560 ge-

1049 1582 1070 1612 c
1088 1579 1140 1606 sta,
1166 1573 1193 1600 in
1216 1573 1267 1601 hoc
1291 1580 1369 1608 posse
1399 1578 1503 1608 tempus
1529 1572 1647 1600 conferri
1670 1571 1789 1602 videtur,
1815 1578 1878 1598 eum

1089 1620 1205 1647 maxime
1223 1619 1348 1654 lschyras
1367 1627 1382 1646 a
1407 1626 1546 1646 sacrorum
1577 1617 1651 1646 aditu
1673 1621 1701 1644 et
1728 1615 1817 1644 olﬁcio
1835 1623 1879 1644 re-

1087 1671 1177 1693 motus
1196 1666 1230 1693 ab
1249 1665 1342 1698 Hosio,
1360 1673 1428 1694 rem.
1446 1670 1475 1692 ut
1496 1665 1633 1693 aestimare
1650 1669 1702 1697 est,
1716 1663 1878 1700 perindigne

1087 1712 1186 1738 tulerit.

1119 1767 1153 1796 4.,
1170 1766 1279 1794 Litterw
1295 1767 1353 1794 Arii
1379 1767 1414 1794 ad
1439 1766 1644 1794 Constantinum
1665 1772 1690 1794 et
1707 1766 1878 1794 Constantini

1085 1813 1119 1840 ad
1133 1813 1238 1840 Arium.
1258 1828 1293 1833 —
1307 1813 1375 1840 Tum
1401 1814 1495 1846 Arius,
1514 1814 1604 1842 missis
1621 1813 1655 1840 ad
1669 1813 1876 1841 Constantinum

1085 1858 1196 1892 litteris,
1212 1864 1239 1886 et
1250 1864 1362 1892 questus
1375 1859 1407 1886 de
1423 1860 1504 1886 rebus
1518 1859 1543 1886 in
1558 1867 1588 1887 se
1605 1866 1723 1893 suosque
1737 1858 1876 1890 admissis,

1085 1910 1162 1930 suam
1189 1904 1346 1938 imperatori
1367 1904 1446 1931 [idem
1471 1905 1569 1939 aperit,
1597 1904 1643 1932 sed
1671 1904 1805 1931 simulatis
1816 1903 1877 1938 qui-

1085 1949 1198 1976 busdam
1212 1955 1237 1977 et
1252 1950 1348 1977 fucatis
1365 1950 1480 1977 vocibus
1501 1950 1554 1986 (ε),
1576 1955 1605 1977 ut
1623 1950 1726 1977 solebat
1741 1957 1802 1976 cum
1816 1957 1831 1976 e
1847 1956 1876 1975 re

1086 1994 1145 2022 lore
1158 2000 1293 2030 speraret.
1310 1996 1359 2023 Cui
1372 1996 1522 2030 imperator
1543 1996 1708 2028 rescribens,
1734 1995 1875 2022 adversam

1085 2042 1192 2069 Christo
1207 2047 1234 2068 et
1249 2042 1377 2070 Ecclesiae
1402 2043 1554 2070 doctrinam
1581 2042 1640 2075 ejus
1667 2041 1800 2076 coarguit,
1815 2040 1874 2068 Arii

1086 2087 1207 2122 depingit
1223 2095 1324 2119 mores,
1342 2086 1430 2121 carpit
1447 2094 1537 2113 rerum
1560 2087 1745 2113 novandarum
1770 2085 1875 2120 cupidi-

1086 2140 1158 2165 nem,
1171 2139 1284 2167 pronum
1302 2131 1335 2158 ad
1353 2132 1522 2159 iracundiam
1539 2137 1565 2159 et
1584 2132 1703 2159 furorem
1722 2131 1846 2158 animum
1863 2140 1870 2158 :

1085 2177 1275 2204 interminatur
1292 2177 1432 2208 ultiOnem,
1458 2177 1479 2204 si
1507 2185 1558 2204 non
1583 2177 1750 2211 resipiscat;
1767 2184 1816 2204 nec
1831 2177 1874 2210 ip-

1084 2230 1143 2250 sum
1173 2223 1262 2256 modo,
1291 2224 1337 2250 sed
1359 2228 1387 2250 et
1411 2223 1556 2258 discipulos
1577 2223 1741 2258 plectendos.
1760 2223 1873 2249 Demum

1084 2275 1163 2296 versa
1179 2269 1205 2295 in
1220 2269 1394 2296 clementiam
1410 2269 1565 2302 severitate,
1580 2269 1678 2296 leniter
1702 2269 1828 2296 hortatur
1844 2273 1874 2296 ut

1083 2322 1112 2342 se
1127 2315 1273 2341 conveniat
1287 2326 1294 2342 ι
1314 2319 1436 2349 tumque,
1456 2315 1478 2342 si
1493 2315 1585 2342 minus
1601 2314 1667 2341 sana
1683 2315 1872 2349 sitsententia,

1082 2363 1116 2390 ab
1126 2371 1155 2390 se
1170 2364 1202 2390 ad
1216 2370 1306 2389 veram
1321 2368 1476 2390 revocatum
1493 2363 1525 2390 iri
1539 2371 1546 2395 ;
1564 2363 1605 2390 sin
1621 2370 1684 2390 vera
1701 2362 1872 2396 sinceraque,

1081 2410 1107 2436 id
1124 2411 1223 2445 ingenti
1241 2411 1290 2438 sibi
1307 2411 1404 2445 gaudio
1418 2410 1549 2437 futurum.

1115 2479 1191 2507 ANNO
1206 2480 1270 2508 525.
1289 2495 1324 2500 —
1337 2481 1362 2508 l.
1378 2480 1502 2515 Synodus
1522 2478 1634 2506 Nica’na
1648 2483 1818 2506 convocatur.
1836 2492 1872 2498 ——

1081 2524 1134 2552 Sed
1146 2533 1207 2552 cum
1224 2524 1324 2551 frustra
1340 2525 1470 2551 cederent
1496 2523 1668 2551 Constantini
1693 2524 1806 2556 monita,
1822 2530 1873 2551 nec

1079 2571 1218 2606 quidpiam
1240 2570 1395 2598 ﬂecteretur
1409 2570 1468 2597 Arii
1483 2575 1706 2604 sectatorumque
1734 2570 1793 2604 ejus
1808 2577 1871 2604 per-

1080 2617 1183 2644 vicacia
1206 2625 1213 2647 ;
1241 2617 1404 2644 (ecumenici
1425 2621 1530 2642 tantum
1546 2615 1653 2643 concilii
1670 2623 1752 2650 opera
1774 2615 1868 2642 incen-

1080 2663 1153 2690 dium
1180 2662 1311 2696 ejusmodi
1337 2663 1470 2698 restingui
1497 2670 1578 2698 posse
1606 2668 1681 2690 ratus
1708 2662 1870 2696 imperator,

1080 2708 1212 2743 synodum
1228 2713 1358 2735 convocat
1372 2707 1469 2735 Nicaeae
1482 2709 1508 2735 in
1522 2708 1647 2743 Bithynia
1662 2706 1870 2734 celebrandam:

1081 2755 1158 2790 cujus
1171 2762 1220 2782 nos
1236 2754 1303 2782 Acta
1324 2763 1339 2782 a
1362 2755 1455 2782 multis
1476 2755 1575 2783 dudum
1589 2754 1711 2783 studiose
1723 2753 1869 2783 recensita.

1117 2821 1152 2857 (ο)
1168 2821 1233 2849 Ibid.

1117 2860 1155 2893 tu)
1175 2859 1284 2895 §ozotn.
1300 2857 1346 2884 lib.
1360 2866 1389 2892 ll,
1401 2867 1461 2895 cap.
1475 2859 1520 2888 25.

1118 2897 1152 2928 (ι’)
1170 2893 1259 2921 Gelas.
1274 2893 1293 2920 l.
1308 2900 1335 2920 ll.
