2000 3045
740 186 818 214 VlTA
839 186 866 213 S.
886 187 1080 214 ATIIANASII.

1654 193 1726 212 LXVII

99 241 188 275 paucis
213 249 370 274 narramus,
395 243 495 277 quibus
521 251 574 271 non
603 249 680 272 vacat
694 253 743 280 per
758 247 842 274 otium
855 254 886 275 ea
900 250 925 278 Α
939 247 1093 282 Theognius
1120 245 1177 273 sive
1194 245 1324 280 Diognius
1350 244 1486 278 Nicaenus,
1513 243 1596 271 Maris
1616 243 1727 270 Chalce-

99 287 216 322 pluribus
235 287 374 322 persequi.

131 333 156 360 2.
173 334 250 361 Anno
267 333 350 368 igitur
363 333 468 361 Christi
484 334 550 367 525,
573 335 680 370 imperii
711 336 885 365 Constantini

99 379 200 407 decimo
220 387 292 407 nono
307 384 432 406 vertente
447 379 497 415 (α),
511 380 623 409 Paulino
639 388 665 410 et
680 382 786 410 Juliano
802 391 885 416 c0325.,

99 424 213 453 Nicaeam
228 425 368 453 conﬂuunt
381 433 415 452 ex
429 427 513 454 variis
536 432 616 455 terra:
628 429 752 463 partibus
766 429 885 464 episcopi

99 471 130 498 ad
143 471 206 503 518,
221 476 250 498 ιιι
272 470 363 498 ferunt
386 471 528 506 potissima
552 474 717 508 scriptorum
742 483 804 509 pars
818 484 825 502 :
839 476 885 503 alii

98 517 238 552 pauciores
257 523 400 545 numerant
414 527 421 552 ;
440 518 573 547 Eusebius
584 525 675 548 autem
691 521 728 557 (b)
741 529 822 556 supra
837 523 886 550 du-

99 567 190 591 centos
205 563 601 601 quinquaginta;presbyteros
620 573 723 601 autem,
743 568 885 601 diaconos,

101 608 241 644 acolylhos
265 613 292 637 et
312 609 390 643 alios,
418 611 520 646 ingenti
544 620 670 640 numero.
695 614 734 641 Ex
749 615 884 642 universis

100 654 337 690 Europae,Africae
368 662 451 692 atque
478 658 551 685 Asiae
567 658 709 692 Ecciesiis,
739 660 785 695 qui
815 661 886 688 inter

100 699 145 727 Dei
162 700 300 728 ministros
317 702 469 736 principem
483 703 612 731 tenebant
627 704 726 737 locum,
746 713 799 733 una
821 713 884 733 con-

99 745 215 772 veniunt.
232 745 332 774 Eadem
346 747 478 775 orationis
497 748 604 782 domus,
630 757 678 777 ceu
700 751 746 778 Dei
770 751 885 779 consilio

99 789 216 823 dilatata,
228 791 312 828 Syros
325 793 415 825 simul,
426 792 532 827 Cilices,
544 794 696 829 Phoenices,
707 797 820 832 Arabes,
834 797 886 824 Pa-

98 835 235 868 laestinos,
260 837 379 873 itemque
406 837 570 874 Egyptios,
601 839 750 875 Thebaeos,
776 842 883 878 Libyes,

98 881 217 915 aliosque
230 889 262 909 ex
279 882 470 917 Mesopotamia
485 883 622 918 profectos
630 893 679 913 suo
693 887 795 915 ambitu
809 896 884 915 com-

97 927 174 961 plexa
195 932 249 955 est.
274 927 332 955 Non
351 929 442 963 Persa,
467 939 521 959 non
542 932 645 968 Scytha
671 933 767 963 defuit.
782 934 885 963 Pontus

97 975 172 1008 item,
190 975 308 1009 Galatia,
328 975 484 1014 Pamphylia
498 984 526 1007 et
543 979 726 1015 Cappadocia,
737 982 801 1010 Asia
817 991 883 1019 quo-

97 1026 147 1054 que
166 1025 193 1047 et
208 1019 335 1056 Phrygia,
364 1021 541 1050 lectissimum
563 1032 699 1060 quemque
727 1033 839 1054 suorum
853 1034 886 1055 eo

97 1065 202 1092 misere.
231 1065 287 1093 lmo
313 1066 443 1100 Thraces,
471 1067 643 1103 Macedones,
666 1070 758 1098 Acbari
777 1076 804 1098 et
820 1072 881 1107 Epi-

98 1114 171 1142 rotae,
186 1116 267 1146 atque
284 1111 332 1146 qui
355 1112 479 1148 longiore
498 1114 638 1142 distabant
664 1115 819 1149 intervallo,
840 1125 886 1144 ac-

96 1162 203 1183 cessere
221 1164 272 1184 nec
290 1157 380 1185 inviti.
393 1158 436 1186 Ab
448 1159 579 1195 Hispania
597 1169 704 1196 quoque
719 1163 760 1189 vir
781 1163 825 1191 ille
840 1171 886 1191 ce-

95 1201 294 1229 lebratissimus
317 1202 416 1232 Hosius
446 1213 498 1232 una
518 1214 579 1233 cum
603 1207 695 1235 multis
710 1207 772 1236 aliis
787 1217 820 1237 eo
835 1210 886 1237 iter

95 1247 223 1275 instituit.
237 1248 339 1276 Aberat
349 1249 458 1284 quidem
476 1253 625 1280 senectutis
640 1260 721 1281 causa
735 1253 884 1290 Sylvester,

96 1292 279 1327 imperatoriae
297 1296 412 1323 antistes
430 1297 558 1331 civitatis,
579 1299 625 1326 sed
651 1299 709 1334 ejus
734 1301 819 1328 vicem
837 1301 886 1327 im-

94 1339 204 1373 plebant
229 1341 379 1376 presbyteri
401 1342 460 1376 ejus
477 1343 538 1372 Vito
562 1349 590 1372 et
616 1344 784 1376 Vincentius.
802 1346 887 1374 Inter-

94 1385 145 1412 fuit
158 1386 358 1416 Alexandrinus
373 1390 483 1423 praesul,
499 1391 544 1425 qui
559 1399 629 1426 pene
646 1391 720 1419 solus
734 1397 812 1419 antea
828 1393 886 1420 Arii

95 1431 234 1459 molimina
259 1434 404 1469 depulerat
428 1445 436 1463 :
457 1437 562 1464 itineris
577 1445 669 1465 comes
691 1437 743 1465 fuit
763 1439 887 1466 Athana—

93 1477 150 1504 sius
167 1478 204 1514 (ι)
224 1483 281 1506 tum
297 1481 436 1514 diaconus,
450 1483 626 1511 consiliorum
642 1485 818 1518 administer,
837 1485 884 1520 qui

93 1528 204 1552 strenue
229 1534 286 1553 rem
310 1529 475 1557 catholicam
503 1531 694 1566 propugnavit.
720 1531 759 1558 Eo
784 1532 886 1566 pariter

92 1573 223 1598 convenit
251 1573 404 1608 imperator
429 1575 635 1609 Constantinus,
661 1577 712 1604 hoc
736 1579 838 1610 animo,
857 1583 885 1606 ut

94 1621 198 1644 tantam
213 1620 450 1648 sanctissimorum
464 1622 612 1656 praesulum
629 1622 809 1658 frequentiam
822 1614 884 1651 ocu-

93 1663 127 1691 lis
144 1664 201 1699 ipse
214 1665 273 1701 su_is
287 1671 410 1695 coactam
425 1668 604 1703 perspiceret,
630 1677 806 1704 praesensque
826 1679 885 1698 ma-

92 1717 147 1744 gno
159 1711 338 1739 concilimdae
358 1713 420 1746 paci
435 1719 572 1740 momento
592 1719 673 1741 esset.
701 1715 767 1747 Qua:
783 1716 884 1741 victum

93 1756 294 1791 honestumque
319 1757 421 1785 cultum
444 1763 571 1793 spectant
593 1759 708 1794 Augusti
733 1759 885 1794 sumptibus

93 1801 177 1828 θαιιυὶ
195 1803 242 1829 toti
261 1803 469 1831 subministrata
495 1808 570 1836 sunt,
587 1811 618 1831 ac
634 1805 764 1832 viaticum
779 1804 886 1833 abunde

92 1847 193 1881 cuique
209 1849 424 1883 suppeditatum.

127 1893 156 1921 3.
172 1892 292 1921 Nicazam
318 1896 428 1924 vixdum
454 1901 635 1932 pervenerant
665 1897 798 1932 episcopi,
823 1906 885 1925 cum

93 1945 202 1969 mature
217 1943 243 1970 in
262 1941 376 1970 ecclesia
385 1942 561 1969 conveniunt.
574 1942 704 1976 Actisque
722 1943 775 1970 Deo
792 1943 886 1978 gratiis

95 1987 129 2014 de
142 1987 197 2014 alta
212 1995 277 2023 pace
295 1989 467 2016 Constantini
499 1989 624 2016 victoriis
653 1994 743 2024 parta,
759 1990 793 2016 de
820 1997 886 2016 con-

94 2041 176 2062 verso
190 2033 362 2061 Constantini
377 2033 468 2060 animo
483 2036 516 2060 ad
532 2035 588 2062 veri
607 2034 733 2062 Numinis
755 2035 887 2070 cognitio-

94 2088 171 2113 nem,
186 2080 289 2108 ctnlesti
307 2087 338 2107 se
350 2079 452 2107 lumine
471 2079 596 2114 perfundi
611 2081 712 2108 obnixe
730 2086 885 2116 precantur,

93 2134 149 2160 quo
170 2133 262 2154 veram
282 2125 388 2161 possint
407 2125 539 2153 doctrina:
567 2121 701 2153 rationem
729 2128 838 2162 assequi
855 2135 886 2155 ac

93 2171 222 2198 deﬁnire.

128 2215 158 2242 4.
177 2214 229 2247 Qui
246 2214 360 2249 episcopi
377 2215 486 2242 Ariani:
510 2218 642 2249 Iacerent.
662 2230 698 2235 —
721 2215 779 2243 Etsi
806 2223 888 2250 porro

939 295 1087 326 donensis;
1108 292 1235 320 Theouas
1259 292 1325 320 item
1344 292 1522 324 Marmaricae,
1538 295 1566 319 et
1585 289 1727 318 Secundus

937 337 1122 371 Ptolemaidis,
1153 339 1233 366 ambo
1260 338 1315 372 jam
1341 343 1404 365 ante
1432 337 1551 372 auinque
1581 344 1669 364 annos
1698 337 1724 363 in

937 384 1118 412 Alexandrina
1136 384 1241 420 synodo
1257 383 1388 412 abdicati.

972 429 999 456 5.
1014 429 1107 456 Libelli
1120 428 1293 456 Constantino
1308 428 1401 456 oblati.
1420 443 1456 448 —
1480 428 1536 455 Nec
1548 427 1660 456 defuere
1677 427 1724 462 qui

937 475 1036 502 oblatis
1060 475 1244 502 Constantino
1268 475 1367 502 libellis
1387 474 1519 509 quosdam
1534 474 1723 509 episcoporum

938 529 998 549 reos
1019 527 1140 556 agerent.
1154 521 1284 550 Arianine
1298 529 1330 548 an
1346 520 1479 548 Catholici
1502 521 1518 548 ii
1538 520 1650 553 fuerint,
1665 520 1725 548 nul-

937 567 988 595 lius
1019 567 1125 601 antiqui
1152 567 1294 602 scriptoris
1319 567 1358 601 (ιι)
1379 566 1533 593 testimonio
1554 571 1725 600 compertum

936 617 1004 646 est;
1032 613 1080 640 sed
1104 613 1273 640 arbitrantur
1297 617 1357 648 post
1381 611 1529 639 Baronium
1559 612 1725 639 recentiores

936 666 1005 694 pene
1027 665 1131 691 omnes,
1158 658 1184 685 id
1206 658 1244 685 rei
1265 657 1372 685 nonnisi
1398 657 1507 684 Arianis
1521 657 1654 692 episcopis
1678 665 1725 684 as-

937 705 1005 732 cribi
1023 713 1112 740 posse,
1139 705 1186 740 qui
1206 704 1304 731 infesto
1322 711 1429 738 semper
1443 704 1469 731 in
1488 704 1606 739 reliquos
1621 703 1723 736 animo,

938 751 1039 778 nullum
1055 759 1108 778 non
1134 751 1313 786 querimonia:
1341 755 1532 785 argumentum
1555 757 1725 783 aucuparen—

937 802 989 824 tur.
1005 797 1103 825 Verum
1122 797 1145 824 si
1169 797 1248 824 seita
1263 803 1308 823 res
1334 796 1448 828 habuit,-
1463 795 1527 830 quid
1548 803 1638 822 causae
1663 802 1724 822 esse

936 843 1021 878 possit
1049 843 1122 878 quod
1142 842 1269 875 Ruﬁnus,
1288 841 1476 869 Theodoretus
1497 846 1522 868 et
1555 840 1725 868 Sozomenus

936 891 1098 917 Arianorum
1112 897 1210 917 nomen
1224 889 1354 916 taceant?
1367 896 1400 915 an
1417 895 1511 915 eorum
1527 887 1724 916 existimationi

936 935 1088 963 consultum
1104 935 1226 967 voluere,
1241 935 1286 970 qui
1303 934 1370 962 nihil
1389 942 1442 962 non
1460 940 1601 968 aspersum
1627 933 1654 960 in
1678 941 1724 960 ec-

936 981 1097 1009 clesiasticae
1113 981 1245 1009 doctrinae
1259 985 1432 1015 corruptores
1444 980 1544 1015 passim
1557 987 1607 1014 per
1620 980 1722 1015 scripta

936 1034 986 1054 sua
1007 1027 1206 1061 conspergunt?
1244 1026 1322 1055 Unde
1344 1027 1370 1053 in
1397 1026 1503 1053 incerto
1524 1033 1568 1053 res
1588 1031 1723 1054 versatur.

937 1072 1097 1107 llujusmodi
1113 1071 1219 1099 libellos
1235 1071 1430 1099 Constantinus
1446 1072 1472 1098 in
1490 1071 1649 1099 fasciculum
1664 1071 1724 1098 col-

938 1118 1045 1153 ligatos,
1062 1117 1216 1152 annuloque
1229 1125 1279 1145 suo
1293 1118 1462 1152 obsignatos,
1479 1117 1615 1144 asservari
1633 1116 1723 1151 jussit.

936 1162 1116 1198 Posteaquam
1135 1170 1198 1190 vero
1213 1170 1305 1197 pacem
1323 1163 1451 1197 przesules
1467 1163 1539 1190 inter
1553 1163 1725 1196 conciliarat,

937 1208 964 1236 in
990 1209 1107 1236 medium
1130 1209 1226 1236 allatos
1250 1209 1311 1244 igne
1336 1209 1495 1243 absumpsit,
1522 1208 1632 1243 juratus
1656 1209 1725 1236 nillil

936 1262 1030 1283 eorum
1053 1263 1081 1282 se
1096 1255 1193 1289 legisse
1208 1265 1216 1282 :
1233 1255 1308 1282 nefas
1324 1256 1400 1283 aiens
1413 1255 1602 1290 cpiscoporutn
1627 1256 1725 1284 delicta

936 1301 963 1327 in
981 1300 1150 1328 saecularium
1160 1301 1284 1328 notitiam
1303 1301 1441 1329 devenire.

972 1347 998 1374 6.
1013 1346 1164 1382 Imperator
1182 1348 1283 1382 synodo
1299 1348 1417 1375 intereat.
1442 1362 1477 1367 --
1491 1347 1547 1375 Sub
1562 1348 1621 1376 haec
1638 1349 1724 1384 impe.

937 1397 1012 1419 rator
1029 1393 1099 1420 diem
1116 1393 1194 1424 dixit,
1217 1400 1270 1428 quo
1289 1393 1476 1428 episcoporum
1499 1399 1649 1421 conventus
1672 1394 1724 1421 ini-

937 1443 1041 1471 rentur,
1065 1440 1197 1467 decimam
1227 1447 1326 1467 nonam
1347 1440 1451 1467 scilicet
1474 1440 1546 1469 Junii
1573 1442 1636 1470 anui
1657 1442 1723 1470 525.

936 1484 1028 1512 Coacti
1045 1493 1109 1512 vero
1127 1485 1250 1512 condicta
1266 1486 1311 1513 die
1326 1486 1352 1512 in
1372 1485 1476 1513 Palatio
1491 1487 1622 1522 episcopi,
1639 1488 1726 1522 impc-

936 1535 1056 1558 ratorem
1090 1531 1174 1558 tacite
1206 1532 1436 1566 prmstolabantur
1464 1541 1527 1560 mox
1556 1534 1724 1562 adfuturum.

936 1576 1081 1604 Accedenti
1099 1584 1276 1604 assurrexere
1289 1585 1395 1611 omnes,
1413 1578 1476 1605 dum
1500 1579 1571 1606 inter
1584 1579 1726 1613 episcopos

938 1622 983 1649 ille
1007 1622 1077 1649 ultro
1103 1623 1229 1657 citroque
1263 1623 1368 1657 positos
1397 1630 1551 1657 permeans,
1580 1624 1607 1651 in
1642 1631 1724 1651 aurea

936 1669 1013 1702 sella,
1031 1677 1080 1697 nec
1095 1670 1146 1697 nisi
1164 1670 1245 1704 petita
1259 1670 1292 1698 ab
1310 1670 1343 1697 iis
1356 1671 1434 1697 venia
1449 1690 1457 1703 ,
1471 1670 1589 1698 sederet.
1605 1670 1724 1697 Primam

936 1717 1083 1741 secundum
1102 1716 1313 1740 Cunatalitluutn
1341 1716 1432 1740 sedem
1452 1719 1600 1746 occupasse
1615 1712 1724 1740 nomine

938 1759 1068 1795 Sylvestri
1083 1766 1157 1792 papae
1171 1757 1291 1791 iiosium,
1310 1761 1425 1784 testatur
1442 1757 1569 1785 Gelasius
1582 1757 1629 1793 (e).
1647 1757 1723 1785 ilosil

936 1804 1052 1832 comites
1077 1802 1154 1830 fuere
1168 1802 1232 1830 Vito
1247 1807 1274 1830 et
1289 1801 1447 1830 Vincentius
1470 1802 1623 1838 presbyteri
1637 1810 1651 1829 a
1664 1802 1725 1839 Syl-

936 1855 1029 1878 vestro
1053 1850 1117 1876 item
1137 1848 1230 1884 legati.
1255 1848 1287 1875 Et
1303 1856 1370 1875 sane
1398 1848 1469 1882 quod
1487 1848 1590 1883 primas
1606 1850 1726 1876 tenuerit

937 1895 1045 1929 ilosius,
1075 1895 1180 1922 videtur
1207 1894 1373 1922 Athanasius
1394 1895 1509 1926 irmuere
1529 1902 1588 1921 cum
1608 1895 1646 1921 ait
1661 1895 1697 1929 (ι’)
1716 1902 1724 1921 :

940 1952 948 1968 ι
968 1942 1015 1969 Cui
1031 1942 1135 1976 synodo
1150 1948 1203 1968 non
1221 1940 1329 1974 praefuit
1345 1947 1427 1968 senex
1442 1939 1486 1967 ille
1505 1939 1623 1966 Hosius?
1637 1949 1646 1964 ι
1670 1940 1725 1967 Nec

937 1993 1026 2015 tamen
1043 1995 1087 2014 res
1102 1986 1183 2014 dubio
1198 1991 1289 2012 vacat.
1310 1985 1379 2013 Tum
1397 1985 1443 2020 qui
1458 1992 1472 2012 a
1487 1985 1590 2012 dextris
1602 1983 1724 2018 sedebat,

937 2034 1087 2062 orationem
1103 2033 1136 2060 ad
1152 2032 1344 2066 imperatorem
1361 2031 1465 2064 habuit,
1481 2038 1540 2065 qum
1552 2031 1724 2065 potissimum

938 2079 1097 2107 versabatur
1123 2079 1148 2106 in
1178 2077 1329 2106 referendis
1350 2076 1406 2104 Deo
1435 2077 1531 2111 gratiis
1557 2076 1591 2103 ob
1615 2077 1725 2104 collatas

937 2127 1059 2160 Augusto
1081 2124 1157 2151 dotes
1185 2131 1216 2150 ac
1241 2122 1381 2149 victorias.
1409 2121 1450 2148 Ab
1476 2121 1618 2148 Enstalliio
1632 2121 1728 2148 Αιιιίο-

938 2171 1024 2198 cheno
1038 2173 1144 2197 oratum
1159 2169 1197 2195 ait
1213 2167 1400 2194 TilBOliOf‘elUS
1421 2165 1459 2201 (g)
1485 2175 1492 2192 :
1516 2173 1608 2192 verum
1631 2165 1656 2192 id
1674 2165 1725 2192 So-

938 2223 1067 2242 zomenus
1087 2214 1126 2249 (h)
1152 2212 1278 2244 Eusebio,
1299 2211 1408 2239 Nicetas
1433 2218 1497 2237 vero
1526 2218 1559 2237 ex
1583 2211 1726 2238 Theodoro

90 2261 285 2295 episcoporum
311 2261 427 2288 maxima
449 2269 511 2295 pars
532 2261 565 2288 ad
581 2262 717 2297 synodum
732 2270 804 2290 vera:
825 2262 886 2289 fidei
903 2271 925 2300 υ
942 2259 1121 2293 Mopsuestia},
1135 2257 1289 2285 Alexandro
1307 2256 1432 2284 ascribit.
1449 2255 1518 2282 llinc
1533 2255 1625 2282 multis
1640 2256 1725 2289 impe-

91 2308 204 2334 tuenda:
219 2307 307 2334 studio
322 2309 496 2341 commeavit,
516 2315 571 2335 non
590 2308 705 2336 defuere
721 2313 812 2336 tamen
840 2309 886 2343 qui

90 2360 144 2381 nec
157 2353 273 2380 obscure
295 2353 402 2380 Arianis
425 2352 557 2380 faverent.
585 2354 699 2387 Horum,
721 2360 751 2380 ut
776 2354 880 2381 dictum

89 2404 146 2430 est,
159 2400 286 2434 princeps
298 2404 358 2427 erat
368 2400 502 2428 Eusebius
517 2400 746 2427 Nicomediensis.
763 2400 817 2426 Alii
838 2407 887 2426 au-

91 2450 160 2477 lein,
187 2445 320 2474 Eusebius
339 2446 471 2481 Pamphili
499 2446 688 2478 Caesariensis,
709 2445 885 2480 Patropliilus

92 2490 348 2526 Scythopolitanus,
363 2492 521 2519 Theodotus
543 2492 728 2523 Laodicenus,
755 2491 885 2518 Paulinus

91 2536 207 2571 Tyrius,
232 2537 397 2565 Athanasius
415 2538 633 2570 Anazarbensis,
663 2537 810 2572 Gregorius
835 2537 888 2565 Be-

92 2584 226 2618 ryiensis,
237 2584 331 2611 Actius
343 2583 494 2619 Lyddensis
508 2593 514 2611 :
531 2584 576 2619 qui
593 2591 689 2611 omnes
707 2583 741 2619 Sy
749 2583 780 2614 ri,
799 2583 888 2610 Pola:—

91 2629 158 2656 stini
191 2634 219 2656 et
243 2629 388 2657 Phoenices
417 2635 507 2657 erant.
541 2630 660 2661 Czeteri,
687 2629 887 2663 Menophantus

93 2674 263 2709 Ephesinus,
301 2675 442 2703 Narcissus
473 2676 678 2710 Neronopoleos
715 2676 741 2702 in
775 2674 884 2707 Cilicia,

131 2762 174 2796 fa)
188 2763 326 2793 Socrat.l.
341 2773 361 2797 ι,
375 2773 399 2793 c.
415 2765 442 2792 8.

131 2797 169 2832 (θ)
182 2799 283 2828 Athan.
293 2801 325 2828 ad
334 2801 424 2828 Afros.
435 2800 470 2827 De
482 2800 540 2827 Vita
552 2799 731 2832 Constantini,
743 2799 759 2826 l.
772 2807 811 2832 Ill,
822 2797 884 2832 (λιτ-

130 2837 166 2870 (c)
181 2833 285 2870 Athan.
301 2836 377 2870 Apol.
397 2841 489 2863 contra
509 2836 615 2866 Arium,
631 2843 658 2862 ιι.
673 2835 699 2861 6.

130 2868 169 2931 fed)
187 2868 294 2902 Ruﬁn,
317 2868 425 2899 Suom.
447 2871 500 2906 Li,
524 2878 550 2898 c.
574 2871 623 2904 t7;
650 2870 813 2899 Theodorct.
832 2868 850 2896 1.
864 2876 884 2902 ι,

941 2310 1014 2332 rator
1029 2304 1158 2340 prmsules
1172 2303 1330 2338 alloquitur.
1348 2302 1376 2328 In
1392 2301 1462 2328 votis
1485 2308 1546 2328 esse
1563 2301 1626 2332 sibi,
1649 2309 1728 2328 com-

939 2358 1031 2385 pressa
1050 2351 1073 2376 vi
1090 2355 1265 2384 tyraimorum
1284 2355 1404 2382 paceque
1431 2348 1488 2375 orbi
1507 2348 1644 2380 restituta,
1662 2355 1726 2374 con-

938 2396 1059 2424 cordiam
1075 2396 1100 2422 in
1117 2395 1237 2422 Ecclesia
1251 2395 1383 2426 oblinere,
1397 2394 1525 2421 intestina
1542 2393 1638 2427 deponi
1653 2393 1725 2424 odia,

939 2442 1169 2476 dissidioruinque
1183 2441 1263 2467 ﬁnem
1279 2448 1339 2467 esse
1354 2450 1359 2467 :
1373 2448 1433 2467 eum
1450 2447 1478 2466 se
1491 2439 1608 2467 fructum
1621 2447 1726 2467 summe

939 2495 1049 2522 aperare
1063 2495 1095 2514 ex
1121 2492 1160 2514 tot
1180 2491 1371 2521 tantorumque
1394 2487 1583 2521 episcoporum
1608 2486 1725 2514 adventu

939 2539 1159 2561 conseculurum.

976 2580 1001 2607 7.
1019 2579 1099 2606 Arius
1115 2587 1175 2606 suos
1193 2583 1339 2614 propugnat
1352 2587 1464 2606 errores.
1487 2579 1648 2606 Athanasius
1663 2588 1728 2607 con-

940 2632 981 2654 tra
1000 2627 1093 2652 Arium
1111 2627 1235 2660 disputat.
1248 2641 1284 2645 —
1301 2625 1347 2653 llis
1361 2625 1521 2660 praemissis,
1547 2624 1646 2659 iubent
1669 2627 1727 2661 epi-

940 2673 1014 2707 scopi
1035 2672 1129 2698 Arium
1154 2679 1184 2699 se
1196 2672 1294 2699 sistere
1319 2671 1346 2699 in
1373 2671 1502 2705 medium,
1519 2672 1552 2700 de
1566 2671 1690 2699 doctrina
1704 2677 1732 2700 et

986 2761 1010 2796 e)
1024 2761 1083 2788 Lib.
1101 2768 1132 2792 ιι,
1149 2767 1174 2786 c.
1191 2761 1219 2788 5.

988 2795 1009 2831 f)
1022 2795 1132 2830 Apolog.
1157 2795 1194 2824 De
1213 2796 1286 2831 fuga,
1306 2805 1334 2824 ιι.
1351 2796 1378 2824 5.

977 2831 1014 2866 (ῃ)
1027 2831 1086 2858 Lib.
1105 2840 1124 2862 I,
1138 2839 1163 2858 c.
1178 2832 1206 2860 8.

979 2869 1016 2904 (Ii)
1030 2868 1086 2895 Lib.
1101 2875 1120 2899 ι,
1134 2875 1156 2894 c.
1173 2867 1216 2895 19.
