2000 3045
301 188 384 210 LXVIII

986 173 1255 203 PROLEGOMENA.

303 239 354 266 title
367 245 414 265 sua
429 243 637 271 responsurum.
651 235 677 263 ls
691 242 747 263 non
762 233 896 268 intrepide
910 233 990 262 modo
1008 234 1034 260 in
1047 233 1090 268 jus
1104 238 1126 265 Α
1142 238 1230 260 ratum
1249 236 1343 267 postea
1357 231 1428 259 fuit:
1443 231 1587 259 damnatas
1601 229 1672 258 enim
1693 228 1834 265 opiniones
1843 230 1912 257 modo

301 282 432 314 ambulat,
451 281 498 309 sed
511 285 638 316 proterve
652 284 744 308 tuetur
759 285 878 306 errores.
896 277 955 305 Non
972 278 1090 312 impera-

302 329 367 356 toris
385 327 512 362 dignitas,
529 334 581 353 non
599 325 668 352 tanti
688 329 777 353 cattus
793 322 959 355 reverentia,
973 322 1091 350 hominis

300 378 375 402 arcet
390 372 595 407 impudentiam.
612 371 777 406 Blasphema
796 369 853 397 Arii
869 369 941 396 dicta
957 375 1011 396 non
1030 368 1091 395 sine

303 418 445 446 stomacho
461 417 629 451 horroreque
659 415 773 442 audiunt
794 415 926 450 episcopi.
947 414 983 441 At
1008 421 1051 446 ne,
1067 413 1089 440 si

299 468 463 499 praematuro
483 462 644 490 ulciscendae
657 469 729 488 vera:
744 460 876 488 doctrina;
892 460 984 487 studio
996 459 1088 492 Arius,

300 510 416 537 necdum
441 508 596 536 confutatus
622 508 809 539 damnaretur,
837 506 1007 541 querelarum
1039 505 1089 540 ipsi

298 559 454 590 superesset
471 555 556 586 locus,
574 561 624 589 par
634 561 694 580 esse
713 553 813 585 visum,
826 552 915 586 primo
930 556 1090 578 controver-

298 602 368 629 siam
387 601 456 628 inire
472 607 533 627 cum
552 598 745 626 haeresiarcha.
769 597 817 625 Hic
831 598 1012 632 complurium
1039 605 1088 624 an-

299 647 413 674 tistitum
425 645 537 672 emicuit
559 645 600 672 vis
617 644 733 678 ingenii,
750 650 823 670 verte
847 643 908 671 ﬁdei
929 647 1089 672 amonstu-

297 693 373 720 dium
384 691 577 719 ecclesiastica!
600 691 686 724 pacis,
704 689 827 716 Marcelli
840 689 867 716 in
882 689 979 723 primis
999 689 1090 725 Ancy-

299 738 368 769 rani,
384 737 503 764 maxime
523 741 612 764 tanien
629 735 750 763 omnium
778 734 922 762 Athanasii
946 743 953 761 :
981 735 1027 769 qui
1049 739 1089 761 ta-

299 784 380 812 metsi
406 784 541 811 diaconus
564 782 650 809 solum
678 786 749 812 erat.
777 785 816 814 et,
846 786 875 808 ut
900 781 939 808 ait
961 781 1089 808 Theodo—

298 827 432 865 retus(a),
456 827 587 862 juvenilis
608 827 706 860 aetatis,
729 822 835 853 nemini
853 825 898 852 ttni
913 826 1088 861 quantumvis

297 874 445 910 grandaeva
463 875 601 902 secundus
621 877 681 900 erat
704 873 794 900 studio
816 872 874 900 Arii
901 871 1062 899 confutandi
1079 880 1086 898 :

1141 278 1222 310 clam,
1247 277 1326 305 modo
1350 278 1457 312 publice
1474 276 1643 309 defendunt;
1661 279 1689 303 et
1700 275 1846 309 conspicati
1859 281 1912 302 eum

1141 325 1236 359 peritis
1248 328 1274 352 et
1287 324 1431 360 sagacibus
1446 323 1497 351 sibi
1512 330 1569 350 rem
1584 329 1655 352 esse.
1678 320 1752 348 nullo
1765 327 1818 347 non
1839 319 1916 346 artifi-

1142 371 1185 398 cio
1200 375 1316 398 utuntur
1344 377 1378 397 ne
1397 377 1477 397 causa
1499 369 1608 397 cadant.
1636 367 1698 394 Haec
1712 375 1745 394 ex
1759 366 1915 393 Theodorelo

1140 416 1186 443 lib.
1202 423 1223 449 t,
1236 423 1262 444 c.
1279 416 1305 448 7,
1326 417 1371 450 qui
1386 417 1478 443 eadem
1495 415 1563 449 ipsa,
1577 422 1601 442 c.
1616 415 1643 447 8,
1656 421 1689 441 ex
1703 412 1844 440 Eustathio
1858 419 1916 439 con-

1141 462 1240 489 ﬁrmat.
1263 461 1469 489 Hallucinantur
1489 468 1581 496 porro,
1606 461 1650 495 qui
1667 459 1788 487 libellum
1803 456 1906 493 capite'i

1142 513 1334 541 memoratum,
1356 507 1492 535 diversum
1516 513 1577 534 esse
1601 510 1697 541 putant
1709 506 1744 532 ab
1756 505 1810 532 alio
1823 504 1853 531 de
1865 511 1912 538 quo

1139 561 1165 582 c.
1181 554 1210 586 8,
1226 561 1289 581 nam
1304 553 1420 588 idipsum
1435 553 1580 588 utrobique
1597 552 1713 582 narrari,
1728 551 1831 578 nemini
1842 558 1916 578 accuo

1140 600 1225 627 ratius
1249 599 1348 634 legenti
1367 599 1476 626 dubium
1492 599 1541 634 (ε).
1568 598 1617 626 Hic
1635 599 1693 633 ipse
1715 598 1822 626 libellus
1839 602 1919 625 exstat

1140 646 1165 673 in
1182 645 1294 680 epistola
1319 645 1429 672 Eusebii
1454 644 1635 672 Ctesariensis
1654 653 1661 676 ;
1689 648 1787 678 estque
1800 643 1855 670 ﬁdei
1869 642 1918 670 for-

1140 691 1224 719 mula.
1241 691 1380 719 Praeterea
1403 691 1557 725 epistolam,
1585 695 1655 718 teste
1675 689 1830 721 Ambrosio,
1849 689 1918 716 obtu-

1139 738 1229 765 lerunt
1252 738 1359 771 Ariani,
1380 745 1432 773 qua
1451 738 1625 766 confutareut
1648 736 1695 763 τοῦ
1715 735 1854 772 ὁμοουσίου
1874 742 1918 762 vo-

1138 792 1207 812 cem.
1220 784 1298 818 Quod
1312 785 1335 812 si
1353 784 1411 818 ejus
1429 791 1509 811 nemo
1529 787 1628 817 praeter
1643 782 1814 810 Ambrosium
1832 781 1918 809 memi-

1138 831 1189 863 nit,
1206 830 1231 857 id
1249 838 1283 858 ex
1297 829 1406 856 amissis
1421 829 1496 856 Actis
1512 828 1631 856 Nicaanis
1644 828 1747 855 evenit.

1173 875 1200 903 9.
1217 875 1287 908 Quid
1295 883 1341 909 pro
1350 874 1396 904 τοῦ
1409 874 1553 909 ὁμοουσίου
1565 881 1624 900 voce
1634 873 1776 900 statuenda
1793 875 1920 898 actum.—

297 929 351 953 qua
366 921 400 948 de
416 928 446 947 re
462 920 614 947 audiendus
625 919 774 954 Gregorius
792 917 1004 946 Nazianzenus:
1028 927 1038 944 ι
1059 918 1087 946 in
1104 917 1124 945 Β
1140 922 1197 950 sub
1211 922 1281 954 haec,
1300 929 1361 948 cum
1377 925 1554 956 peroplarent
1565 919 1662 947 Patres
1682 924 1774 947 certas
1786 920 1920 953 quasdam,

296 970 391 993 sancta
413 965 517 1000 synodo
543 963 653 991 Nietena
679 969 760 998 atque
783 963 830 991 illo
854 968 1036 991 trecentorum
1061 969 1089 991 et

299 1011 487 1046 duodeviginti
502 1010 712 1038 lectissimorum
732 1010 852 1038 virorum
881 1017 1006 1043 numero,
1020 1017 1088 1045 quos

297 1056 417 1091 Spiritus
437 1062 549 1084 sanctus
564 1057 591 1083 in
606 1064 691 1084 unutn
706 1061 847 1091 coegerat,
861 1057 953 1091 quoad
971 1056 1087 1084 facultas

297 1103 368 1136 tulit,
384 1104 507 1130 morbum
523 1104 697 1138 compressit.
714 1103 839 1130 Nondum
861 1103 908 1130 ille
922 1104 1033 1137 quidem
1059 1103 1085 1130 in

296 1150 484 1184 episcoporum
513 1157 656 1177 numerum
685 1150 818 1181 allectus,
851 1156 946 1176 verum
984 1149 1087 1184 primas

295 1195 385 1223 tenuit
410 1197 480 1223 inter
505 1203 552 1223 eos
573 1196 620 1231 qui
647 1204 701 1223 una
720 1203 753 1224 eo
772 1196 1011 1229 commigrassent.
1027 1195 1086 1223 Non

298 1241 388 1269 minus
405 1242 476 1269 enim
494 1242 605 1274 virtute,
617 1249 699 1276 quam
719 1241 853 1277 graduum
873 1241 1016 1276 dignitate,
1040 1242 1088 1269 ho-

298 1287 376 1315 noris
410 1288 751 1323 praastantiacensebatur.
784 1297 794 1314 ι
832 1287 887 1315 Nec
918 1288 1000 1315 modo
1030 1287 1088 1315 Arii

297 1332 343 1360 ille
368 1333 417 1369 (ιι),
443 1334 491 1361 sed
518 1334 600 1360 etiam
631 1337 862 1368 propugnatorum
887 1333 946 1368 ejus
966 1333 1087 1365 Eusebii,

296 1378 430 1414 Theognii
450 1383 477 1406 et
493 1378 576 1406 Maris
591 1379 696 1406 insidiis
712 1385 796 1413 atque
823 1379 965 1406 conatibus
983 1385 1031 1413 pro
1047 1379 1088 1404 vi-

297 1425 342 1453 rili
358 1426 489 1454 occurrit.
501 1426 560 1459 Quo
573 1425 687 1459 factum,
703 1431 732 1453 ut
747 1431 801 1452 tota
815 1426 856 1453 vis
868 1426 930 1452 mali
950 1426 977 1452 in
991 1425 1088 1460 capitis

294 1473 355 1508 ejus
382 1471 532 1507 periculum
556 1476 653 1506 postea
679 1472 846 1502 immineret,
880 1472 992 1506 ipseque
1017 1479 1088 1499 unus

296 1519 418 1546 omnium
443 1518 573 1553 impetum
596 1518 748 1553 exciperet.
768 1518 805 1545 De
825 1518 967 1545 Athanasii
992 1523 1087 1545 contra

295 1565 390 1592 Arium
413 1565 598 1600 disputatione
618 1565 676 1592 haec
702 1565 870 1600 accepimus,
887 1572 936 1600 pro
954 1565 1088 1600 gravitate

295 1616 371 1639 certe
389 1611 581 1647 dignitateque
600 1611 638 1638 rei
657 1610 835 1645 paucissima.
849 1610 916 1638 Nam
934 1617 995 1645 quae
1008 1610 1088 1645 vulgo

295 1656 384 1682 fertur
399 1657 540 1684 Athanasii
561 1664 622 1684 cum
642 1656 708 1684 Ario
730 1656 773 1683 dis
783 1657 886 1691 putatio
904 1656 952 1691 (c),
972 1655 1088 1684 Graeculi

296 1703 480 1726 commentum
493 1703 546 1732 est,
565 1698 604 1726 uti
616 1697 739 1733 pluribus
752 1704 794 1726 est
808 1706 823 1725 a
834 1699 913 1726 nobis
933 1698 1000 1726 alias
1013 1705 1089 1726 cont-

296 1746 452 1780 probatum.

331 1791 359 1819 8.
391 1790 542 1819 Eurebiam’
561 1791 678 1818 libellum
696 1791 759 1826 ﬁdei
787 1791 913 1826 offerunt.
932 1807 966 1812 —
980 1791 1017 1818 At
1033 1791 1088 1818 Eu-

296 1837 390 1865 sebius
403 1837 634 1878 Nicomediensis,
655 1839 747 1866 studio
769 1837 888 1873 ﬂagrans
912 1838 1021 1865 tuendae
1037 1838 1090 1864 im-

297 1884 419 1917 pietatis,
435 1883 596 1917 interposita
611 1883 752 1911 clientium
766 1884 853 1917 gratia
866 1888 895 1911 et
915 1891 1012 1918 opera,
1037 1884 1087 1910 im-

297 1929 416 1964 peratori
434 1933 530 1955 auctor
545 1934 610 1962 erat
629 1929 679 1965 (ά),
695 1935 725 1957 ut
750 1929 808 1957 Arii
838 1930 1016 1964 patrocinium
1040 1937 1087 1957 su-

297 1973 433 2008 sciperet;
452 1974 498 2000 sed
509 1979 602 2001 contra
617 1982 698 2009 quam
714 1977 840 2009 sperabat
852 1982 894 2003 res
904 1982 933 2002 se
944 1975 1086 2003 dederunt.

295 2018 364 2046 Nam
379 2020 412 2046 dc
424 2019 478 2046 ﬁde
492 2020 537 2046 ubi
550 2020 627 2054 queri
647 2025 766 2054 emptum
783 2026 836 2053 est,
854 2021 1016 2055 rescriptum
1033 2021 1087 2048 Eu-

297 2065 364 2093 sebii
382 2064 494 2093 affertur
509 2066 535 2092 in
556 2066 689 2098 medium,
707 2065 872 2101 hlasphem.s
887 2067 969 2093 dictis
985 2067 1087 2101 plenis-

295 2112 414 2139 simum:
430 2112 501 2146 quod
517 2112 605 2147 palam
632 2112 765 2147 episcopis
788 2113 964 2140 audientibus
985 2114 1086 2140 reeita-

296 2161 364 2191 tum,
384 2157 489 2184 caeteris
511 2156 611 2189 dolori,
625 2157 743 2184 Eusebio
766 2163 856 2184 autem
881 2165 987 2185 summo
1003 2157 1086 2185 dede-

295 2203 354 2230 c0ri
378 2210 410 2230 ac
436 2203 530 2238 pudori
546 2203 606 2230 fuit.
632 2202 734 2236 Etiam
748 2202 883 2237 patefacta
897 2203 1042 2238 impiorum
1059 2208 1086 2229 et

295 2246 354 2274 Arii
367 2248 524 2281 sequacium
536 2248 685 2281 sententia,
703 2249 801 2283 impius
815 2249 920 2276 libellus
931 2249 1082 2282 discerptus
1099 2261 1121 2288 ι)

295 2297 349 2320 est.
363 2293 464 2320 Verum
476 2294 570 2321 Ariani
586 2299 732 2328 conspecta
750 2294 950 2321 Catholicorum
964 2293 998 2320 'et
1012 2293 1081 2328 frugi

296 2337 435 2365 hominum
463 2339 658 2373 indignatione,
681 2347 743 2366 mox
762 2339 856 2365 Arium
877 2337 1082 2374 Eusebiumque

296 2392 357 2411 cum
377 2385 458 2412 sociis
477 2385 633 2412 damnatum
647 2386 679 2412 iri
697 2385 893 2420 prospicientes
918 2393 1015 2413 novam
1041 2386 1082 2413 in-

297 2435 361 2457 eunt
395 2431 554 2458 insidiarum
585 2433 675 2464 viam;
711 2436 894 2466 rogantesque
929 2432 1079 2464 silentium,

295 2477 424 2504 emcntito
438 2477 513 2511 pacis
533 2477 739 2511 concordizeque
757 2477 879 2508 nomine,
904 2477 1009 2510 priores
1029 2477 1080 2511 ipsi

295 2523 416 2550 oblatum
435 2523 564 2556 libelltttn,
586 2523 630 2557 qui
655 2523 782 2550 omnibus
808 2522 954 2550 offensioni
981 2522 1080 2556 fuerat,

296 2568 426 2595 damnant
453 2574 480 2595 et
503 2569 677 2603 proscribunt
693 2576 700 2602 ;
727 2568 867 2602 aliutnqtte
881 2575 944 2595 mox
958 2568 1079 2595 libellum

294 2616 413 2642 etnuium
426 2615 539 2642 consilio
553 2617 715 2642 adornatum
729 2615 855 2642 muniunt
867 2613 1004 2650 suﬁragiis
1014 2614 1080 2640 suis.

295 2661 348 2688 Sed
363 2662 459 2689 isthazc
476 2661 602 2689 simulate
617 2667 645 2689 et
665 2661 796 2688 insidiose
810 2661 882 2688 facta
898 2668 969 2693 esse,
987 2660 1082 2695 explo-

351 2729 409 2758 Joel
430 2737 462 2762 ll,
478 2730 524 2757 25.
575 2731 586 2746 ²
603 2729 689 2758 ICor.
705 2739 744 2764 tu,
760 2731 786 2758 ’1.
837 2730 848 2746 ³
863 2730 884 2758 ΙΙ
901 2729 964 2758 Cor.
981 2738 1020 2764 tv,
1035 2730 1079 2758 Η.

331 2786 368 2822 (α)
384 2785 488 2824 Theod.
514 2787 534 2824 1ἴ
550 2796 605 2821 t,c.
619 2789 654 2823 8;
673 2788 785 2816 Sozom.
814 2787 833 2816 l.
846 2778 870 2822 ἰ,
892 2797 917 2816 c.
936 2788 986 2822 i7;
1001 2788 1082 2824 Greg.

295 2819 363 2848 Nai.
384 2822 411 2848 in
425 2822 562 2850 Eunomia.

332 2856 368 2892 (ιτ)
383 2855 490 2893 Socrat.
504 2857 522 2884 l.
535 2866 553 2890 ι,
568 2867 628 2893 cap.
641 2859 668 2887 8.

331 2891 367 2929 (ε)
383 2891 455 2919 inter
469 2894 570 2928 spuria,
587 2891 651 2923 tom.
667 2895 685 2922 ll
707 2894 790 2932 [nunc
802 2899 867 2923 tom.
881 2895 937 2932 le.

1139 966 1317 1000 omniumque
1333 964 1438 992 calculo
1451 969 1478 991 et
1494 964 1607 991 consilio
1630 964 1765 992 admissas
1788 971 1919 992 sacrarum

1140 1011 1306 1039 Litterarum
1319 1019 1400 1038 voces
1415 1015 1537 1038 statuere
1551 1017 1583 1037 ac
1600 1009 1772 1045 promulgare
1784 1009 1828 1044 (Γ),
1848 1009 1922 1045 queis

1139 1058 1230 1085 omnis
1247 1057 1352 1085 dissidii
1370 1057 1509 1084 levaretur
1525 1056 1648 1086 occasio.
1664 1057 1751 1091 primo
1764 1055 1877 1083 all'erunt
1895 1055 1921 1083 in

1140 1104 1257 1131 medium
1271 1111 1331 1130 eam
1344 1102 1499 1136 formulam,
1512 1110 1544 1129 ex
1559 1103 1612 1129 Deo
1623 1102 1722 1130 Filium
1739 1109 1809 1130 esse.
1826 1101 1921 1130 Verum

1139 1150 1287 1177 Eusebiani
1302 1149 1328 1177 id
1344 1157 1405 1177 cum
1421 1156 1505 1184 prava
1518 1150 1722 1184 iuveterataque
1738 1156 1788 1176 sua
1799 1149 1922 1184 opinione

1139 1195 1285 1223 convenire
1298 1195 1360 1228 rati,
1380 1203 1523 1231 nontcgre
1543 1195 1716 1223 admisissent
1729 1195 1792 1222 huic
1804 1195 1922 1222 formulae

1139 1250 1236 1270 nomen
1251 1242 1328 1274 dare,
1345 1242 1454 1277 quando
1470 1242 1495 1269 id
1505 1241 1584 1276 juxta
1601 1242 1634 1270 de
1650 1241 1769 1269 conditis
1786 1241 1864 1269 rebus
1882 1241 1923 1268 di-

1139 1294 1216 1317 catur
1242 1289 1315 1323 quod
1331 1296 1366 1316 ex
1394 1289 1449 1316 Deo
1473 1288 1537 1316 sint.
1561 1288 1759 1315 Animadversa
1785 1286 1877 1314 fraude
1891 1294 1923 1314 ac

1139 1334 1253 1362 subdolo
1269 1333 1451 1369 lucifugarum
1463 1333 1591 1367 consilio,
1608 1333 1737 1368 praesules
1751 1333 1848 1360 multas
1860 1332 1925 1360 alias

1139 1381 1258 1408 indidem
1284 1385 1424 1408 mutuatas
1452 1387 1533 1408 voces
1547 1379 1674 1412 efferunt,
1690 1379 1807 1406 Verbum
1824 1378 1926 1406 scilicet

1139 1434 1199 1454 esse
1215 1427 1356 1461 virtutem,
1373 1433 1521 1460 veramque
1547 1425 1635 1452 Patris
1652 1425 1809 1460 imaginem,
1830 1425 1878 1459 ipsi
1901 1425 1925 1452 in

1138 1472 1264 1500 omnibus
1278 1472 1406 1504 similem,
1431 1479 1464 1499 ac
1479 1479 1588 1506 semper
1612 1479 1682 1498 esse.
1698 1471 1767 1498 Tum
1781 1469 1926 1498 Eusebiani

1139 1518 1300 1553 deprehensi
1316 1522 1379 1545 sunt
1389 1517 1442 1545 sibi
1455 1523 1550 1545 mutuo
1565 1517 1652 1544 oculis
1664 1524 1798 1550 annuere,
1814 1524 1845 1544 ae
1857 1525 1927 1544 mus-

1140 1565 1224 1592 sitare
1237 1564 1308 1591 inter
1325 1571 1364 1597 se,
1380 1571 1460 1599 posse
1476 1564 1582 1591 scilicet
1604 1564 1648 1590 his
1667 1563 1781 1590 vocibus
1798 1562 1927 1598 suffragia

1140 1610 1250 1643 ascribi,
1273 1617 1335 1638 cum
1361 1610 1414 1636 alia
1435 1614 1533 1644 praeter
1559 1609 1677 1637 Verbum
1702 1608 1787 1636 multa
1813 1609 1929 1637 virtutes

1141 1657 1324 1692 appellentur,
1349 1664 1460 1684 erucam
1485 1656 1558 1683 enim
1584 1661 1612 1684 et
1637 1656 1770 1683 hruclmm
1802 1663 1929 1691 magnam

1140 1700 1188 1727 Dei
1203 1700 1330 1727 virtutem
1346 1700 1496 1735 nuncupari
1514 1702 1539 1727 in
1553 1702 1642 1728 sacris
1657 1701 1771 1729 Litteris
1787 1701 1807 1729 ¹.
1833 1702 1932 1738 imagi-

1140 1753 1201 1774 nem
1215 1753 1322 1781 quoqtte
1339 1746 1385 1774 Dei
1398 1746 1492 1774 vocari
1515 1754 1594 1782 posse
1611 1747 1721 1779 Filium,
1748 1749 1858 1782 quando
1881 1755 1930 1775 nos

1141 1793 1266 1820 homines
1282 1793 1427 1828 imaginem
1442 1798 1470 1820 et
1484 1793 1597 1828 gloriam
1611 1800 1675 1821 esse
1690 1794 1737 1821 Dei
1750 1795 1789 1821 ait
1810 1794 1929 1830 Aposto-

1140 1837 1181 1864 lus
1193 1839 1284 1867 '.Imo
1310 1839 1477 1873 perridicule
1500 1839 1646 1873 dicebant,
1673 1841 1751 1868 nobis
1775 1848 1885 1875 quoque
1904 1840 1931 1868 id

1140 1884 1238 1911 ascribi
1261 1892 1342 1919 posse
1360 1885 1433 1919 quod
1457 1891 1565 1920 semper
1588 1885 1686 1917 simus,
1707 1886 1856 1914 secundum
1872 1886 1930 1913 hac

1139 1930 1261 1965 Apostoli
1278 1931 1359 1958 verba
1379 1940 1387 1958 :
1416 1940 1426 1956 ι
1455 1931 1568 1966 Semper
1588 1933 1661 1959 enim
1678 1940 1727 1960 nos
1745 1933 1867 1960 viventes
1879 1931 1901 1964 ³,
1919 1940 1928 1958 ι

1138 1981 1193 2004 etc.
1212 1977 1310 2004 Verum
1323 1977 1445 2012 episcopi
1465 1977 1579 2005 insidias
1595 1981 1622 2004 et
1635 1977 1770 2005 vafritiem
1787 1981 1931 2006 veterato-

1139 2030 1198 2050 rum
1213 2023 1374 2058 conspicati,
1402 2031 1436 2051 eo
1453 2025 1562 2049 demum
1589 2022 1718 2057 appulere
1737 2022 1872 2056 animum,
1890 2028 1932 2057 ut,

1137 2069 1251 2102 przecisa
1264 2067 1425 2102 subterfugii
1437 2067 1591 2100 occasione,
1604 2075 1696 2096 vocem
1710 2067 1855 2104 ὀμοούςιον
1867 2077 1933 2104 pro—

1139 2114 1241 2141 ferrent
1259 2112 1286 2139 in
1305 2113 1436 2144 medium,
1457 2120 1510 2147 qua
1527 2114 1616 2148 posita
1633 2114 1847 2143 .circuitionibus
1860 2115 1933 2143 nihil

1137 2158 1236 2186 residui
1255 2157 1333 2185 foret.
1352 2159 1452 2186 Contra
1473 2159 1629 2192 Eusebiani,
1645 2160 1690 2194 qui
1705 2168 1735 2187 ea
1750 2167 1816 2187 voce
1835 2161 1935 2188 adem-

1136 2209 1196 2238 ptas
1211 2204 1351 2231 erroribus
1368 2205 1426 2231 suis
1443 2205 1562 2232 latebras
1583 2206 1778 2240 perspicerent,
1806 2208 1936 2235 auctori-

1138 2254 1220 2277 tatem
1246 2254 1385 2285 opponunt
1407 2251 1504 2285 synodi
1521 2251 1710 2284 Antiochenze,
1740 2252 1768 2280 in
1800 2261 1857 2287 qua
1878 2261 1936 2282 vox

1134 2294 1286 2329 hujusmodi
1310 2295 1460 2330 proscripta
1488 2295 1593 2324 fuisset.
1617 2296 1663 2329 Αι,
1683 2305 1743 2325 cum
1769 2304 1823 2325 non
1841 2306 1937 2333 usque

1134 2341 1202 2368 adeo
1225 2340 1381 2369 oblitterata
1403 2346 1474 2370 esset
1499 2342 1558 2377 ejus
1580 2343 1679 2378 synodi
1704 2343 1849 2376 memoria,
1867 2350 1938 2372 ante

1133 2393 1219 2414 annos
1239 2391 1344 2414 tantum
1364 2393 1419 2416 tres
1441 2396 1523 2423 supra
1547 2389 1744 2424 quinquaginta
1769 2389 1937 2424 celebratae,

1135 2440 1186 2459 non
1203 2433 1325 2468 fugiebat
1342 2435 1495 2469 episcopos,
1513 2442 1685 2470 nequaquam
1703 2436 1736 2463 de
1750 2436 1941 2464 consubstan-

1137 2478 1251 2505 tialitate
1267 2478 1347 2506 Verbi
1361 2485 1450 2507 actum
1467 2480 1547 2507 isthic
1561 2480 1656 2513 fuisse,
1671 2481 1719 2508 sed
1735 2481 1768 2508 de
1787 2481 1941 2508 sententia

1136 2523 1210 2550 Pauli
1223 2524 1392 2553 Samosateni
1405 2534 1486 2561 prave
1501 2527 1704 2561 interpretantis
1717 2534 1810 2554 vocem
1826 2527 1940 2563 ὁμοσὺ-

1134 2577 1201 2597 σιον.
1215 2569 1395 2603 Quamobrem
1411 2580 1465 2599 uno
1475 2573 1594 2599 omnium
1605 2572 1803 2600 catholicorum
1814 2572 1941 2599 Patrum

1134 2616 1248 2644 consilio
1264 2617 1333 2645 hanc
1346 2625 1440 2645 vocem
1463 2623 1620 2653 usurpatam
1638 2623 1766 2653 oportere
1783 2617 1941 2645 decretum

1135 2660 1195 2688 fuit.

1173 2789 1212 2825 (Δ)
1233 2790 1335 2823 Tlteod.
1350 2790 1398 2818 lib.
1412 2799 1433 2822 t,
1448 2798 1506 2826 cap.
1521 2790 1545 2826 '1,
1560 2790 1588 2817 8.

1183 2825 1207 2861 e)
1224 2826 1324 2852 Athan.
1342 2826 1378 2853 De
1390 2824 1500 2857 decretis
1518 2824 1648 2852 Nicwnil.

1183 2827 1207 2861 e)
1224 2827 1324 2852 Athan.
1342 2827 1378 2853 De
1390 2827 1459 2857 dena

1172 2827 1206 2896 δ’)
1223 2861 1262 2888 ld.
1278 2861 1355 2894 ibid.,
1373 2870 1400 2889 tt.
1418 2863 1459 2889 19.
