2000 3045
750 153 834 181 ὛΙΤΑ
854 154 882 182 S.
903 154 1097 181 ATIlANASH.

1676 167 1741 188 LXI!

162 209 206 238 l0.
230 208 329 236 Hosius
361 208 499 236 Nimirum
537 209 687 244 Symbolum
723 210 847 236 adornat.
871 226 905 230 -—
922 217 944 244 Α
959 215 1020 238 nata
1040 216 1082 238 est
1101 211 1182 246 impia
1196 212 1239 239 illa
1253 217 1280 240 et
1294 213 1456 248 perridicula
1469 213 1524 241 Arii
1544 214 1648 247 Thalia,
1664 217 1742 251 cujus

129 256 297 283 Adornandze
320 262 401 289 porro
417 254 477 281 fidei
496 254 617 282 formula:
642 255 781 290 provincia
810 264 908 291 magno

127 301 207 329 llosio
226 301 396 328 Cordubensi
423 301 533 328 tradita.
550 299 575 328 is
594 301 720 329 omnibus
737 306 809 329 retro
824 309 909 329 saecu-

127 347 160 375 lis
175 347 339 374 celebratum
353 347 417 374 illud
430 347 565 374 Nictcnum
584 345 741 382 Symbolum
760 347 908 374 concinna-

126 395 173 426 vit,
190 393 262 428 quod
287 393 409 420 omnium
437 393 506 420 votis
532 397 673 427 exceptum
687 393 737 428 (α),
760 399 909 421 cunctante

131 439 238 467 nemine
257 447 311 467 uno
323 438 524 467 Catholicorum
540 438 695 474 suilragium
706 439 806 468 addere
818 447 907 472 suum,

126 484 323 519 promulgatum
333 490 384 513 est.
404 484 437 511 Et
451 492 516 512 sane
533 492 597 512 voce
613 486 759 520 ὁμοουσίου
775 486 864 513 omnis
876 487 910 514 de

132 535 228 558 natura
255 531 316 558 Filii
342 539 424 566 prava
443 531 533 566 opinio
553 532 694 565 evertitur,
712 534 799 560 omnis
815 533 905 560 ambi-

127 576 215 609 guitas
232 581 378 604 resecatur.
403 577 468 604 Data
488 581 529 605 est
546 577 698 612 huiusmodi
712 577 829 606 formula
847 586 897 606 an-

128 628 163 648 no
177 621 240 653 325,
255 621 297 649 die
315 621 346 649 l9
364 620 449 649 Junii.

161 667 205 694 Η.
234 666 446 694 Eusebiunorum
471 668 612 701 prolervia.
649 667 761 695 Domum
788 669 909 696 simulate

126 713 301 740 subscribunt.
316 728 352 733 —-
369 712 465 740 Verum
493 713 647 747 Ensebiani,
673 722 734 742 cum
760 723 814 742 non
834 715 908 742 arbi—

127 763 196 785 tratu
209 766 258 786 suo
273 757 389 785 formula
405 758 577 790 concinnata,
596 759 642 787 sed
662 760 840 795 inopportuna
866 768 909 788 es-

125 810 166 831 set
189 805 248 832 suis
267 805 390 832 consiliis
414 810 442 832 et
477 806 613 841 cogitatis,
633 807 786 834 detrectare
815 807 907 840 illam,

125 859 224 886 negare
250 851 387 887 suifragia,
417 857 445 879 ut
468 853 647 881 insolentibus
665 859 850 882 constructam
861 863 909 882 vo-

124 899 201 926 cibus
226 899 364 934 despicere
394 899 442 935 (ὸ).
464 900 662 936 Septemdecim
687 907 767 930 erant
795 910 908 930 numero

125 944 170 978 qui
186 944 327 972 adversum
349 952 501 981 pugnarent.
518 951 544 974 et
557 948 736 982 obsisterent;
755 949 799 982 qui
819 953 907 975 tamen

125 990 295 1024 imperatoris
318 991 398 1019 minis
420 991 499 1020 fracti
525 1001 556 1021 ac
583 994 732 1028 perterriti,
755 994 843 1022 exsilii
863 995 909 1022 de—

125 1034 245 1063 clinandi
270 1044 352 1064 causa
380 1038 661 1074 subscripserunt(c).
685 1039 798 1067 Residui
818 1044 907 1068 tamctt

123 1081 242 1115 quinque
261 1082 442 1111 obstinatiore
467 1085 557 1112 animo
581 1089 668 1119 coepta
689 1087 906 1122 propugnabant,

126 1128 251 1155 nimirum
274 1128 405 1157 Eusebius
430 1130 656 1163 Nicomeilicnsis,
670 1131 806 1167 Theognis
823 1132 909 1160 Nicae-

125 1179 186 1204 ltus,
211 1173 294 1200 Maris
319 1174 558 1207 Chalcedonensis,
583 1176 709 1204 Theouas
731 1176 907 1210 Marmaricae,

125 1217 264 1245 Secundus
273 1217 443 1248 Ptolemaidis
455 1229 461 1248 :
473 1222 518 1255 qui
534 1221 654 1253 tandem,
671 1222 789 1256 exceptis
799 1221 908 1249 Theona

125 1268 152 1289 et
171 1263 307 1297 Secundo,
324 1266 438 1293 aliorum
451 1274 558 1294 cessere
567 1267 677 1294 tnonitis
691 1273 718 1294 et
731 1268 907 1302 argumentis.

161 1309 206 1336 12.
228 1310 326 1338 Verum
354 1311 479 1340 simulate
492 1312 637 1340 Eusebium
658 1317 738 1348 atque
757 1313 845 1340 socios
861 1312 909 1340 Ni-

125 1362 206 1382 cena:
228 1357 331 1392 synodo
354 1364 451 1384 nomen
478 1363 505 1385 et
525 1358 683 1393 suffragium
703 1358 818 1390 dedisse,
845 1364 908 1385 cum

127 1402 269 1436 aequalium
290 1403 429 1430 hominutn
447 1403 620 1436 testimoniis,
639 1409 694 1431 tum
713 1404 746 1432 iis
768 1412 828 1439 quas
844 1412 909 1431 con-

128 1455 221 1476 secuta
246 1454 309 1476 sunt
325 1450 570 1478 consceleratorum
588 1451 672 1485 gestis
692 1451 830 1485 propalam
846 1451 906 1478 fuit.

127 1494 180 1522 Eos
196 1495 363 1523 Constantia:
377 1495 506 1530 Auguste
519 1496 634 1524 consilio
657 1497 692 1523 ad
713 1496 909 1524 dissimulatio-

123 1548 185 1568 nem
213 1541 401 1568 consentiendi
438 1541 568 1569 adductos
595 1541 678 1568 tradit
712 1540 908 1576 Philostorgius

122 1587 241 1613 Arianus
256 1587 306 1621 (ά).
322 1586 454 1615 Eusebius
469 1593 559 1614 autent
581 1586 757 1614 Casariensis
775 1587 856 1614 inissa
875 1588 907 1614 ad

122 1639 187 1659 suos
201 1632 313 1666 epistola
336 1641 448 1660 causam
472 1632 550 1660 affert
566 1640 614 1660 cur
632 1633 665 1660 ad
681 1633 907 1667 subscribendum

123 1679 258 1713 appulerit
283 1687 423 1712 animum,
451 1680 587 1714 multaque
612 1679 677 1715 περὶ
697 1679 744 1706 τοῦ
766 1679 908 1715 euacuatos

123 1725 258 1758 edisserit,
275 1732 335 1760 quae
355 1726 452 1753 ttedum
467 1726 612 1752 Arianismi
627 1727 661 1752 ab
678 1733 710 1753 co
726 1726 908 1760 suspicionem

123 1772 291 1803 dimoveant,
304 1771 413 1799 dubiatn
429 1771 487 1806 ejus
498 1771 530 1798 de
543 1770 622 1798 Verbi
636 1771 814 1805 generatione
826 1772 909 1798 fuisse

124 1818 203 1845 ﬁderit
224 1818 396 1845 conlirntent.

159 1864 204 1891 15.
220 1864 303 1890 Arius
315 1863 455 1890 damnatus
472 1869 495 1890 et
516 1863 543 1890 in
561 1863 681 1890 exsiliunt
695 1863 798 1897 pulsus.
813 1876 843 1881 —
861 1862 909 1889 His

128 1909 258 1944 peractis,
274 1917 306 1936 eo
334 1910 440 1936 demum
463 1915 572 1937 ventum
596 1915 648 1942 est,
666 1915 695 1935 ut
712 1910 790 1936 Arius
814 1910 908 1944 synodi

122 1955 223 1990 iudicio
234 1955 405 1982 anathemate
415 1954 553 1987 feriretur,
565 1956 610 1990 qui
627 1955 760 1990 pervicaci
774 1955 864 1982 animo
875 1955 909 1981 ad

127 2001 209 2029 ﬁnem
231 2010 318 2036 usque
337 2009 444 2029 errores
457 1999 698 2036 propugnabat(e).
714 2001 770 2028 Non
787 2000 831 2028 ille
850 2009 909 2028 tuo-

128 2049 194 2075 nitis
208 2048 395 2081 imperatoris,
409 2054 462 2075 non
480 2047 590 2075 Patrum
611 2047 807 2081 Athanasiique
827 2054 908 2081 argu-

123 2096 223 2121 mentis
237 2095 332 2122 cessit.
349 2094 402 2121 Sed
418 2101 480 2121 cum
495 2093 569 2121 nulla
585 2101 648 2128 spes
658 2098 732 2121 esset
746 2093 804 2128 ejus
820 2094 852 2120 ad
865 2101 909 2119 sa-

123 2149 186 2168 natn
213 2147 330 2168 mentem
354 2141 509 2171 reducendi.
528 2141 745 2174 obstinatiusqne
775 2141 819 2168 ille
841 2141 909 2167 blas-

124 2188 223 2221 phema
245 2187 316 2213 dicta
332 2187 465 2213 hactenus
480 2186 602 2213 inaudita
617 2185 767 2220 proferret;
788 2186 908 2213 omnium

959 257 1114 292 blasphema
1129 257 1202 285 dicta
1219 266 1252 285 ne
1264 259 1357 286 auditu
1370 259 1479 294 quidem
1498 261 1621 288 ferebant
1643 261 1742 290 Nicacni

959 301 1064 335 Patres,
1079 303 1113 330 ita
1129 303 1231 330 scilicet
1254 303 1420 331 stomachum
1443 305 1558 332 faciebat
1574 306 1628 346 .(g).
1656 307 1743 334 Exse-

959 348 1052 374 crandi
1068 353 1158 374 autem
1173 348 1294 382 opusculi
1309 356 1360 376 non
1378 349 1492 376 lectione
1504 350 1583 377 modo
1600 351 1743 379 interdixit

959 391 1162 424 Constantinus,
1184 400 1277 420 verum
1294 393 1378 421 edixit
1400 402 1517 429 quoque,
1539 397 1640 423 nemini
1657 397 1741 425 licere

960 437 1123 465 borrendutn
1140 439 1289 473 hujusmodi
1313 439 1411 467 librum
1433 449 1514 475 penes
1542 449 1572 469 se
1587 429 1756 471 asservare.l

960 483 996 510 Ut
1011 489 1100 511 autem
1120 492 1170 510 una
1188 493 1249 512 rum
1276 485 1338 512 mali
1367 487 1533 519 auctoribus,
1562 489 1743 517 sectatoribus

960 529 1042 556 etiam
1059 536 1187 557 aeternam
1203 531 1296 565 probri
1312 536 1339 558 ct
1355 532 1471 559 infamia:
1496 538 1588 560 notam
1611 534 1743 567 inureret,

958 572 1038 608 jussit
1061 574 1087 600 in
1107 579 1245 608 posterum
1266 575 1381 603 Arianos
1401 576 1559 611 compellari
1577 577 1742 613 Porphyriu-

961 628 1022 652 nos,
1044 620 1188 656 Porphyrii
1206 621 1333 649 videlicet
1358 623 1477 658 nomine,
1502 624 1547 658 qui
1566 623 1653 651 fuerat
1679 625 1742 652 olim

959 667 1122 694 Christianus
1145 667 1207 694 tidei
1233 667 1450 701 infensissimus;
1480 670 1556 704 quasi
1585 670 1688 698 scilicet
1709 679 1744 699 ne

960 712 1031 740 inter
1045 712 1215 741 Christianos
1228 714 1337 748 quidem
1350 715 1563 744 connumerandi
1577 721 1679 749 essent,
1697 718 1743 751 qui

960 759 1063 786 Christi
1081 759 1263 793 divinitatem,
1282 759 1486 788 fundamentum
1505 761 1668 789 Christiana:
1677 763 1743 790 reli-

960 806 1060 840 gionis,
1077 805 1241 840 impugnare
1258 806 1481 841 aggrederentur.

996 852 1040 881 15.
1058 851 1175 879 Tlieonas
1198 856 1223 879 et
1246 851 1381 879 Secundus
1406 861 1465 880 cum
1480 853 1545 880 Ario
1572 854 1744 882 damnati.—

925 893 944 920 Β
961 898 1084 925 Damnati
1098 902 1126 926 et
1141 898 1253 929 depositi
1274 906 1334 926 cum
1353 899 1419 925 Δι’ἱο
1440 899 1514 927 fuere
1530 899 1655 926 Theonas
1675 899 1743 927 Mar-

960 945 1069 972 maricae
1092 948 1119 972 et
1139 945 1279 972 Secundus
1299 944 1484 978 Ptolemaidis,
1503 945 1549 980 qui
1567 946 1673 973 Arianae
1689 946 1745 974 bat-

959 999 1050 1019 rescos
1058 991 1092 1018 ab
1101 995 1197 1018 exortu
1211 995 1423 1025 propugnatores
1433 991 1558 1018 acerrimi
1572 991 1678 1018 fuerant
1692 991 1742 1027 (lt).

959 1044 991 1064 ac
1003 1043 1129 1072 proterve
1140 1037 1172 1063 ad
1187 1036 1267 1063 finem
1283 1043 1368 1071 usque
1386 1036 1474 1063 errori
1489 1037 1621 1064 inhaesere
1633 1045 1641 1061 τ
1654 1045 1741 1072 quare

959 1083 986 1111 itt
1001 1083 1125 1110 ordinem
1138 1082 1250 1114 redacti,
1267 1091 1319 1109 una
1335 1090 1395 1109 cum
1408 1082 1533 1110 factionis
1547 1083 1669 1118 principe
1677 1083 1743 1111 Ario

959 1129 1117 1163 ablegantur
1134 1129 1160 1156 in
1180 1128 1330 1164 Illyricum.
1344 1129 1396 1156 Alii
1412 1129 1474 1156 item
1490 1136 1544 1156 non
1561 1129 1638 1164 pauci
1656 1129 1742 1157 luere-

960 1182 1022 1203 seos
1037 1175 1145 1202 nomine
1161 1175 1336 1201 anathemate
1354 1173 1476 1208 percussi
1493 1178 1578 1200 sunt:
1594 1174 1664 1201 inter
1676 1181 1744 1208 quos

961 1221 1108 1256 principatu
1133 1221 1257 1248 obtinent
1281 1220 1370 1247 locum
1393 1219 1492 1253 Pistus,
1510 1220 1607 1247 exinde
1629 1220 1663 1247 ab
1684 1220 1745 1247 Ari-

959 1266 1019 1294 anis
1037 1266 1063 1293 in
1090 1266 1245 1301 episcopum
1269 1266 1478 1293 Alexandrinum
1499 1266 1635 1298 delectus,
1651 1272 1678 1294 et
1691 1266 1745 1294 Eu-

960 1312 1036 1339 zoius
1053 1316 1108 1339 tum
1124 1312 1264 1343 diaconus,
1285 1316 1378 1346 postea
1395 1311 1542 1345 episcopus
1556 1311 1744 1339 Antiochenus

960 1358 1117 1385 earumdem
1143 1356 1326 1391 lucifugarum
1344 1356 1460 1384 consilio
1474 1361 1502 1384 et
1514 1363 1597 1392 opera
1611 1358 1744 1384 constitu-

961 1407 1014 1430 tus.
1031 1401 1085 1430 Nec
1106 1403 1254 1430 audiendus
1269 1401 1410 1435 Baronius,
1427 1402 1471 1436 qui
1492 1401 1645 1430 Secundum
1669 1407 1745 1438 putat

961 1450 1069 1477 demum
1083 1449 1209 1476 cessisse.
1227 1450 1262 1476 At
1277 1449 1348 1476 enim
1361 1456 1395 1476 ex
1415 1448 1479 1476 solis
1491 1447 1608 1477 Nicmnis
1623 1441 1744 1477 subscri-
1780 1449 1783 1451 ’

962 1496 1100 1530 ptionibus
1117 1495 1144 1522 id
1160 1499 1297 1522 mutuatur
1308 1494 1506 1522 illustrissimus
1519 1494 1662 1522 Annalium
1673 1495 1744 1523 scri—

962 1548 1023 1576 ptor
1037 1550 1044 1568 :
1059 1548 1118 1575 quae
1140 1540 1366 1575 subscriptiones,
1383 1548 1444 1568 cum
1465 1546 1559 1575 aperte
1575 1541 1642 1569 vitio
1666 1541 1740 1570 labo-

961 1592 1031 1620 rent,
1051 1595 1105 1615 non
1131 1588 1198 1614 tanti
1222 1592 1287 1615 sunt
1305 1591 1334 1614 ut
1352 1587 1515 1622 scriptorqu
1529 1588 1651 1615 omnium
1668 1591 1744 1617 testi-

960 1633 1059 1660 moniis
1073 1638 1280 1667 anteponantur.

999 1679 1041 1706 l6.
1059 1678 1193 1706 Meletiani
1206 1687 1259 1713 qua
1271 1679 1421 1705 conditione
1442 1679 1589 1712 recepti.—
1602 1678 1689 1706 Unum
1702 1687 1747 1707 re-

961 1723 1050 1750 stabat
1066 1723 1259 1750 Alexandrina:
1280 1723 1496 1757 redintegrandte
1519 1723 1579 1758 paci
1602 1731 1746 1760 perneces-

961 1769 1074 1800 snrium,
1091 1768 1218 1796 videlicet
1235 1774 1261 1795 ut
1287 1769 1320 1795 de
1345 1768 1496 1797 Meletianis
1519 1770 1583 1804 quid
1609 1771 1744 1805 agendum

962 1815 1120 1841 deliniretur
1135 1814 1176 1850 (i).
1190 1814 1257 1847 Quae
1272 1822 1316 1842 res
1339 1815 1361 1842 si
1387 1822 1419 1842 ex
1445 1815 1543 1850 regula:
1553 1817 1746 1845 ecclesiasticas

963 1869 1012 1889 usu
1029 1869 1060 1888 ac
1075 1861 1234 1896 praescripto
1249 1861 1359 1888 decreta
1375 1861 1481 1895 fuisset,
1495 1863 1603 1891 nonnisi
1623 1863 1745 1891 Meletia-

961 1917 1056 1936 norunt
1070 1897 1241 1936 abdicatione
1257 1909 1427 1936 conficienda
1445 1913 1513 1936 erat.
1524 1908 1623 1937 Verum
1639 1914 1668 1938 ut
1680 1919 1744 1945 pro-

961 1955 1100 1989 perantius
1117 1955 1288 1982 dissidiorum
1307 1955 1366 1982 finis
1376 1956 1527 1989 accederet,
1541 1964 1573 1984 ea
1589 1956 1649 1992 lege
1662 1962 1744 1992 atque

960 2000 1052 2027 omine
1069 2001 1187 2035 episropi
1206 2009 1253 2035 per
1279 2000 1417 2028 Meletium
1445 2001 1563 2036 promoti
1583 2002 1609 2029 in
1635 2002 1745 2029 sedibus

962 2048 1109 2074 constitere
1124 2048 1189 2080 suis,
1205 2051 1234 2074 Iit
1245 2047 1317 2074 nullo
1333 2048 1474 2083 fungentes
1487 2048 1632 2083 episcopali
1658 2048 1746 2076 officio

963 2101 1083 2120 't'acuunt
1099 2101 1196 2121 nomen
1212 2095 1371 2127 retinerent,
1386 2094 1447 2122 aliis
1465 2094 1499 2121 ab
1513 2094 1666 2122 Alexandro
1680 2101 1746 2121 con-

962 2139 1065 2167 stitutis
1088 2139 1271 2167 Ecclesiarum
1285 2140 1377 2167 munia
1396 2139 1568 2167 abeuntibus.
1586 2139 1745 2173 Hujuamodi

960 2191 1050 2213 autem
1077 2186 1226 2214 Meletianis
1257 2187 1374 2213 oblatam
1403 2186 1595 2217 conditionem,
1630 2193 1682 2213 noti
1710 2193 1743 2213 ex

120 2233 237 2260 calculis
258 2234 403 2261 damnatus
424 2237 451 2259 et
469 2232 612 2259 abdicatus
630 2236 684 2263 est,
707 2236 789 2265 atque
806 2239 820 2257 a
836 2232 906 2258 Con-
925 2241 947 2268 ι)
964 2233 1101 2260 sententia
1128 2233 1268 2260 Athanasii
1294 2232 1376 2259 fuisse
1400 2236 1532 2259 memorat
1562 2232 1619 2266 ipse
1633 2231 1678 2266 (ἢ.
1696 2239 1746 2260 nec

121 2278 243 2306 stantino
261 2279 288 2305 in
313 2278 448 2313 Illyricum
467 2277 611 2312 relegatus.
628 2277 682 2304 Nec
705 2278 799 2304 desunt
816 2282 905 2304 tutnett

122 2325 169 2359 qui
188 2325 282 2351 Arium
304 2324 435 2358 tantisper
460 2323 611 2351 declinandi
638 2322 727 2350 exsilii
748 2331 829 2350 causa
847 2331 907 2350 ces-

121 2373 203 2403 sisse,
218 2377 250 2398 ac
266 2370 423 2405 suffragium
440 2369 555 2397 Nicaeus:
570 2369 695 2396 formulae
716 2369 843 2396 simulate
855 2369 905 2396 de-

121 2420 199 2446 disse
210 2423 322 2446 narrent
338 2418 390 2454 (f);
405 2422 487 2453 atque
503 2418 574 2449 ideo,
595 2417 702 2445 caeteris
713 2417 836 2452 integris,
851 2417 909 2444 solo

120 2465 317 2492 Alexandriam
331 2466 452 2499 ingressu
463 2465 643 2491 interdictum
662 2463 757 2491 fuisse.
773 2463 825 2491 Sed
839 2471 908 2498 prie-

121 2516 178 2539 stat
198 2511 320 2545 epistolis
344 2511 457 2538 Nicaeum
480 2514 508 2537 ct
532 2509 722 2537 Alexandrina
741 2510 836 2545 synodi
859 2510 909 2537 lia-

121 2559 189 2586 bere
206 2558 295 2585 fidem.
313 2557 392 2585 Hisce
410 2564 527 2591 namque
543 2556 625 2584 Arius
637 2558 782 2583 damnatus
798 2556 907 2583 abdica-

121 2611 223 2640 tusque
237 2606 324 2633 fertur
337 2613 343 2631 :
357 2604 428 2638 quod
444 2604 526 2630 etiam
542 2607 656 2630 testatur
669 2602 846 2629 Athanasius.

159 2651 204 2680 14.
220 2651 314 2678 Thalia
334 2650 469 2677 (lanitium.
487 2664 523 2669 ——
538 2648 606 2676 Tutn
622 2648 771 2684 proscripta
787 2653 814 2675 et
830 2648 907 2676 dam-

158 2711 198 2746 (a)
216 2710 321 2746 Athan.
332 2708 403 2736 Hist.
419 2708 514 2746 Arion.
527 2708 561 2735 ad
578 2708 732 2746 monac/tos,
746 2707 834 2746 mill.

158 2743 197 2782 (b)
214 2745 302 2772 Rufin.
317 2745 370 2782 Lit,
382 2752 406 2771 c.
425 2743 456 2775 ὃς
471 2744 580 2782 So_z_om.
599 2743 645 2770 lib.
659 2750 678 2775 ι,
693 2751 753 2778 cap.
771 2743 816 2770 l8.

169 2783 193 2816 c)
209 2781 316 2809 Socrat.
330 2780 376 2816 lib.
396 2788 415 2810 t,
428 2786 491 2816 cap.
506 2780 533 2805 9.

158 2784 193 2846 ἓξ)
209 2784 316 2809 Socrat.
330 2784 376 2807 lib.
396 2788 415 2810 t,
428 2786 487 2812 cap.
506 2784 533 2805 υ.

164 2818 198 2852 _rl)
220 2816 332 2843 Philost.
357 2814 376 2841 l.
405 2821 432 2846 t',
451 2815 549 2841 Athan.
582 2813 619 2840 De
637 2813 748 2841 decretis
781 2812 909 2846 Nimnis,

119 2854 314 2923 "qs-Sumat.
333 2885 379 2912 lib.
398 2893 417 2917 t,
435 2892 495 2918 cap.
510 2884 544 2915 8;
564 2883 670 2912 Sozom.
686 2884 733 2913 lib.
752 2891 770 2918 ι,
787 2891 847 2917 cap.
865 2884 910 2911 ΞΗ.

221 2935 360 2964 Ρπιιοι..
382 2932 440 2962 Gn.
464 2931 566 2962 XXV.

961 2279 1058 2311 semel,
1080 2287 1129 2306 nec
1147 2279 1206 2306 sine
1219 2278 1334 2314 quadam
1349 2277 1515 2312 indignantis
1533 2277 1616 2304 animi
1642 2277 1746 2312 signifi—

960 2325 1076 2353 catione.

995 2372 1122 2399 Adimere
1160 2376 1249 2398 autem
1278 2370 1384 2398 Meletio
1424 2370 1527 2398 fraudis
1573 2370 1744 2398 occasionem

959 2418 1051 2445 volens
1076 2417 1228 2444 Alexander
1259 2417 1402 2451 episcopus
1423 2416 1475 2451 (Ir).
1503 2416 1669 2443 breviarium
1697 2423 1744 2442 seu

961 2463 1121 2491 laterculum
1139 2461 1289 2496 postulavit
1316 2469 1423 2493 eorum,
1439 2468 1507 2495 quos
1532 2461 1590 2496 ipse
1617 2461 1701 2488 variis
1718 2461 1744 2487 in

962 2510 1030 2537 locis
1054 2509 1088 2536 ad
1113 2508 1297 2542 episcopatum
1325 2507 1523 2541 promovisset;
1545 2511 1575 2533 ut
1599 2514 1632 2533 ne
1652 2512 1744 2540 postea

962 2557 995 2583 ad
1021 2555 1157 2583 libidinem
1183 2562 1258 2581 suam
1287 2554 1378 2581 varios
1409 2554 1564 2586 subjiceret,
1588 2559 1667 2586 quos,
1693 2553 1745 2578 etsi

962 2608 1099 2636 nunquam
1119 2600 1307 2631 constituerat,
1326 2600 1498 2626 constituisse
1514 2606 1544 2626 se
1571 2598 1743 2625 mentiretur.

962 2647 1058 2675 Exstat
1071 2645 1223 2680 liujusmodi
1240 2645 1386 2672 laterculos
1399 2645 1428 2672 in
1449 2644 1579 2679 Apologia
1600 2643 1744 2671 Athanasii

994 2706 1028 2743 (1)
1044 2706 1148 2743 Sperat.
1164 2704 1210 2743 lib.
1222 2712 1251 2743 _t,
1264 2711 1322 2739 Cap.
1341 2703 1368 2731 9.

996 2740 1035 2776 (gi)
1056 2740 1239 2776 Socratsibid.

997 2744 1022 2776 (ῃ
1056 2742 1239 2768 Socrat.ibid.

997 2742 1036 2813 (Ιιζ
1051 2776 1155 2813 :fheod.
1166 2775 1214 2813 lib.
1231 2782 1249 2807 t,
1268 2773 1375 2813 qap.__8;
1390 2773 1504 2813 Philost.
1516 2771 1562 2800 lib.
1580 2779 1600 2804 t,
1614 2770 1685 2813 [ιλ-8.

1049 2811 1152 2838 Socrat.
1166 2811 1184 2836 l.
1200 2817 1218 2842 t,
1237 2805 1261 2836 c.
1327 2809 1439 2846 Sozom1
1452 2808 1501 2836 lib.
1519 2815 1539 2841 t,
1552 2814 1612 2842 cap.
1625 2805 1673 2833 24.

1047 2846 1123 2877 Apol.
1137 2850 1227 2882 contra
1243 2845 1348 2882 Ariu_n_.,
1367 2853 1393 2871 ιι.
1408 2843 1452 2871 59.

1002 2879 1038 2919 (ις)
1055 2882 1153 2909 Athan.
1170 2881 1245 2913 ibid.,
1262 2888 1288 2906 ιι.
1303 2879 1346 2906 71.

1594 2937 1611 2958 c
