2000 3045
799 154 880 182 νιτΑ
901 155 929 182 S.
952 154 1148 182 ATHANASII.

159 213 277 250 iusmodi
300 214 383 247 viros,
410 222 460 242 nec
486 214 610 246 auditos.
642 222 671 242 re
699 213 800 242 infecta
833 215 945 242 dimisit.

196 260 241 287 25.
259 260 389 287 Eusebius
399 265 425 287 et
441 260 588 295 Theognius
604 261 735 288 exsulant.
753 275 787 280 -
799 260 891 295 Neque
908 267 946 288 ta-

162 313 223 333 men
240 305 321 333 tantis
335 306 451 340 Augusti
469 307 575 338 studiis,
593 311 667 333 tanta
690 311 786 334 navata
800 314 882 341 opera
899 314 946 334 ex-

162 352 291 378 stinctum
306 351 406 378 malum
423 351 483 378 fuit.
505 351 618 379 Vixdum
630 352 702 379 enim
716 352 797 379 trium
814 353 946 380 mensium

162 397 279 430 spatium
305 398 341 424 ab
360 397 498 424 celebrata
523 398 626 433 synodo
649 398 771 433 elapsum
796 403 867 431 erat,
883 407 945 427 cttm

161 442 295 470 Eusebius
312 443 526 471 Nicomediensis
543 448 570 471 et
587 443 741 480 Theognius
757 444 880 472 Nicaenus
897 446 946 480 (α),

161 490 233 524 quod
249 489 356 517 Arianis
369 491 492 524 partibus
507 498 559 518 non
582 491 697 519 obscure
710 491 862 523 studerent,
875 492 947 519 acci-

164 539 204 562 tos
230 535 263 562 ab
291 535 450 570 imperatore
465 536 592 569 ,Arianos
619 537 761 569 adiissent,
778 537 947 572 excepissent

162 579 235 606 domi
248 579 408 613 diversores,
425 581 550 608 iniissent
561 589 622 609 cum
638 582 691 609 illis
702 582 947 615 societatem,rele-

162 626 218 659 sui
242 633 258 653 a
281 625 459 654 Constantino
475 633 538 654 sunt
560 628 586 654 in
609 627 733 655 Galliam.
753 627 948 657 Constantinus

164 677 253 700 autem
278 673 304 700 in
331 673 445 707 epistola
471 675 502 701 ad
529 674 748 703 Nicomedienses
763 675 844 702 aliam
860 676 946 703 exsilii

162 726 284 751 causam,
302 719 469 747 subobscure
490 723 590 753 tamen,
609 720 721 754 indicat,
744 728 873 756 reumque
892 721 948 757 agit

163 764 308 792 Eusebium
327 765 401 799 pacti
417 773 478 792 cum
491 766 581 801 aliquo
597 766 647 793 sibi
657 767 817 795 adversante
831 770 947 804 tyranno

163 812 286 842 foederis.
304 812 348 839 cui
374 812 555 841 ministerium
575 818 602 841 et
618 821 694 848 opem
722 822 799 842 suam
827 822 948 842 commo-

161 858 253 884 dassct
269 856 323 884 ille.
336 856 451 890 Hujusce
460 858 497 885 rei
508 865 589 893 penes
598 866 627 886 se
643 858 779 886 luculenta
792 867 851 887 esse
863 868 944 895 argn-

162 907 255 930 menta
274 907 389 930 testatur
409 904 565 938 imperator.
582 904 690 938 quando
706 904 879 939 presbyteros
892 906 947 932 dia-

161 955 299 984 conosque
313 948 427 976 Eusebio
445 949 495 976 hac
510 949 535 976 in
560 957 588 976 re
608 949 783 977 administros
798 950 946 984 deprehen-

163 995 252 1021 derat.
271 993 317 1021 Ha:
335 1001 422 1021 causae
445 995 532 1021 exsilii
557 1002 618 1022 cum
637 994 756 1028 Eusebii,
776 999 832 1022 tum
858 996 946 1023 consi-

163 1039 260 1066 Iorum
274 1039 340 1067 socii
355 1039 488 1074 Theognii
504 1050 510 1066 :
528 1040 553 1067 in
575 1048 690 1075 quorum
706 1040 793 1068 vicem
811 1040 945 1075 Amphion

162 1084 269 1119 Nicaeze,
286 1084 418 1112 Chrestus
432 1084 594 1113 Nicomediae
614 1085 756 1121 episcopus
782 1087 946 1114 constitutus

162 1131 224 1159 fuit.
245 1131 295 1165 Qui
317 1132 352 1159 sit
370 1137 460 1159 autem
478 1132 522 1160 ille
538 1138 680 1167 tyrannus,
699 1140 814 1167 quocum
830 1133 946 1160 societa-

164 1181 218 1204 tem
236 1178 294 1204 iniit
309 1178 450 1211 Eusebius,
461 1186 513 1205 non
526 1182 619 1213 aperte
633 1178 768 1213 signiﬁcat
779 1178 943 1214 imperator:

163 1222 211 1251 sed
225 1223 290 1250 nihil
307 1223 417 1251 dubium
435 1224 468 1252 de
482 1223 587 1251 Licinio
603 1225 646 1252 hic
663 1224 717 1260 agi.

199 1267 245 1294 ει.
258 1268 331 1295 Mitto
344 1274 441 1296 caetera
454 1277 514 1304 quae
529 1269 562 1296 de
584 1277 678 1297 eorum
695 1269 792 1298 exsilio
810 1269 945 1303 feruntur,

163 1315 235 1349 quod
250 1315 290 1342 vel
308 1322 403 1349 magna
421 1315 585 1349 suspicione,
599 1315 642 1342 vel
658 1321 751 1350 aperte
773 1316 892 1344 falsitate
905 1317 946 1343 la-

162 1361 269 1388 borent.
284 1360 439 1394 Cuiusmodi
460 1367 502 1389 est
525 1362 600 1393 illud,
628 1362 772 1390 Eusebium
800 1363 905 1390 scilicet
918 1368 946 1390 et

163 1398 500 1443 'l‘beognium,.postqnain
521 1408 636 1436 Nicena:
657 1408 763 1444 synodo
776 1410 947 1444 subscripse-

163 1459 235 1486 rant,
262 1454 409 1482 subornato
432 1454 529 1482 exinde
556 1455 663 1482 notario
684 1456 792 1483 nomina
809 1456 946 1484 abrasisse

162 1508 224 1532 sua,
244 1508 276 1528 ac
293 1501 390 1528 deinde
418 1505 545 1529 strenuos
562 1501 608 1528 τοῦ
623 1502 794 1538 ἑτεροουσίου
808 1510 945 1536 praecones

164 1546 248 1575 fuisse
259 1547 308 1582 (b).
317 1548 374 1581 Qua
386 1547 420 1575 de
432 1554 513 1575 causa
525 1548 689 1583 imperatore
703 1547 870 1583 Theognium
884 1557 945 1576 cum
959 1555 981 1584 ε

163 1593 281 1621 Eusebio
299 1593 499 1628 expostulante,
512 1594 683 1628 respondisse
702 1593 881 1622 audacissime
893 1594 945 1621 Eu-

163 1640 285 1673 sebium,
307 1645 416 1668 ostensa
432 1647 485 1674 qua
501 1640 662 1667 induebatur
689 1644 762 1668 veste
781 1647 788 1666 :
810 1649 820 1666 ι
840 1639 869 1667 Si
890 1641 947 1668 haec

165 1685 252 1712 vestis
270 1685 438 1720 inspectante
455 1692 498 1712 me
517 1684 601 1712 divisa
617 1689 701 1716 esset,
722 1693 860 1719 nunquam
877 1685 948 1714 dice-

165 1737 222 1756 rem
235 1734 378 1763 utramque
399 1734 502 1764 partem
521 1729 641 1764 ejusdem
665 1737 728 1758 esse
747 1729 917 1758 substantias.
935 1741 943 1757 I

163 1776 230 1809 Qua:
243 1783 325 1803 causa
339 1777 440 1804 irarum
453 1781 481 1803 et
496 1776 606 1804 ultionis
626 1777 720 1804 fuerit.
738 1776 838 1804 Verum
854 1778 948 1805 isthazc

164 1826 346 1849 commentum
364 1829 424 1849 esse
442 1822 498 1856 ipse
511 1822 556 1856 qui
573 1826 683 1849 enarrat
709 1821 876 1850 Sozomenus
898 1823 946 1849 ait.

165 1867 283 1902 Longius
307 1875 323 1895 a
344 1867 520 1895 similitudine
546 1869 603 1896 veri
628 1869 743 1901 absunt,
769 1876 829 1903 qua:
857 1875 949 1896 narrat

166 1913 378 1948 Philostorgius,
404 1914 418 1940 ὁ
441 1914 601 1949 φιλυῲευδὴς
626 1911 704 1946 οὗτος
731 1916 777 1942 καὶ
801 1916 948 1952 κακοστόρ-

165 1967 237 1993 γιος,
260 1959 403 1986 Eusebium
419 1966 525 1993 nempe,
545 1959 713 1994 Theognium
730 1964 757 1986 et
776 1959 872 1993 Mario,
892 1961 946 1987 dati

165 2004 284 2040 δυσπαθῆ
301 2004 473 2040 pteuitentes,
498 2005 691 2040 imperatorem
717 2005 826 2037 adiisse,
851 2006 948 2041 hisque

165 2051 342 2086 compellasse
353 2050 433 2078 dictis
454 2063 460 2078 ;
484 2060 493 2076 ι
516 2051 613 2085 Iniqui,
633 2051 790 2086 imperator,
808 2059 839 2079 ea
866 2051 891 2078 in
919 2059 949 2079 re

166 2096 276 2130 ﬁnimus,
301 2098 372 2131 quod
397 2098 435 2124 tui
456 2103 528 2124 metu
552 2098 678 2132 perculsi,
698 2099 828 2132 impietati
850 2107 948 2127 nomen

166 2142 381 2178 ascripserimus.
403 2153 412 2169 I
429 2143 487 2176 Quo
505 2143 603 2171 factum
619 2150 647 2170 ut
661 2145 808 2179 imperator
827 2145 867 2172 ira
887 2153 948 2180 per-

166 2189 236 2215 citus
252 2188 376 2216 homines
388 2189 414 2216 in
427 2188 548 2216 Galatias
560 2196 607 2216 seu
621 2188 724 2217 Gallias
737 2190 864 2218 occiduas
877 2191 947 2218 rele-

166 2234 238 2269 gnrit
251 2234 298 2269 (ο),
314 2239 341 2261 et
359 2234 475 2262 Arianos
490 2242 537 2262 sua
554 2242 688 2270 quemque
709 2237 796 2270 patria
817 2237 948 2265 excedere

163 2279 285 2313 jusserit.
306 2279 338 2306 Et
356 2279 409 2307 alio
431 2280 491 2307 loco
516 2281 712 2314 nugacissimus
740 2281 810 2308 idem
832 2282 948 2316 scriptor

165 2326 215 2358 ait,
228 2324 381 2352 Secundum
399 2333 460 2353 cum
482 2326 564 2354 sociis
578 2326 656 2361 jussu
679 2327 850 2362 imperatoris
868 2336 947 2356 revo-

165 2376 255 2398 catum
285 2371 319 2399 ab
350 2371 456 2403 exsilio,
487 2372 584 2400 litteris
614 2380 832 2410 quaquaversum
858 2375 947 2402 missis

166 2416 356 2452 proscripsisse
370 2417 400 2443 τὸ
415 2417 565 2452 ὁμοούσιον,
580 2423 607 2445 et
620 2418 650 2445 τὺ
668 2418 835 2454 ἐτεροούσιον
847 2427 946 2454 propu-

164 2467 263 2494 passe
289 2469 294 2486 :
322 2461 420 2494 quibus
448 2462 543 2488 litteris
573 2462 755 2491 Alexandrum
788 2463 946 2499 suffragium

166 2504 326 2539 ascripsisse
340 2505 389 2538 ait,
410 2506 557 2541 Ariumque
573 2507 606 2534 ad
619 2508 835 2536 communionem
857 2510 946 2537 admi-

166 2551 250 2585 sisse;
267 2552 314 2578 sed
334 2557 424 2586 postea
444 2553 637 2586 Alexandrum,
655 2562 715 2581 cum
726 2556 759 2582 ab
777 2556 947 2590 imperatoris

166 2601 239 2622 metu
260 2598 417 2632 respiraret,
438 2600 470 2626 ad
496 2600 610 2634 priscam
630 2601 744 2627 rediisse
764 2607 900 2634 mentem;
920 2607 947 2628 et

166 2647 230 2669 tunc
247 2643 354 2670 demunt
372 2645 465 2672 Arium
490 2653 551 2672 cum
565 2646 688 2673 seclariis
702 2647 736 2673 ab
755 2647 909 2674 Alexandro
923 2653 950 2674 et

164 2776 179 2796 ε
202 2734 364 2796 (ιὶῖῗοοι-θι.
385 2734 433 2762 lib.
465 2743 484 2767 ι,
509 2742 568 2770 cap.
599 2735 614 2762 9
636 2740 662 2762 et
678 2736 728 2770 id;
743 2735 850 2764 Sozom.
865 2736 910 2765 lib.
925 2744 944 2770 t,

184 2778 226 2796 illi.
281 2790 287 2796 .

184 2778 226 2802 ap.
242 2778 287 2796 τι.

200 2804 236 2837 (b)
252 2803 359 2831 Sozom.
375 2803 438 2832 ibid.

199 2839 233 2873 (ε)
252 2839 414 2873 ΙῚιΗυειοΙΊζ.
431 2840 476 2866 lib.
490 2848 509 2867 ι.

199 2873 237 2910 (tl)
249 2873 360 2905 Sozom.
376 2873 420 2902 hb.
437 2882 466 2908 ιι,
485 2883 542 2910 cap.
562 2876 603 2902 i7.

1714 167 1778 188 LXXI

961 220 982 246 Α
999 217 1032 242 ab
1051 215 1167 242 Ecclesia
1188 215 1344 244 descivisse.
1363 215 1424 244 Haec
1444 217 1487 245 ille
1502 218 1629 246 Arianico
1651 222 1679 246 et
1696 219 1779 254 impio

997 267 1045 288 ore
1061 261 1189 289 mentitus
1200 266 1252 288 est.

1031 305 1105 332 Anno
1123 305 1186 332 526.
1198 320 1233 326 ——
1247 306 1271 332 Ι.
1294 306 1436 333 Alexandri
1452 306 1624 334 Alexandrini
1637 309 1730 336 obitus.
1744 324 1779 329 ——

996 349 1069 376 lnter
1081 350 1138 376 hac
1150 350 1311 383 Alexander,
1324 356 1403 378 aetate
1413 359 1444 379 ac
1455 353 1529 379 senio
1543 352 1693 387 confectus,
1707 354 1778 381 diem

997 396 1063 423 obiit
1087 404 1252 431 supremum.
1275 397 1395 424 Instante
1416 397 1488 425 obitu
1511 398 1687 426 Athanasium
1708 400 1781 427 desi-

997 445 1060 475 gnat
1086 440 1136 467 sibi
1164 448 1359 468 successorem.
1384 440 1450 468 Cum
1480 443 1551 469 enim
1579 443 1779 478 ingravescente

997 487 1091 513 morbo
1111 486 1239 520 paulatim
1260 487 1405 514 deﬁcerent
1424 487 1508 520 vires,
1523 488 1668 524 derepente
1692 489 1779 517 Atha-

998 533 1101 559 nasium
1130 532 1271 567 compellat
1290 533 1339 568 (ά).
1360 533 1513 568 Respondet
1537 535 1644 562 vocanti
1670 536 1778 570 quidam

998 583 1090 605 nostro
1102 577 1221 612 gentilis.
1240 578 1324 611 Quem
1342 579 1408 606 nihil
1434 579 1529 607 allatus
1549 580 1603 614 ille,
1621 582 1778 617 interposita

998 631 1084 656 mora,
1111 624 1287 651 Athanasium
1313 625 1434 659 repetitis
1458 626 1563 653 vicibus
1595 627 1778 661 vociferatur,

998 670 1135 697 absentem
1153 669 1275 697 iudicans
1292 670 1373 697 alium
1401 678 1431 698 se
1454 678 1549 699 vocare
1570 681 1576 699 :
1598 673 1645 707 qui
1670 681 1698 700 re
1714 682 1780 709 pras-

998 721 1075 742 cauta
1094 720 1174 750 atque
1190 715 1314 750 praevisa,
1335 720 1364 742 ut
1383 721 1485 744 tantum
1508 725 1605 745 munus
1619 719 1777 752 declinaret,

998 768 1057 787 sese
1076 761 1253 795 proripuerat.
1278 760 1437 795 Prophetica
1456 766 1546 789 autem
1562 769 1652 790 mente
1672 763 1778 791 demum

997 807 1149 834 Alexander
1169 817 1176 834 :
1199 817 1208 832 ι
1234 807 1366 843 Ellugisse
1389 812 1416 835 te
1438 808 1539 842 credis,
1564 809 1613 843 ait,
1636 810 1778 843 Athanasi,

999 862 1048 881 nec
1068 859 1157 881 tamen
1184 852 1307 886 cﬁugies;
1332 862 1340 879 ι
1360 853 1402 880 his
1421 854 1585 889 signiﬁcans.
1601 856 1779 889 .gravissimis

997 907 1058 927 cum
1073 899 1265 926 certaminibus
1282 904 1309 926 et
1322 899 1518 927 calamitatibus
1531 901 1696 934 deputatum.
1711 902 1781 929 Sunt

996 953 1076 980 porro
1098 945 1143 980 qui
1164 945 1340 978 existiment,
1365 952 1396 973 ea
1422 950 1581 981 tempestate
1602 947 1779 974 Athanasium

998 999 1087 1019 rerum
1108 983 1355 1018 ecclesiasticarum
1374 998 1453 1019 causa
1478 992 1504 1019 in
1528 992 1698 1026 imperatoris
1717 992 1779 1020 aula

996 1043 1132 1065 versatum
1156 1038 1246 1065 fuisse.
1274 1037 1371 1065 lncidit
1395 1038 1539 1065 Alexandri
1561 1046 1635 1066 mors
1659 1039 1685 1066 in
1709 1039 1779 1066 diem

997 1085 1151 1111 vicesimam
1177 1089 1282 1111 sextam
1308 1083 1447 1111 Februarii
1474 1084 1586 1118 mensis,
1614 1091 1685 1112 anno
1714 1085 1778 1118 3‘26,

996 1130 1115 1164 quinque
1141 1129 1246 1157 scilicet
1273 1134 1335 1164 post
1362 1129 1419 1163 ejus
1442 1129 1634 1157 Alexandriam
1661 1130 1778 1158 reditum

998 1176 1135 1203 mensibus
1153 1175 1204 1211 (ι).
1224 1175 1262 1202 lta
1278 1175 1398 1210 quidam,
1418 1175 1515 1210 quibus
1535 1181 1667 1205 consonat
1689 1175 1778 1204 T-heo-

996 1221 1117 1255 doretus,
1127 1222 1181 1249 vita
1196 1221 1317 1249 functum
1334 1221 1455 1249 referens
1478 1221 1598 1257 quinque
1618 1228 1678 1257 post
1693 1222 1779 1250 Nicze-

997 1275 1060 1295 nam
1084 1268 1217 1303 synodum
1234 1267 1383 1295 mensibus.
1412 1267 1487 1300 Quod
1507 1273 1596 1296 autem
1618 1269 1697 1296 habet
1717 1269 1780 1303 Epi-

997 1312 1122 1347 phanius,
1148 1313 1318 1341 demortuum
1345 1313 1526 1341 Alexandrum
1552 1314 1646 1341 eodem
1661 1322 1715 1349 quo
1731 1315 1778 1342 Ni-

997 1367 1069 1386 caena
1085 1358 1178 1386 habita
1199 1352 1318 1395 synodus
1339 1363 1381 1385 est
1408 1366 1490 1392 anno,
1507 1359 1642 1395 intelligas
1660 1360 1778 1388 nondum

997 1405 1088 1440 elapso
1102 1413 1174 1433 anno
1189 1410 1248 1440 post
1258 1407 1390 1440 synodum
1407 1406 1579 1445 celebratam.

1032 1450 1058 1477 2.
1073 1450 1207 1478 Male/iani
1217 1451 1346 1478 Theonam
1353 1457 1473 1486 caoptanl
1481 1453 1507 1479 in
1513 1453 1658 1488 episcopum
1666 1454 1781 1481 Alexan-

996 1498 1112 1523 drinum.
1129 1511 1164 1517 --
1179 1497 1207 1524 Si
1226 1497 1293 1525 ﬁdes
1309 1498 1457 1532 Epiphanio
1471 1498 1521 1533 (Γ),
1540 1499 1706 1528 excubantes
1720 1500 1775 1527 Me-

997 1541 1089 1569 letiani
1102 1543 1135 1570 ad
1150 1549 1323 1578 quascunque
1341 1543 1445 1570 oblatas
1458 1544 1596 1571 turbarum
1609 1546 1777 1578 occasiones,

996 1588 1122 1615 defuncto
1153 1588 1329 1620 Alexandro,
1359 1588 1525 1624 abscnteque
1551 1589 1719 1621 Athanasio.
1751 1591 1778 1619 in

996 1634 1117 1669 praesulis
1136 1634 1311 1661 Alexandrini
1342 1642 1438 1662 munus
1464 1637 1614 1670 provehunt
1636 1639 1778 1672 quemdam

996 1688 1051 1708 sua!
1080 1681 1209 1709 factionis
1235 1682 1388 1714 hominem.
1421 1683 1530 1710 nomine
1557 1683 1705 1716 Theonam,
1725 1693 1779 1720 quo

998 1728 1084 1755 tribus
1094 1728 1194 1763 elapsis
1213 1731 1350 1756 mensibus
1362 1729 1506 1762 exstincto,
1524 1734 1661 1764 promotus
1682 1732 1778 1759 exinde

997 1774 1048 1802 fuit
1062 1775 1237 1802 Athanasius.
1251 1775 1297 1802 Na:
1313 1775 1334 1802 si
1346 1774 1551 1802 Meletianorum
1571 1781 1711 1809 spectetur
1730 1785 1778 1804 au-

998 1821 1049 1847 dax
1065 1821 1180 1852 animus,
1193 1825 1220 1848 ct
1234 1821 1419 1848 novandarum
1432 1828 1521 1848 rerum
1534 1822 1704 1857 percupidus,
1722 1823 1779 1851 haec

997 1867 1077 1895 ﬁdem
1090 1874 1218 1901 superare
1235 1874 1287 1894 non
1300 1867 1453 1894 videantur.
1468 1870 1502 1894 At
1513 1868 1611 1894 mirum
1634 1868 1732 1896 nullam
1745 1870 1779 1897 de

998 1913 1150 1947 huiusmodi
1165 1913 1286 1945 homine,
1305 1913 1346 1940 vel
1361 1913 1431 1947 apud
1449 1913 1637 1947 Athanasium,
1654 1914 1696 1942 vel
1709 1916 1780 1950 apud

998 1961 1115 1995 aequales
1135 1960 1227 1988 haberi
1248 1960 1423 1992 mentionem,
1443 1967 1505 1987 cum
1521 1961 1637 1988 maxime
1653 1961 1780 1995 frequen-

998 2007 1109 2034 tissimae
1139 2006 1273 2033 adfuerint
1302 2006 1373 2034 illius
1412 2007 1577 2034 memorandi
1609 2008 1777 2036 occasiones.

998 2052 1098 2080 Verum
1120 2053 1237 2079 fortasse
1255 2052 1318 2086 quia
1333 2053 1480 2080 secundum
1501 2054 1696 2087 promotionem
1713 2062 1779 2081 non-

999 2099 1049 2126 nisi
1064 2106 1165 2134 paucos
1178 2106 1287 2126 menses
1299 2103 1437 2133 superstes
1452 2099 1511 2132 fuit,
1529 2098 1599 2126 nulla
1622 2105 1668 2126 aut
1684 2100 1778 2135 exigua

998 2145 1147 2180 permansit
1157 2145 1282 2172 hominis
1297 2145 1438 2172 memoria.

1035 2192 1061 2219 5.
1078 2191 1240 2218 Athanasius
1257 2191 1392 2226 deligitur.
1407 2206 1441 2211 —
1454 2191 1519 2224 Quae
1534 2199 1625 2223 causa,
1640 2199 1699 2226 qum
1712 2193 1781 2220 ratio

964 2228 986 2254 Ῑ)
1000 2237 1177 2264 Athanasium
1192 2237 1354 2271 compulerit
1372 2236 1404 2263 ad
1419 2237 1592 2271 ;redeundum
1610 2244 1643 2264 ex
1660 2244 1783 2266 secessus

1002 2283 1061 2311 loco
1075 2283 1128 2318 (9).;
1145 2290 1230 2310 suone
1248 2283 1293 2310 ille
1310 2282 1435 2315 consilio,
1452 2283 1540 2310 oblata
1560 2283 1681 2311 muneris
1701 2283 1783 2312 decli-

1002 2329 1085 2355 nandi
1101 2336 1158 2363 spe,
1173 2336 1206 2356 an
1222 2328 1312 2356 divino
1331 2329 1460 2356 instinctu
1474 2329 1506 2356 ad
1518 2329 1634 2357 oﬁlcium
1656 2337 1782 2358 evocatus

1001 2375 1155 2406 accesserit,
1171 2374 1272 2407 pariter
1288 2374 1430 2401 incertum.
1454 2375 1546 2401 ltedux
1567 2379 1658 2401 autem
1676 2382 1782 2403 smnma

1000 2420 1158 2455 populorum
1181 2420 1273 2448 lastitia
1288 2420 1433 2454 excipitur.
1460 2420 1528 2448 llinc
1552 2428 1708 2455 concursus,
1727 2421 1782 2448 Cla-

1002 2475 1070 2499 mor,
1087 2472 1149 2494 vota
1165 2467 1271 2501 publica
1285 2467 1371 2501 plebis
1383 2468 1525 2494 catholicae
1536 2467 1714 2495 Athanasiqu
1725 2469 1778 2494 sibi

1001 2512 1155 2547 episcopum
1168 2513 1350 2546 elllngitantis.
1368 2512 1424 2540 Hoc
1443 2514 1534 2540 animo
1549 2513 1691 2540 multitudo
1703 2514 1782 2540 innu-

1002 2565 1077 2584 mera
1089 2558 1200 2585 conﬂuit
1217 2559 1243 2585 in
1261 2558 1414 2591 ecclesiam,
1432 2558 1475 2586 ubi
1502 2563 1556 2585 tum
1572 2564 1649 2585 erant
1663 2558 1782 2594 Egyplii

1000 2604 1118 2638 episcopi
1133 2604 1227 2631 eadem
1239 2605 1272 2631 de
1289 2612 1368 2631 causa
1380 2606 1476 2632 coacti.
1491 2604 1558 2631 Tum
1578 2605 1652 2639 plebs
1672 2606 1779 2633 incensa

1004 2649 1131 2683 cupidine
1146 2650 1231 2683 optati
1245 2651 1379 2683 potiundi,
1396 2650 1468 2678 edito
1481 2649 1597 2677 clamore
1615 2658 1720 2685 rogare,
1733 2651 1781 2679 ob-

1035 2736 1071 2777 (ε)
1087 2737 1192 2777 Themi.
1214 2738 1266 2777 l_i_h._
1284 2746 1303 2777 I_.
1321 2745 1381 2777 cap.
1404 2738 1454 2777 36;
1471 2739 1569 2768 Athan.
1596 2741 1672 2777 Apol.
1689 2747 1780 2770 contra

999 2773 1103 2805 Arium,
1119 2782 1144 2799 ιι.
1161 2773 1203 2800 59.
1217 2772 1283 2800 Vide
1294 2774 1320 2800 in
1335 2773 1445 2801 Manilo.

1035 2808 1067 2843 (D
1080 2808 1148 2836 Haer.
1157 2816 1250 2836 Lmtv.

1035 2844 1071 2877 (gl)
1086 2844 1182 2870 Athan.
1199 2844 1275 2877 ibid.,
1292 2852 1318 2873 ιι.
1335 2844 1362 2872 6.
