2000 3045
225 178 300 199 LXXII

897 167 1080 191 PliULlLbUM
1087 166 1164 191 ENA.

228 228 319 256 testari
343 227 490 261 praxsules,
516 226 693 254 Athanasium
719 231 883 259 exposcere;
915 223 1012 250 deinde
1030 223 1053 249 A
1068 230 1139 248 tuum
1178 221 1336 256 Gregorium
1357 219 1554 247 Nazianzenum
1572 220 1599 247 in
1633 220 1701 247 hanc
1724 227 1779 247 rem
1802 227 1848 246 au-

228 275 314 302 versis
341 274 373 301 ad
399 274 536 300 (lhristnm
566 273 693 307 precibus
714 272 878 302 obsecrare;
898 268 1010 296 cunt-edi

228 321 279 348 sibi
302 320 463 354 postulatum
486 320 571 346 virum
590 327 597 346 :
620 326 673 345 non
695 325 821 352 passuros
845 323 874 343 se
896 315 1011 342 ecclesia

228 365 368 400 episcopos
399 364 549 396 excedere,
587 363 673 391 donec
706 363 819 390 allectus
848 361 1012 388 Athanasius

229 415 301 438 esset
319 420 325 438 :
345 410 431 437 virum
451 410 522 445 frugi
552 409 742 440 vociferantes,
762 407 927 443 religiosum,
950 413 1012 433 vere

228 455 424 486 Christianum,
452 459 582 486 aseetam,
605 462 669 481 vere
692 454 856 488 episcopum.
883 452 928 479 llis
952 458 1014 485 pcr—

229 501 295 528 moti
320 500 439 535 Egyptii
472 500 610 535 episcopi,
641 499 820 526 Athanasium
859 497 885 524 in
921 497 1012 524 sedem

228 547 439 573 Alexandrinam
454 546 616 580 provehunt,
638 545 788 579 etquidem
812 543 914 578 ingenti
931 550 1013 578 popu-

228 591 315 619 lorum
331 591 423 626 plausu
444 591 600 625 laetitiaque.
614 590 677 617 Haec
697 590 724 617 in
742 590 869 625 synodica
894 587 1012 623 Egyptii

229 639 367 674 praesules,
380 638 479 666 oculati
494 642 585 669 testes,
599 637 644 671 qui
661 637 717 664 suis
729 637 779 671 ipsi
794 636 918 662 utanibus
929 635 1014 661 Allia—

230 685 335 712 nasium
353 685 379 711 in
396 684 540 718 episcopali
558 684 657 710 throno
682 683 859 710 collocarunt.
882 682 916 708 At
936 687 1014 708 secus

230 731 343 757 multum
363 738 419 757 rem
435 729 578 757 Eusebiani
598 729 688 756 missis
705 729 738 755 ad
756 729 948 762 imperatorem
968 726 1012 753 lit-

231 776 296 802 teris
323 775 519 810 significaruut.
546 774 662 801 Aiebant
683 773 782 808 quippe
797 772 834 808 (α)
860 771 1014 798 Mclctianos

228 830 291 849 cum
323 821 468 849 Catholicis
499 821 563 848 inita
593 820 732 852 societate,
767 827 818 845 una
854 817 1016 846 confluxisse

229 866 420 895 Alexandriam
447 874 480 894 ex
505 865 642 892 Thebaide
673 870 701 892 et
729 864 847 899 {Egypto
873 864 1014 898 episcopos

1065 269 1122 295 dire
1137 268 1181 303 (ε).
1201 276 1210 292 r
1232 268 1278 295 Sic
1289 274 1370 302 porro
1383 267 1516 294 educatus
1532 271 1559 293 et
1578 266 1730 298 institutus,
1751 271 1781 293 ut
1801 274 1847 293 eos

1065 322 1137 341 nunc
1156 321 1263 348 quoque
1278 318 1414 348 oporteret
1430 313 1473 348 qui
1495 313 1579 348 plebis
1602 313 1737 340 antistites
1754 312 1848 346 futuri,

1066 367 1246 395 magnumque
1256 359 1357 387 Christi
1375 367 1474 394 corpus
1491 359 1633 387 tractaturi
1650 364 1725 386 sunt.
1743 358 1847 386 Secun-

1066 407 1128 434 dum
1157 405 1289 433 ineffabile
1302 406 1352 434 Dei
1364 406 1505 433 consilium
1519 413 1549 432 ae
1560 405 1772 440 praascientiam,
1791 411 1850 439 quae

1066 460 1222 487 magnarum
1242 460 1332 480 rerum
1348 452 1488 480 materiam
1509 452 1554 480 diu
1570 456 1632 479 ante
1655 455 1800 486 praeparat,
1822 451 1848 477 in

1066 497 1225 532 praeclarum
1247 498 1318 525 hunc
1337 498 1509 526 sacerdotum
1535 497 1660 525 ordinem
1688 500 1848 530 cooptatnr,

1066 550 1148 579 atque
1162 544 1188 571 in
1205 551 1298 572 eorum
1319 545 1365 579 qui
1386 544 1612 580 appropinquanti
1629 543 1684 571 Deo
1699 544 1847 579 appropin-

1067 594 1151 625 quant
1173 597 1313 618 nunterum
1330 591 1476 623 allegitur:
1503 591 1661 624 cunctisque
1684 590 1849 617 ecclesiasti-

1067 644 1159 663 corum
1191 637 1320 671 graduum
1355 637 1513 664 muneribus
1543 636 1710 671 perfunctus,
1733 635 1877 668 Alexan-,

1068 683 1144 710 drino
1157 683 1266 717 populo,
1282 683 1352 718 quod
1366 682 1434 709 idem
1446 688 1487 710 est
1502 690 1533 710 ac
1544 682 1565 709 si
1577 682 1704 709 dixissem
1721 682 1848 709 universo

1068 735 1200 756 terrarum
1221 730 1291 762 orbi,
1308 729 1466 764 praficitur.
1490 729 1583 764 Neque
1599 733 1643 755 sat
1662 729 1775 756 definire
1790 736 1851 763 pos-

1068 782 1139 807 sunt,
1159 775 1304 802 virtutisne
1327 775 1478 809 praemium,
1501 782 1534 801 an
1556 774 1684 801 Ecclesia
1701 774 1801 801 fontetn
1820 781 1850 800 ac

1068 820 1150 847 vitam
1167 820 1318 855 huiusmodi
1347 821 1505 855 dignitatem
1524 820 1670 855 acceperit.
1686 820 1762 847 Hanc
1777 819 1849 847 enim

1067 866 1211 900 oportebat
1221 866 1344 894 veritatis
1358 866 1403 893 siti
1420 866 1601 902 languentem,
1621 874 1653 893 ac
1677 874 1759 901 prope
1783 874 1850 894 con-

229 916 344 947 quatuor
358 916 386 939 et
408 911 613 946 quinquaginta,
632 911 676 944 qui
691 910 739 945 (sic
752 909 894 945 illi)jurati
910 914 1013 936 statue-
1029 905 1050 933 Ι
1065 913 1174 945 fectam,
1192 912 1311 941 lsmaelis
1334 913 1431 945 instar,
1452 918 1515 948 potu
1543 914 1672 945 recreari,
1702 918 1749 941 aut
1777 913 1852 941 velut

230 962 292 984 rttnt
304 957 423 984 omnium
448 956 550 983 calculo
567 961 594 983 et
622 955 756 989 suffragiis
771 955 941 989 deligendum
969 954 1014 989 qui

229 1003 440 1030 Alexandrinam
460 1006 606 1037 occuparet
633 1001 743 1034 sedem;
768 1009 859 1028 verum
884 1007 1016 1034 scx,sep-

230 1054 319 1077 temve
340 1049 482 1083 episcopos
504 1055 519 1075 a
542 1053 614 1075 creto
631 1047 775 1082 digressos,
800 1047 1016 1082 imprudentibus

230 1095 376 1128 invitisqne
408 1094 513 1122 caeteris
551 1093 694 1124 omnibus.
732 1093 801 1119 clam
841 1092 1016 1119 constituisse

230 1141 407 1168 Athanasium
436 1140 608 1175 episcopum;
631 1147 689 1174 qua:
710 1147 790 1166 causa
819 1143 891 1166 esset
909 1143 937 1165 ut
964 1138 1016 1165 fre-

231 1195 317 1221 quens
331 1186 456 1221 populus,
471 1186 617 1220 clericique
629 1185 754 1220 permulti
771 1185 829 1220 ejus
846 1184 1016 1212 communio-

231 1240 294 1260 nem
323 1237 523 1260 aversarentur.
549 1231 610 1259 Htec
632 1232 679 1258 illi.
701 1232 797 1259 Verum
822 1231 906 1259 multo
929 1232 1017 1266 impu-

231 1278 338 1306 dentius
351 1278 547 1312 Philostorgius
559 1277 607 1314 (ὁ),
629 1278 808 1305 Athanasium
825 1283 918 1305 narrat
929 1277 1017 1305 eccle-

231 1324 298 1351 siam
315 1323 407 1351 Sancti
425 1323 546 1359 Dionysii
557 1323 700 1357 invasisse,
714 1329 794 1357 atque
816 1323 884 1351 duos
909 1324 1015 1358 episco-

233 1377 281 1402 pos
292 1369 371 1396 isthic
391 1374 514 1404 repertos
527 1369 552 1396 vi
564 1369 725 1403 compulisse
742 1373 772 1396 ut
793 1369 946 1403 episcopale
963 1368 1016 1395 sibi

233 1423 330 1442 munus
345 1414 492 1448 deferrent,
505 1419 616 1442 caeteros
631 1419 721 1441 autem
741 1413 803 1441 facti
833 1414 1017 1447 indignatione

232 1465 369 1495 permotos
392 1459 535 1487 damnasse
557 1459 705 1492 hominem,
731 1459 965 1494 Athanasiumque
988 1459 1014 1486 vi

233 1505 415 1532 niultitudiuis
434 1512 466 1532 ac
488 1504 577 1539 populi
604 1504 729 1539 praesidio
749 1505 930 1540 superiorem,
946 1504 1017 1532 litte—

233 1551 280 1582 ris,
294 1557 343 1577 ceu
359 1550 441 1578 totius
455 1550 568 1577 consilio
584 1550 714 1582 civitatis,
733 1550 890 1586 imperatori
914 1558 943 1578 se
962 1550 1017 1578 ele-

231 1601 305 1623 ctum
322 1596 405 1623 fuisse
424 1596 612 1630 significasse:
630 1603 684 1631 quo
696 1596 795 1623 factum
812 1602 842 1623 ut
856 1596 881 1623 vi
900 1604 1017 1631 occupa-

234 1647 288 1668 tam
311 1643 401 1669 sedem
424 1646 537 1670 teneret.
564 1642 626 1670 Haec
650 1643 777 1669 nimirum
795 1643 1018 1670 mendacissimus

233 1686 441 1722 PhilostOrgius,
466 1687 512 1722 qui
541 1687 639 1714 nedum
665 1688 819 1720 veritatem,
846 1695 880 1715 ne
896 1689 1018 1716 veritatis

230 1734 339 1768 quidem
353 1734 474 1760 umbram
486 1737 514 1760 et
524 1734 640 1768 speciem
656 1739 784 1761 sectatur.

268 1779 295 1807 4.
309 1779 416 1806 Antium
434 1779 526 1814 itaque
537 1781 655 1814 cooptati
667 1781 692 1806 in
710 1781 863 1816 episcopum
875 1780 1017 1808 Athanasii

231 1825 401 1859 assignantus
422 1825 484 1857 526,
507 1825 605 1859 elapsis
630 1825 791 1860 quibusdam
817 1825 851 1852 ab
871 1825 1017 1853 Alexandri

232 1871 307 1898 obitu
333 1871 480 1898 mensibus.
497 1871 585 1905 Atque
613 1871 648 1897 ita
674 1871 756 1905 probe
778 1876 885 1898 constat
914 1872 984 1906 quod
1001 1878 1017 1899 a

232 1916 334 1951 Cyrillo
350 1915 384 1951 (c)
403 1920 430 1943 et
450 1916 509 1944 aliis
525 1917 650 1949 traditur,
674 1917 850 1944 Athanasium
872 1917 976 1944 scilicet
989 1917 1017 1944 in

233 1962 380 1995 episcopali
392 1961 456 1988 sede
476 1966 560 1987 totum
574 1969 621 1988 sex
640 1970 722 1996 super
740 1963 916 1997 quadraginta
930 1971 1016 1991 altito-

228 2015 293 2034 .rum
307 2007 424 2041 spatium
447 2014 584 2034 emensum
600 2008 709 2036 obiisse.
729 2008 765 2035 At
785 2010 856 2036 enim
881 2011 903 2037 si
927 2011 1018 2044 ponti-

233 2052 329 2080 ﬁcatus
344 2052 484 2080 Athanasii
499 2052 639 2080 exordium
654 2054 768 2081 ducatur
792 2056 825 2082 ab
857 2063 928 2082 anno
952 2057 1018 2088 526,-

233 2105 279 2127 aut
299 2100 411 2127 dimidio
428 2100 536 2127 circiter
549 2105 595 2128 aut
613 2106 745 2133 vertente,
767 2103 799 2129 ad
820 2103 883 2134 575,
910 2104 953 2131 die
971 2112 1016 2132 se-

233 2147 320 2173 cunda
336 2146 411 2178 Maii,
428 2155 481 2181 quo
503 2151 623 2182 tetnpore
636 2148 735 2175 obiisse
752 2148 864 2177 inferius
879 2158 1017 2177 common-

236 2196 349 2222 stratur,
362 2197 552 2226 computantur
568 2193 631 2220 anni
648 2201 695 2220 sex
710 2198 738 2221 et
750 2195 930 2230 quadraginta
952 2204 1014 2223 cum

233 2237 393 2272 quibusdam
407 2238 553 2265 mensibus.

268 2285 294 2312 5.
310 2284 337 2311 1η
353 2285 495 2312 Athanasii
509 2287 703 2320 promotionem
720 2287 776 2314 hate
795 2288 876 2315 habet
887 2286 1015 2315 Sozome-

233 2339 284 2358 nus
303 2331 340 2366 (ιι)
361 2339 367 2357 :
391 2339 400 2357 ‹
415 2331 471 2366 Ego
490 2339 556 2358 sane
581 2333 668 2359 virum
691 2333 842 2366 huiusmodi
867 2341 919 2360 non
946 2334 1014 2361 citra

234 2379 280 2405 Dei
296 2383 389 2405 nulum
404 2379 436 2405 ad
455 2379 634 2406 sacerdotium
646 2380 802 2414 pervenisse
815 2380 953 2413 existimo,
972 2386 1015 2408 ul-

231 2429 293 2458 pote
306 2423 545 2458 eloquentiaiuxta
568 2429 648 2458 atque
663 2424 838 2459 intelligentia
860 2426 1014 2460 praeditum,

231 2476 258 2498 et
272 2471 305 2497 ad
321 2471 522 2498 occurrendutn
536 2471 640 2498 insidiis
648 2472 862 2499 adversariorum
876 2473 1015 2506 paratissi-

230 2525 319 2549 mum,
334 2517 483 2551 cuiusmodi
496 2517 583 2544 virum
602 2517 645 2544 illa
661 2522 782 2552 tempora
800 2526 880 2553 quain
898 2519 1014 2546 maxime

230 2562 412 2594 postulabant.
425 2562 486 2590 Fuit
502 2568 575 2590 certe
596 2564 630 2590 ad
652 2564 796 2591 conciones
812 2565 1013 2592 ecclesiasticas

231 2612 258 2634 et
273 2608 308 2635 ad
317 2610 460 2636 sacerdotii
477 2617 575 2636 munus
589 2609 740 2637 obettndum
756 2610 922 2644 aptissimus,
935 2616 1016 2644 atque

230 2654 263 2679 ab
291 2656 400 2681 ineunte
430 2660 510 2683 aetate
541 2656 566 2682 in
596 2656 727 2691 ejusmodi
757 2657 837 2683 rebus
873 2657 1012 2683 αὐτοδίδα-

229 2707 302 2730 κτος,
319 2709 327 2725 ι

264 2744 290 2771 6.
305 2744 391 2772 Lubet
405 2745 545 2773 Athanasii
573 2754 723 2780 prteconem
747 2747 867 2774 omnium
891 2746 1013 2773 clarissi-

263 2812 301 2847 (a)
316 2812 425 2847 Sozam.
445 2812 490 2839 lib.
503 2821 534 2844 ll,
551 2820 610 2847 cap.
626 2813 674 2844 l7;
690 2814 787 2841 Athan.
802 2814 878 2846 ibitl.,
892 2823 918 2840 n.
935 2814 962 2840 6.

265 2848 302 2882 (ιι)
318 2846 376 2873 Lib.
395 2854 425 2875 tt.
437 2854 461 2873 c.
481 2849 523 2874 ll.

263 2883 298 2918 (c)
312 2882 394 2916 Epist.
411 2881 434 2907 l.

1066 958 1162 992 Eliam,
1178 963 1272 986 arente
1291 966 1340 993 per
1353 959 1502 986 siccitatem
1519 964 1603 992 terra,
1616 966 1650 986 ex
1668 963 1789 986 torrente
1807 966 1849 985 re-

1066 1002 1191 1036 focillari,
1207 1003 1371 1038 paulumque
1400 1004 1578 1038 respirantem
1605 1004 1639 1030 ad
1661 1003 1745 1031 vitam
1771 1011 1852 1031 revo-

1065 1048 1132 1081 cari,
1152 1055 1184 1074 ac
1202 1055 1295 1075 semen
1323 1048 1414 1076 lsraeli
1438 1048 1555 1083 relinqui
1572 1057 1578 1076 :
1597 1057 1629 1076 ne
1643 1054 1672 1076 ut
1694 1049 1811 1076 Sodoma
1826 1055 1853 1077 et

1069 1095 1223 1122 Gomorrba
1239 1094 1415 1129 eﬂiceremur,
1429 1103 1541 1130 quarum
1559 1096 1674 1123 celebris
1689 1097 1796 1130 quidem
1812 1102 1853 1124 est

1066 1140 1236 1175 improbitas,
1269 1141 1403 1169 celebrior
1442 1146 1535 1168 autem
1571 1141 1714 1174 interitus;
1754 1141 1852 1169 incolis

1067 1194 1163 1221 nempe
1192 1187 1254 1220 igne
1285 1192 1313 1214 et
1341 1187 1472 1221 sulphure
1511 1188 1648 1222 oppressis
1676 1193 1704 1215 et
1736 1188 1850 1215 obrutis.

1066 1232 1211 1268 Propterea
1227 1232 1305 1259 nobis
1322 1232 1475 1266 iacentibus
1500 1240 1584 1259 cornu
1617 1232 1712 1259 salutis
1732 1238 1851 1260 erectum

1065 1282 1117 1305 est.
1135 1287 1144 1303 ν
1163 1277 1195 1304 Et
1211 1277 1304 1312 paucis
1322 1277 1491 1312 interiectis:
1510 1286 1519 1303 ε
1538 1277 1584 1304 Sic
1602 1277 1685 1312 igitur
1708 1282 1735 1305 et
1756 1277 1791 1304 ob
1806 1284 1853 1305 eas

1066 1330 1172 1354 causas,
1187 1323 1270 1349 totius
1288 1322 1378 1357 populi
1402 1321 1548 1357 suﬂragiis,
1572 1329 1625 1348 non
1649 1326 1738 1348 autem
1756 1329 1853 1349 secun-

1067 1371 1130 1398 dum
1143 1378 1255 1405 pravam
1270 1369 1404 1402 formam,
1417 1377 1477 1404 qua:
1490 1374 1581 1404 postea
1596 1368 1721 1402 obtinuit,
1737 1376 1786 1403 per
1798 1369 1853 1396 vim

1066 1422 1113 1443 ant
1127 1417 1244 1449 caedem;
1264 1417 1310 1443 sed
1337 1415 1485 1450 apostolico
1512 1423 1543 1442 ac
1565 1415 1698 1449 spirituali
1718 1423 1803 1447 tnore,
1819 1415 1852 1442 ad

1067 1461 1149 1489 Marci
1171 1462 1299 1488 throuunt
1325 1460 1484 1494 provehitur
1504 1468 1511 1486 :
1534 1467 1587 1486 non
1618 1459 1708 1486 minus
1735 1459 1850 1492 pietatis,

1066 1515 1147 1543 quam
1167 1508 1240 1535 sedis
1266 1514 1420 1534 successor.
1447 1505 1482 1533 ιιι
1498 1506 1570 1532 enim
1595 1505 1618 1532 si
1648 1505 1717 1532 hanc
1735 1509 1851 1538 spectes,

1068 1553 1265 1581 remotissimus
1282 1553 1315 1579 ab
1328 1560 1361 1579 eo
1377 1551 1483 1578 futurus
1498 1556 1560 1583 est;
1576 1551 1612 1577 ita
1632 1550 1655 1577 si
1679 1550 1751 1577 illius
1766 1550 1852 1576 ratio-

1067 1607 1128 1626 nem
1154 1599 1264 1631 habeas,
1286 1598 1377 1625 statim
1399 1597 1436 1624 illi
1461 1597 1599 1631 proximus
1616 1596 1776 1628 invenietur,
1793 1602 1854 1630 quae

1067 1643 1174 1677 quidem
1201 1643 1309 1677 proprie
1341 1641 1476 1668 successio
1512 1641 1691 1668 existimanda
1716 1646 1767 1668 est.
1793 1650 1802 1666 ι
1820 1641 1853 1668 Et

1067 1689 1225 1722 quibusdam
1255 1688 1420 1722 interpositis
1446 1688 1501 1714 lucc
1524 1688 1606 1714 habet
1634 1687 1667 1715 de
1695 1687 1767 1714 illius
1791 1688 1852 1713 vita:

1068 1735 1212 1761 instituto:
1235 1743 1246 1759 ‹
1266 1733 1429 1760 Athanasius
1441 1733 1494 1760 vita
1509 1733 1616 1767 quidem
1637 1733 1762 1760 sublimis
1781 1739 1851 1763 erat,

1067 1789 1160 1807 verum
1176 1781 1265 1808 animo
1276 1780 1407 1807 demissus
1419 1785 1446 1807 et
1466 1780 1573 1807 humilis
1589 1788 1596 1806 :
1613 1784 1641 1807 et
1654 1785 1726 1806 tanta
1744 1781 1851 1814 quidem

1067 1833 1126 1854 erat
1141 1828 1252 1858 virtute,
1275 1832 1304 1853 ut
1320 1827 1354 1854 ad
1374 1834 1434 1853 eam
1451 1826 1579 1853 accedere
1595 1831 1684 1861 posset
1706 1834 1803 1857 nemo;
1821 1834 1852 1853 ea

1068 1873 1211 1906 comitate,
1228 1877 1257 1899 ut
1277 1872 1309 1899 ad
1332 1872 1390 1905 eius
1409 1878 1584 1905 congressum
1611 1871 1698 1898 facilis
1724 1871 1851 1898 omnibus

1067 1922 1140 1946 esset
1165 1917 1264 1949 aditus,
1293 1921 1459 1949 mansuetus,
1486 1916 1569 1948 mitis,
1593 1916 1625 1942 ad
1649 1917 1852 1944 miserationem

1067 1971 1225 1999 propensus,
1245 1970 1369 1990 sermone
1389 1962 1537 1996 iucundus,
1561 1962 1680 1989 moribus
1697 1962 1851 1996 iucundior,

1067 2010 1137 2036 facie
1147 2014 1174 2036 et
1185 2008 1269 2036 multo
1281 2008 1364 2043 magis
1379 2012 1469 2034 mente
1481 2007 1628 2041 angelicus,
1643 2007 1669 2034 in
1684 2008 1851 2043 increpando

1068 2055 1146 2088 lenis,
1178 2055 1204 2081 in
1234 2048 1369 2082 laudando
1400 2054 1538 2081 erudiendi
1567 2053 1592 2080 vi
1621 2054 1749 2088 praeditus
1777 2063 1785 2081 :
1812 2054 1853 2081 sic

1067 2105 1212 2135 utrumque
1226 2105 1390 2133 temperans,
1403 2104 1432 2126 ut
1448 2104 1571 2126 neutrum
1587 2100 1682 2127 horum
1694 2108 1742 2135 per
1753 2100 1853 2127 immo-

1068 2146 1234 2174 derationem
1263 2146 1453 2178 labefactaret;
1476 2146 1524 2173 sed
1547 2150 1577 2173 ut
1599 2147 1747 2181 increpatio
1761 2152 1855 2182 pater—

1069 2201 1130 2220 nam
1152 2192 1321 2225 cbaritatem,
1352 2197 1379 2219 et
1404 2192 1523 2219 laudatio
1550 2193 1655 2227 imperii
1686 2193 1850 2228 gravitatem

1070 2240 1198 2266 retineret
1218 2248 1225 2265 :
1243 2246 1292 2266 nec
1316 2243 1363 2265 attt
1390 2238 1488 2266 leuitas
1512 2239 1629 2271 mollior,
1655 2243 1702 2266 aut
1720 2240 1854 2266 severitas

1069 2293 1146 2320 atquo
1173 2285 1287 2319 rigidior
1311 2290 1399 2317 esset;
1413 2286 1476 2320 quin
1495 2285 1583 2319 potius
1603 2285 1647 2311 illa
1674 2285 1811 2312 facilitatis
1827 2290 1855 2312 et

1069 2331 1254 2366 benignitatis,
1275 2331 1333 2358 haec
1348 2331 1497 2365 prudentiae
1517 2339 1613 2358 nomen
1634 2331 1757 2364 haberet,
1776 2337 1852 2360 utra-

1068 2385 1122 2413 que
1137 2385 1200 2405 vero
1214 2377 1353 2412 sapientiae
1375 2376 1480 2404 laudem
1508 2382 1729 2412 consequeretur.
1753 2378 1801 2405 Cui
1826 2378 1852 2405 id

1069 2431 1174 2452 morum
1200 2424 1322 2458 probitas
1351 2423 1516 2458 praestabat,
1541 2430 1570 2450 ut
1594 2423 1683 2450 minus
1708 2424 1852 2451 verborum

1069 2476 1142 2498 esset
1160 2478 1248 2505 opus;
1264 2471 1290 2497 id
1304 2470 1396 2501 verba,
1410 2474 1439 2496 ut
1450 2470 1556 2504 parcius
1575 2470 1648 2503 virga
1669 2475 1810 2503 uteretur;
1827 2471 1852 2497 id

1069 2517 1154 2552 virga,
1179 2521 1209 2543 ut
1232 2517 1351 2544 sectione
1373 2517 1460 2543 rarius
1474 2524 1540 2550 opus
1559 2516 1679 2543 haberet.
1703 2526 1712 2543 ι
1735 2516 1767 2544 Ει
1791 2523 1854 2551 post

1069 2571 1173 2597 pauca:
1194 2572 1203 2588 ι
1219 2563 1267 2590 llic
1279 2562 1349 2589 illius
1367 2562 1392 2589 in
1406 2562 1515 2596 ieiuniis
1528 2566 1609 2596 atque
1626 2563 1794 2590 orationibus
1809 2571 1853 2589 as-

1068 2610 1223 2636 siduitatem
1250 2609 1373 2635 laudibus
1402 2612 1490 2640 ornet,
1517 2607 1560 2634 ille
1588 2608 1795 2643 insuperabilem
1825 2609 1852 2636 in

1045 2665 1054 2676 κ
1070 2655 1168 2689 vigiliis
1182 2660 1207 2682 et
1222 2653 1376 2690 psalmodiis
1400 2654 1518 2688 vigorem
1535 2661 1541 2680 :
1557 2653 1626 2681 alius
1648 2655 1784 2689 egentium
1802 2662 1851 2681 cu-

1069 2709 1126 2728 ram
1141 2706 1169 2728 et
1184 2701 1350 2735 praesidium,
1365 2700 1431 2726 alius
1443 2704 1552 2726 enarret
1566 2705 1593 2727 ut
1606 2701 1729 2734 superbis
1743 2700 1851 2728 restite-

1069 2747 1105 2774 rit
1122 2754 1149 2772 εκ
1163 2746 1195 2772 ad
1216 2745 1331 2772 humiles
1357 2752 1418 2772 sese
1434 2745 1580 2772 demiserit.
1605 2745 1728 2781 Virgines
1749 2753 1852 2780 pronu-

1107 2813 1145 2848 (d)
1164 2812 1222 2840 Lib.
1236 2813 1333 2848 n,'cap.
1348 2813 1391 2840 l7.

1107 2852 1139 2883 (ι’)
1157 2849 1232 2874 Nini.
1250 2848 1275 2873 /i.
