2000 3045
778 169 856 196 V.TA
878 170 906 196 S.
929 169 965 196 A'l
975 170 1116 198 ll.\NASll.

1680 180 1763 199 LXVI"

147 225 211 252 bum
223 225 331 252 laudent
343 234 350 257 ;
364 233 423 260 qua:
439 227 601 253 matrimonii
618 227 681 262 jugo
694 229 847 254 constricta:
860 233 933 261 sunt,
948 232 971 259 Α
986 230 1155 264 ascripsisse,
1170 233 1251 264 atque
1271 230 1357 257 eidem
1385 231 1521 258 mordicus
1543 232 1655 264 haerere,
1679 238 1763 259 ratam

147 271 363 303 moderatorem;
387 272 432 306 qui
450 272 598 299 solitariam
616 278 698 308 agunt
716 275 812 306 vitam.
827 275 928 303 excita-

147 321 232 344 torem
257 321 283 343 et
306 321 479 350 erectorem;
503 318 547 352 qui
569 319 594 345 in
614 319 740 346 sodalitio
764 320 869 352 vivunt,
893 321 932 348 le-

146 363 318 398 gislatorem;
358 363 493 398 simplices
531 363 722 398 deductorem;
757 366 932 400 speculationi

146 408 227 436 dediti
247 408 418 444 theologum;
437 409 538 436 hilares
556 409 679 444 frenum;
697 411 848 439 calamitosi
866 420 933 439 cou-

145 455 307 486 solatorem;
339 455 452 483 canities
479 455 620 489 baculum;
647 457 776 490 juventus
808 458 931 493 pa‘dago-

146 507 225 532 gnm;
241 505 385 535 paupertas
399 501 574 536 largitorem;
591 503 691 530 divitiae
705 503 929 538 dispensatorem.

146 545 216 578 Quin
228 550 254 573 et
273 547 336 573 mihi
353 547 479 574 videntur
493 553 520 575 et
537 549 621 576 vidua:
642 554 784 584 patronum
806 550 930 577 laudatu—

146 597 194 624 rae,
210 596 238 618 et
253 591 343 626 pupilli
364 596 479 626 patrem,
497 597 526 620 et
540 594 675 628 peregrini
705 595 879 630 hospitalem,
903 601 930 623 et

146 637 244 665 fratres
264 638 377 665 fratrum
401 645 547 671 amantem,
575 641 632 667 sani
656 641 817 670 valetudinis
838 648 930 672 custo-

146 683 216 717 dem,
231 692 325 713 omnes
336 685 452 721 denique
466 693 526 713 eum
543 687 586 721 qui
599 688 689 715 omnia
703 689 827 715 omnibus
842 688 929 716 factus

144 733 198 763 est,
209 734 238 757 ut
248 737 343 758 omnes
357 731 400 758 vel
420 732 632 766 quamplurimas
650 733 831 762 lucrifaceret.
848 744 858 761 ι
873 734 929 762 Hoc

143 775 287 804 Athanasii
304 777 468 811 institutum,
485 778 542 806 haec
556 779 715 814 episcopalis
727 779 804 807 oliicii
818 780 927 816 gerendi

144 822 212 848 ratio
221 822 269 849 fuit

178 867 254 894 ANNO
273 876 396 896 cmcmm
416 869 477 897 3‘27.
501 885 537 890 -—-
561 870 584 897 Ι.
614 871 786 906 Ἀρχόμενος
815 871 870 905 τῆς
898 871 926 898 ἐ-

143 912 306 948 πισκοπῆς.
327 914 467 942 Athanasii
488 916 515 943 in
538 915 694 944 Thebaidem
713 918 771 944 iter.
785 932 821 938 —
834 917 927 952 Neque

144 960 182 987 ita
199 960 283 988 multo
301 967 361 996 post
386 963 557 997 episcopatus
577 963 617 991 sui
638 963 790 995 exordium,
810 963 927 991 Thebai-

143 1006 185 1033 dis
199 1006 327 1034 ecclesias
345 1007 548 1037 Meletianorum
570 1009 684 1038 dissidio
709 1009 927 1045 Arianorumque

142 1053 263 1080 moribus
285 1052 462 1088 deﬁagrantes
483 1055 664 1090 perlustravitl
691 1063 744 1091 quo
767 1055 927 1084 vacillantes

143 1099 298 1134 debilesque
309 1100 400 1128 animo
412 1105 550 1128 recrearet
562 1108 594 1129 ac
610 1101 729 1129 ﬁrmaret
744 1101 770 1128 in
789 1108 851 1129 vera
862 1101 925 1129 ﬁde.

143 1143 234 1179 Usque
255 1145 370 1180 Syenem
396 1151 497 1180 autem,
520 1151 670 1174 extremum
698 1154 794 1175 versus
819 1146 927 1175 Ethio-

142 1190 214 1225 piam
229 1190 374 1220 Thebaidis
388 1193 528 1227 oppidum,
543 1193 681 1220 contendit
708 1194 821 1221 adverso
836 1192 927 1221 ﬁumi-

145 1243 188 1262 ne.
207 1235 325 1271 Cumque
335 1236 505 1265 Tabennesin
523 1238 630 1274 navigio
649 1239 856 1273 transmitteret,
870 1239 926 1267 exit

143 1281 250 1308 obviam
273 1281 435 1311 Pachomius
453 1283 491 1319 (a)
516 1291 612 1319 magna
649 1285 797 1312 comitante
832 1292 927 1312 mona-

142 1328 255 1355 chorum
267 1328 429 1364 frequentia,
444 1330 490 1364 qui
506 1330 700 1358 adventantem
715 1331 833 1366 hymnis.
852 1331 926 1366 psal-

143 1373 207 1405 mis,
221 1378 313 1406 cantu,
324 1374 397 1401 nulla
412 1375 592 1409 praetermissa
607 1375 697 1410 gaudii
713 1376 924 1411 signiﬁcatione,

142 1418 229 1445 virum
258 1425 399 1453 excepere.
419 1418 487 1446 Tum
512 1419 644 1454 Sarapion
665 1419 844 1456 Tentyrorum
867 1421 926 1456 epi-

142 1470 241 1498 scopus
257 1463 434 1492 Athanasium
455 1464 607 1500 compellat.
637 1474 646 1492 ι
664 1466 757 1499 Adest,
781 1465 880 1501 inquit,
899 1466 925 1493 in

143 1509 187 1537 his
202 1511 324 1543 sedibus,
339 1518 398 1538 meo
411 1511 578 1547 episcopatui
590 1511 765 1545 contributis,
778 1513 926 1540 monacho-

144 1563 203 1582 rum
221 1555 328 1590 quidam
344 1555 425 1584 Pater
434 1558 463 1584 et
480 1564 544 1585 vere
560 1557 641 1586 homo
655 1557 719 1592 Dei;
735 1565 817 1593 quem
837 1559 927 1586 omni~
939 1573 963 1606 ε

142 1600 260 1636 bus,qui
277 1601 303 1628 in
321 1601 419 1629 ﬁnibus
443 1602 511 1629 meis
537 1602 649 1638 degttnt,
675 1603 809 1638 prmﬁcias
832 1611 926 1632 mona-

141 1643 213 1677 chis,
244 1647 272 1671 et
294 1644 479 1680 presbyterum
504 1646 653 1674 constituas
681 1647 820 1680 pervelim.
841 1656 851 1674 ο
867 1648 927 1682 Quo

143 1689 304 1718 Pachomius
329 1691 432 1725 audito,
455 1699 515 1719 sese
534 1692 561 1719 in
581 1698 652 1720 coetu
669 1692 783 1721 fratrum
812 1694 927 1728 abdidit,

142 1735 229 1762 donec
241 1736 437 1764 transmitteret
453 1736 627 1765 Athanasius.
645 1737 669 1765 Is
685 1742 776 1766 tamen
798 1747 859 1767 cum
879 1747 929 1768 na-

142 1780 199 1808 vim
212 1781 402 1816 perlustrasset
417 1782 512 1816 oculis,
527 1782 574 1810 Dei
592 1783 722 1811 famulum
736 1786 855 1820 agnovit,
869 1786 928 1814 edi-

142 1826 261 1862 dicitque
269 1827 325 1862 jam
337 1827 420 1856 multa
432 1835 493 1856 eum
507 1827 645 1864 Evangelii
665 1836 744 1856 causa
756 1831 926 1863 sustinuisse,

142 1880 268 1908 veraeque
286 1874 373 1909 ipsum
390 1873 451 1902 ﬁdei
470 1879 633 1902 sectatorem
649 1883 720 1908 esse,
739 1876 816 1910 cujus
840 1877 927 1912 gratia

140 1920 312 1954 postmodum
324 1920 350 1947 in
363 1919 533 1948 calamitates
548 1921 638 1949 varias
649 1922 753 1950 incidit.

177 1965 254 1993 Arma
268 1973 396 1993 CIBCITER
412 1965 476 1993 328.
491 1981 526 1986 —
537 1966 564 1994 l.
579 1967 658 1995 Arius
669 1969 700 1995 ab
715 1968 806 1996 exsilia
821 1977 927 1997 reuoca-

143 2017 197 2040 tus.
225 2011 354 2040 Similiter
378 2011 507 2040 Eusebius
529 2017 553 2039 et
580 2012 739 2048 Theognitu.
759 2029 794 2034 —
814 2013 927 2042 Vixdum

143 2059 234 2093 elapso
264 2063 325 2093 post
349 2058 487 2086 Nicaeuam
514 2059 645 2095 synodum
683 2059 791 2088 triennii
822 2061 928 2096 spatio,

142 2105 225 2132 Arius
254 2106 324 2132 redit
360 2106 394 2133 ab
427 2105 522 2133 exsilio
558 2110 704 2141 antequam
738 2105 868 2134 Eusebius
902 2110 929 2133 et

143 2150 300 2186 Theognius
316 2157 380 2178 suas
403 2150 540 2185 repetendi
561 2151 641 2178 sedes
662 2150 819 2178 facultatem
844 2151 929 2186 impe-

143 2201 247 2225 trarent
263 2197 310 2233 (la).
325 2197 380 2225 Nec
396 2197 488 2224 statim
504 2196 570 2224 Ario
584 2197 661 2231 copia
679 2197 748 2224 facta
763 2196 926 2232 remigrandi

985 273 1058 301 illam
1077 274 1190 306 ltabere,
1208 275 1312 301 tametsi
1325 275 1540 302 condemnationi
1552 276 1607 303 Arii
1621 283 1672 303 non
1687 282 1765 303 erant

983 321 1131 355 astipulati.
1150 321 1185 348 At
1200 321 1307 355 quando
1321 320 1374 355 jam
1391 321 1472 349 Arius
1493 324 1528 348 ab
1544 322 1639 349 exsilio
1655 329 1763 349 revoca-

984 370 1025 392 tus
1037 370 1118 398 esset,
1138 371 1231 400 rogant
1246 365 1271 392 id
1297 366 1366 400 apud
1391 366 1580 401 imperatorem
1602 371 1709 401 agatur,
1735 371 1764 392 ut

982 412 1032 439 sibi
1044 418 1150 446 quoque
1168 411 1297 439 redeundi
1317 415 1478 446 potestatem
1498 411 1591 439 faciat.
1618 413 1763 447 lmpetrata

982 455 1084 483 reditus
1098 456 1235 488 facultate,
1247 455 1424 491 Amphionem
1438 456 1474 483 illi
1484 461 1510 483 et
1521 456 1677 487 Cbrestum,
1694 464 1762 491 quo-

981 510 1040 529 rum
1058 502 1126 529 alter
1146 501 1253 534 Nicaeae,
1279 502 1442 529 Nicomedia:
1470 502 1547 534 alter,
1571 502 1598 529 in
1625 501 1761 536 pulsorum

981 549 1068 576 vicem
1087 548 1225 576 constituti
1249 548 1366 581 fuerant,
1383 548 1527 575 deturbant
1552 548 1670 576 sedibus.
1694 547 1763 575 Sunt

981 601 1062 629 porro
1076 593 1121 629 qui
1135 593 1235 620 nullam
1255 593 1407 628 ltujusmodi
1426 593 1516 620 libello
1533 593 1611 621 fidem
1627 601 1687 621 esse
1704 593 1762 628 opi—

980 644 1078 667 nantur
1091 649 1098 666 :
1113 646 1204 667 verum
1226 646 1258 666 ne
1273 639 1409 666 minimam
1431 639 1538 673 quidem
1554 639 1663 674 praéfert
1685 639 1762 666 libel-

979 686 1031 717 lus,
1050 686 1100 713 nisi
1118 694 1175 713 mea
1193 694 1234 713 me
1246 685 1428 721 lallitopinio,
1442 685 1548 717 νοθείας
1564 690 1611 712 aut
1631 686 1761 720 suspicio-

980 731 1021 759 nis
1041 736 1141 759 notam.
1166 758 1171 762 ,

1013 778 1088 805 Aaso
1109 784 1232 804 cmcrren
1245 777 1307 804 529.
1320 791 1355 796 —
1372 777 1398 804 l.
1419 776 1571 805 Eustathius
1588 777 1761 804 Amice/tenus

979 823 1090 850 Arianae
1104 828 1206 850 strenue
1222 827 1364 858 oppugnat.
1379 821 1585 849 Eusebianorum
1604 822 1664 849 dolo
1681 823 1760 856 pelli-

978 875 1030 896 tur.
1045 884 1080 890 —
1094 869 1204 896 Roversi
1220 869 1252 896 ad
1265 869 1354 901 sedes,
1366 876 1432 904 quas
1444 868 1538 895 turbas
1552 868 1685 900 dederint,
1699 876 1760 903 qtue

979 915 1126 948 molimina,
1143 922 1210 950 quas
1227 915 1375 946 machinas,
1393 922 1460 950 quas
1482 914 1594 942 insidias
1610 914 1761 941 struxerint

978 961 1004 988 in
1020 964 1170 988 assertores
1183 964 1210 987 et
1225 960 1345 986 vindices
1364 959 1410 986 τοῦ
1425 959 1577 994 euacuatos,
1597 959 1667 986 haud
1684 959 1761 986 facile

977 1011 1088 1032 narratu
1104 1009 1154 1033 est.
1172 1005 1312 1032 Eminebat
1325 1005 1398 1032 inter
1414 1012 1483 1032 vera;
1498 1004 1560 1032 ﬁdei
1578 1010 1760 1040 propugnato-

978 1059 1022 1080 res
1040 1051 1198 1080 Eustathius
1221 1051 1407 1079 Antiocbenus
1435 1050 1475 1086 (ά)
1496 1051 1537 1078 vir
1558 1050 1650 1078 multis
1673 1052 1761 1078 nomi-

977 1099 1057 1126 nibus
1074 1097 1200 1134 insignis.
1214 1097 1357 1133 dignitate,
1373 1097 1484 1132 pietate,
1504 1097 1666 1124 eruditionis
1678 1096 1760 1128 fama,

977 1145 1146 1180 confusionis
1171 1143 1257 1180 gloria
1280 1143 1381 1171 nemini
1410 1143 1555 1171 secundus.
1586 1142 1636 1170 Hic
1663 1143 1762 1170 ardens

977 1192 1067 1220 studio
1077 1198 1150 1219 verae
1160 1190 1290 1218 doctrina:
1303 1190 1503 1225 promovenda},
1518 1188 1631 1216 infestus
1643 1188 1760 1220 Arianis,

977 1245 1045 1273 quos
1055 1237 1218 1265 interclusos
1230 1236 1359 1264 societate
1371 1241 1398 1263 et
1410 1235 1600 1262 communione
1610 1242 1657 1261 sua
1670 1234 1762 1262 edixe-

977 1288 1030 1315 rat,
1054 1283 1080 1310 in
1106 1283 1198 1311 odium
1227 1282 1409 1317 invidiamque
1435 1281 1544 1309 Eusebii
1573 1285 1601 1308 et
1626 1280 1760 1308 sociorum

977 1328 1105 1357 incurrit.
1124 1327 1164 1355 Ad
1189 1328 1257 1361 haec,
1276 1327 1358 1354 multa
1376 1330 1472 1354 contra
1497 1326 1613 1353 Arianos
1635 1332 1715 1360 opera
1735 1324 1760 1351 in

976 1374 1064 1402 lucem
1077 1374 1177 1415 emisit,
1190 1381 1306 1409 quorum
1325 1372 1426 1400 mentio
1443 1372 1512 1407 apud
1526 1371 1721 1406 Hieronymum
1734 1375 1762 1396 et

977 1420 1188 1448 Tbeodoretum.
1205 1419 1271 1447 Cum
1294 1418 1411 1446 Eusebio
1433 1418 1498 1445 item
1521 1416 1680 1445 Caesariensi
1701 1416 1761 1443 iniit

977 1465 1203 1498 controversiam,
1218 1471 1335 1499 eumque
1361 1468 1390 1491 ut
1405 1462 1522 1491 Nicaenae
1546 1463 1606 1490 ﬁdei
1624 1463 1759 1490 infensum
1787 1492 1791 1494 _

977 1511 1087 1547 scriptis
1114 1511 1170 1539 suis
1198 1510 1358 1546 exagitavit.
1389 1509 1436 1538 llle
1466 1514 1561 1537 comra
1589 1508 1760 1535 Eustathium

978 1565 1054 1586 reum
1067 1558 1123 1593 agit
1137 1557 1297 1585 Sabellianre
1309 1555 1456 1592 opinionis,
1469 1555 1540 1590 quod
1557 1553 1759 1582 Sabellianisnti

978 1603 1082 1631 crimen
1102 1602 1222 1631 solemne
1238 1601 1347 1630 Arianis
1363 1605 1423 1628 erat
1437 1601 1471 1628 iis
1489 1600 1600 1632 offerre,
1617 1599 1661 1634 qui
1683 1598 1763 1625 Aria-

978 1657 1040 1677 nam
1064 1649 1188 1677 haeresim
1205 1647 1293 1676 infesti
1315 1647 1496 1674 adorirentur.
1521 1645 1612 1680 Neque
1633 1645 1659 1672 in
1678 1644 1762 1671 Euse-

979 1694 1053 1722 bium
1067 1694 1208 1727 duntaxat,
1229 1693 1276 1721 sed
1291 1693 1371 1721 etiam
1388 1693 1415 1720 in
1439 1691 1625 1726 Patropltilum
1644 1689 1761 1725 Scytho-

978 1740 1127 1776 politanum
1142 1744 1169 1768 et
1193 1739 1335 1766 Paulinum
1360 1738 1470 1774 Tyrium
1494 1737 1626 1765 acerrime
1649 1735 1762 1764 invebe-

977 1785 1068 1814 batur.
1085 1785 1133 1813 His
1147 1786 1253 1812 acccnsl
1267 1783 1391 1812 veritatis
1413 1784 1515 1816 hostes,
1534 1789 1588 1817 quo
1607 1781 1695 1809 virum
1712 1789 1762 1816 pa—

979 1833 1032 1860 trio
1052 1833 1111 1860 solo
1126 1837 1154 1860 et
1172 1831 1295 1859 Ecclesia
1319 1830 1508 1863 exturbarent,
1532 1829 1646 1857 insidias
1667 1832 1765 1864 parant

978 1884 1005 1907 et
1017 1879 1131 1907 crimina
1146 1878 1399 1906 comminiscuntur.
1417 1877 1494 1911 Quod
1513 1875 1655 1903 calumniae
1675 1882 1763 1910 genus

977 1926 1136 1952 adornatum
1170 1924 1197 1952 in
1223 1924 1392 1951 Eustathium
1423 1923 1513 1956 fuerit,
1535 1929 1628 1957 quaeve
1649 1920 1756 1949 occasio

978 1972 1016 1999 illi
1040 1971 1214 2004 calamitatis,
1231 1978 1283 1998 non
1300 1970 1425 1998 convenit
1449 1970 1519 1997 inter
1538 1969 1691 2004 scriptores.
1711 1969 1760 1996 Ait

978 2018 1144 2046 Athanasius
1158 2018 1204 2053 (e),
1224 2018 1257 2044 ad
1277 2017 1464 2052 imperatorem
1482 2020 1638 2044 accusatum
1660 2016 1759 2044 Eusta-

979 2064 1066 2092 thiutn
1086 2065 1213 2098 irrogata:
1229 2064 1308 2090 matri
1329 2062 1413 2097 ipsius
1433 2062 1613 2094 contumeliae,
1633 2061 1703 2088 nulla
1721 2062 1763 2088 in-

980 2109 1112 2144 terposita
1136 2116 1212 2136 mora
1232 2109 1257 2135 in
1279 2108 1405 2135 exsilium
1421 2112 1510 2134 actum
1529 2107 1612 2135 fuisse
1629 2114 1690 2134 cum
1707 2114 1764 2133 ma-

978 2150 1029 2188 gna
1057 2154 1247 2182 comitantium
1278 2154 1498 2189 presbyterorum
1527 2157 1555 2180 et
1587 2152 1763 2179 diaconorum

979 2201 1142 2235 frequentia.
1162 2199 1396 2227 Socrates'autem
1416 2203 1443 2226 et
1457 2198 1623 2225 Sozomenus
1639 2201 1766 2229 narrant,

142 2244 350 2277 Alexandriam,
365 2251 398 2271 ne
417 2244 452 2271 de
472 2243 588 2279 integro,
604 2243 766 2278 conspiratis
780 2242 925 2270 factionum

980 2246 1042 2274 odio
1061 2246 1206 2280 flagrantes
1223 2245 1401 2277 Eusebianos,
1421 2244 1592 2272 Eustathium
1610 2243 1637 2270 in
1659 2243 1766 2278 synodo

143 2289 278 2324 partibus,
294 2289 391 2322 turbat,
409 2288 569 2321 seditiones,
592 2290 725 2314 tumultus
741 2288 925 2315 oborirentur.

142 2335 227 2369 Queis
242 2341 323 2370 porro
343 2334 456 2367 artibus,
474 2341 526 2369 qua
542 2333 658 2365 ratione,
673 2333 750 2367 cujus
766 2339 848 2368 opera
864 2333 928 2360 red-

141 2381 223 2408 eundi
257 2380 364 2408 veniam
394 2379 555 2414 impetrarit,
588 2379 739 2414 ignoratur.
777 2379 869 2414 Neque
891 2380 927 2406 ita

143 2427 228 2454 multo
243 2431 306 2461 post
336 2426 466 2453 Eusebius
489 2433 521 2453 ac
539 2425 712 2460 Theognius,
743 2425 928 2452 circumvento

142 2472 230 2500 solitis
248 2471 390 2498 fraudibus
405 2475 486 2506 atque
500 2471 569 2498 dolis
580 2470 747 2506 imperatore
761 2470 812 2505 (ε),
824 2471 928 2498 oblato-

141 2527 194 2552 quc
211 2518 400 2554 episcoporum
416 2517 592 2552 (principibus
622 2518 692 2544 ﬁctae
717 2517 885 2551 paenitentiae
899 2517 929 2544 li-

141 2564 222 2594 bello,
243 2563 322 2590 acciti
344 2567 372 2589 et
398 2562 425 2589 in
449 2562 573 2597 proprias
600 2562 678 2589 sedes
698 2562 818 2589 restituti
851 2567 924 2589 sunt.

142 2609 238 2635 Exstat
259 2607 340 2635 libelli
361 2607 514 2641 exemplum
531 2607 600 2641 apud
616 2607 769 2639 Socratem,
792 2614 845 2640 quo
859 2615 927 2641 que-

142 2660 240 2681 runtur
254 2654 290 2680 illi
308 2661 337 2681 se
352 2654 453 2681 indicta
470 2661 552 2680 causa
576 2653 612 2681 ab
633 2654 765 2688 episcopis
783 2654 926 2681 damnatos

142 2699 168 2726 in
183 2700 364 2735 exsiliumque
375 2698 476 2734 pulsos,
493 2698 621 2734 suffragia
635 2703 724 2726 tamen
737 2698 852 2726 Nicaeus),
863 2698 925 2725 ﬁdei

190 2791 216 2818 al
240 2790 301 2818 Vita
310 2790 447 2817 Pachomii
463 2790 490 2817 in
505 2789 576 2816 Actis
592 2788 643 2817 SS.
656 2789 688 2817 ιι
700 2789 772 2816 Maii.

190 2801 204 2818 a
240 2791 301 2818 Vita
310 2791 447 2817 Pachomii
463 2791 490 2817 in
505 2791 576 2816 Actis
592 2791 643 2817 SS.
656 2791 688 2817 ιι
700 2791 772 2816 Maii.

179 2791 216 2862 lbl
233 2827 341 2854 Socrat.
367 2826 414 2853 lib.
439 2833 463 2858 ι,
496 2832 556 2859 cap.
587 2824 641 2857 2‘;
670 2824 781 2852 Sozom.
815 2824 861 2852 lib.
886 2831 923 2857 tt,

142 2862 395 2932 cafc)lglllll0ﬂ0fg.
411 2895 428 2923 l.
446 2903 476 2929 ιι,
487 2901 546 2929 cap.
560 2893 585 2921 7.

978 2292 1129 2319 Antiochia:
1145 2291 1277 2318 celebrata
1296 2291 1448 2323 abdicasse,
1471 2297 1533 2317 cum
1550 2288 1761 2321 Sabellianismi,

979 2343 1035 2365 tum
1054 2339 1124 2365 alius
1142 2338 1267 2365 criminis
1293 2345 1344 2363 non
1364 2335 1531 2363 memorandi
1552 2342 1644 2362 causa.
1661 2332 1762 2361 Verum

977 2385 1048 2419 quod
1073 2384 1137 2411 illud
1163 2383 1244 2410 fuerit
1263 2383 1365 2409 crimen
1397 2382 1484 2416 aperit
1507 2380 1693 2408 Theodorelus
1715 2378 1761 2414 (Ῑ),

979 2427 1125 2455 Eusebium
1145 2428 1248 2454 scilicet
1266 2426 1496 2453 Nicomediensem
1517 2425 1543 2452 in
1562 2423 1687 2452 veritatis
1703 2424 1763 2450 vin-

978 2474 1053 2500 dices
1067 2473 1179 2500 insidias
1199 2473 1394 2504 machinatum,
1411 2471 1545 2498 dcsiderio
1561 2469 1669 2498 videndi
1684 2469 1762 2497 Jero-

977 2520 1106 2555 solymam
1121 2519 1345 2553 magniﬁcumque
1361 2518 1488 2552 templum
1505 2517 1539 2544 ab
1555 2516 1674 2550 Augusto
1688 2515 1762 2542 exci—

978 2570 1063 2592 tutum
1078 2565 1191 2598 ﬂagrare
1205 2572 1234 2591 se
1249 2564 1433 2597 simulantem,
1453 2562 1630 2590 Constantino
1647 2561 1758 2589 vehicu-

978 2611 1033 2637 lum
1052 2610 1234 2642 ministrante,
1250 2617 1283 2636 eo
1295 2609 1444 2644 profectum
1461 2615 1521 2635 esse
1533 2614 1586 2634 una
1601 2614 1661 2635 cum
1675 2607 1763 2633 Theo-

979 2656 1042 2690 gnio
1066 2655 1175 2682 Nicmno
1201 2655 1408 2687 conspirationis
1431 2654 1516 2681 socio.
1543 2653 1647 2686 Quibus
1666 2652 1762 2679 Antio-

979 2700 1066 2728 chiam
1084 2699 1202 2734 perlatis,
1222 2699 1308 2726 amice
1323 2703 1350 2726 et
1363 2697 1478 2725 comiter
1491 2695 1648 2723 Eustathius
1660 2695 1762 2730 praebet

1010 2788 1048 2823 (τι)
1069 2787 1173 2815 Socrat.
1190 2787 1236 2813 lib.
1250 2794 1269 2819 ι,
1282 2794 1341 2821 cap.
1354 2785 1405 2819 24;
1420 2785 1526 2814 Sozom.
1536 2786 1582 2814 lib.
1595 2793 1625 2820 ll,
1638 2793 1697 2821 cap.
1710 2784 1760 2818 l9;

977 2824 1137 2857 Pliilostorg.
1151 2823 1168 2849 l.
1182 2830 1211 2853 ll,
1224 2830 1282 2856 cap.
1299 2824 1325 2848 7.

1014 2858 1048 2892 (e)
1066 2858 1135 2884 Hist.
1156 2859 1247 2884 Arian.
1264 2858 1298 2884 ad
1309 2857 1461 2885 Monac/tor.
1477 2865 1503 2884 ιι.
1517 2857 1543 2884 4.

1016 2896 1047 2927 li)
1067 2893 1122 2920 Lib.
1142 2902 1160 2926 t,
1177 2901 1202 2919 c.
1217 2892 1262 2920 21.
