2000 3045
231 197 311 218 LXXIV

899 188 1165 218 PBOLEGOMENA.

234 248 391 283 hospitium.
405 249 478 282 lmle,
492 249 529 277 ait
541 249 736 281 Theodoretus,
753 254 814 277 cum
824 250 857 277 ad
871 257 947 277 Sacra
960 251 1017 277 loca
1034 254 1056 281 Α
1072 256 1140 283 pene
1155 247 1288 276 seditione
1300 245 1475 282 conﬂagravit
1485 246 1653 273 Autiochena
1668 244 1773 272 civitas.
1788 243 1856 272 Fre-

234 296 432 330 pervenissent,
457 297 482 323 in
504 301 607 331 partem
629 297 734 324 consilii
757 301 783 324 et
809 297 1019 332 conspirationis

234 346 333 369 vocant
347 341 493 370 Eusebium
515 343 724 375 Caesariensem,
746 342 929 378 Patrophilum
950 342 1018 378 Scy—

233 387 440 422 thopolitanum,
455 389 560 416 Aetium
576 388 755 424 Lyddensem,
770 389 938 418 Theodotum
954 390 1021 417 Lao—

233 434 377 466 dicenum;
400 435 444 470 qui
468 443 522 462 una
545 443 640 464 omnes
664 442 810 471 properant
831 437 1018 464 Antiochiam.

233 478 272 506 lbi
285 481 416 508 conducta
427 482 596 514 muliercula,
612 490 672 517 qua:
683 482 807 517 carporis
818 483 1020 518 pulchritudine

233 532 364 561 qumstum
383 528 510 561 faciebat,
531 533 659 556 auctores
674 535 738 556 Sunt
757 534 785 556 ut
807 529 846 557 rei
864 537 955 556 secum
972 529 1020 556 ha-

232 573 295 600 bitae
319 580 444 602 sanctum
468 575 610 609 praesulem
633 581 754 603 accuset.
776 575 805 603 In
829 576 1020 610 episcoporum

233 624 332 647 coetum
356 621 512 648 intromissa
537 621 644 653 mulier,
672 621 803 649 infantem
825 622 953 650 uberibus
973 623 1021 649 ad-

234 671 336 693 motum
348 667 504 700 ostendens,
518 667 592 694 illum
605 675 637 694 ex
649 667 783 695 Eustathii
797 669 870 696 coitu
883 669 1021 703 peperisse

233 709 358 738 allirmat.
380 712 537 740 Eustathius
557 720 632 745 vero,
652 721 704 740 non
726 714 836 748 ignarus
856 714 978 742 conﬂata:
994 716 1020 742 in

235 763 264 783 se
283 758 505 792 conspirationis,
528 758 669 786 mulierem
691 760 713 787 si
735 767 815 794 quem
837 760 950 788 haberet
968 762 1020 788 hu-

231 804 350 838 jusmodi
362 804 491 833 facinoris
506 805 645 833 conscium
661 806 686 833 in
705 807 823 834 medium
839 808 963 842 proferre
973 808 1019 842 ju-

233 849 290 876 bet.
309 849 431 884 Cumque
446 851 581 878 neminem
599 851 644 878 illa
668 852 768 887 objecti
785 853 909 881 criminis
924 858 1019 881 testem

235 895 334 922 habere
351 902 382 923 se
396 895 511 929 diceret,
531 897 580 931 ipsi
603 898 793 933 jusjurandum
814 899 959 927 Eusebiani
974 900 1020 927 dc-

234 941 330 968 tulere.
343 941 448 970 Juravit
459 942 504 970 illa
518 943 650 971 infantem
666 945 802 973 Eustathii
818 953 895 980 esse,
913 946 1021 973 statim-

233 995 286 1022 qtte
303 987 408 1023 judices
431 989 594 1024 iniquissimi
616 991 704 1018 virum
725 992 856 1020 damnant
877 993 1022 1021 utadulte—

234 1039 306 1066 rum,
330 1034 540 1062 reclamantibus
563 1035 626 1063 licet
645 1037 752 1065 caeteris
768 1038 902 1073 episcopis
925 1038 971 1073 qui
989 1046 1022 1066 eo

234 1077 287 1106 loci
303 1085 497 1112 convenerant,
509 1081 565 1108 veri
576 1082 725 1114 tenacibus,
737 1088 764 1110 et
774 1082 843 1118 frugi
856 1084 1021 1116 hominibus,

235 1123 280 1157 qui
292 1123 436 1152 Eustathio
448 1131 573 1153 auctores
586 1131 666 1153 erant
679 1132 708 1154 ut
720 1134 754 1154 ne
768 1127 868 1163 iniquae
882 1129 1023 1157 sententiae

234 1171 429 1204 acquiesceret.
441 1171 515 1200 Hanc
524 1172 588 1200 item
596 1173 813 1202 criminationem
825 1180 1022 1204 commemorat

235 1217 427 1253 Hieronymus,
444 1219 554 1255 Apolog.
576 1227 595 1247 Il
614 1221 738 1248 adversus
755 1220 877 1256 Ruﬁnum
895 1230 905 1249 :
924 1231 933 1248 ι
951 1223 1021 1257 Istat,

238 1264 338 1299 inquit,
364 1266 510 1297 machinae
529 1267 730 1301 luereticorum,
762 1268 788 1295 id
814 1273 856 1296 est
874 1270 1022 1305 magistro-

235 1318 296 1338 rum
312 1317 417 1339 tuorum
434 1318 508 1346 sunt,
524 1317 552 1339 ut
567 1314 684 1341 convicti
701 1314 735 1342 de
756 1314 869 1349 perﬂdia
889 1316 923 1343 ad
941 1315 1017 1343 male

234 1356 306 1385 dicta
320 1366 350 1386 se
365 1358 517 1387 conferant.
534 1359 581 1387 Sic
595 1359 753 1389 Eustathius
769 1362 954 1390 Antiochenus
966 1363 1024 1399 epi-

235 1410 332 1438 scopus
348 1405 428 1438 filios,
441 1406 504 1433 dum
522 1406 617 1439 nescit,
632 1407 745 1435 invenit.
765 1417 775 1434 ι

269 1446 296 1473 2.
318 1447 370 1475 Per
386 1449 452 1477 mihi
469 1451 567 1478 mirum
589 1456 631 1479 est
648 1457 702 1478 tam
718 1457 838 1480 atrocem
858 1454 1022 1481 calumniam

234 1493 413 1522 Athanasium
430 1497 604 1530 praeteriisse,
626 1498 648 1525 si
665 1506 730 1526 vere
752 1499 842 1526 oblata
865 1500 956 1528 fuerit.
975 1500 1022 1529 Sin

235 1541 389 1574 resciverit,
404 1543 469 1577 quid
483 1551 572 1571 causa:
587 1549 628 1572 est
644 1546 716 1580 quod
735 1549 840 1572 tantum
854 1545 1023 1574 Eusebiano-

234 1595 295 1615 rum
313 1587 417 1616 facinus
438 1594 545 1624 premat
559 1590 678 1622 silentio,
699 1591 746 1626 qui
775 1591 839 1619 huic
859 1592 963 1620 aﬂinem
980 1592 1023 1620 bi-

234 1635 348 1662 storiam
372 1636 405 1663 de
428 1635 567 1672 Euphrate
587 1636 742 1666 Coloniensi
772 1637 901 1673 Stephani
927 1638 1021 1666 Antio-

235 1682 315 1709 eheni
327 1682 433 1711 insidiis
445 1690 493 1718 per
508 1684 692 1712 intromissam
706 1684 892 1712 mulierculam
905 1689 1022 1716 tentato,

236 1734 364 1757 accurate
379 1734 511 1757 recenset.
524 1730 562 1757 Ex
572 1730 714 1759 Athanasii
731 1731 823 1766 utique
837 1731 945 1758 silentio
958 1738 1024 1758 non-

236 1775 305 1803 nihil
322 1776 437 1803 fortasse
454 1782 582 1804 nascatur
601 1777 775 1813 suspicionis,
794 1779 903 1813 quando
916 1778 1024 1813 potissi-

235 1829 309 1849 mum
330 1822 478 1856 cernimus,
494 1823 638 1858 plerosque
659 1824 737 1851 istius
752 1824 803 1851 aevi
823 1825 972 1859 scriptores
989 1824 1023 1851 li-

235 1868 334 1895 benter
360 1866 458 1895 afferre
489 1868 708 1896 muliercularum
737 1864 877 1902 histo'rias,
907 1877 1023 1905 qttarum

236 1914 374 1942 nonnullae
389 1915 447 1949 pari
465 1915 620 1949 suspicione
640 1916 776 1944 laborant.
793 1916 826 1944 Et
843 1916 914 1951 quod
928 1921 1025 1951 augeat

236 1959 407 1993 scrupulum,
424 1959 543 1988 Joannes
560 1959 773 1995 Chrysostomus
796 1961 823 1988 in
845 1961 1024 1996 prolixolEu-

236 2006 332 2033 stathii
353 2005 491 2039 Encomio,
507 2005 551 2033 ubi
569 2006 717 2041 permultas
733 2006 813 2034 all'ert
831 2007 890 2041 ejus
908 2015 956 2042 pro
972 2006 1025 2034 fide

236 2052 419 2085 calamitates,
429 2061 486 2081 rem
498 2052 576 2081 istam
586 2054 706 2089 praeterit
714 2054 831 2081 silentio.
841 2053 886 2080 Nae
897 2054 1024 2082 Socrates

235 2103 379 2134 postquam
395 2098 568 2126 Eustathium
591 2099 794 2127 Sabellianismi
813 2107 895 2127 causa
912 2099 1024 2127 abdica-

236 2151 293 2174 lutn
311 2147 442 2180 narravit,
467 2147 574 2182 adjicit,
595 2147 633 2179 ὡς
655 2147 704 2183 μὲν
721 2143 767 2174 οὖν
782 2156 856 2179 τινες
878 2147 971 2182 φασὶν,
991 2147 1024 2174 δι’

235 2192 318 2225 ἄλλας
332 2192 382 2219 οὐκ
392 2193 497 2227 ἀγαθὰς
511 2193 616 2225 αἰτίας·
636 2193 759 2228 φανερῶς
780 2193 808 2220 δὲ
822 2193 871 2220 οὐκ
888 2194 1024 2229 εἰρήκασι.

236 2239 296 2268 Hoc
312 2245 363 2273 est,
390 2239 453 2268 «'Ut
465 2248 529 2268 vero
540 2240 650 2276 quidam
665 2244 787 2273 narrant,
802 2240 863 2267 aliis
885 2240 917 2267 de
934 2240 1025 2268 causis

235 2288 326 2315 minus
336 2288 458 2316 honestis
470 2273 612 2315 abdicatus
623 2293 674 2318 est,
685 2294 753 2322 quas
766 2291 855 2314 tamen
866 2291 959 2322 aperte
971 2295 1022 2314 non
1039 2273 1061 2302 D

235 2335 387 2371 proferunt.
417 2345 427 2361 ι
455 2335 559 2369 Quibus
585 2336 676 2363 verbis
700 2336 786 2363 innuit
813 2344 864 2363 non
895 2336 1024 2364 concordi

235 2384 354 2411 omnium
368 2383 503 2410 sententia
520 2390 579 2409 eam
595 2389 650 2409 rem
667 2388 722 2410 tum
739 2383 884 2410 admissam
898 2382 993 2409 fuisse.

270 2430 345 2462 ANNO
364 2436 491 2457 οιιιειτειι
504 2429 568 2456 550.
587 2443 622 2449 -
644 2429 670 2456 l.
689 2428 788 2456 Seditio
811 2429 968 2456 Antiochiae.
990 2444 1024 2449 —

235 2477 369 2504 Abdicato
381 2477 463 2511 igitur
476 2476 631 2508 Eustathio,
649 2483 701 2503 non
719 2476 744 2503 in
757 2483 789 2503 eo
803 2476 878 2503 stetit
894 2475 1025 2503 Eusebia-

232 2531 332 2552 norum
351 2523 444 2551 odium
466 2521 670 2559 ﬂagitiumque;
687 2523 733 2550 sed
750 2523 942 2557 imperatorem
960 2529 1025 2550 con-

233 2571 385 2602 venientes,
401 2574 527 2598 anctores
541 2575 605 2598 sunt
621 2575 650 2597 ttt
663 2570 688 2597 in
702 2570 828 2597 exsilium
845 2569 961 2604 pellatur
975 2576 1024 2597 an-

235 2617 312 2645 tistes
326 2617 375 2653 (a).
398 2616 435 2644 De
448 2617 536 2645 exsilii
552 2617 613 2645 loco
629 2625 681 2644 non
698 2625 749 2644 una
767 2617 913 2644 sententia.
929 2615 1025 2643 Hiero-

234 2673 332 2700 nymus
347 2665 541 2700 Trajanopolin
560 2667 586 2692 in
606 2664 734 2698 Thracia,
756 2665 946 2693 Theodoretus
961 2672 1025 2692 vero

234 2712 260 2738 in
275 2712 421 2747 quamdam
441 2712 542 2748 Illyrici
556 2713 650 2740 urbem
665 2712 812 2747 relegatum
834 2715 958 2739 narrant.
974 2711 1025 2738 Se-

233 2767 279 2786 cns
299 2759 344 2786 alii
367 2759 473 2790 dicunt,
498 2767 548 2786 nec
571 2764 692 2786 nostrum
712 2764 754 2786 est
770 2766 826 2786 rem
849 2758 971 2793 pluribus
985 2758 1025 2784 in-

233 2806 379 2841 vestigare.
405 2805 540 2833 Czclerum
562 2805 589 2832 in
614 2805 746 2833 Eustathii
771 2805 944 2832 abdicatione
968 2807 1024 2831 tota

268 2874 306 2909 (α)
325 2873 482 2909 Hieronym.
507 2873 730 2909 Deﬁccriplorihus
747 2872 945 2909 ecclesiasticis;
966 2871 1019 2900 So-

231 2914 299 2938 crat.
314 2909 359 2936 lib.
374 2918 393 2941 I,
407 2908 466 2943 cup.
479 2909 523 2937 ΞΜ
540 2908 648 2936 Sozom.
665 2908 712 2937 lib.
727 2916 756 2942 Il,
769 2915 826 2943 cap.
849 2908 890 2935 l9.

267 2946 302 2978 ib)
322 2945 381 2974 Lib.
397 2953 415 2978 ι,
430 2953 489 2980 cap.
505 2944 550 2971 Ἡ.

1071 294 1180 323 mebant
1202 293 1291 329 populi
1307 294 1448 328 periniqne
1462 293 1528 320 tanti
1544 292 1594 320 viri
1613 299 1706 320 casum
1724 291 1855 318 ferentes.

1070 342 1191 377 Curtaque
1213 341 1246 368 de
1268 347 1425 368 successore
1449 340 1592 374 deligendo
1616 343 1753 374 ageretur,
1783 343 1857 364 tanta

1071 387 1178 414 ﬂamma
1195 386 1372 414 dissensionis
1393 386 1506 418 exarsit,
1522 390 1552 412 ut
1574 392 1657 420 prepe
1677 384 1757 411 fuerit
1775 385 1857 411 totius

1072 434 1190 462 civitatis
1213 433 1347 468 pernicies
1371 433 1570 467 excidiumque.
1596 432 1623 459 In
1649 433 1717 459 duas
1741 438 1859 466 ruantque

1072 486 1162 517 partes
1178 481 1310 508 distracta
1330 480 1427 508 civitas
1448 484 1517 511 erat,
1539 479 1599 506 aliis
1617 478 1762 506 Eusebium
1779 477 1859 504 Pam-

1072 529 1137 563 phili
1159 528 1287 562 allegere,
1302 527 1363 555 aliis
1376 527 1548 554 Eustathium
1565 526 1683 553 retinere
1699 525 1858 552 nitentibus.

1073 575 1187 602 Stabant
1209 574 1336 608 utrinque
1356 573 1473 606 armati,
1493 572 1618 600 hostilem
1642 571 1779 607 spirantes
1800 570 1859 597 ani—

1072 628 1157 647 mum.
1172 620 1286 647 Militum
1299 627 1409 654 quoque
1422 624 1525 646 turmas
1539 618 1653 645 vidisses
1667 617 1775 652 utrique
1788 616 1860 651 parti

1072 666 1223 702 adjunctas.
1238 665 1334 694 Omnia
1351 666 1385 694 ad
1399 673 1515 701 pugnam
1529 669 1557 692 et
1575 664 1739 692 horrendam
1754 663 1859 690 cladem

1072 718 1166 748 parata
1179 722 1186 746 ;
1203 718 1368 747 ventumque
1383 711 1480 740 fuisset
1498 711 1531 738 ad
1545 711 1659 745 gladios,
1673 710 1723 738 nisi
1744 710 1862 743 impera-

1074 761 1140 788 toris
1158 766 1245 787 metus
1259 759 1344 794 plebis
1360 758 1489 793 impetum
1504 757 1681 784 coercuisset.
1695 756 1749 783 Sed
1763 763 1859 790 super-

1072 806 1212 833 venientes
1225 805 1339 840 Augusti
1353 805 1451 832 litterte
1466 804 1626 839 mitigarent
1640 803 1756 829 animos.
1774 802 1860 829 Euse-

1071 853 1146 881 biani
1159 853 1241 888 igitur
1257 852 1401 880 Eustatbio
1413 851 1548 878 Eulalium
1561 850 1724 884 subrogant;
1740 849 1786 883 qui
1798 855 1860 875 cum

1071 900 1170 934 exiguo
1183 903 1306 933 tempore
1318 901 1457 932 superstes
1468 896 1573 927 fuisset,
1588 896 1646 930 ejus
1658 895 1717 922 loco
1731 894 1861 928 deligitur

1073 946 1206 974 Eusebius
1222 944 1366 980 Pamphili.
1384 943 1484 971 Verum
1507 942 1601 970 abnuit
1626 941 1670 969 ille
1690 940 1782 968 subire
1802 947 1861 966 tnu-

1073 1000 1139 1024 nus;
1152 999 1185 1019 ex
1197 991 1316 1019 animine
1328 990 1519 1025 temperantia,
1535 993 1563 1016 ut
1577 988 1665 1016 innuit
1676 988 1814 1018 Socrates,
1826 993 1862 1013 an

1073 1039 1146 1074 quod
1170 1039 1338 1073 prospiceret
1359 1044 1499 1071 nunquam
1529 1035 1579 1062 sibi
1600 1041 1694 1070 pacem
1717 1033 1776 1062 fore
1799 1040 1861 1060 cum

1073 1084 1250 1112 Antiocheuis
1278 1083 1431 1115 catholicis,
1463 1081 1491 1109 id
1514 1089 1688 1116 summopere
1713 1082 1860 1108 incertum.

1074 1132 1175 1160 Ariano
1191 1131 1281 1166 itaque
1296 1131 1354 1163 alii,
1371 1131 1414 1158 cui
1433 1137 1534 1158 nomen
1560 1128 1728 1163 Euphronio,
1753 1128 1862 1162 episco-

1072 1175 1133 1210 pale
1157 1183 1256 1202 munus
1271 1174 1391 1203 defertur
1406 1185 1413 1201 :
1431 1182 1485 1210 quo
1503 1179 1565 1209 post
1583 1181 1684 1201 annum
1708 1177 1735 1200 et
1758 1180 1862 1206 paucos

1073 1228 1181 1249 menses
1193 1221 1247 1248 vita
1260 1221 1363 1253 functo,
1375 1220 1503 1255 deligitur
1517 1219 1717 1247 Flacillusitem
1731 1219 1861 1252 Arianus,

1072 1273 1099 1295 et
1115 1275 1168 1296 uno
1189 1267 1283 1294 avulso
1302 1274 1356 1294 non
1375 1267 1467 1294 deficit
1483 1267 1563 1294 alter.
1578 1267 1644 1300 Quae
1658 1274 1739 1294 causa
1762 1266 1813 1294 fuit
1832 1271 1861 1293 ut

1074 1314 1163 1346 multi,
1182 1321 1243 1342 cum
1264 1313 1419 1348 populares,
1437 1318 1493 1340 tum
1523 1313 1628 1345 clerici,
1647 1313 1746 1348 quibus
1766 1312 1863 1347 religio

1073 1361 1208 1389 catholica
1223 1360 1310 1392 cordi,
1328 1367 1343 1386 a
1360 1360 1478 1387 coetibus
1492 1359 1657 1387 Arianorum
1669 1359 1862 1392 abhorrentes,

1073 1415 1195 1435 seorsum
1213 1407 1342 1435 collectas
1359 1411 1481 1442 agerent.
1500 1406 1532 1433 lli
1549 1414 1582 1434 ex
1601 1406 1707 1433 ardenti
1724 1413 1788 1441 erga
1806 1405 1862 1432 Eu-

1074 1454 1206 1482 stathium
1233 1454 1324 1481 studio
1349 1460 1508 1488 amoreque,
1537 1452 1707 1480 Eustathiani
1735 1452 1863 1486 deinceps

1074 1502 1230 1529 audierunt.
1246 1499 1405 1534 Huiusmodi
1424 1506 1506 1534 porro
1528 1498 1665 1525 discordia
1679 1497 1865 1524 Antiocheno-

1075 1557 1134 1576 rum
1146 1548 1179 1575 ad
1195 1548 1329 1583 integrum
1344 1547 1430 1575 ferme
1447 1545 1574 1574 sareulum
1591 1549 1712 1573 extracta
1731 1544 1792 1572 fuit.

1037 1600 1058 1630 (ς
1110 1595 1137 1622 2.
1157 1594 1304 1626 Cteterum,
1329 1593 1353 1622 si
1380 1592 1603 1627 Theodoreto(b)
1632 1592 1708 1626 ﬁdes,
1731 1591 1864 1619 meretrix

1073 1649 1133 1678 qua:
1150 1642 1318 1670 Eustathium
1334 1640 1482 1675 accusavit,
1497 1647 1558 1668 cum
1576 1640 1602 1667 in
1621 1639 1812 1675 gravissimum
1830 1645 1863 1666 ac

1073 1690 1231 1716 diuturnum
1248 1688 1372 1716 morbum
1395 1688 1545 1719 incidisset,
1563 1686 1726 1714 calumniam
1747 1685 1863 1718 detexit,

1075 1743 1106 1763 ac
1123 1742 1234 1762 scenam
1252 1739 1336 1761 totam
1355 1734 1476 1770 aperuit:
1494 1740 1545 1760 nec
1557 1733 1662 1760 duobus
1676 1732 1806 1763 tribusve,
1815 1731 1863 1758 sed

1074 1781 1284 1816 quamplurimis
1305 1781 1495 1808 sacerdotibus
1517 1779 1649 1807 indicavit
1663 1786 1693 1806 ea
1720 1786 1780 1812 quae
1802 1777 1864 1805 dolo

1075 1829 1183 1855 fuerant
1204 1827 1378 1859 concinnata,
1394 1827 1467 1855 fassa
1494 1834 1524 1854 se
1552 1826 1677 1854 mercede
1701 1825 1864 1853 conductam

1074 1875 1246 1903 Eustathium
1263 1875 1288 1902 in
1309 1875 1412 1902 crimen
1430 1881 1559 1906 vocasse;
1582 1880 1670 1907 neque
1688 1877 1777 1900 tamen
1796 1871 1864 1898 falso

1073 1921 1190 1956 jnratam
1201 1929 1240 1954 se,
1252 1921 1360 1956 quando
1372 1920 1530 1948 Eustathius
1541 1919 1649 1954 quidam
1659 1919 1770 1945 aerarius
1786 1917 1865 1944 faber

1076 1967 1189 1995 infantis
1208 1971 1286 2001 pater
1302 1970 1386 1995 esset.
1409 1965 1488 1999 Quod
1512 1965 1535 1992 si
1560 1972 1623 1992 vere
1641 1968 1760 1998 gestum,
1776 1963 1864 1990 miror

1075 2016 1130 2040 tam
1157 2017 1281 2047 apertum
1306 2011 1522 2038 Eusebianorum
1542 2009 1674 2044 ﬂagitium
1695 2008 1738 2036 vel
1763 2007 1865 2043 fugisse

1075 2059 1266 2090 Athanasium,
1285 2058 1325 2085 vel
1337 2057 1553 2092 praetermissum
1566 2057 1599 2083 ab
1613 2063 1645 2084 eo
1659 2055 1755 2083 fuisse.
1774 2047 1778 2052 ’

1111 2106 1138 2133 3.
1159 2104 1238 2132 Gesta
1257 2104 1466 2131 Eusebianorum
1481 2103 1510 2130 in
1525 2103 1663 2137 Asclepam
1680 2100 1824 2128 Comensem
1839 2104 1865 2127 et

1076 2151 1244 2186 Eutropium.
1254 2166 1289 2171 —
1303 2150 1354 2178 Per
1370 2151 1440 2177 idem
1459 2149 1517 2177 fere
1529 2153 1635 2184 tempus
1647 2147 1805 2177 Eusebiani.
1817 2146 1865 2181 qui

1075 2205 1148 2226 verae
1169 2198 1230 2225 ﬂdei
1249 2197 1433 2225 assertoribus
1448 2194 1614 2231 inexpiabile
1635 2194 1735 2222 bellum
1757 2193 1866 2220 indixe-

1078 2248 1150 2277 rant,
1174 2243 1317 2278 Asclcpam
1336 2243 1487 2271 Gazensem
1505 2242 1673 2276 episcopum,
1697 2240 1785 2267 virum
1802 2245 1867 2272 pro-

1077 2291 1161 2318 bitate
1174 2295 1202 2318 et
1217 2290 1309 2317 multis
1332 2289 1434 2325 ingenii
1455 2288 1565 2316 dotibus
1579 2292 1718 2318 ornatum,
1735 2285 1866 2313 adoriun-

1079 2340 1121 2363 tur
1134 2336 1186 2372 (c);
1202 2342 1241 2369 et,
1255 2336 1327 2372 quod
1340 2337 1500 2363 adornatum
1514 2339 1573 2362 erat
1586 2334 1730 2361 adversum
1743 2332 1868 2359 insontes

1075 2387 1104 2410 et
1123 2383 1292 2410 orthodoxos
1309 2382 1403 2413 telum.
1420 2385 1585 2417 praepostere
1598 2381 1631 2407 de
1643 2379 1798 2408 Christiana
1812 2377 1866 2405 fide

1075 2430 1179 2458 sentire
1191 2429 1381 2456 criminantur.
1397 2428 1452 2456 Nec
1470 2435 1557 2459 mora,
1576 2427 1702 2454 abdicato
1718 2425 1868 2459 subrogant

1076 2476 1253 2510 Quintianum
1277 2476 1369 2504 nescio
1386 2483 1477 2510 quem,
1496 2482 1552 2502 suae
1570 2473 1698 2502 factionis
1715 2472 1866 2503 hominem,

1075 2521 1273 2556 Asclepamque
1287 2522 1375 2556 patrio
1391 2521 1449 2548 solo
1464 2520 1656 2548 exterminant.
1672 2518 1740 2546 Hinc
1754 2524 1869 2545 conver-

1076 2569 1114 2596 sis
1128 2569 1160 2595 ad
1173 2568 1332 2603 Eutropium
1348 2567 1618 2602 Adrianopolitanutn
1633 2566 1680 2592 τὸν
1694 2564 1868 2600 φιλόχριστον

1077 2615 1230 2647 conatibus,
1247 2614 1335 2642 virum
1349 2613 1420 2641 ﬁctis
1437 2613 1597 2640 criminibus
1611 2612 1756 2639 deturbare
1775 2609 1868 2636 nitun-

1077 2665 1132 2688 tur.
1151 2660 1300 2696 Entropius
1319 2664 1422 2691 autem,
1438 2664 1466 2685 ut
1477 2665 1574 2686 nomen
1592 2661 1682 2688 sonat,
1698 2662 1810 2684 summze
1825 2654 1868 2681 vir

1076 2708 1230 2743 probitatis,
1261 2707 1287 2734 in
1314 2707 1418 2734 crimen
1447 2705 1508 2732 ideo
1535 2708 1658 2736 vocatur,
1681 2702 1753 2737 quod
1781 2700 1869 2728 libere

1076 2754 1227 2782 Eusebium
1243 2756 1413 2788 coargueret,
1430 2757 1457 2778 et
1472 2752 1540 2778 istac
1554 2748 1756 2776 transeuntibus
1772 2750 1869 2773 auctor

1074 2805 1149 2830 esset
1164 2805 1192 2828 ut
1207 2807 1242 2827 ne
1260 2799 1351 2834 impiis
1364 2798 1423 2833 ejus
1439 2798 1519 2826 dictis
1529 2797 1662 2824 haberent
1678 2795 1767 2822 fidem.
1789 2793 1868 2826 Quod

1110 2869 1144 2904 (ε)
1160 2868 1259 2896 Athan.
1276 2867 1347 2896 Hist.
1364 2867 1525 2904 Arianorum
1547 2870 1581 2894 ad
1603 2864 1761 2896 monachos;
1781 2871 1808 2890 n.
1829 2862 1868 2894 5;

1074 2905 1178 2934 Theod.
1194 2904 1240 2932 lib.
1257 2912 1276 2938 ι,
1292 2911 1351 2939 cap.
1363 2903 1408 2931 20.
