2000 3045
818 132 898 160 ἭΤΛ
919 132 947 160 S.
968 132 1162 161 ATHANASII.

1736 142 1805 161 ιιυ

190 193 217 220 in
235 200 315 219 causa
335 192 417 220 fuisse
433 192 553 220 creditur
567 195 595 219 ut
611 191 752 224 Eusebius,
765 191 912 220 ulciscendi
928 191 968 219 sui
984 193 1008 222 Α
1021 199 1079 227 qum
1101 191 1166 220 nihil
1184 191 1294 220 haberet
1312 189 1412 219 in'toto
1438 199 1521 226 regno
1541 191 1655 224 ﬁdelius,
1670 195 1700 218 ut
1714 199 1804 220 secum

188 238 325 274 cupidine,
342 237 487 268 Basjlinam
502 237 565 264 Julii
585 237 733 265 Constantii
751 244 862 264 uxorem
878 237 970 264 conci-

188 287 257 311 taret
268 284 295 311 in
309 288 434 310 sanctum
447 283 599 317 praesulem,
613 283 689 318 cujus
701 290 794 317 opera,
807 283 902 310 eadem
915 289 968 317 qua

187 329 343 357 Eustathius
360 336 439 363 paena
464 328 600 360 multatur,
620 328 684 355 urbe
705 328 796 362 pulsus
826 328 928 362 pariter
942 331 969 354 et

186 374 315 403 Ecclesia.
326 374 392 402 Cum
407 382 487 409 porro
499 373 613 401 Basilina
627 381 697 401 anno
708 374 771 406 5⁵51,
785 374 876 408 paucis
891 379 963 408 post-

186 429 264 456 quam
275 420 408 448 Iulianum
426 426 566 455 pepererat
588 421 736 453 mensibus,
752 420 822 448 diem
836 421 967 448 clauserit

187 473 346 500 extremum,
366 467 513 502 Euphronii
531 466 657 494 exsilium
680 471 831 502 opportune
849 467 965 494 conferri

182 518 272 548 potest
289 514 314 540 in
327 521 426 541 annum
440 513 502 540 550.

218 558 245 587 4.
266 559 386 593 Abysxim‘
404 557 558 585 Frumenlio
579 559 683 585 doctore
705 558 803 586 Christi
816 558 894 593 fidem
908 567 964 586 am-

182 603 342 638 plectuntur.
360 619 394 624 —-
409 603 519 631 Jam'ad
540 603 743 631 conversionem
767 603 962 638 Ahyssinorum

181 647 338 684 Ethiopum
347 649 526 676 enarrandam
536 653 651 676 evocant
659 656 708 676 nos
715 648 861 682 scriptores
869 657 962 677 omnes

180 694 368 727 ecclesiastici,
386 695 432 730 qui
445 695 495 722 sub
512 694 617 722 initium
633 695 804 730 episcopatus
819 695 960 723 Athanasii

178 740 286 766 venisse
314 739 509 767 Alexandriam
534 738 721 766 Frumentium
749 739 799 775 (α),
825 745 907 775 atque
928 739 962 767 ab

177 785 329 813 Athanasio
350 785 480 812 delectum
503 785 586 812 fuisse
609 785 773 821 episcopum,
798 785 960 820 apostolatu-

176 838 231 864 que
246 829 305 864 ejus
319 830 434 865 regionis
450 834 592 858 testantur.
609 831 673 858 Eam
691 831 832 858 historiam
848 833 880 858 ad
898 839 959 859 ver-

1024 245 1164 273 usquequo
1179 237 1347 265 adolesceret
1362 237 1442 270 filius,
1461 236 1569 271 regendi
1584 237 1657 271 regni
1674 236 1803 264 sollicitu-

1023 283 1112 311 dinem
1126 283 1312 318 partirentur;
1328 287 1353 310 et
1369 282 1502 317 praecipue
1515 282 1712 316 Frumentittm,
1727 283 1803 317 cujus

1021 329 1163 364 prudentia
1178 329 1210 356 ad
1227 328 1420 356 moderandum
1434 327 1568 355 suﬂiceret
1588 335 1697 362 regnum
1713 335 1722 354 ε
1740 324 1802 356 nam

1021 375 1088 402 alius
1109 375 1187 402 Iidem
1205 382 1300 409 puram
1318 379 1345 402 et
1365 374 1484 401 sobriam
1506 377 1621 401 mentem
1644 373 1803 408 simpliciter

1020 419 1174 447 exhibebat.
1198 419 1280 454 quue
1299 419 1362 446 dum
1382 424 1503 454 agerent,
1519 423 1546 445 et
1571 419 1644 453 regni
1665 420 1801 454 guberna-

1018 464 1079 492 cula
1097 464 1271 492 Frumentius
1285 464 1397 492 haberet
1408 465 1434 491 in
1448 465 1572 492 manibus
1584 485 1591 497 ,
1609 464 1664 492 Deo
1680 470 1800 493 mentem

1017 510 1075 545 eius
1085 515 1112 538 et
1126 511 1231 538 animos
1244 510 1398 545 instigante,
1413 510 1553 544 requirere
1564 510 1697 538 sollicitus
1706 512 1799 546 coepit,

1016 557 1039 585 si
1055 557 1101 592 qui
1113 557 1183 584 inter
1193 557 1376 592 negotiatores
1390 556 1526 584 Romanos
1535 556 1683 584 Christiani
1696 563 1798 589 essent,

1015 607 1043 630 et
1063 603 1128 638 ipsis
1151 606 1309 637 potestatem
1334 602 1479 629 maximam
1495 602 1560 629 dare
1583 609 1615 629 ac
1637 609 1748 630 monere
1771 607 1800 629 nt

1014 648 1201 676 conventicula
1218 655 1266 682 per
1282 647 1338 675 loca
1353 646 1459 682 singula
1475 646 1603 679 facerent,
1621 647 1654 675 ad
1669 655 1728 682 qum
1743 646 1797 673 Ro-

1015 701 1096 722 mano
1112 694 1166 720 ritu
1182 693 1316 721 orationis
1330 699 1410 719 causa
1425 691 1607 720 confluerent:
1628 692 1674 719 sed
1691 697 1718 720 et
1738 694 1795 726 ipsa

1013 739 1098 766 multo
1110 739 1196 773 magis
1207 737 1302 765 eadem
1317 737 1416 769 facere,
1428 742 1455 764 et
1471 737 1507 764 ita
1521 742 1632 765 caeteros
1646 738 1793 772 cohortari,

1013 784 1104 811 favore
1116 789 1144 810 et
1159 783 1299 811 beneficiis
1314 782 1440 814 invitare,
1458 786 1586 816 praestare
1601 783 1731 818 quidquid
1744 790 1793 818 op-

1013 834 1156 864 portunum
1175 829 1281 859 fuisset,
1296 828 1353 854 loca
1371 827 1493 854 aediﬁciis
1514 827 1619 862 aliaque
1639 829 1797 856 necessaria

176 876 241 903 bum
258 884 290 904 ex
306 876 401 905 Rufino
415 881 578 909 mutuamur,
593 879 638 911 qui
655 885 684 904 se
705 870 737 904 ab
752 878 873 910 Eilesio,
890 878 955 906 Fru-
977 869 997 897 Β
1011 876 1142 911 ρηιὼθτθ,
1159 880 1186 902 et
1205 875 1316 902 omnino
1340 874 1440 908 gestire
1463 878 1492 900 ut
1515 873 1729 901 Christianorum
1755 875 1792 902 ibi

176 922 272 949 mentii
290 923 388 950 comite
404 923 683 958 peregrinationisque
699 924 784 958 socio,
803 932 858 951 rem
880 932 958 952 acce-

175 967 250 1001 pisse
268 973 471 996 eommemorat.
493 977 501 994 t
519 968 546 995 In
560 977 602 1003 ea,
633 969 718 1004 inquit
742 970 867 1003 Rufinus,
893 972 957 999 divi-

174 1013 250 1040 sione
269 1014 343 1041 orbis
370 1019 458 1046 terrze,
477 1023 536 1049 qua:
560 1016 593 1042 ad
618 1017 818 1050 prmdicandum
844 1016 955 1044 vetbum

173 1057 221 1085 Dei
233 1063 308 1086 sorte
323 1066 371 1094 per
385 1060 522 1094 apostolos
539 1061 671 1088 celebrata
685 1067 735 1093 est,
750 1070 811 1089 cum
824 1063 883 1090 aliae
896 1063 956 1091 aliis

172 1104 318 1138 provincia:
335 1105 519 1139 obvenissent,
533 1107 642 1134 'Iltonne
656 1107 778 1141 Parthia,
791 1113 817 1136 et
830 1109 955 1138 Matthaao

173 1147 323 1182 IEthiopia,
339 1151 418 1182 eique
434 1151 575 1179 adhaerens
593 1152 704 1180 citerior
721 1153 795 1181 India
813 1154 954 1183 Bartholo-

173 1200 240 1220 ιιιπο
251 1193 350 1221 dicitur
361 1200 435 1222 sorte
446 1195 565 1223 decreta.
578 1196 649 1224 Inter
664 1206 744 1233 quatn
760 1198 954 1236 Parthiamque

172 1237 269 1271 media,
282 1239 328 1266 sed
342 1238 420 1274 longo
433 1240 544 1268 interior
557 1246 641 1269 tractu
653 1243 724 1270 ludia
742 1244 854 1272 ulterior
867 1246 950 1280 jacet,

170 1283 262 1310 multis
277 1283 410 1319 variisque
424 1284 521 1320 linguis
534 1291 560 1314 et
575 1288 700 1321 gentibus
719 1289 856 1323 habitata;
872 1299 951 1325 quam

169 1328 244 1356 velut
259 1329 337 1365 longe
355 1334 486 1358 remotam
504 1332 592 1360 nullus
609 1333 763 1368 apostolica:
783 1337 952 1370 praedicatio-

168 1373 212 1400 nis
233 1375 335 1402 vomeri
360 1375 556 1410 impresserat:
583 1385 644 1414 quae
668 1384 755 1407 tamen
785 1383 950 1418 temporibus

168 1419 338 1448 Constantini
353 1422 398 1449 tali
412 1423 527 1457 quadam
540 1431 574 1452 ex
585 1432 666 1452 causa
678 1427 780 1454 semina
793 1427 853 1455 ﬁdei
862 1429 950 1463 prima

166 1468 295 1501 suscepit.
320 1467 487 1497 Metrodorus
513 1470 620 1505 quidam
651 1472 836 1508 philosophus,
865 1475 950 1511 inspi-

167 1510 322 1539 ciettdorum
347 1513 479 1547 locorum,
505 1520 531 1542 et
554 1516 628 1543 orbis
651 1520 837 1551 perscrutandi
860 1510 947 1555 gratia

166 1556 322 1585 ulteriorem
338 1559 438 1586 dicitur
452 1559 553 1588 Indiam
569 1567 737 1596 penetrasse.
756 1564 838 1598 Cujus
853 1574 946 1594 exem-

165 1599 211 1634 plo
227 1601 356 1629 invitatus
371 1601 506 1637 Meropius
519 1604 629 1638 quidam
645 1606 742 1641 Tyrius
757 1608 944 1644 philosophus,

165 1645 247 1673 simili
262 1654 294 1674 ex
310 1655 391 1675 causa
406 1649 482 1675 adire
498 1648 599 1677 Indiam
618 1651 711 1684 voluit,
730 1653 833 1682 habens
851 1663 945 1683 secum

165 1690 232 1718 duos
243 1692 382 1726 puerulos,
396 1701 464 1728 quos
480 1694 636 1724 liberalibus
651 1696 760 1730 litteris,
775 1703 869 1734 utpote
881 1708 945 1735 pro-

163 1737 290 1771 pinquos,
304 1738 472 1767 instituebat.
488 1740 607 1774 Quorum
623 1751 701 1775 unus,
715 1744 759 1778 qui
772 1747 942 1782 cratjunior,

163 1780 299 1815 Edesius,
311 1784 558 1815 alterFrumentins
570 1789 726 1816 vocabatur.
734 1790 816 1825 Igitur
830 1780 944 1826 pervisis

161 1832 189 1854 et
202 1828 227 1855 in
244 1829 366 1857 notitiam
379 1831 464 1866 captis
479 1832 521 1860 his
535 1834 632 1868 quibus
648 1835 755 1863 animus
771 1838 940 1872 pascebatur,

162 1881 223 1901 cum
240 1876 416 1911 philosophus
434 1879 523 1907 redire
545 1880 684 1915 coepisset,
702 1889 779 1916 aqum
799 1884 841 1910 vel
860 1890 941 1913 caete-

161 1927 251 1948 rorum
272 1924 485 1952 necessariorum
507 1934 600 1960 causa,
619 1928 652 1954 ad
675 1934 779 1962 portum
798 1932 940 1964 quemdam

161 1968 237 1995 navis
250 1977 302 2003 qua
319 1970 468 1998 vehebatur
484 1973 619 2007 applicuit.
638 1973 720 2002 Moris
736 1980 776 2002 est
791 1976 858 2004 inibi
877 1978 940 2005 bar-

159 2014 299 2047 barorum,
317 2021 346 2042 ut
369 2016 391 2043 si
415 2018 523 2051 quando
544 2018 632 2046 fthus
656 2020 707 2047 sibi
728 2029 788 2048 cum
812 2022 940 2051 Romanis

160 2060 294 2087 turbatum
314 2062 408 2090 vicinae
432 2064 615 2092 nuntiaverint
641 2070 746 2100 gentes,
771 2076 865 2095 utunes
893 2070 938 2104 qui

158 2107 227 2139 apud
251 2114 297 2134 eos
321 2115 354 2134 ex
377 2107 506 2136 Romanis
527 2110 626 2137 inventi
650 2111 749 2139 fuerint
771 2113 938 2148 juguleutur.

158 2149 295 2178 Invaditur
312 2152 388 2181 navis
402 2153 565 2193 philosophi,
580 2156 671 2183 cuncti
688 2164 748 2184 cum
765 2157 822 2192 ipso
836 2160 939 2193 pariter

156 2197 343 2230 perimuntur:
358 2199 460 2233 pueruli
475 2201 572 2234 reperti
588 2201 637 2228 sub
655 2203 754 2230 arbore
767 2205 935 2237 meditantes.

156 2247 182 2270 et
199 2243 328 2271 lectiones
343 2253 405 2272 suas
419 2251 555 2280 parantes,
572 2247 750 2276 barbarorum
764 2250 938 2280 miseratione

155 2290 263 2322 servati,
276 2290 410 2318 ducuntur
425 2292 459 2319 ad
474 2299 576 2327 regem.
595 2293 695 2321 Horum
712 2295 755 2322 ille
768 2296 894 2331 alterum,
911 2298 936 2325 id

154 2339 195 2360 est
220 2334 370 2368 (Edesium,
398 2337 448 2364 sibi
477 2338 631 2371 pincernam
659 2339 741 2372 fecit;
778 2340 936 2369 Frumentio

152 2385 228 2411 vero,
251 2386 332 2413 quem
358 2381 433 2414 quasi
454 2382 639 2417 perspicacem
667 2384 881 2419 deprehenderat
908 2393 936 2415 et

151 2425 324 2458 prudentem,
342 2428 542 2455 rationesvsuas
558 2429 712 2464 scriniaque
729 2431 864 2459 commisit
879 2443 884 2460 :
900 2440 932 2461 ex

151 2476 203 2503 quo
221 2475 247 2496 et
264 2470 290 2496 in
306 2470 411 2498 honore
434 2480 532 2508 magno
548 2474 618 2509 apud
638 2482 727 2509 regem
747 2476 842 2510 habiti,
864 2483 889 2505 et
906 2479 931 2506 in

149 2520 251 2541 amore.

184 2559 211 2585 5.
231 2558 402 2588 Frumenlius
413 2561 444 2588 ab
460 2562 604 2590 Athanasio
618 2565 785 2592 constituitur
799 2567 931 2602 episcopus

149 2602 393 2638 Abystinorum.—
405 2615 413 2631 ι
426 2607 459 2633 At
474 2614 538 2634 vero
549 2609 668 2637 moriens
684 2618 729 2637 rex
745 2618 855 2638 uxorem
868 2620 930 2639 cum

148 2649 260 2683 parvulo
274 2649 329 2677 [ilio
341 2651 415 2686 regni
432 2652 540 2687 reliquit
553 2653 700 2687 haeredem;
715 2656 930 2685 adolescentibus

147 2699 235 2721 autent
257 2696 321 2730 quid
345 2697 442 2725 vellent
468 2699 563 2734 agendi
579 2700 651 2727 dedit
678 2701 789 2728 liberam
815 2703 928 2730 faculta<

147 2742 199 2766 tem
213 2749 219 2766 :
236 2748 303 2775 quos
323 2746 410 2769 tamen
423 2744 513 2778 regina
525 2745 680 2780 suppliciter
688 2753 792 2780 exorat,
804 2753 929 2783 tanquam

1008 930 1100 950 semen
1117 925 1283 956 exsurgeret.
1299 919 1352 948 Sed
1366 927 1426 947 cum
1438 920 1527 953 regius
1539 927 1604 955 ptter
1618 920 1789 954 adolevisset,

1007 968 1051 1003 qui
1068 967 1284 1001 procurationem
1301 965 1374 999 regni
1387 965 1525 1000 gerebant,
1539 965 1653 1000 expletis
1666 967 1790 994 Omnibus

1006 1019 1032 1039 ct
1048 1021 1080 1039 cx
1098 1013 1148 1039 tide
1164 1012 1281 1044 traditis,
1295 1011 1407 1039 multum
1424 1012 1486 1039 licet
1501 1012 1683 1039 detinentibus
1703 1017 1731 1039 et
1747 1019 1790 1039 ro-

1005 1058 1131 1092 gnntibus
1146 1062 1174 1085 ut
1187 1061 1330 1085 manerent
1345 1058 1435 1092 regina
1453 1057 1493 1083 vel
1510 1057 1574 1089 lilio,
1592 1057 1624 1083 ad
1640 1058 1732 1084 orbem
1749 1062 1790 1084 ta-

1005 1112 1065 1132 men
1088 1109 1208 1132 nostrum
1230 1107 1412 1131 revertuntur.
1435 1102 1546 1130 ,Εὐθεῖα
1569 1102 1714 1130 festinante
1733 1102 1788 1138 Ty-

1004 1158 1074 1183 rum,
1087 1154 1212 1185 parentes
1224 1149 1444 1184 propinquosque
1459 1148 1578 1176 revisere
1588 1169 1596 1180 ,
1615 1147 1789 1176 Frumentius

1003 1196 1192 1224 Alexandriam
1209 1195 1304 1231 pergit,
1327 1195 1420 1222 dicens
1439 1201 1545 1230 aequum
1568 1202 1620 1221 non
1642 1201 1703 1221 esse
1719 1201 1787 1228 opus

1003 1242 1141 1271 oecultare
1156 1242 1336 1270 Dominicum.
1362 1242 1446 1277 igitur
1463 1249 1520 1268 rem
1537 1248 1644 1268 omnem
1664 1245 1693 1268 ut
1709 1246 1786 1275 gesta

1001 1294 1043 1318 est
1058 1289 1168 1324 exponit
1186 1288 1323 1324 episcopo,
1343 1295 1374 1316 ac
1392 1292 1483 1317 monet
1496 1291 1525 1315 ut
1539 1287 1680 1323 provideat
1694 1287 1784 1314 virum

1001 1336 1117 1370 aliquem
1144 1335 1270 1370 dignum,
1293 1342 1372 1370 quem
1395 1334 1570 1370 congregatis
1585 1333 1639 1368 jam
1660 1333 1791 1368 plurimis

1000 1380 1211 1414 Cbristianis,_et
1221 1380 1344 1408 ecclesiis
1353 1381 1516 1408 constructis
1528 1380 1554 1408 in
1564 1380 1782 1413 barbaricoloco,

999 1428 1154 1462 episcopum
1176 1427 1276 1454 mittat.
1297 1426 1365 1453 Tum
1388 1434 1454 1455 vero
1475 1427 1642 1456 Athanasius
1661 1427 1734 1462 (nam
1760 1428 1783 1456 is

999 1481 1084 1509 nuper
1109 1473 1291 1502 sacerdotium
1316 1474 1493 1508 susceperat)
1513 1474 1644 1502 attentius
1667 1480 1694 1502 et
1719 1482 1783 1508 pro-

961 1546 983 1575 Ο
1001 1520 1108 1556 pensius
1129 1519 1282 1548 Frumentii
1304 1519 1373 1547 dicta
1393 1524 1522 1554 gestaque
1545 1521 1732 1554 considerans,
1755 1521 1786 1548 in

999 1565 1112 1594 concilio
1123 1565 1292 1593 sacerdotum
1307 1565 1344 1592 ait
1358 1574 1365 1592 :
1388 1574 1398 1591 ί
1418 1565 1452 1592 Ει
1466 1573 1546 1600 quem
1563 1566 1644 1593 alium
1657 1567 1782 1596 invenie-

1001 1620 1010 1636 ε
1026 1607 1086 1638 mus
1099 1611 1186 1638 virum
1203 1609 1295 1642 talem.
1310 1610 1336 1637 in
1349 1617 1404 1645 quo
1419 1610 1454 1638 sit
1472 1611 1583 1645 spiritus
1599 1612 1644 1639 Dei
1665 1612 1736 1639 sicut
1753 1612 1784 1640 in

999 1665 1008 1682 ι
1027 1660 1063 1688 te,
1078 1657 1122 1691 qui
1139 1657 1196 1684 haec
1210 1656 1295 1691 possit
1310 1656 1446 1690 implere?
1461 1666 1471 1682 ι
1488 1657 1522 1683 Et
1537 1657 1636 1685 tradito
1649 1657 1673 1684 ei
1690 1665 1780 1686 sacer-

995 1702 1081 1735 dotio,
1096 1702 1185 1729 redire
1202 1709 1263 1729 eum
1278 1709 1340 1729 cum
1360 1701 1466 1729 Domini
1481 1703 1567 1737 gratia
1583 1703 1654 1730 unde
1669 1708 1782 1731 venerat.

991 1748 1079 1782 jubet.
1102 1747 1153 1781 Qui
1177 1755 1238 1775 cum
1258 1747 1401 1782 episcopus
1420 1747 1588 1782 perrexisset
1609 1747 1642 1775 ad
1664 1748 1777 1782 Indiam,

996 1799 1068 1821 tanta
1085 1794 1109 1821 ei
1122 1793 1184 1820 data
1198 1800 1258 1821 esse
1274 1801 1289 1820 a
1302 1793 1355 1821 Deo
1369 1785 1498 1820 virtutum
1518 1794 1605 1828 gratia
1620 1794 1729 1827 dicitur,
1747 1799 1786 1823 ur

994 1840 1069 1875 signa
1084 1847 1131 1874 per
1142 1846 1202 1867 eum
1225 1838 1371 1873 apostolica
1385 1839 1490 1871 ﬁerent,
1504 1843 1531 1866 et
1550 1839 1669 1866 infinitus
1682 1847 1778 1868 nume-

993 1891 1039 1910 rus
1053 1883 1227 1910 barbarorum
1250 1888 1456 1911 converteretur
1471 1883 1504 1912 ad
1519 1883 1610 1912 ﬁdem.
1624 1885 1660 1912 Ex
1675 1893 1729 1920 quo
1744 1886 1772 1913 in

992 1929 1074 1956 Indiae
1093 1929 1214 1964 partibus
1227 1933 1254 1957 et
1268 1929 1356 1964 populi
1373 1929 1590 1957 Christianorum
1604 1935 1632 1958 et
1647 1931 1776 1959 Ecclesiae

992 1973 1070 2001 facta:
1083 1979 1155 2006 sunt.
1170 1978 1197 2000 et
1206 1974 1387 2002 sacerdotium
1400 1975 1493 2009 coepit.
1506 1974 1571 2008 Qum
1580 1983 1629 2003 nos
1640 1976 1676 2003 ita
1689 1981 1775 2011 gesta.

992 2027 1044 2047 non
1065 2020 1191 2054 opinione
1204 2019 1287 2055 vulgi,
1310 2021 1357 2048 sed
1378 2021 1437 2056 ipso
1450 2020 1562 2049 Edesio
1581 2022 1644 2058 Tyri
1660 2025 1776 2059 presby-

992 2072 1049 2092 tero
1063 2065 1232 2100 postmodum
1250 2065 1332 2098 facto,
1353 2067 1398 2101 qui
1415 2066 1565 2098 Frumentii
1583 2075 1676 2096 comes
1700 2069 1775 2104 prius

990 2109 1088 2143 fuerat,
1103 2110 1246 2142 referente,
1259 2112 1447 2144 cognovimus.
1464 2121 1473 2138 ι
1493 2112 1555 2140 Htec
1571 2113 1704 2147 Rufinus;
1719 2115 1773 2148 cui,

990 2160 1019 2182 ut
1042 2156 1132 2183 audita
1159 2157 1292 2190 narranti,
1317 2158 1387 2184 haud
1416 2157 1480 2186 licet
1507 2166 1605 2194 negare
1624 2158 1715 2186 fidem.
1740 2161 1776 2187 At:

990 2202 1072 2229 multa
1086 2207 1149 2229 sunt
1166 2202 1194 2229 in
1209 2203 1307 2237 quibus
1336 2202 1379 2229 vel
1399 2210 1493 2231 errore
1515 2204 1573 2239 ipse
1599 2204 1708 2236 labitur.
1733 2205 1775 2232 vel

990 2248 1068 2282 vulgo
1083 2254 1217 2283 receptam
1229 2257 1286 2276 aevo
1297 2256 1356 2282 suo,
1375 2248 1437 2276 licet
1450 2249 1558 2283 falsam,
1572 2250 1696 2285 sequitur
1715 2251 1774 2286 opi-

988 2295 1105 2322 nionem.
1131 2295 1193 2323 Haec
1217 2296 1310 2330 paucis
1333 2296 1569 2323 commemoranda
1592 2297 1670 2324 nobis
1693 2302 1772 2331 sunt,

987 2339 1020 2366 iis
1035 2339 1132 2366 additis
1147 2347 1217 2374 quae,
1242 2339 1359 2367 Tellezio
1375 2341 1539 2375 caeterisque
1550 2340 1602 2370 PP.
1626 2341 1773 2371 Societatis

987 2384 1050 2412 Jesu
1066 2386 1231 2418 auctoribus,
1248 2387 1411 2422 accepimus.
1426 2387 1491 2420 Quae
1508 2396 1523 2414 a
1547 2387 1700 2416 clarissimo
1714 2389 1779 2417 viro-

987 2432 1054 2459 .lobo
1068 2431 1209 2467 Ludolpho
1219 2434 1425 2461 accuratissime
1438 2434 1564 2467 collecta,
1577 2440 1605 2462 et
1620 2435 1770 2464 innumeris

986 2483 1064 2505 aut-ta
1081 2480 1262 2507 monumentis
1277 2480 1347 2507 haud
1359 2480 1396 2508 ita
1411 2481 1513 2515 pridem
1528 2481 1554 2508 iu
1567 2481 1654 2510 lucem
1666 2483 1772 2517 prodie-

985 2529 1058 2551 runt.
1789 2530 1791 2533 '

1019 2569 1046 2597 6.
1066 2569 1168 2597 Indiam
1184 2570 1308 2604 Ruﬁnus,
1321 2572 1546 2607 quemadmodum
1558 2577 1586 2600 et
1597 2573 1642 2601 alii
1657 2574 1770 2608 scripto-

985 2624 1029 2643 rcs
1047 2615 1235 2650 ecclesiastici,
1253 2625 1312 2644 eam
1333 2623 1411 2645 vocat
1438 2619 1586 2653 regionem,
1612 2627 1672 2654 quae
1699 2619 1769 2648 Fru-

984 2661 1076 2688 mentii
1098 2669 1149 2696 ope
1172 2661 1274 2690 Christi
1301 2663 1353 2691 (ide
1377 2664 1510 2692 illustrata
1536 2669 1588 2692 est.
1611 2665 1679 2693 'I‘um
1696 2667 1769 2694 enim

984 2706 1173 2733 remotissimis
1187 2707 1337 2742 quibusque
1358 2709 1512 2742 regionibus
1526 2717 1621 2738 versus
1634 2711 1769 2739 orientem

984 2759 1016 2779 ac
1034 2752 1172 2780 meridiem
1189 2752 1241 2780 late
1259 2755 1414 2788 patentibus
1433 2754 1514 2784 India:
1529 2764 1627 2785 nomen
1645 2762 1713 2785 erat.
1732 2756 1775 2785 At.

177 2843 216 2880 (ιι)
237 2843 343 2873 Socrat.
359 2846 404 2874 lib.
419 2855 437 2874 ι.
452 2854 511 2879 cap.
526 2848 573 2876 l9:
588 2848 695 2878 Soxom.
711 2851 756 2879 lib.
771 2859 799 2886 ιι,
817 2860 875 2888 cap.
888 2853 940 2887 2t;
957 2853 1087 2884 Theudor.
1101 2855 1147 2884 lib.
1161 2865 1179 2890 ι,
1193 2864 1252 2892 cap.
1266 2857 1312 2886 23.
