2000 3045
237 167 316 188 ικιπ

902 166 1166 198 PROLEGOMENA.

238 221 357 249 immane
381 226 512 256 quantum
545 221 645 250 labitur
672 223 798 257 Ruﬁnus,
822 233 882 252 cum
916 225 1018 254 Indiam
1037 232 1054 259 Α
1071 229 1185 256 aﬂeruul
1205 229 1293 257 Ruﬁni
1320 225 1533 269 ctetérorumquc
1561 237 1722 272 scriptorum
1747 239 1850 275 verba;

237 267 309 293 illam
323 267 490 300 ulteriorem,
511 273 539 295 ut
553 274 641 301 vocat,
658 269 730 297 inter
748 270 847 298 Indiam
864 271 1018 300 citeriorem

235 318 263 339 et
287 312 424 341 Parthiam
447 314 524 341 sitam
545 315 619 342 dicit.
644 315 897 350 Exploratissimum
921 317 1020 352 quippe

234 363 288 391 est,
314 359 464 394 regionem,
479 367 539 394 quae
553 359 741 388 Frumentium
767 366 844 388 nacta
863 362 1016 396 apostolum

234 410 286 437 est,
311 412 369 432 eam
391 412 451 432 esse
475 405 622 440 Ethiopian
645 412 760 441 partem,
784 414 844 442 quae
862 408 1017 443 Abyssinia,

236 451 408 484 llabessinia,
424 453 469 479 vel
492 453 606 480 Abassia
624 453 734 480 dicitur.
758 453 841 487 llujus
865 455 938 489 regia
955 459 1019 482 tunc

233 502 293 524 erat
315 497 459 531 Auxumis,
488 499 553 527 urbs
575 499 711 534 perampla
734 503 760 526 et
783 499 920 534 opulenta,
941 501 1018 534 cujus

233 542 367 577 hodieque
384 543 480 570 rudera
500 544 634 577 visuntur,
658 551 708 571 nec
725 544 776 572 nisi
794 545 951 580 oppidulum
975 550 1018 573 est

231 588 332 616 Acsum
359 589 470 621 dictum,
501 589 528 616 in
545 591 645 625 'regno
670 590 759 625 Tigrze
784 591 878 623 situm,
911 592 1016 619 decimo

233 640 330 669 quarto
344 640 371 663 et
384 636 496 664 dimidio
513 638 597 672 gradu
613 636 763 664 latitudinis
782 638 1014 672 septentrionalis.

233 680 429 709 Obtruncatum
448 681 486 709 ait
498 681 610 710 Rufinus
624 681 771 717 Meropium
786 693 792 710 :
808 683 835 710 id
848 687 947 718 negant
963 683 1016 711 Ha-

231 726 345 760 bessini,
368 727 415 754 sed
435 728 529 755 morbo
545 728 622 755 aiunt
634 728 809 756 exstinctum.
825 728 1014 756 Frumentium

231 777 321 799 autem
340 777 367 799 et
386 772 524 800 [Edesium
545 781 593 800 sua
610 781 674 801 voce
688 780 845 810 nuncupant
867 775 1014 803 Fremona—

231 820 286 842 tum
310 820 338 844 et
352 817 510 851 Sydracum.
536 817 658 845 Priorem
681 819 819 847 Salamam
835 828 942 855 quoque
966 829 1014 856 ap-

230 861 331 895 pellare
349 862 446 895 solent,
460 871 513 898 quo
529 865 638 892 nomine
653 865 695 892 his
717 865 870 894 celebratur
883 867 1012 894 carmini-

230 907 281 934 bus
294 914 327 935 ex
344 907 498 944 Ethiopico
514 909 600 937 versis
613 917 628 936 a
645 909 805 945 Ludolpho:

229 952 346 981 Salutem
360 961 419 981 voce
434 953 534 981 lwtitiaz
551 955 610 981 dico
630 956 672 987 ei,

229 987 405 1023 Magniﬁcam
418 994 442 1015 et
458 989 585 1016 extollens
603 998 679 1022 eum,

228 1022 376 1058 Salonium,
386 1023 500 1058 januam
511 1024 699 1052 misericordia:
713 1030 737 1051 et
753 1027 898 1055 clementia?
914 1035 923 1054 :

229 1057 281 1090 Qui
303 1058 369 1085 oriri
387 1057 449 1092 fecit
469 1059 496 1085 in
518 1058 657 1093 Ethiopia
677 1059 782 1088 lurnim'a
801 1061 900 1089 Christi
926 1062 1012 1096 splen-

227 1125 294 1153 Cum
305 1130 382 1154 antea
393 1127 420 1154 in
433 1135 464 1154 ea
477 1127 562 1162 caligo
576 1132 599 1154 et
609 1128 721 1155 tenebrat
738 1097 956 1164 fuiuenltflorem'

227 1170 359 1198 Fremona
394 1171 458 1199 item
484 1176 574 1200 exstat
596 1174 723 1208 oppidum
751 1175 778 1203 in
801 1177 895 1205 eodem
922 1177 1010 1214 Tigrae

228 1224 311 1252 regno
344 1217 436 1250 situm,
462 1225 496 1245 ex
520 1217 684 1247 Fremonato
707 1227 755 1248 seu
783 1220 942 1250 Frumentio
974 1224 1009 1251 ita

225 1263 499 1291 dictum.Frumentii
519 1269 608 1292 autem
630 1267 759 1294 memoria
778 1267 849 1302 apud
871 1268 1010 1304 Ethiopes

225 1309 376 1337 celebratur
391 1310 434 1338 die
458 1310 561 1338 decima
580 1315 675 1339 octava
702 1312 869 1341 Decembris.
894 1314 1009 1342 Unicum

224 1355 281 1391 regi
304 1355 415 1384 obeunti
439 1355 521 1383 lilium
543 1356 627 1385 fuisse
650 1364 783 1386 memorat
807 1359 935 1395 Ruﬁnus;
963 1362 1009 1389 sed

223 1401 367 1429 Athanasii
402 1401 613 1438 Ethiopumqne
639 1404 802 1432 testimoniis
829 1411 1008 1441 compertum,

176 1462 178 1464 -
223 1447 292 1475 duos
308 1446 393 1474 fuisse
405 1447 512 1479 fratres,
522 1449 569 1483 qui
584 1449 654 1483 apud
668 1449 845 1479 Athanasium
859 1451 885 1479 in
894 1452 1007 1487 epistola

223 1491 373 1519 Constantii
387 1491 420 1519 ad
432 1492 542 1519 eosdem
553 1492 689 1527 principes
701 1499 890 1529 nuncupantur
905 1496 1007 1524 Aizana

222 1541 250 1564 et
261 1536 368 1564 Zazana
380 1536 535 1565 Auxumeos
553 1538 670 1573 tyranni,
687 1538 721 1566 ab
731 1538 904 1575 Ethiopibus
919 1546 1006 1569 autem

221 1582 328 1610 Abreha
345 1587 373 1610 et
385 1582 516 1616 Atzbeba,
526 1591 580 1618 quo
594 1584 701 1611 nomine
713 1585 864 1619 principum
878 1588 1006 1625 memoria
1021 1585 1042 1613 C

220 1629 349 1657 recolitur
365 1630 408 1657 die
428 1629 446 1656 ι
461 1629 595 1664 Octobris,
625 1634 706 1666 atque
726 1631 769 1660 his
792 1633 956 1662 carminbus
973 1635 1007 1662 ab

220 1676 347 1713 Ethiope
356 1682 420 1705 vate
431 1677 584 1705 celebratur
597 1687 604 1705 :

220 1721 338 1750 Salutem
351 1722 461 1749 Abrelue
475 1727 499 1749 et
519 1722 656 1754 A'tzbeltaz,
675 1723 722 1757 qui
741 1723 864 1751 sederunt

219 1757 252 1784 In
266 1765 344 1791 regno
363 1765 425 1788 uno.
442 1760 532 1784 mutuo
550 1765 578 1785 se
600 1762 728 1785 amanter.

220 1791 321 1819 Priscis
342 1792 507 1826 hominibus,
526 1793 572 1828 qui
595 1793 622 1820 in
641 1794 777 1828 prorupti:
796 1793 859 1828 legis
879 1793 1004 1822 Mosaicre

226 1859 240 1864 Α
502 1863 516 1864 η
646 1863 652 1864 7
782 1828 792 1864 [
803 1829 982 1858 ambulabant.

220 1859 273 1888 Ore
312 1869 402 1889 eorum
434 1863 605 1896 prtedicamm
638 1863 688 1897 fuit
722 1859 829 1891 verb-um
848 1864 1000 1925 ΧΙὲιὶιιζιεζιςιὶί

898 1907 980 1925 ιΙἸδΙ.

219 1930 253 1957 Et
282 1932 402 1958 manibus
436 1940 526 1960 eorum
557 1940 660 1967 quoque
687 1898 1003 2004 ωάίιῖεαιιῖιῆιὲίυῖἰϊὼ-

842 1978 857 1995 α
872 1977 895 1996 to
907 1977 974 2004 ejlu.

842 1977 895 1996 auo
907 1977 974 2004 ejus.

218 2010 257 2038 Ex
271 2011 420 2039 inveterata
435 2012 551 2047 quadam
566 2012 691 2048 opinione
702 2017 802 2047 ortum,
817 2016 888 2048 quod
904 2015 1002 2043 dicitur

217 2057 312 2085 horum
333 2057 483 2092 principum
503 2065 561 2086 aevo
586 2059 670 2093 legem
689 2058 835 2087 Mosaicam
851 2060 1001 2088 obtinuisse

217 2103 242 2130 in
261 2103 429 2131 Habessiuia.
443 2102 510 2130 Nam
523 2107 620 2139 putant
636 2111 728 2139 regum
740 2112 851 2133 suorum
867 2106 999 2142 originem

218 2148 280 2176 duci
303 2157 318 2176 a
337 2149 453 2184 quodam
476 2149 652 2183 Menileheco,
675 2149 832 2178 Salomonis
848 2158 879 2179 ex
907 2153 999 2187 regina

215 2194 286 2223 Saba
303 2195 359 2223 tilio
375 2205 381 2223 :
397 2203 459 2230 quae
470 2203 514 2223 res
527 2196 672 2231 sagacibus
685 2196 803 2224 fabulam
820 2198 901 2232 sapit.
922 2199 999 2232 Quod

214 2248 278 2269 vero
288 2241 358 2269 ritus
367 2241 471 2269 Iudaici
487 2250 540 2269 non
556 2242 635 2277 pauci
649 2243 718 2277 apud
734 2251 781 2271 eos
797 2244 829 2271 ad
840 2244 898 2272 haec
912 2253 999 2279 usque

214 2292 335 2322 tempora
363 2296 412 2315 usu
437 2289 562 2320 veniant,
589 2289 615 2316 id
636 2290 706 2317 unde
724 2297 896 2326 progressum
927 2292 998 2319 haud

212 2333 320 2362 diﬂicile
337 2339 380 2362 est
392 2335 528 2370 augurari.
548 2334 614 2362 Nam
636 2339 708 2363 tanta
732 2336 886 2364 Judeeorum
909 2337 1000 2364 multi-

213 2379 341 2414 tudojam
354 2380 418 2408 olim
439 2388 471 2408 eo
490 2380 639 2414 conﬂuxit,
661 2386 690 2409 ut
715 2390 768 2410 non
792 2383 874 2410 semel
901 2383 999 2418 Negusi

211 2433 258 2454 seu
278 2427 448 2462 imperatoris
473 2427 566 2462 copias
589 2427 678 2455 adorti
692 2449 699 2461 ,
721 2429 748 2456 in
769 2429 914 2456 discrimen
939 2437 995 2456 rem

210 2470 393 2507 Ethiopicam
415 2473 588 2503 adduxerim.
614 2474 778 2501 Memoratur
801 2482 866 2502 sane
889 2474 996 2503 Judmus

210 2518 319 2551 quidam
337 2518 445 2546 Gedeon
473 2520 593 2551 nomine,
623 2520 669 2554 qui
697 2528 756 2546 cum
786 2521 995 2555 imperatoribus

210 2567 326 2596 quatuor
353 2568 463 2591 strenue
482 2571 553 2599 saepe
577 2572 760 2599 congressus,
787 2565 894 2592 demum
923 2573 994 2593 anno

209 2606 279 2634 i624
294 2608 381 2636 victus
406 2613 553 2644 captusque
569 2617 661 2644 poenas
677 2611 760 2638 dedit.
773 2611 812 2638 Ab
826 2611 900 2638 hisce
913 2611 993 2646 igitur

209 2651 308 2680 Iudaeis
326 2653 432 2682 invecta
450 2660 559 2690 putatur
572 2656 756 2689 circumcisio,
775 2655 992 2684 Sabbatiobser-

207 2698 290 2731 vatio,
305 2703 334 2726 et
346 2699 448 2728 similes
464 2701 543 2728 ritus.

245 2743 271 2769 7.
293 2741 352 2770 Iam
372 2745 443 2780 quod
456 2752 554 2773 annum
580 2747 676 2775 delecti
703 2748 738 2775 ab
760 2747 909 2775 Athanasio
923 2747 992 2774 Fru-

207 2789 302 2816 mentii
326 2795 445 2824 spectat,
473 2792 543 2820 haud
572 2793 655 2821 levem
681 2794 872 2821 controversias
898 2801 990 2820 ausam

245 2846 282 2882 (η)
295 2848 393 2875 Athan.
403 2849 511 2886 Apolog.
523 2857 612 2879 contra
623 2852 746 2887 Arianae,
761 2861 786 2880 n.
801 2853 846 2887 59;
860 2852 992 2888 Epipban.

211 2881 312 2911 heres.
330 2891 423 2911 vaui.

1071 283 1130 302 cum
1149 277 1271 311 exemplo
1286 278 1427 307 Metrodori
1449 281 1611 316 philosophi,
1631 285 1676 318 qui
1699 285 1724 312 in
1741 286 1852 315 ulterio-

1072 330 1128 349 rem
1143 322 1243 350 lndiam
1255 325 1460 360 commigrarat,
1481 327 1573 355 dicunt
1589 329 1734 364 Meropium
1749 337 1850 360 tantam

1070 369 1221 402 suscepisse
1237 371 1446 405 navigationem.
1469 373 1613 402 Metrodori
1637 381 1725 403 autem
1748 378 1851 406 reditus

1070 413 1095 440 in
1112 421 1211 441 annum
1233 419 1262 442 ut
1282 416 1362 444 citius
1381 417 1432 444 524
1454 419 1570 446 conferri
1593 426 1718 455 oportere
1746 427 1850 450 certum

1068 463 1120 485 est.
1137 458 1201 485 Nam
1215 467 1247 487 ex
1268 459 1311 487 illa
1325 463 1540 497 peregrinatione
1556 472 1679 493 reversus
1692 485 1698 497 ,
1717 466 1851 494 Constan-

1069 505 1154 532 tinum
1171 504 1292 540 Byzantii
1308 507 1429 539 olfcndit,
1444 509 1487 536 cui
1503 518 1623 544 gemmas
1639 512 1804 547 uuionesque
1816 521 1850 540 ex

1069 550 1142 577 ludia
1157 552 1248 579 furtim
1274 553 1378 581 ablatas
1395 554 1465 582 dono
1479 556 1562 583 dedit.
1587 556 1636 589 Qui
1654 557 1849 585 Constantinus

1068 604 1139 625 anno
1154 601 1258 625 tantum
1272 598 1324 626 524
1336 599 1456 628 Orientis
1471 601 1584 636 imperio
1596 603 1708 637 politus,
1721 612 1773 631 non
1787 610 1850 632 ante

1067 643 1155 678 potuit
1174 643 1296 678 Byzantii
1317 646 1466 674 considere.
1487 646 1515 674 Si
1541 655 1604 675 vero
1629 649 1763 684 Meropius
1788 655 1848 685 post

1067 687 1211 716 Metrodori
1229 690 1344 717 reditum
1354 691 1492 725 profectus
1506 697 1556 725 est,
1574 701 1646 721 anno
1657 699 1719 729 puta
1737 694 1790 722 525
1807 695 1848 722 vel

1066 733 1127 766 526,
1148 734 1193 769 qui
1217 735 1334 769 poluerit
1361 735 1533 765 Frumentius
1551 739 1600 765 sub
1617 739 1723 765 initium
1744 740 1848 774 episco-

1065 784 1144 813 palus
1155 779 1296 808 Athanasii
1314 781 1504 810 Alexandriam
1519 784 1633 816 venisse,
1648 785 1703 819 qui,
1722 786 1758 812 uti
1776 786 1846 812 dixi«

1065 832 1125 851 mus
1141 832 1232 859 supra,
1255 833 1326 853 anno
1342 826 1393 854 5‘26
1407 827 1509 855 electus
1529 833 1570 856 est
1591 830 1751 864 episcopus?
1778 829 1847 858 Nam

1064 874 1163 904 praeter
1187 870 1251 898 illud
1283 871 1309 898 in
1334 873 1531 906 peregrinando
1561 873 1680 909 elapsum
1718 877 1847 910 temporis

1026 919 1047 946 B
1062 916 1186 950 spatium,
1206 924 1290 944 annos
1312 925 1376 944 sane
1400 917 1532 952 plurimos
1547 920 1634 954 egisse
1661 920 1846 948 Frumentium

1063 968 1173 988 necesse
1190 966 1248 994 est,
1275 962 1332 989 sive
1353 970 1413 990 cum
1439 963 1585 999 [Ethiopian
1603 972 1681 1000 rcge,
1698 967 1756 994 sive
1786 971 1847 1001 post

1062 1006 1219 1033 defunctum
1232 1014 1322 1042 regem
1337 1015 1398 1034 cum
1420 1009 1531 1043 regina,
1557 1001 1643 1045 usque
1668 1011 1731 1038 dum
1753 1011 1846 1039 adole-

1062 1051 1165 1079 vissent
1192 1052 1250 1080 lilii.
1280 1052 1352 1080 Sane
1380 1053 1401 1081 si
1429 1060 1555 1089 suscepta
1579 1055 1760 1090 peregrinatio
1786 1062 1846 1090 post

1062 1097 1206 1124 Metrodori
1227 1098 1342 1125 reditum
1366 1098 1426 1131 fuit,
1440 1099 1483 1126 vix
1502 1107 1572 1126 anno
1591 1099 1644 1127 340
1664 1105 1752 1135 potest
1774 1100 1845 1128 Fru-

1062 1143 1154 1170 mentii
1170 1143 1361 1171 Alexandriam
1379 1144 1516 1178 profectus
1538 1146 1692 1181 contigisse.
1707 1146 1795 1181 Atque
1807 1149 1844 1175 ita

1061 1195 1114 1215 non
1133 1188 1212 1223 paulo
1229 1193 1290 1222 post
1310 1188 1427 1216 electum
1447 1189 1628 1217 Athanasium
1653 1191 1844 1218 Alexandriam

1061 1233 1179 1267 venerit;
1200 1234 1246 1261 sed
1261 1233 1351 1260 multis
1363 1239 1424 1269 post
1442 1236 1531 1262 annis.
1549 1235 1646 1263 Verum
1665 1236 1708 1264 his
1721 1237 1845 1264 omnibus

1060 1279 1224 1311 occurritur,
1247 1280 1268 1307 si
1283 1279 1442 1314 Meropium,
1459 1288 1511 1308 non
1526 1287 1680 1316 exspectato
1699 1282 1843 1310 Metrodori

1060 1324 1157 1356 reditu,
1180 1324 1361 1359 Ethiopicum
1384 1326 1435 1353 iter
1471 1326 1619 1354 instituisse
1641 1327 1770 1355 dicamus.
1786 1327 1842 1355 Nec

1060 1369 1195 1404 quidpiam
1210 1369 1236 1396 in
1252 1369 1342 1398 Ruﬁni
1358 1371 1512 1399 narratione
1530 1378 1678 1407 comparet,
1697 1373 1768 1408 quod
1780 1373 1843 1401 huic

1059 1415 1198 1442 sententia
1212 1416 1380 1444 adversetur.
1405 1416 1433 1444 In
1455 1425 1554 1445 annum
1576 1426 1640 1454 ergo
1660 1420 1769 1447 circiter
1779 1421 1840 1453 350,

1058 1460 1101 1487 vel
1123 1460 1236 1489 fortasse
1260 1464 1400 1496 maturius,
1422 1463 1582 1491 conferenda
1605 1465 1751 1493 Frumentii
1773 1467 1843 1494 ordi-

1059 1506 1132 1532 natio
1140 1506 1256 1534 videtur.
1274 1506 1418 1536 Promotus
1429 1509 1473 1536 ille
1486 1510 1522 1537 ab
1538 1510 1687 1540 Athanasio
1698 1512 1723 1539 in
1738 1511 1842 1540 Ethio-

1059 1551 1108 1585 piae
1119 1551 1286 1587 episcopum,
1309 1559 1415 1588 gentem
1439 1555 1510 1583 illam
1529 1556 1628 1584 Christi
1644 1558 1842 1592 doctrinajillu-

1057 1597 1164 1637 stravit,
1184 1597 1294 1634 ejusque
1306 1600 1442 1634 apostolus
1462 1602 1555 1630 haberi
1569 1603 1675 1631 meruit.

1091 1643 1166 1671 Auno
1182 1651 1308 1672 cmctrss
1323 1646 1430 1674 551.-
1441 1647 1467 1674 l.
1485 1647 1613 1677 Eusebius
1626 1655 1736 1677 canatur
1747 1650 1840 1678 Arium

1057 1686 1246 1715 Alexandriam
1278 1691 1420 1718 remittere.
1456 1692 1610 1721 Meletianos
1638 1695 1688 1722 sibi
1723 1696 1838 1723 asciuit.

1054 1748 1090 1753 —
1103 1734 1234 1763 Eusebius
1252 1743 1333 1770 porro
1347 1742 1375 1765 et
1387 1739 1507 1774 asseclae,
1522 1741 1598 1774 pulso
1611 1741 1752 1770 Eustathio
1763 1747 1840 1771 caete-

1055 1780 1148 1815 risque
1174 1782 1231 1809 veri
1256 1783 1460 1818 defensoribus,
1489 1786 1522 1813 ad
1550 1787 1601 1815 hoc
1626 1795 1724 1816 nervos
1744 1797 1838 1818 omnes

1054 1826 1194 1855 industria:
1204 1829 1412 1863 contenderunt,
1421 1835 1450 1858 ut
1459 1832 1516 1861 Arii
1529 1832 1718 1861 Alexandriam
1735 1842 1839 1870 regres-

1053 1881 1112 1900 sum
1139 1874 1314 1909 impetrarent
1336 1876 1392 1912 (a);
1420 1885 1536 1913 cumque
1558 1880 1726 1908 occasionem
1750 1881 1788 1909 illi
1810 1886 1837 1909 et

1053 1927 1145 1946 ansam
1160 1921 1282 1956 gerendae
1305 1923 1343 1949 rei
1363 1924 1507 1958 percupide
1525 1925 1712 1959 observarent,
1735 1935 1835 1962 oppor-

1054 1969 1116 1992 tune
1131 1966 1230 1994 cecidit
1245 1972 1275 1995 ut
1290 1972 1343 1994 tum
1359 1968 1492 1996 Meletiani
1513 1977 1561 2004 per
1577 1970 1723 2006 [Egyptum
1741 1973 1833 2000 turbas

1052 2011 1157 2045 darent,
1183 2019 1216 2040 ac
1239 2018 1333 2040 contra
1349 2021 1428 2048 quam
1445 2015 1531 2042 fuerat
1551 2016 1577 2042 in
1603 2015 1710 2043 Nicaeus
1734 2018 1836 2053 synodo

1052 2056 1209 2090 deﬁnitum,
1235 2058 1316 2086 rebus
1336 2067 1397 2088 sese
1424 2060 1606 2089 immiscerent
1631 2062 1833 2091 ecclesiasticis.

1051 2101 1179 2131 Homines
1196 2104 1361 2133 Athanasius
1383 2106 1508 2140 precibus
1520 2126 1528 2139 ,
1544 2107 1738 2141 hortamentis,
1759 2116 1834 2137 com-

1051 2149 1241 2178 minatiOnibus
1264 2152 1297 2177 ad
1320 2151 1436 2178 ollicium
1473 2160 1598 2180 revocare
1624 2154 1834 2190 societatemque

1049 2194 1249 2222 communionis
1262 2195 1331 2222 inire
1344 2197 1475 2222 tentabat.
1494 2197 1530 2223 At
1553 2196 1753 2226 Meletianorum
1771 2207 1834 2234 pro-

1051 2240 1136 2267 tervia
1151 2239 1251 2268 frustra
1273 2241 1354 2268 cessit
1378 2248 1500 2270 conatus.
1519 2243 1558 2271 Re
1581 2249 1718 2280 comperta
1749 2246 1834 2275 Euse-

1051 2286 1121 2318 bius,
1140 2292 1195 2314 tum
1211 2286 1338 2316 factionis
1355 2296 1410 2316 suac
1429 2288 1507 2318 facile
1525 2290 1665 2326 princeps,
1692 2293 1775 2320 mittit
1798 2292 1832 2320 ad

1050 2331 1228 2366 Meletianos,
1261 2341 1329 2368 quos
1367 2336 1469 2371 magnis
1507 2336 1556 2364 sibi
1596 2337 1833 2371 pollicitationibus

1050 2378 1185 2413 devincit;
1215 2380 1337 2416 initaque
1369 2390 1429 2409 cum
1457 2382 1508 2410 illis
1531 2383 1680 2411 clanculum
1700 2384 1829 2417 amicitia,

1051 2424 1085 2451 de
1101 2425 1158 2452 Arii
1172 2426 1257 2453 reditu
1280 2428 1430 2457 constituit.
1442 2428 1584 2463 agendum.
1611 2429 1752 2464 Postquam
1766 2437 1832 2465 ergo

1049 2469 1124 2503 prius
1138 2470 1230 2497 Ariani
1244 2479 1303 2498 cum
1316 2471 1464 2500 Meletianis
1475 2473 1624 2501 simultates
1637 2479 1729 2509 aperte
1739 2482 1830 2510 gesse-

1051 2515 1171 2550 rant(b),
1199 2517 1243 2543 ubi
1262 2517 1436 2546 adverterunt
1458 2519 1563 2554 plebem
1586 2520 1725 2548 catholicis
1740 2528 1829 2548 sacer-

1050 2564 1157 2591 dotibus
1172 2572 1232 2592 esse
1248 2566 1381 2593 addictam
1393 2586 1400 2600 ,
1418 2567 1574 2594 stimulante
1591 2567 1684 2600 livore,
1697 2568 1828 2601 ejusmodi

1047 2609 1134 2638 l‘mdus
1150 2611 1220 2638 inter
1233 2619 1263 2639 se
1283 2612 1417 2645 inierunt,
1443 2621 1651 2649 communesque
1674 2614 1830 2641 inimicitias

1047 2663 1224 2691 susceperunt
1246 2658 1376 2686 adversus
1399 2659 1499 2687 clerum
1516 2659 1738 2687 Alexandrinum.
1763 2659 1827 2692 Quae

1047 2710 1091 2729 res
1109 2703 1178 2730 male
1192 2704 1272 2730 vertit
1290 2703 1438 2732 Meletianis
1456 2704 1490 2740 (ε)
1505 2715 1511 2732 :
1529 2712 1561 2731 ex
1578 2705 1739 2732 Arianorum
1755 2704 1827 2732 enim

1046 2748 1238 2775 consuetudine
1251 2753 1278 2776 et
1294 2749 1424 2776 societate
1446 2758 1516 2778 verae
1532 2751 1592 2778 tidei
1604 2751 1738 2786 iacturam
1754 2749 1824 2777 fere.

1045 2798 1118 2824 runt,
1137 2794 1234 2820 hausto
1250 2795 1349 2822 sensim
1365 2797 1466 2824 erroris
1484 2804 1606 2830 veneno,
1630 2798 1666 2826 ita
1685 2802 1715 2826 ut
1733 2801 1760 2825 et
1775 2796 1828 2832 ipsi

1084 2852 1121 2889 (ὁ)
1137 2852 1245 2889 solum.
1260 2853 1278 2879 l.
1294 2861 1322 2886 ll,
1340 2861 1399 2889 cap.
1415 2855 1460 2883 91.

1088 2888 1121 2924 (ε)
1140 2888 1238 2915 Athan.
1252 2888 1330 2921 ibid.,
1345 2888 1430 2918 "(60.
