  <div class='ocr_page' id='page_1' title='image "/cluster/home/n/w/nwhite01/storage/ocr_20150623/25/njp.32101010944591/082.png"; bbox 0 0 2000 3045; ppageno 0'>
   <div class='ocr_carea' id='block_1_1' title="bbox 786 137 1135 166">
    <p class='ocr_par' dir='ltr' id='par_1_1' title="bbox 786 137 1135 166">
     <span class='ocr_line' id='line_1_1' title="bbox 786 137 1135 166; baseline -0.006 0"><span class='ocrx_word' id='word_1_1' title='bbox 786 139 818 166; x_wconf 71' lang='lat' dir='ltr'><strong>Vl</strong></span> <span class='ocrx_word' id='word_1_2' title='bbox 828 139 867 165; x_wconf 76' lang='grc' dir='ltr'><strong>[Α</strong></span> <span class='ocrx_word' id='word_1_3' title='bbox 888 138 918 165; x_wconf 88' lang='lat' dir='ltr'><strong>S.</strong></span> <span class='ocrx_word' id='word_1_4' title='bbox 939 137 1135 166; x_wconf 83' lang='lat' dir='ltr'><strong>ATIIANASlI.</strong></span> 
     </span>
    </p>
   </div>
   <div class='ocr_carea' id='block_1_2' title="bbox 1686 144 1776 164">
    <p class='ocr_par' dir='ltr' id='par_1_2' title="bbox 1686 144 1776 164">
     <span class='ocr_line' id='line_1_2' title="bbox 1686 144 1776 164; baseline 0.022 -2"><span class='ocrx_word' id='word_1_5' title='bbox 1686 144 1776 164; x_wconf 68' lang='lat' dir='ltr'><strong>LXXVII</strong></span> 
     </span>
    </p>
   </div>
   <div class='ocr_carea' id='block_1_3' title="bbox 150 195 1776 238">
    <p class='ocr_par' dir='ltr' id='par_1_3' title="bbox 150 195 1776 238">
     <span class='ocr_line' id='line_1_3' title="bbox 150 195 1776 238; baseline -0.003 -8"><span class='ocrx_word' id='word_1_6' title='bbox 150 211 270 238; x_wconf 61' lang='grc' dir='ltr'><strong>ωειςερς.</strong></span> <span class='ocrx_word' id='word_1_7' title='bbox 287 202 378 229; x_wconf 88' lang='lat' dir='ltr'><strong>Ariani</strong></span> <span class='ocrx_word' id='word_1_8' title='bbox 401 202 455 229; x_wconf 88' lang='lat' dir='ltr'><strong>sint</strong></span> <span class='ocrx_word' id='word_1_9' title='bbox 475 200 614 236; x_wconf 79' lang='lat' dir='ltr'><strong>appellati.</strong></span> <span class='ocrx_word' id='word_1_10' title='bbox 642 199 698 227; x_wconf 91' lang='lat' dir='ltr'><strong>lloc</strong></span> <span class='ocrx_word' id='word_1_11' title='bbox 717 199 804 234; x_wconf 77' lang='lat' dir='ltr'><strong>juncti</strong></span> <span class='ocrx_word' id='word_1_12' title='bbox 827 199 941 229; x_wconf 73' lang='lat' dir='ltr'><strong>ftedere.</strong></span> <span class='ocrx_word' id='word_1_13' title='bbox 958 197 1067 227; x_wconf 74' lang='lat' dir='ltr'><strong>ANova</strong></span> <span class='ocrx_word' id='word_1_14' title='bbox 1094 205 1138 224; x_wconf 87' lang='lat' dir='ltr'><strong>res</strong></span> <span class='ocrx_word' id='word_1_15' title='bbox 1163 202 1243 232; x_wconf 79' lang='lat' dir='ltr'><strong>atque.</strong></span> <span class='ocrx_word' id='word_1_16' title='bbox 1267 196 1425 224; x_wconf 85' lang='lat' dir='ltr'><strong>admiranda</strong></span> <span class='ocrx_word' id='word_1_17' title='bbox 1456 195 1613 230; x_wconf 74' lang='lat' dir='ltr'><strong>imperatori</strong></span> <span class='ocrx_word' id='word_1_18' title='bbox 1643 195 1699 222; x_wconf 87' lang='lat' dir='ltr'><strong>visa</strong></span> <span class='ocrx_word' id='word_1_19' title='bbox 1724 201 1776 225; x_wconf 80' lang='lat' dir='ltr'><strong>est.</strong></span> 
     </span>
    </p>
   </div>
   <div class='ocr_carea' id='block_1_4' title="bbox 149 245 938 283">
    <p class='ocr_par' dir='ltr' id='par_1_4' title="bbox 149 245 938 283">
     <span class='ocr_line' id='line_1_4' title="bbox 149 245 938 283; baseline -0.006 -7"><span class='ocrx_word' id='word_1_20' title='bbox 149 257 259 283; x_wconf 83' lang='lat' dir='ltr'><strong>operam</strong></span> <span class='ocrx_word' id='word_1_21' title='bbox 275 248 346 275; x_wconf 88' lang='lat' dir='ltr'><strong>inter</strong></span> <span class='ocrx_word' id='word_1_22' title='bbox 357 256 386 275; x_wconf 82' lang='lat' dir='ltr'><strong>se</strong></span> <span class='ocrx_word' id='word_1_23' title='bbox 398 248 563 278; x_wconf 80' lang='lat' dir='ltr'><strong>diviserunt;</strong></span> <span class='ocrx_word' id='word_1_24' title='bbox 579 251 607 273; x_wconf 95' lang='lat' dir='ltr'><strong>ut</strong></span> <span class='ocrx_word' id='word_1_25' title='bbox 622 245 755 273; x_wconf 85' lang='lat' dir='ltr'><strong>Meletiani</strong></span> <span class='ocrx_word' id='word_1_26' title='bbox 772 245 938 273; x_wconf 81' lang='lat' dir='ltr'><strong>callidissimi</strong></span> 
     </span>
    </p>
   </div>
   <div class='ocr_carea' id='block_1_5' title="bbox 151 291 939 326">
    <p class='ocr_par' dir='ltr' id='par_1_5' title="bbox 151 291 939 326">
     <span class='ocr_line' id='line_1_5' title="bbox 151 291 939 326; baseline -0.006 -4"><span class='ocrx_word' id='word_1_27' title='bbox 151 296 275 322; x_wconf 83' lang='lat' dir='ltr'><strong>homines</strong></span> <span class='ocrx_word' id='word_1_28' title='bbox 290 298 318 321; x_wconf 90' lang='lat' dir='ltr'><strong>et</strong></span> <span class='ocrx_word' id='word_1_29' title='bbox 339 293 371 320; x_wconf 87' lang='lat' dir='ltr'><strong>ad</strong></span> <span class='ocrx_word' id='word_1_30' title='bbox 394 292 544 320; x_wconf 84' lang='lat' dir='ltr'><strong>calumnias</strong></span> <span class='ocrx_word' id='word_1_31' title='bbox 562 299 668 326; x_wconf 82' lang='lat' dir='ltr'><strong>semper</strong></span> <span class='ocrx_word' id='word_1_32' title='bbox 684 291 785 326; x_wconf 85' lang='lat' dir='ltr'><strong>parati,</strong></span> <span class='ocrx_word' id='word_1_33' title='bbox 813 299 861 324; x_wconf 89' lang='lat' dir='ltr'><strong>pro</strong></span> <span class='ocrx_word' id='word_1_34' title='bbox 883 291 939 317; x_wconf 86' lang='lat' dir='ltr'><strong>suis</strong></span> 
     </span>
    </p>
   </div>
   <div class='ocr_carea' id='block_1_6' title="bbox 151 336 936 375">
    <p class='ocr_par' dir='ltr' id='par_1_6' title="bbox 151 336 936 375">
     <span class='ocr_line' id='line_1_6' title="bbox 151 336 936 375; baseline -0.006 -8"><span class='ocrx_word' id='word_1_35' title='bbox 151 341 273 375; x_wconf 82' lang='lat' dir='ltr'><strong>partibus</strong></span> <span class='ocrx_word' id='word_1_36' title='bbox 287 339 432 366; x_wconf 87' lang='lat' dir='ltr'><strong>criminum</strong></span> <span class='ocrx_word' id='word_1_37' title='bbox 445 337 635 365; x_wconf 86' lang='lat' dir='ltr'><strong>confictionem</strong></span> <span class='ocrx_word' id='word_1_38' title='bbox 653 338 830 371; x_wconf 84' lang='lat' dir='ltr'><strong>susciperent,</strong></span> <span class='ocrx_word' id='word_1_39' title='bbox 846 336 936 363; x_wconf 85' lang='lat' dir='ltr'><strong>Ariani</strong></span> 
     </span>
    </p>
   </div>
   <div class='ocr_carea' id='block_1_7' title="bbox 151 382 935 420">
    <p class='ocr_par' dir='ltr' id='par_1_7' title="bbox 151 382 935 420">
     <span class='ocr_line' id='line_1_7' title="bbox 151 382 935 420; baseline -0.006 -6"><span class='ocrx_word' id='word_1_40' title='bbox 151 395 228 420; x_wconf 83' lang='lat' dir='ltr'><strong>vero,</strong></span> <span class='ocrx_word' id='word_1_41' title='bbox 259 385 472 413; x_wconf 85' lang='lat' dir='ltr'><strong>Eusebianorum</strong></span> <span class='ocrx_word' id='word_1_42' title='bbox 504 385 591 419; x_wconf 82' lang='lat' dir='ltr'><strong>gratia</strong></span> <span class='ocrx_word' id='word_1_43' title='bbox 619 389 646 410; x_wconf 87' lang='lat' dir='ltr'><strong>et</strong></span> <span class='ocrx_word' id='word_1_44' title='bbox 674 383 834 411; x_wconf 90' lang='lat' dir='ltr'><strong>auctoritate</strong></span> <span class='ocrx_word' id='word_1_45' title='bbox 861 382 935 414; x_wconf 89' lang='lat' dir='ltr'><strong>freti,</strong></span> 
     </span>
    </p>
   </div>
   <div class='ocr_carea' id='block_1_8' title="bbox 145 429 726 468">
    <p class='ocr_par' dir='ltr' id='par_1_8' title="bbox 145 429 726 468">
     <span class='ocr_line' id='line_1_8' title="bbox 145 429 726 468; baseline -0.007 -8"><span class='ocrx_word' id='word_1_46' title='bbox 145 433 241 468; x_wconf 87' lang='lat' dir='ltr'><strong>judicii</strong></span> <span class='ocrx_word' id='word_1_47' title='bbox 259 432 363 460; x_wconf 88' lang='lat' dir='ltr'><strong>ferendi</strong></span> <span class='ocrx_word' id='word_1_48' title='bbox 379 432 428 459; x_wconf 85' lang='lat' dir='ltr'><strong>sibi</strong></span> <span class='ocrx_word' id='word_1_49' title='bbox 445 435 535 465; x_wconf 89' lang='lat' dir='ltr'><strong>partes</strong></span> <span class='ocrx_word' id='word_1_50' title='bbox 549 429 726 456; x_wconf 84' lang='lat' dir='ltr'><strong>vindicarent.</strong></span> 
     </span>
    </p>
   </div>
   <div class='ocr_carea' id='block_1_9' title="bbox 184 474 935 506">
    <p class='ocr_par' dir='ltr' id='par_1_9' title="bbox 184 474 935 506">
     <span class='ocr_line' id='line_1_9' title="bbox 184 474 935 506; baseline -0.005 -2"><span class='ocrx_word' id='word_1_51' title='bbox 184 478 211 506; x_wconf 77' lang='grc'><strong>2.</strong></span> <span class='ocrx_word' id='word_1_52' title='bbox 227 478 333 504; x_wconf 74' lang='lat' dir='ltr'><strong>Eusebii</strong></span> <span class='ocrx_word' id='word_1_53' title='bbox 350 477 489 503; x_wconf 66' lang='lat' dir='ltr'><strong>calumnia:</strong></span> <span class='ocrx_word' id='word_1_54' title='bbox 502 476 529 502; x_wconf 71' lang='lat' dir='ltr'><strong>in</strong></span> <span class='ocrx_word' id='word_1_55' title='bbox 545 475 732 502; x_wconf 79' lang='lat' dir='ltr'><strong>Athanasium.</strong></span> <span class='ocrx_word' id='word_1_56' title='bbox 746 474 825 501; x_wconf 76' lang='lat' dir='ltr'><strong>Arius</strong></span> <span class='ocrx_word' id='word_1_57' title='bbox 843 480 865 500; x_wconf 82' lang='lat' dir='ltr'><strong>el</strong></span> <span class='ocrx_word' id='word_1_58' title='bbox 881 474 935 500; x_wconf 85' lang='lat' dir='ltr'><strong>Eu-</strong></span> 
     </span>
    </p>
   </div>
   <div class='ocr_carea' id='block_1_10' title="bbox 148 519 935 555">
    <p class='ocr_par' dir='ltr' id='par_1_10' title="bbox 148 519 935 555">
     <span class='ocr_line' id='line_1_10' title="bbox 148 519 935 555; baseline -0.004 -6"><span class='ocrx_word' id='word_1_59' title='bbox 148 523 222 549; x_wconf 75' lang='lat' dir='ltr'><strong>zoiua</strong></span> <span class='ocrx_word' id='word_1_60' title='bbox 238 522 351 549; x_wconf 82' lang='lat' dir='ltr'><strong>libellum</strong></span> <span class='ocrx_word' id='word_1_61' title='bbox 365 522 425 555; x_wconf 78' lang='lat' dir='ltr'><strong>ﬁdei</strong></span> <span class='ocrx_word' id='word_1_62' title='bbox 435 521 546 555; x_wconf 72' lang='lat' dir='ltr'><strong>offerunt</strong></span> <span class='ocrx_word' id='word_1_63' title='bbox 558 520 782 547; x_wconf 75' lang='lat' dir='ltr'><strong>Constantina.—</strong></span> <span class='ocrx_word' id='word_1_64' title='bbox 790 519 822 546; x_wconf 90' lang='lat' dir='ltr'><strong>Et</strong></span> <span class='ocrx_word' id='word_1_65' title='bbox 834 520 935 555; x_wconf 84' lang='lat' dir='ltr'><strong>princi-</strong></span> 
     </span>
    </p>
   </div>
   <div class='ocr_carea' id='block_1_11' title="bbox 147 566 933 603">
    <p class='ocr_par' dir='ltr' id='par_1_11' title="bbox 147 566 933 603">
     <span class='ocr_line' id='line_1_11' title="bbox 147 566 933 603; baseline -0.004 -9"><span class='ocrx_word' id='word_1_66' title='bbox 147 569 194 603; x_wconf 83' lang='lat' dir='ltr'><strong>pio</strong></span> <span class='ocrx_word' id='word_1_67' title='bbox 215 568 321 602; x_wconf 89' lang='lat' dir='ltr'><strong>quidem</strong></span> <span class='ocrx_word' id='word_1_68' title='bbox 347 567 479 594; x_wconf 86' lang='lat' dir='ltr'><strong>Eusebius</strong></span> <span class='ocrx_word' id='word_1_69' title='bbox 502 566 643 593; x_wconf 78' lang='lat' dir='ltr'><strong>Athanasii</strong></span> <span class='ocrx_word' id='word_1_70' title='bbox 667 567 786 593; x_wconf 87' lang='lat' dir='ltr'><strong>animum</strong></span> <span class='ocrx_word' id='word_1_71' title='bbox 809 567 933 598; x_wconf 76' lang='lat' dir='ltr'><strong>tentavit,</strong></span> 
     </span>
    </p>
   </div>
   <div class='ocr_carea' id='block_1_12' title="bbox 147 611 934 647">
    <p class='ocr_par' dir='ltr' id='par_1_12' title="bbox 147 611 934 647">
     <span class='ocr_line' id='line_1_12' title="bbox 147 611 934 647; baseline 0 -9"><span class='ocrx_word' id='word_1_72' title='bbox 147 612 344 646; x_wconf 84' lang='lat' dir='ltr'><strong>optatissimum</strong></span> <span class='ocrx_word' id='word_1_73' title='bbox 364 612 414 639; x_wconf 83' lang='lat' dir='ltr'><strong>sibi</strong></span> <span class='ocrx_word' id='word_1_74' title='bbox 431 617 529 647; x_wconf 89' lang='lat' dir='ltr'><strong>putans</strong></span> <span class='ocrx_word' id='word_1_75' title='bbox 541 619 601 638; x_wconf 87' lang='lat' dir='ltr'><strong>esse</strong></span> <span class='ocrx_word' id='word_1_76' title='bbox 611 611 660 647; x_wconf 81' lang='grc' dir='ltr'>(ιι),</span> <span class='ocrx_word' id='word_1_77' title='bbox 676 619 708 639; x_wconf 91' lang='lat' dir='ltr'><strong>ac</strong></span> <span class='ocrx_word' id='word_1_78' title='bbox 721 611 801 638; x_wconf 88' lang='lat' dir='ltr'><strong>rebus</strong></span> <span class='ocrx_word' id='word_1_79' title='bbox 820 611 934 638; x_wconf 85' lang='lat' dir='ltr'><strong>Ariano-</strong></span> 
     </span>
    </p>
   </div>
   <div class='ocr_carea' id='block_1_13' title="bbox 146 657 932 693">
    <p class='ocr_par' dir='ltr' id='par_1_13' title="bbox 146 657 932 693">
     <span class='ocr_line' id='line_1_13' title="bbox 146 657 932 693; baseline 0 -9"><span class='ocrx_word' id='word_1_80' title='bbox 146 666 207 685; x_wconf 85' lang='lat' dir='ltr'><strong>rum</strong></span> <span class='ocrx_word' id='word_1_81' title='bbox 220 658 347 693; x_wconf 79' lang='lat' dir='ltr'><strong>augendis</strong></span> <span class='ocrx_word' id='word_1_82' title='bbox 363 657 609 684; x_wconf 88' lang='lat' dir='ltr'><strong>commodissimmn</strong></span> <span class='ocrx_word' id='word_1_83' title='bbox 622 677 630 689; x_wconf 83' lang='lat'><strong>,</strong></span> <span class='ocrx_word' id='word_1_84' title='bbox 645 657 667 684; x_wconf 88' lang='lat' dir='ltr'><strong>si</strong></span> <span class='ocrx_word' id='word_1_85' title='bbox 684 662 773 684; x_wconf 90' lang='lat' dir='ltr'><strong>tantus</strong></span> <span class='ocrx_word' id='word_1_86' title='bbox 788 657 831 685; x_wconf 91' lang='lat' dir='ltr'><strong>ille</strong></span> <span class='ocrx_word' id='word_1_87' title='bbox 845 658 886 684; x_wconf 94' lang='lat' dir='ltr'><strong>vir</strong></span> <span class='ocrx_word' id='word_1_88' title='bbox 899 659 932 684; x_wconf 86' lang='lat' dir='ltr'><strong>ad</strong></span> 
     </span>
    </p>
   </div>
   <div class='ocr_carea' id='block_1_14' title="bbox 147 702 931 738">
    <p class='ocr_par' dir='ltr' id='par_1_14' title="bbox 147 702 931 738">
     <span class='ocr_line' id='line_1_14' title="bbox 147 702 931 738; baseline -0.001 -8"><span class='ocrx_word' id='word_1_89' title='bbox 147 711 240 730; x_wconf 84' lang='lat' dir='ltr'><strong>eorum</strong></span> <span class='ocrx_word' id='word_1_90' title='bbox 264 707 355 738; x_wconf 82' lang='lat' dir='ltr'><strong>partes</strong></span> <span class='ocrx_word' id='word_1_91' title='bbox 378 703 535 736; x_wconf 77' lang='lat' dir='ltr'><strong>accederet;</strong></span> <span class='ocrx_word' id='word_1_92' title='bbox 562 710 593 730; x_wconf 90' lang='lat' dir='ltr'><strong>ac</strong></span> <span class='ocrx_word' id='word_1_93' title='bbox 620 702 717 730; x_wconf 79' lang='lat' dir='ltr'><strong>litteris</strong></span> <span class='ocrx_word' id='word_1_94' title='bbox 741 703 848 737; x_wconf 82' lang='lat' dir='ltr'><strong>quidem</strong></span> <span class='ocrx_word' id='word_1_95' title='bbox 875 704 931 730; x_wconf 87' lang='lat' dir='ltr'><strong>suis</strong></span> 
     </span>
    </p>
   </div>
   <div class='ocr_carea' id='block_1_15' title="bbox 147 749 931 785">
    <p class='ocr_par' dir='ltr' id='par_1_15' title="bbox 147 749 931 785">
     <span class='ocr_line' id='line_1_15' title="bbox 147 749 931 785; baseline -0.003 -9"><span class='ocrx_word' id='word_1_96' title='bbox 147 750 259 785; x_wconf 84' lang='lat' dir='ltr'><strong>rogabat</strong></span> <span class='ocrx_word' id='word_1_97' title='bbox 281 750 392 777; x_wconf 83' lang='lat' dir='ltr'><strong>Arianis</strong></span> <span class='ocrx_word' id='word_1_98' title='bbox 420 750 538 782; x_wconf 85' lang='lat' dir='ltr'><strong>aditum,</strong></span> <span class='ocrx_word' id='word_1_99' title='bbox 568 749 699 775; x_wconf 88' lang='lat' dir='ltr'><strong>tabellarii</strong></span> <span class='ocrx_word' id='word_1_100' title='bbox 734 753 822 775; x_wconf 88' lang='lat' dir='ltr'><strong>autem</strong></span> <span class='ocrx_word' id='word_1_101' title='bbox 850 755 931 782; x_wconf 84' lang='lat' dir='ltr'><strong>opera</strong></span> 
     </span>
    </p>
   </div>
   <div class='ocr_carea' id='block_1_16' title="bbox 146 794 932 828">
    <p class='ocr_par' dir='ltr' id='par_1_16' title="bbox 146 794 932 828">
     <span class='ocr_line' id='line_1_16' title="bbox 146 794 932 828; baseline -0.004 -5"><span class='ocrx_word' id='word_1_102' title='bbox 146 795 374 823; x_wconf 81' lang='lat' dir='ltr'><strong>lnterminabatur</strong></span> <span class='ocrx_word' id='word_1_103' title='bbox 387 795 490 822; x_wconf 88' lang='lat' dir='ltr'><strong>insidiis</strong></span> <span class='ocrx_word' id='word_1_104' title='bbox 507 795 684 828; x_wconf 87' lang='lat' dir='ltr'><strong>appetendmn</strong></span> <span class='ocrx_word' id='word_1_105' title='bbox 701 794 774 826; x_wconf 87' lang='lat' dir='ltr'><strong>fore,</strong></span> <span class='ocrx_word' id='word_1_106' title='bbox 796 794 844 821; x_wconf 87' lang='lat' dir='ltr'><strong>nisi</strong></span> <span class='ocrx_word' id='word_1_107' title='bbox 866 802 932 820; x_wconf 88' lang='lat' dir='ltr'><strong>con-</strong></span> 
     </span>
    </p>
   </div>
   <div class='ocr_carea' id='block_1_17' title="bbox 144 839 929 876">
    <p class='ocr_par' dir='ltr' id='par_1_17' title="bbox 144 839 929 876">
     <span class='ocr_line' id='line_1_17' title="bbox 144 839 929 876; baseline -0.003 -7"><span class='ocrx_word' id='word_1_108' title='bbox 144 843 256 869; x_wconf 79' lang='lat' dir='ltr'><strong>cederet</strong></span> <span class='ocrx_word' id='word_1_109' title='bbox 277 841 448 876; x_wconf 84' lang='lat' dir='ltr'><strong>postulatum.</strong></span> <span class='ocrx_word' id='word_1_110' title='bbox 473 839 574 867; x_wconf 79' lang='lat' dir='ltr'><strong>Verum</strong></span> <span class='ocrx_word' id='word_1_111' title='bbox 610 841 787 873; x_wconf 70' lang='lat' dir='ltr'><strong>Athanasius,</strong></span> <span class='ocrx_word' id='word_1_112' title='bbox 814 840 858 867; x_wconf 93' lang='lat' dir='ltr'><strong>ubi</strong></span> <span class='ocrx_word' id='word_1_113' title='bbox 887 848 929 867; x_wconf 89' lang='lat' dir='ltr'><strong>res</strong></span> 
     </span>
    </p>
   </div>
   <div class='ocr_carea' id='block_1_18' title="bbox 145 886 930 922">
    <p class='ocr_par' dir='ltr' id='par_1_18' title="bbox 145 886 930 922">
     <span class='ocr_line' id='line_1_18' title="bbox 145 886 930 922; baseline -0.003 -8"><span class='ocrx_word' id='word_1_114' title='bbox 145 888 280 922; x_wconf 75' lang='lat' dir='ltr'><strong>agebatur</strong></span> <span class='ocrx_word' id='word_1_115' title='bbox 295 887 477 914; x_wconf 84' lang='lat' dir='ltr'><strong>ecclesiastica</strong></span> <span class='ocrx_word' id='word_1_116' title='bbox 492 886 691 918; x_wconf 81' lang='lat' dir='ltr'><strong>labefactanda,</strong></span> <span class='ocrx_word' id='word_1_117' title='bbox 717 894 765 913; x_wconf 89' lang='lat' dir='ltr'><strong>nec</strong></span> <span class='ocrx_word' id='word_1_118' title='bbox 780 887 860 913; x_wconf 89' lang='lat' dir='ltr'><strong>minis</strong></span> <span class='ocrx_word' id='word_1_119' title='bbox 880 894 930 913; x_wconf 85' lang='lat' dir='ltr'><strong>nec</strong></span> 
     </span>
    </p>
   </div>
   <div class='ocr_carea' id='block_1_19' title="bbox 143 931 930 968">
    <p class='ocr_par' dir='ltr' id='par_1_19' title="bbox 143 931 930 968">
     <span class='ocr_line' id='line_1_19' title="bbox 143 931 930 968; baseline -0.003 -8"><span class='ocrx_word' id='word_1_120' title='bbox 143 933 271 968; x_wconf 74' lang='lat' dir='ltr'><strong>precibus</strong></span> <span class='ocrx_word' id='word_1_121' title='bbox 294 939 474 967; x_wconf 84' lang='lat' dir='ltr'><strong>opportunus,</strong></span> <span class='ocrx_word' id='word_1_122' title='bbox 491 932 588 966; x_wconf 90' lang='lat' dir='ltr'><strong>optatis</strong></span> <span class='ocrx_word' id='word_1_123' title='bbox 613 931 719 959; x_wconf 83' lang='lat' dir='ltr'><strong>Eusebii</strong></span> <span class='ocrx_word' id='word_1_124' title='bbox 741 932 858 959; x_wconf 87' lang='lat' dir='ltr'><strong>abnuit:</strong></span> <span class='ocrx_word' id='word_1_125' title='bbox 882 940 930 959; x_wconf 92' lang='lat' dir='ltr'><strong>nec</strong></span> 
     </span>
    </p>
   </div>
   <div class='ocr_carea' id='block_1_20' title="bbox 143 970 928 1010">
    <p class='ocr_par' dir='ltr' id='par_1_20' title="bbox 143 970 928 1010">
     <span class='ocr_line' id='line_1_20' title="bbox 143 970 928 1010; baseline -0.004 -3"><span class='ocrx_word' id='word_1_126' title='bbox 143 979 225 1007; x_wconf 91' lang='lat' dir='ltr'><strong>modo</strong></span> <span class='ocrx_word' id='word_1_127' title='bbox 236 977 343 1006; x_wconf 74' lang='lat' dir='ltr'><strong>Arianis</strong></span> <span class='ocrx_word' id='word_1_128' title='bbox 357 975 408 1005; x_wconf 82' lang='lat' dir='ltr'><strong>non&#39;</strong></span> <span class='ocrx_word' id='word_1_129' title='bbox 420 970 521 1005; x_wconf 85' lang='lat' dir='ltr'><strong>aditum</strong></span> <span class='ocrx_word' id='word_1_130' title='bbox 534 978 679 1010; x_wconf 84' lang='lat' dir='ltr'><strong>concessit,</strong></span> <span class='ocrx_word' id='word_1_131' title='bbox 694 985 788 1005; x_wconf 90' lang='lat' dir='ltr'><strong>verum</strong></span> <span class='ocrx_word' id='word_1_132' title='bbox 801 978 882 1005; x_wconf 86' lang='lat' dir='ltr'><strong>etiam</strong></span> <span class='ocrx_word' id='word_1_133' title='bbox 903 979 928 1005; x_wconf 93' lang='lat' dir='ltr'><strong>in</strong></span> 
     </span>
    </p>
   </div>
   <div class='ocr_carea' id='block_1_21' title="bbox 142 1023 928 1058">
    <p class='ocr_par' dir='ltr' id='par_1_21' title="bbox 142 1023 928 1058">
     <span class='ocr_line' id='line_1_21' title="bbox 142 1023 928 1058; baseline -0.003 -6"><span class='ocrx_word' id='word_1_134' title='bbox 142 1032 236 1052; x_wconf 90' lang='lat' dir='ltr'><strong>eorum</strong></span> <span class='ocrx_word' id='word_1_135' title='bbox 257 1025 352 1052; x_wconf 56' lang='lat' dir='ltr'><strong>haeresi</strong></span> <span class='ocrx_word' id='word_1_136' title='bbox 369 1024 543 1058; x_wconf 80' lang='lat' dir='ltr'><strong>exstirpanda</strong></span> <span class='ocrx_word' id='word_1_137' title='bbox 559 1031 649 1058; x_wconf 66' lang='lat' dir='ltr'><strong>opera:</strong></span> <span class='ocrx_word' id='word_1_138' title='bbox 664 1030 770 1058; x_wconf 86' lang='lat' dir='ltr'><strong>semper</strong></span> <span class='ocrx_word' id='word_1_139' title='bbox 786 1023 928 1058; x_wconf 92' lang='lat' dir='ltr'><strong>plurimum</strong></span> 
     </span>
    </p>
   </div>
   <div class='ocr_carea' id='block_1_22' title="bbox 142 1069 930 1105">
    <p class='ocr_par' dir='ltr' id='par_1_22' title="bbox 142 1069 930 1105">
     <span class='ocr_line' id='line_1_22' title="bbox 142 1069 930 1105; baseline -0.003 -8"><span class='ocrx_word' id='word_1_140' title='bbox 142 1071 279 1105; x_wconf 82' lang='lat' dir='ltr'><strong>studiique</strong></span> <span class='ocrx_word' id='word_1_141' title='bbox 292 1070 470 1104; x_wconf 86' lang='lat' dir='ltr'><strong>consumpsit.</strong></span> <span class='ocrx_word' id='word_1_142' title='bbox 495 1069 559 1101; x_wconf 72' lang='lat' dir='ltr'><strong>Qua:</strong></span> <span class='ocrx_word' id='word_1_143' title='bbox 579 1077 621 1096; x_wconf 90' lang='lat' dir='ltr'><strong>res</strong></span> <span class='ocrx_word' id='word_1_144' title='bbox 635 1069 743 1096; x_wconf 86' lang='lat' dir='ltr'><strong>Eusebii</strong></span> <span class='ocrx_word' id='word_1_145' title='bbox 765 1073 792 1096; x_wconf 90' lang='lat' dir='ltr'><strong>et</strong></span> <span class='ocrx_word' id='word_1_146' title='bbox 813 1073 930 1096; x_wconf 87' lang='lat' dir='ltr'><strong>sectato-</strong></span> 
     </span>
    </p>
   </div>
   <div class='ocr_carea' id='block_1_23' title="bbox 142 1113 930 1150">
    <p class='ocr_par' dir='ltr' id='par_1_23' title="bbox 142 1113 930 1150">
     <span class='ocr_line' id='line_1_23' title="bbox 142 1113 930 1150; baseline -0.004 -7"><span class='ocrx_word' id='word_1_147' title='bbox 142 1124 201 1143; x_wconf 85' lang='lat' dir='ltr'><strong>rum</strong></span> <span class='ocrx_word' id='word_1_148' title='bbox 227 1115 285 1150; x_wconf 84' lang='lat' dir='ltr'><strong>ejus</strong></span> <span class='ocrx_word' id='word_1_149' title='bbox 314 1115 433 1142; x_wconf 88' lang='lat' dir='ltr'><strong>animum</strong></span> <span class='ocrx_word' id='word_1_150' title='bbox 462 1114 631 1149; x_wconf 78' lang='lat' dir='ltr'><strong>exasperavit</strong></span> <span class='ocrx_word' id='word_1_151' title='bbox 658 1115 684 1141; x_wconf 93' lang='lat' dir='ltr'><strong>in</strong></span> <span class='ocrx_word' id='word_1_152' title='bbox 708 1114 866 1141; x_wconf 89' lang='lat' dir='ltr'><strong>antistitem.</strong></span> <span class='ocrx_word' id='word_1_153' title='bbox 898 1113 930 1140; x_wconf 89' lang='lat' dir='ltr'><strong>Et</strong></span> 
     </span>
    </p>
   </div>
   <div class='ocr_carea' id='block_1_24' title="bbox 142 1159 929 1195">
    <p class='ocr_par' dir='ltr' id='par_1_24' title="bbox 142 1159 929 1195">
     <span class='ocr_line' id='line_1_24' title="bbox 142 1159 929 1195; baseline -0.004 -7"><span class='ocrx_word' id='word_1_154' title='bbox 142 1161 290 1195; x_wconf 84' lang='lat' dir='ltr'><strong>conspicati</strong></span> <span class='ocrx_word' id='word_1_155' title='bbox 307 1168 358 1187; x_wconf 91' lang='lat' dir='ltr'><strong>non</strong></span> <span class='ocrx_word' id='word_1_156' title='bbox 380 1167 459 1194; x_wconf 80' lang='lat' dir='ltr'><strong>posse</strong></span> <span class='ocrx_word' id='word_1_157' title='bbox 478 1160 564 1186; x_wconf 87' lang='lat' dir='ltr'><strong>virum</strong></span> <span class='ocrx_word' id='word_1_158' title='bbox 588 1159 622 1186; x_wconf 94' lang='lat' dir='ltr'><strong>ab</strong></span> <span class='ocrx_word' id='word_1_159' title='bbox 645 1159 769 1186; x_wconf 80' lang='lat' dir='ltr'><strong>instituto</strong></span> <span class='ocrx_word' id='word_1_160' title='bbox 795 1159 929 1191; x_wconf 87' lang='lat' dir='ltr'><strong>revocari,</strong></span> 
     </span>
    </p>
   </div>
   <div class='ocr_carea' id='block_1_25' title="bbox 141 1205 930 1241">
    <p class='ocr_par' dir='ltr' id='par_1_25' title="bbox 141 1205 930 1241">
     <span class='ocr_line' id='line_1_25' title="bbox 141 1205 930 1241; baseline -0.003 -7"><span class='ocrx_word' id='word_1_161' title='bbox 141 1207 336 1241; x_wconf 89' lang='lat' dir='ltr'><strong>promotionem</strong></span> <span class='ocrx_word' id='word_1_162' title='bbox 359 1206 416 1240; x_wconf 85' lang='lat' dir='ltr'><strong>ejus</strong></span> <span class='ocrx_word' id='word_1_163' title='bbox 437 1206 464 1233; x_wconf 94' lang='lat' dir='ltr'><strong>in</strong></span> <span class='ocrx_word' id='word_1_164' title='bbox 482 1205 574 1233; x_wconf 85' lang='lat' dir='ltr'><strong>sedem</strong></span> <span class='ocrx_word' id='word_1_165' title='bbox 597 1205 777 1239; x_wconf 86' lang='lat' dir='ltr'><strong>episcopalem</strong></span> <span class='ocrx_word' id='word_1_166' title='bbox 810 1205 835 1232; x_wconf 91' lang='lat' dir='ltr'><strong>in</strong></span> <span class='ocrx_word' id='word_1_167' title='bbox 859 1205 930 1232; x_wconf 90' lang='lat' dir='ltr'><strong>invi-</strong></span> 
     </span>
    </p>
   </div>
   <div class='ocr_carea' id='block_1_26' title="bbox 141 1251 929 1287">
    <p class='ocr_par' dir='ltr' id='par_1_26' title="bbox 141 1251 929 1287">
     <span class='ocr_line' id='line_1_26' title="bbox 141 1251 929 1287; baseline -0.003 -7"><span class='ocrx_word' id='word_1_168' title='bbox 141 1253 214 1280; x_wconf 87' lang='lat' dir='ltr'><strong>diam</strong></span> <span class='ocrx_word' id='word_1_169' title='bbox 225 1256 339 1286; x_wconf 88' lang='lat' dir='ltr'><strong>vocant;</strong></span> <span class='ocrx_word' id='word_1_170' title='bbox 353 1252 490 1286; x_wconf 75' lang='lat' dir='ltr'><strong>iuniorem</strong></span> <span class='ocrx_word' id='word_1_171' title='bbox 499 1260 548 1287; x_wconf 93' lang='lat' dir='ltr'><strong>pro</strong></span> <span class='ocrx_word' id='word_1_172' title='bbox 559 1258 634 1280; x_wconf 87' lang='lat' dir='ltr'><strong>tanto</strong></span> <span class='ocrx_word' id='word_1_173' title='bbox 646 1259 768 1284; x_wconf 87' lang='lat' dir='ltr'><strong>munere,</strong></span> <span class='ocrx_word' id='word_1_174' title='bbox 779 1251 929 1286; x_wconf 86' lang='lat' dir='ltr'><strong>indignum,</strong></span> 
     </span>
    </p>
   </div>
   <div class='ocr_carea' id='block_1_27' title="bbox 142 1297 930 1332">
    <p class='ocr_par' dir='ltr' id='par_1_27' title="bbox 142 1297 930 1332">
     <span class='ocr_line' id='line_1_27' title="bbox 142 1297 930 1332; baseline -0.001 -8"><span class='ocrx_word' id='word_1_175' title='bbox 142 1298 178 1324; x_wconf 93' lang='lat' dir='ltr'><strong>ab</strong></span> <span class='ocrx_word' id='word_1_176' title='bbox 198 1297 326 1332; x_wconf 85' lang='lat' dir='ltr'><strong>improbis</strong></span> <span class='ocrx_word' id='word_1_177' title='bbox 340 1297 475 1325; x_wconf 88' lang='lat' dir='ltr'><strong>delectum</strong></span> <span class='ocrx_word' id='word_1_178' title='bbox 489 1299 623 1330; x_wconf 85' lang='lat' dir='ltr'><strong>ementiti,</strong></span> <span class='ocrx_word' id='word_1_179' title='bbox 642 1297 718 1331; x_wconf 84' lang='lat' dir='ltr'><strong>cujus</strong></span> <span class='ocrx_word' id='word_1_180' title='bbox 730 1297 930 1325; x_wconf 88' lang='lat' dir='ltr'><strong>criminationis</strong></span> 
     </span>
    </p>
   </div>
   <div class='ocr_carea' id='block_1_28' title="bbox 142 1342 929 1377">
    <p class='ocr_par' dir='ltr' id='par_1_28' title="bbox 142 1342 929 1377">
     <span class='ocr_line' id='line_1_28' title="bbox 142 1342 929 1377; baseline -0.001 -7"><span class='ocrx_word' id='word_1_181' title='bbox 142 1342 247 1370; x_wconf 83' lang='lat' dir='ltr'><strong>vanitas</strong></span> <span class='ocrx_word' id='word_1_182' title='bbox 267 1349 300 1369; x_wconf 88' lang='lat' dir='ltr'><strong>ex</strong></span> <span class='ocrx_word' id='word_1_183' title='bbox 327 1343 461 1370; x_wconf 87' lang='lat' dir='ltr'><strong>recensita</strong></span> <span class='ocrx_word' id='word_1_184' title='bbox 487 1343 612 1377; x_wconf 82' lang='lat' dir='ltr'><strong>superius</strong></span> <span class='ocrx_word' id='word_1_185' title='bbox 644 1343 760 1377; x_wconf 86' lang='lat' dir='ltr'><strong>cooptati</strong></span> <span class='ocrx_word' id='word_1_186' title='bbox 789 1342 929 1370; x_wconf 72' lang='lat' dir='ltr'><strong>Athanasii</strong></span> 
     </span>
    </p>
   </div>
   <div class='ocr_carea' id='block_1_29' title="bbox 143 1388 930 1423">
    <p class='ocr_par' dir='ltr' id='par_1_29' title="bbox 143 1388 930 1423">
     <span class='ocr_line' id='line_1_29' title="bbox 143 1388 930 1423; baseline 0 -7"><span class='ocrx_word' id='word_1_187' title='bbox 143 1389 247 1416; x_wconf 84' lang='lat' dir='ltr'><strong>ratione</strong></span> <span class='ocrx_word' id='word_1_188' title='bbox 270 1389 412 1423; x_wconf 84' lang='lat' dir='ltr'><strong>perspicua</strong></span> <span class='ocrx_word' id='word_1_189' title='bbox 445 1393 497 1416; x_wconf 88' lang='lat' dir='ltr'><strong>est.</strong></span> <span class='ocrx_word' id='word_1_190' title='bbox 527 1389 634 1416; x_wconf 80' lang='lat' dir='ltr'><strong>Rucbat</strong></span> <span class='ocrx_word' id='word_1_191' title='bbox 656 1393 750 1422; x_wconf 89' lang='lat' dir='ltr'><strong>suapte</strong></span> <span class='ocrx_word' id='word_1_192' title='bbox 772 1388 930 1416; x_wconf 89' lang='lat' dir='ltr'><strong>infirmitate</strong></span> 
     </span>
    </p>
   </div>
   <div class='ocr_carea' id='block_1_30' title="bbox 140 1433 928 1469">
    <p class='ocr_par' dir='ltr' id='par_1_30' title="bbox 140 1433 928 1469">
     <span class='ocr_line' id='line_1_30' title="bbox 140 1433 928 1469; baseline -0.001 -8"><span class='ocrx_word' id='word_1_193' title='bbox 140 1434 286 1466; x_wconf 84' lang='lat' dir='ltr'><strong>calumnia,</strong></span> <span class='ocrx_word' id='word_1_194' title='bbox 300 1435 416 1462; x_wconf 82' lang='lat' dir='ltr'><strong>testibus</strong></span> <span class='ocrx_word' id='word_1_195' title='bbox 437 1434 586 1462; x_wconf 86' lang='lat' dir='ltr'><strong>innumeris</strong></span> <span class='ocrx_word' id='word_1_196' title='bbox 607 1435 644 1462; x_wconf 87' lang='lat' dir='ltr'><strong>rei</strong></span> <span class='ocrx_word' id='word_1_197' title='bbox 667 1435 807 1462; x_wconf 82' lang='lat' dir='ltr'><strong>veritatem</strong></span> <span class='ocrx_word' id='word_1_198' title='bbox 822 1433 928 1469; x_wconf 89' lang='lat' dir='ltr'><strong>procla-</strong></span> 
     </span>
    </p>
   </div>
   <div class='ocr_carea' id='block_1_31' title="bbox 141 1479 929 1515">
    <p class='ocr_par' dir='ltr' id='par_1_31' title="bbox 141 1479 929 1515">
     <span class='ocr_line' id='line_1_31' title="bbox 141 1479 929 1515; baseline 0 -9"><span class='ocrx_word' id='word_1_199' title='bbox 141 1479 287 1507; x_wconf 88' lang='lat' dir='ltr'><strong>tnantibus.</strong></span> <span class='ocrx_word' id='word_1_200' title='bbox 303 1479 437 1508; x_wconf 86' lang='lat' dir='ltr'><strong>lntellexit</strong></span> <span class='ocrx_word' id='word_1_201' title='bbox 455 1485 545 1507; x_wconf 82' lang='lat' dir='ltr'><strong>autem</strong></span> <span class='ocrx_word' id='word_1_202' title='bbox 567 1480 700 1508; x_wconf 85' lang='lat' dir='ltr'><strong>Eusebius</strong></span> <span class='ocrx_word' id='word_1_203' title='bbox 716 1480 781 1507; x_wconf 92' lang='lat' dir='ltr'><strong>nihil</strong></span> <span class='ocrx_word' id='word_1_204' title='bbox 797 1479 929 1515; x_wconf 87' lang='lat' dir='ltr'><strong>ejusmodi</strong></span> 
     </span>
    </p>
   </div>
   <div class='ocr_carea' id='block_1_32' title="bbox 140 1525 925 1560">
    <p class='ocr_par' dir='ltr' id='par_1_32' title="bbox 140 1525 925 1560">
     <span class='ocr_line' id='line_1_32' title="bbox 140 1525 925 1560; baseline -0.001 -8"><span class='ocrx_word' id='word_1_205' title='bbox 140 1525 364 1552; x_wconf 85' lang='lat' dir='ltr'><strong>machinamentis</strong></span> <span class='ocrx_word' id='word_1_206' title='bbox 384 1525 533 1560; x_wconf 87' lang='lat' dir='ltr'><strong>perfectttm</strong></span> <span class='ocrx_word' id='word_1_207' title='bbox 549 1525 593 1557; x_wconf 87' lang='lat' dir='ltr'><strong>iri,</strong></span> <span class='ocrx_word' id='word_1_208' title='bbox 612 1525 663 1552; x_wconf 89' lang='lat' dir='ltr'><strong>nisi</strong></span> <span class='ocrx_word' id='word_1_209' title='bbox 686 1525 834 1557; x_wconf 87' lang='lat' dir='ltr'><strong>imperator</strong></span> <span class='ocrx_word' id='word_1_210' title='bbox 849 1533 925 1552; x_wconf 87' lang='lat' dir='ltr'><strong>suam</strong></span> 
     </span>
    </p>
   </div>
   <div class='ocr_carea' id='block_1_33' title="bbox 141 1570 926 1605">
    <p class='ocr_par' dir='ltr' id='par_1_33' title="bbox 141 1570 926 1605">
     <span class='ocr_line' id='line_1_33' title="bbox 141 1570 926 1605; baseline 0.001 -8"><span class='ocrx_word' id='word_1_211' title='bbox 141 1571 323 1605; x_wconf 84' lang='lat' dir='ltr'><strong>interponeret</strong></span> <span class='ocrx_word' id='word_1_212' title='bbox 344 1571 542 1599; x_wconf 81' lang='lat' dir='ltr'><strong>auctoritatem.</strong></span> <span class='ocrx_word' id='word_1_213' title='bbox 564 1570 748 1604; x_wconf 86' lang='lat' dir='ltr'><strong>Quamobrem</strong></span> <span class='ocrx_word' id='word_1_214' title='bbox 768 1571 821 1598; x_wconf 86' lang='lat' dir='ltr'><strong>alio</strong></span> <span class='ocrx_word' id='word_1_215' title='bbox 844 1571 926 1598; x_wconf 85' lang='lat' dir='ltr'><strong>vertit</strong></span> 
     </span>
    </p>
   </div>
   <div class='ocr_carea' id='block_1_34' title="bbox 140 1616 924 1651">
    <p class='ocr_par' dir='ltr' id='par_1_34' title="bbox 140 1616 924 1651">
     <span class='ocr_line' id='line_1_34' title="bbox 140 1616 924 1651; baseline 0.003 -9"><span class='ocrx_word' id='word_1_216' title='bbox 140 1617 225 1643; x_wconf 87' lang='lat' dir='ltr'><strong>studia</strong></span> <span class='ocrx_word' id='word_1_217' title='bbox 240 1620 267 1643; x_wconf 86' lang='lat' dir='ltr'><strong>et</strong></span> <span class='ocrx_word' id='word_1_218' title='bbox 284 1621 408 1648; x_wconf 87' lang='lat' dir='ltr'><strong>conatus,</strong></span> <span class='ocrx_word' id='word_1_219' title='bbox 423 1621 451 1644; x_wconf 91' lang='lat' dir='ltr'><strong>et</strong></span> <span class='ocrx_word' id='word_1_220' title='bbox 461 1624 514 1651; x_wconf 87' lang='lat' dir='ltr'><strong>qua</strong></span> <span class='ocrx_word' id='word_1_221' title='bbox 527 1616 632 1643; x_wconf 86' lang='lat' dir='ltr'><strong>valebat</strong></span> <span class='ocrx_word' id='word_1_222' title='bbox 647 1617 718 1650; x_wconf 86' lang='lat' dir='ltr'><strong>apud</strong></span> <span class='ocrx_word' id='word_1_223' title='bbox 737 1616 924 1644; x_wconf 85' lang='lat' dir='ltr'><strong>Constantiam</strong></span> 
     </span>
    </p>
   </div>
   <div class='ocr_carea' id='block_1_35' title="bbox 140 1662 926 1698">
    <p class='ocr_par' dir='ltr' id='par_1_35' title="bbox 140 1662 926 1698">
     <span class='ocr_line' id='line_1_35' title="bbox 140 1662 926 1698; baseline 0.003 -10"><span class='ocrx_word' id='word_1_224' title='bbox 140 1662 287 1696; x_wconf 85' lang='lat' dir='ltr'><strong>Augustam</strong></span> <span class='ocrx_word' id='word_1_225' title='bbox 303 1663 464 1690; x_wconf 86' lang='lat' dir='ltr'><strong>auctoritate</strong></span> <span class='ocrx_word' id='word_1_226' title='bbox 477 1666 504 1690; x_wconf 91' lang='lat' dir='ltr'><strong>et</strong></span> <span class='ocrx_word' id='word_1_227' title='bbox 517 1662 602 1698; x_wconf 81' lang='lat' dir='ltr'><strong>gratia</strong></span> <span class='ocrx_word' id='word_1_228' title='bbox 619 1669 685 1690; x_wconf 87' lang='lat' dir='ltr'><strong>usus</strong></span> <span class='ocrx_word' id='word_1_229' title='bbox 699 1662 746 1698; x_wconf 85' lang='lat' dir='ltr'><strong>(b),</strong></span> <span class='ocrx_word' id='word_1_230' title='bbox 774 1663 926 1690; x_wconf 84' lang='lat' dir='ltr'><strong>ministerio</strong></span> 
     </span>
    </p>
   </div>
   <div class='ocr_carea' id='block_1_36' title="bbox 141 1707 926 1744">
    <p class='ocr_par' dir='ltr' id='par_1_36' title="bbox 141 1707 926 1744">
     <span class='ocr_line' id='line_1_36' title="bbox 141 1707 926 1744; baseline 0.005 -11"><span class='ocrx_word' id='word_1_231' title='bbox 141 1715 246 1742; x_wconf 87' lang='lat' dir='ltr'><strong>quoque</strong></span> <span class='ocrx_word' id='word_1_232' title='bbox 253 1707 374 1735; x_wconf 86' lang='lat' dir='ltr'><strong>adhibito</strong></span> <span class='ocrx_word' id='word_1_233' title='bbox 381 1708 520 1743; x_wconf 80' lang='lat' dir='ltr'><strong>cujusdam</strong></span> <span class='ocrx_word' id='word_1_234' title='bbox 534 1709 683 1744; x_wconf 83' lang='lat' dir='ltr'><strong>presbyteri</strong></span> <span class='ocrx_word' id='word_1_235' title='bbox 695 1709 765 1736; x_wconf 88' lang='lat' dir='ltr'><strong>inter</strong></span> <span class='ocrx_word' id='word_1_236' title='bbox 776 1709 926 1737; x_wconf 80' lang='lat' dir='ltr'><strong>familiares</strong></span> 
     </span>
    </p>
   </div>
   <div class='ocr_carea' id='block_1_37' title="bbox 140 1754 926 1788">
    <p class='ocr_par' dir='ltr' id='par_1_37' title="bbox 140 1754 926 1788">
     <span class='ocr_line' id='line_1_37' title="bbox 140 1754 926 1788; baseline 0.003 -8"><span class='ocrx_word' id='word_1_237' title='bbox 140 1754 266 1788; x_wconf 64' lang='lat' dir='ltr'><strong>Augusta</strong></span> <span class='ocrx_word' id='word_1_238' title='bbox 279 1755 437 1788; x_wconf 89' lang='lat' dir='ltr'><strong>computati,</strong></span> <span class='ocrx_word' id='word_1_239' title='bbox 454 1754 611 1782; x_wconf 90' lang='lat' dir='ltr'><strong>muliebrem</strong></span> <span class='ocrx_word' id='word_1_240' title='bbox 631 1755 749 1782; x_wconf 88' lang='lat' dir='ltr'><strong>animum</strong></span> <span class='ocrx_word' id='word_1_241' title='bbox 765 1755 797 1782; x_wconf 84' lang='lat' dir='ltr'><strong>ad</strong></span> <span class='ocrx_word' id='word_1_242' title='bbox 810 1755 926 1782; x_wconf 83' lang='lat' dir='ltr'><strong>Ariano-</strong></span> 
     </span>
    </p>
   </div>
   <div class='ocr_carea' id='block_1_38' title="bbox 140 1799 926 1835">
    <p class='ocr_par' dir='ltr' id='par_1_38' title="bbox 140 1799 926 1835">
     <span class='ocr_line' id='line_1_38' title="bbox 140 1799 926 1835; baseline 0.003 -10"><span class='ocrx_word' id='word_1_243' title='bbox 140 1807 200 1826; x_wconf 93' lang='lat' dir='ltr'><strong>rum</strong></span> <span class='ocrx_word' id='word_1_244' title='bbox 217 1799 397 1835; x_wconf 89' lang='lat' dir='ltr'><strong>patrociniqu</strong></span> <span class='ocrx_word' id='word_1_245' title='bbox 411 1799 520 1827; x_wconf 83' lang='lat' dir='ltr'><strong>allicere</strong></span> <span class='ocrx_word' id='word_1_246' title='bbox 535 1799 666 1827; x_wconf 85' lang='lat' dir='ltr'><strong>tentabat.</strong></span> <span class='ocrx_word' id='word_1_247' title='bbox 695 1800 728 1827; x_wconf 87' lang='lat' dir='ltr'><strong>Et</strong></span> <span class='ocrx_word' id='word_1_248' title='bbox 751 1808 815 1827; x_wconf 87' lang='lat' dir='ltr'><strong>vero</strong></span> <span class='ocrx_word' id='word_1_249' title='bbox 837 1801 926 1827; x_wconf 92' lang='lat' dir='ltr'><strong>admi-</strong></span> 
     </span>
    </p>
   </div>
   <div class='ocr_carea' id='block_1_39' title="bbox 141 1846 925 1882">
    <p class='ocr_par' dir='ltr' id='par_1_39' title="bbox 141 1846 925 1882">
     <span class='ocr_line' id='line_1_39' title="bbox 141 1846 925 1882; baseline 0.003 -9"><span class='ocrx_word' id='word_1_250' title='bbox 141 1846 226 1873; x_wconf 88' lang='lat' dir='ltr'><strong>nister</strong></span> <span class='ocrx_word' id='word_1_251' title='bbox 239 1846 282 1873; x_wconf 90' lang='lat' dir='ltr'><strong>ille</strong></span> <span class='ocrx_word' id='word_1_252' title='bbox 296 1846 471 1874; x_wconf 78' lang='lat' dir='ltr'><strong>censiliorum</strong></span> <span class='ocrx_word' id='word_1_253' title='bbox 488 1846 595 1874; x_wconf 86' lang='lat' dir='ltr'><strong>Eusebii</strong></span> <span class='ocrx_word' id='word_1_254' title='bbox 610 1854 680 1882; x_wconf 60' lang='lat' dir='ltr'><strong>sape</strong></span> <span class='ocrx_word' id='word_1_255' title='bbox 694 1854 754 1874; x_wconf 88' lang='lat' dir='ltr'><strong>cum</strong></span> <span class='ocrx_word' id='word_1_256' title='bbox 766 1846 925 1875; x_wconf 86' lang='lat' dir='ltr'><strong>Constantia</strong></span> 
     </span>
    </p>
   </div>
   <div class='ocr_carea' id='block_1_40' title="bbox 139 1891 925 1928">
    <p class='ocr_par' dir='ltr' id='par_1_40' title="bbox 139 1891 925 1928">
     <span class='ocr_line' id='line_1_40' title="bbox 139 1891 925 1928; baseline 0.003 -10"><span class='ocrx_word' id='word_1_257' title='bbox 139 1892 172 1919; x_wconf 84' lang='lat' dir='ltr'><strong>de</strong></span> <span class='ocrx_word' id='word_1_258' title='bbox 202 1891 268 1919; x_wconf 90' lang='lat' dir='ltr'><strong>Ario</strong></span> <span class='ocrx_word' id='word_1_259' title='bbox 293 1899 446 1919; x_wconf 87' lang='lat' dir='ltr'><strong>sermonem</strong></span> <span class='ocrx_word' id='word_1_260' title='bbox 472 1891 583 1925; x_wconf 84' lang='lat' dir='ltr'><strong>habuit,</strong></span> <span class='ocrx_word' id='word_1_261' title='bbox 611 1893 698 1919; x_wconf 90' lang='lat' dir='ltr'><strong>virum</strong></span> <span class='ocrx_word' id='word_1_262' title='bbox 727 1892 802 1920; x_wconf 79' lang='lat' dir='ltr'><strong>aiens</strong></span> <span class='ocrx_word' id='word_1_263' title='bbox 827 1893 925 1928; x_wconf 85' lang='lat' dir='ltr'><strong>injuria</strong></span> 
     </span>
    </p>
   </div>
   <div class='ocr_carea' id='block_1_41' title="bbox 140 1936 924 1973">
    <p class='ocr_par' dir='ltr' id='par_1_41' title="bbox 140 1936 924 1973">
     <span class='ocr_line' id='line_1_41' title="bbox 140 1936 924 1973; baseline 0.004 -11"><span class='ocrx_word' id='word_1_264' title='bbox 140 1936 262 1964; x_wconf 70' lang='lat' dir='ltr'><strong>affectum</strong></span> <span class='ocrx_word' id='word_1_265' title='bbox 283 1944 297 1964; x_wconf 92' lang='lat' dir='ltr'><strong>a</strong></span> <span class='ocrx_word' id='word_1_266' title='bbox 313 1937 426 1972; x_wconf 84' lang='lat' dir='ltr'><strong>synodo,</strong></span> <span class='ocrx_word' id='word_1_267' title='bbox 445 1944 494 1964; x_wconf 83' lang='lat' dir='ltr'><strong>nec</strong></span> <span class='ocrx_word' id='word_1_268' title='bbox 511 1938 547 1964; x_wconf 88' lang='lat' dir='ltr'><strong>ita</strong></span> <span class='ocrx_word' id='word_1_269' title='bbox 566 1938 669 1965; x_wconf 87' lang='lat' dir='ltr'><strong>sentire</strong></span> <span class='ocrx_word' id='word_1_270' title='bbox 681 1942 710 1965; x_wconf 94' lang='lat' dir='ltr'><strong>ut</strong></span> <span class='ocrx_word' id='word_1_271' title='bbox 728 1938 798 1973; x_wconf 91' lang='lat' dir='ltr'><strong>vulgi</strong></span> <span class='ocrx_word' id='word_1_272' title='bbox 815 1946 924 1966; x_wconf 87' lang='lat' dir='ltr'><strong>rumore</strong></span> 
     </span>
    </p>
   </div>
   <div class='ocr_carea' id='block_1_42' title="bbox 142 1980 924 2013">
    <p class='ocr_par' dir='ltr' id='par_1_42' title="bbox 142 1980 924 2013">
     <span class='ocr_line' id='line_1_42' title="bbox 142 1980 924 2013; baseline 0.004 -6"><span class='ocrx_word' id='word_1_273' title='bbox 142 1980 285 2013; x_wconf 81' lang='lat' dir='ltr'><strong>ferebatur,</strong></span> <span class='ocrx_word' id='word_1_274' title='bbox 312 1982 359 2008; x_wconf 83' lang='lat' dir='ltr'><strong>sed</strong></span> <span class='ocrx_word' id='word_1_275' title='bbox 383 1988 456 2009; x_wconf 70' lang='lat' dir='ltr'><strong>sanae</strong></span> <span class='ocrx_word' id='word_1_276' title='bbox 481 1981 543 2008; x_wconf 87' lang='lat' dir='ltr'><strong>ﬁdei</strong></span> <span class='ocrx_word' id='word_1_277' title='bbox 560 1982 675 2010; x_wconf 70' lang='lat' dir='ltr'><strong>haerere.</strong></span> <span class='ocrx_word' id='word_1_278' title='bbox 703 1981 751 2010; x_wconf 85' lang='lat' dir='ltr'><strong>llis</strong></span> <span class='ocrx_word' id='word_1_279' title='bbox 768 1982 924 2010; x_wconf 87' lang='lat' dir='ltr'><strong>Constantia</strong></span> 
     </span>
    </p>
   </div>
   <div class='ocr_carea' id='block_1_43' title="bbox 142 2025 923 2062">
    <p class='ocr_par' dir='ltr' id='par_1_43' title="bbox 142 2025 923 2062">
     <span class='ocr_line' id='line_1_43' title="bbox 142 2025 923 2062; baseline 0.006 -11"><span class='ocrx_word' id='word_1_280' title='bbox 142 2025 218 2052; x_wconf 89' lang='lat' dir='ltr'><strong>fidem</strong></span> <span class='ocrx_word' id='word_1_281' title='bbox 238 2025 350 2058; x_wconf 91' lang='lat' dir='ltr'><strong>habuit;</strong></span> <span class='ocrx_word' id='word_1_282' title='bbox 365 2033 415 2053; x_wconf 91' lang='lat' dir='ltr'><strong>nec</strong></span> <span class='ocrx_word' id='word_1_283' title='bbox 436 2032 526 2053; x_wconf 88' lang='lat' dir='ltr'><strong>tamett</strong></span> <span class='ocrx_word' id='word_1_284' title='bbox 540 2034 571 2054; x_wconf 87' lang='lat' dir='ltr'><strong>ea</strong></span> <span class='ocrx_word' id='word_1_285' title='bbox 586 2028 618 2054; x_wconf 89' lang='lat' dir='ltr'><strong>de</strong></span> <span class='ocrx_word' id='word_1_286' title='bbox 632 2035 661 2056; x_wconf 90' lang='lat' dir='ltr'><strong>re</strong></span> <span class='ocrx_word' id='word_1_287' title='bbox 674 2028 829 2062; x_wconf 85' lang='lat' dir='ltr'><strong>imperatori</strong></span> <span class='ocrx_word' id='word_1_288' title='bbox 841 2029 923 2056; x_wconf 86' lang='lat' dir='ltr'><strong>verba</strong></span> 
     </span>
    </p>
   </div>
   <div class='ocr_carea' id='block_1_44' title="bbox 141 2069 922 2109">
    <p class='ocr_par' dir='ltr' id='par_1_44' title="bbox 141 2069 922 2109">
     <span class='ocr_line' id='line_1_44' title="bbox 141 2069 922 2109; baseline 0.006 -13"><span class='ocrx_word' id='word_1_289' title='bbox 141 2069 229 2097; x_wconf 84' lang='lat' dir='ltr'><strong>facere</strong></span> <span class='ocrx_word' id='word_1_290' title='bbox 252 2076 294 2097; x_wconf 91' lang='lat' dir='ltr'><strong>est</strong></span> <span class='ocrx_word' id='word_1_291' title='bbox 313 2078 389 2098; x_wconf 88' lang='lat' dir='ltr'><strong>ausa.</strong></span> <span class='ocrx_word' id='word_1_292' title='bbox 407 2071 514 2098; x_wconf 88' lang='lat' dir='ltr'><strong>Accidit</strong></span> <span class='ocrx_word' id='word_1_293' title='bbox 536 2072 610 2099; x_wconf 74' lang='lat' dir='ltr'><strong>inter</strong></span> <span class='ocrx_word' id='word_1_294' title='bbox 630 2073 696 2107; x_wconf 79' lang='lat' dir='ltr'><strong>inec,</strong></span> <span class='ocrx_word' id='word_1_295' title='bbox 716 2077 745 2101; x_wconf 93' lang='lat' dir='ltr'><strong>ut</strong></span> <span class='ocrx_word' id='word_1_296' title='bbox 772 2074 799 2101; x_wconf 93' lang='lat' dir='ltr'><strong>in</strong></span> <span class='ocrx_word' id='word_1_297' title='bbox 813 2081 922 2109; x_wconf 85' lang='lat' dir='ltr'><strong>gravem</strong></span> 
     </span>
    </p>
   </div>
   <div class='ocr_carea' id='block_1_45' title="bbox 140 2115 923 2154">
    <p class='ocr_par' dir='ltr' id='par_1_45' title="bbox 140 2115 923 2154">
     <span class='ocr_line' id='line_1_45' title="bbox 140 2115 923 2154; baseline 0.006 -12"><span class='ocrx_word' id='word_1_298' title='bbox 140 2115 186 2142; x_wconf 85' lang='lat' dir='ltr'><strong>illa</strong></span> <span class='ocrx_word' id='word_1_299' title='bbox 202 2116 322 2143; x_wconf 89' lang='lat' dir='ltr'><strong>morbum</strong></span> <span class='ocrx_word' id='word_1_300' title='bbox 336 2117 466 2144; x_wconf 88' lang='lat' dir='ltr'><strong>incideret</strong></span> <span class='ocrx_word' id='word_1_301' title='bbox 482 2126 488 2144; x_wconf 94' lang='lat'>:</span> <span class='ocrx_word' id='word_1_302' title='bbox 508 2125 606 2152; x_wconf 73' lang='lat' dir='ltr'><strong>aegram</strong></span> <span class='ocrx_word' id='word_1_303' title='bbox 629 2119 776 2154; x_wconf 87' lang='lat' dir='ltr'><strong>imperator</strong></span> <span class='ocrx_word' id='word_1_304' title='bbox 794 2120 923 2154; x_wconf 77' lang='lat' dir='ltr'><strong>frequens</strong></span> 
     </span>
    </p>
   </div>
   <div class='ocr_carea' id='block_1_46' title="bbox 141 2162 923 2200">
    <p class='ocr_par' dir='ltr' id='par_1_46' title="bbox 141 2162 923 2200">
     <span class='ocr_line' id='line_1_46' title="bbox 141 2162 923 2200; baseline 0.005 -11"><span class='ocrx_word' id='word_1_305' title='bbox 141 2163 240 2191; x_wconf 79' lang='lat' dir='ltr'><strong>adibat.</strong></span> <span class='ocrx_word' id='word_1_306' title='bbox 254 2162 460 2198; x_wconf 84' lang='lat' dir='ltr'><strong>Ingravescente</strong></span> <span class='ocrx_word' id='word_1_307' title='bbox 473 2165 567 2192; x_wconf 90' lang='lat' dir='ltr'><strong>morbo</strong></span> <span class='ocrx_word' id='word_1_308' title='bbox 577 2183 586 2196; x_wconf 85' lang='lat'><strong>,</strong></span> <span class='ocrx_word' id='word_1_309' title='bbox 605 2165 801 2200; x_wconf 85' lang='lat' dir='ltr'><strong>desperataque</strong></span> <span class='ocrx_word' id='word_1_310' title='bbox 819 2166 923 2193; x_wconf 89' lang='lat' dir='ltr'><strong>valetu-</strong></span> 
     </span>
    </p>
   </div>
   <div class='ocr_carea' id='block_1_47' title="bbox 993 241 1776 278">
    <p class='ocr_par' dir='ltr' id='par_1_47' title="bbox 993 241 1776 278">
     <span class='ocr_line' id='line_1_47' title="bbox 993 241 1776 278; baseline -0.003 -8"><span class='ocrx_word' id='word_1_311' title='bbox 993 243 1200 278; x_wconf 77' lang='lat' dir='ltr'><strong>Respondctque</strong></span> <span class='ocrx_word' id='word_1_312' title='bbox 1224 243 1329 277; x_wconf 75' lang='lat' dir='ltr'><strong>roganti</strong></span> <span class='ocrx_word' id='word_1_313' title='bbox 1347 252 1353 269; x_wconf 89' lang='lat'><strong>:</strong></span> <span class='ocrx_word' id='word_1_314' title='bbox 1370 252 1379 268; x_wconf 83' lang='lat' dir='ltr'><strong>t</strong></span> <span class='ocrx_word' id='word_1_315' title='bbox 1393 242 1420 268; x_wconf 91' lang='lat' dir='ltr'><strong>Si</strong></span> <span class='ocrx_word' id='word_1_316' title='bbox 1439 242 1555 269; x_wconf 86' lang='lat' dir='ltr'><strong>decretis</strong></span> <span class='ocrx_word' id='word_1_317' title='bbox 1570 241 1665 277; x_wconf 88' lang='lat' dir='ltr'><strong>synodi</strong></span> <span class='ocrx_word' id='word_1_318' title='bbox 1685 241 1776 273; x_wconf 86' lang='lat' dir='ltr'><strong>Arius,</strong></span> 
     </span>
    </p>
   </div>
   <div class='ocr_carea' id='block_1_48' title="bbox 992 287 1777 324">
    <p class='ocr_par' dir='ltr' id='par_1_48' title="bbox 992 287 1777 324">
     <span class='ocr_line' id='line_1_48' title="bbox 992 287 1777 324; baseline -0.004 -7"><span class='ocrx_word' id='word_1_319' title='bbox 992 290 1014 317; x_wconf 84' lang='lat' dir='ltr'><strong>si</strong></span> <span class='ocrx_word' id='word_1_320' title='bbox 1047 289 1180 316; x_wconf 73' lang='lat' dir='ltr'><strong>doctrinm</strong></span> <span class='ocrx_word' id='word_1_321' title='bbox 1220 289 1395 324; x_wconf 90' lang='lat' dir='ltr'><strong>astipulatur,</strong></span> <span class='ocrx_word' id='word_1_322' title='bbox 1431 288 1546 315; x_wconf 82' lang='lat' dir='ltr'><strong>libenter</strong></span> <span class='ocrx_word' id='word_1_323' title='bbox 1574 287 1710 314; x_wconf 87' lang='lat' dir='ltr'><strong>hominem</strong></span> <span class='ocrx_word' id='word_1_324' title='bbox 1743 287 1777 314; x_wconf 86' lang='lat' dir='ltr'><strong>ad</strong></span> 
     </span>
    </p>
   </div>
   <div class='ocr_carea' id='block_1_49' title="bbox 991 333 1778 370">
    <p class='ocr_par' dir='ltr' id='par_1_49' title="bbox 991 333 1778 370">
     <span class='ocr_line' id='line_1_49' title="bbox 991 333 1778 370; baseline -0.005 -6"><span class='ocrx_word' id='word_1_325' title='bbox 991 341 1163 370; x_wconf 86' lang='lat' dir='ltr'><strong>conspectum</strong></span> <span class='ocrx_word' id='word_1_326' title='bbox 1197 336 1355 368; x_wconf 89' lang='lat' dir='ltr'><strong>admittam,</strong></span> <span class='ocrx_word' id='word_1_327' title='bbox 1384 339 1411 362; x_wconf 91' lang='lat' dir='ltr'><strong>et</strong></span> <span class='ocrx_word' id='word_1_328' title='bbox 1439 342 1499 361; x_wconf 91' lang='lat' dir='ltr'><strong>cum</strong></span> <span class='ocrx_word' id='word_1_329' title='bbox 1533 333 1778 362; x_wconf 30' lang='lat' dir='ltr'><strong>honore‘Alexan-</strong></span> 
     </span>
    </p>
   </div>
   <div class='ocr_carea' id='block_1_50' title="bbox 990 378 1776 414">
    <p class='ocr_par' dir='ltr' id='par_1_50' title="bbox 990 378 1776 414">
     <span class='ocr_line' id='line_1_50' title="bbox 990 378 1776 414; baseline -0.006 -4"><span class='ocrx_word' id='word_1_330' title='bbox 990 384 1077 410; x_wconf 89' lang='lat' dir='ltr'><strong>driam</strong></span> <span class='ocrx_word' id='word_1_331' title='bbox 1101 384 1201 410; x_wconf 80' lang='lat' dir='ltr'><strong>reverti</strong></span> <span class='ocrx_word' id='word_1_332' title='bbox 1227 382 1383 409; x_wconf 84' lang='lat' dir='ltr'><strong>concedam.</strong></span> <span class='ocrx_word' id='word_1_333' title='bbox 1408 390 1417 407; x_wconf 81' lang='grc' dir='ltr'><strong>ι</strong></span> <span class='ocrx_word' id='word_1_334' title='bbox 1444 380 1607 414; x_wconf 73' lang='lat' dir='ltr'><strong>Litterisque</strong></span> <span class='ocrx_word' id='word_1_335' title='bbox 1633 378 1776 406; x_wconf 83' lang='lat' dir='ltr'><strong>confestim</strong></span> 
     </span>
    </p>
   </div>
   <div class='ocr_carea' id='block_1_51' title="bbox 989 425 1776 462">
    <p class='ocr_par' dir='ltr' id='par_1_51' title="bbox 989 425 1776 462">
     <span class='ocr_line' id='line_1_51' title="bbox 989 425 1776 462; baseline -0.005 -8"><span class='ocrx_word' id='word_1_336' title='bbox 989 433 1085 454; x_wconf 88' lang='lat' dir='ltr'><strong>evocat</strong></span> <span class='ocrx_word' id='word_1_337' title='bbox 1100 428 1193 454; x_wconf 89' lang='lat' dir='ltr'><strong>Arittm</strong></span> <span class='ocrx_word' id='word_1_338' title='bbox 1211 427 1254 462; x_wconf 85' lang='lat' dir='ltr'><strong>(c).</strong></span> <span class='ocrx_word' id='word_1_339' title='bbox 1278 426 1522 454; x_wconf 82' lang='lat' dir='ltr'><strong>l&#39;rocrastiuautem</strong></span> <span class='ocrx_word' id='word_1_340' title='bbox 1538 430 1567 451; x_wconf 92' lang='lat' dir='ltr'><strong>ut</strong></span> <span class='ocrx_word' id='word_1_341' title='bbox 1583 425 1664 457; x_wconf 84' lang='lat' dir='ltr'><strong>videt,</strong></span> <span class='ocrx_word' id='word_1_342' title='bbox 1679 431 1776 451; x_wconf 84' lang='lat' dir='ltr'><strong>secun-</strong></span> 
     </span>
    </p>
   </div>
   <div class='ocr_carea' id='block_1_52' title="bbox 990 470 1776 505">
    <p class='ocr_par' dir='ltr' id='par_1_52' title="bbox 990 470 1776 505">
     <span class='ocr_line' id='line_1_52' title="bbox 990 470 1776 505; baseline -0.005 -5"><span class='ocrx_word' id='word_1_343' title='bbox 990 473 1037 500; x_wconf 88' lang='lat' dir='ltr'><strong>das</strong></span> <span class='ocrx_word' id='word_1_344' title='bbox 1055 473 1146 505; x_wconf 90' lang='lat' dir='ltr'><strong>tuittit,</strong></span> <span class='ocrx_word' id='word_1_345' title='bbox 1164 473 1198 499; x_wconf 71' lang='lat'><strong>27</strong></span> <span class='ocrx_word' id='word_1_346' title='bbox 1229 471 1387 499; x_wconf 81' lang='lat' dir='ltr'><strong>Novembris</strong></span> <span class='ocrx_word' id='word_1_347' title='bbox 1397 471 1485 503; x_wconf 86' lang='lat' dir='ltr'><strong>datas,</strong></span> <span class='ocrx_word' id='word_1_348' title='bbox 1507 471 1603 505; x_wconf 90' lang='lat' dir='ltr'><strong>quibus</strong></span> <span class='ocrx_word' id='word_1_349' title='bbox 1620 470 1776 497; x_wconf 84' lang='lat' dir='ltr'><strong>cohortatur</strong></span> 
     </span>
    </p>
   </div>
   <div class='ocr_carea' id='block_1_53' title="bbox 989 517 1773 554">
    <p class='ocr_par' dir='ltr' id='par_1_53' title="bbox 989 517 1773 554">
     <span class='ocr_line' id='line_1_53' title="bbox 989 517 1773 554; baseline -0.005 -7"><span class='ocrx_word' id='word_1_350' title='bbox 989 525 1018 547; x_wconf 93' lang='lat' dir='ltr'><strong>ut</strong></span> <span class='ocrx_word' id='word_1_351' title='bbox 1033 520 1182 554; x_wconf 82' lang='lat' dir='ltr'><strong>profectum</strong></span> <span class='ocrx_word' id='word_1_352' title='bbox 1202 524 1337 552; x_wconf 84' lang='lat' dir='ltr'><strong>maturet,</strong></span> <span class='ocrx_word' id='word_1_353' title='bbox 1360 526 1409 546; x_wconf 91' lang='lat' dir='ltr'><strong>nec</strong></span> <span class='ocrx_word' id='word_1_354' title='bbox 1424 526 1515 545; x_wconf 87' lang='lat' dir='ltr'><strong>moras</strong></span> <span class='ocrx_word' id='word_1_355' title='bbox 1539 518 1651 545; x_wconf 89' lang='lat' dir='ltr'><strong>ulterius</strong></span> <span class='ocrx_word' id='word_1_356' title='bbox 1674 517 1773 547; x_wconf 86' lang='lat' dir='ltr'><strong>trahat.</strong></span> 
     </span>
    </p>
   </div>
   <div class='ocr_carea' id='block_1_54' title="bbox 988 563 1775 601">
    <p class='ocr_par' dir='ltr' id='par_1_54' title="bbox 988 563 1775 601">
     <span class='ocr_line' id='line_1_54' title="bbox 988 563 1775 601; baseline -0.005 -7"><span class='ocrx_word' id='word_1_357' title='bbox 988 566 1035 594; x_wconf 80' lang='lat' dir='ltr'><strong>Sed</strong></span> <span class='ocrx_word' id='word_1_358' title='bbox 1050 574 1198 594; x_wconf 86' lang='lat' dir='ltr'><strong>conscenso</strong></span> <span class='ocrx_word' id='word_1_359' title='bbox 1223 566 1330 601; x_wconf 87' lang='lat' dir='ltr'><strong>publico</strong></span> <span class='ocrx_word' id='word_1_360' title='bbox 1357 564 1480 592; x_wconf 87' lang='lat' dir='ltr'><strong>vehiculo</strong></span> <span class='ocrx_word' id='word_1_361' title='bbox 1508 572 1537 592; x_wconf 89' lang='lat' dir='ltr'><strong>se</strong></span> <span class='ocrx_word' id='word_1_362' title='bbox 1553 564 1706 591; x_wconf 79' lang='lat' dir='ltr'><strong>conveniat.</strong></span> <span class='ocrx_word' id='word_1_363' title='bbox 1727 563 1775 595; x_wconf 81' lang='lat' dir='ltr'><strong>llis</strong></span> 
     </span>
    </p>
   </div>
   <div class='ocr_carea' id='block_1_55' title="bbox 988 610 1773 646">
    <p class='ocr_par' dir='ltr' id='par_1_55' title="bbox 988 610 1773 646">
     <span class='ocr_line' id='line_1_55' title="bbox 988 610 1773 646; baseline -0.004 -8"><span class='ocrx_word' id='word_1_364' title='bbox 988 613 1105 646; x_wconf 86' lang='lat' dir='ltr'><strong>acceptis</strong></span> <span class='ocrx_word' id='word_1_365' title='bbox 1131 612 1221 645; x_wconf 79' lang='lat' dir='ltr'><strong>Arius,</strong></span> <span class='ocrx_word' id='word_1_366' title='bbox 1245 612 1392 639; x_wconf 86' lang='lat' dir='ltr'><strong>comitante</strong></span> <span class='ocrx_word' id='word_1_367' title='bbox 1417 610 1520 638; x_wconf 82' lang='lat' dir='ltr'><strong>Euzoio</strong></span> <span class='ocrx_word' id='word_1_368' title='bbox 1543 611 1656 637; x_wconf 91' lang='lat' dir='ltr'><strong>diacono</strong></span> <span class='ocrx_word' id='word_1_369' title='bbox 1679 610 1773 644; x_wconf 90' lang='lat' dir='ltr'><strong>impie-</strong></span> 
     </span>
    </p>
   </div>
   <div class='ocr_carea' id='block_1_56' title="bbox 988 656 1773 691">
    <p class='ocr_par' dir='ltr' id='par_1_56' title="bbox 988 656 1773 691">
     <span class='ocr_line' id='line_1_56' title="bbox 988 656 1773 691; baseline -0.001 -8"><span class='ocrx_word' id='word_1_370' title='bbox 988 658 1061 689; x_wconf 89' lang='lat' dir='ltr'><strong>tatis,</strong></span> <span class='ocrx_word' id='word_1_371' title='bbox 1078 658 1278 691; x_wconf 87' lang='lat' dir='ltr'><strong>abdicationis,</strong></span> <span class='ocrx_word' id='word_1_372' title='bbox 1293 657 1380 684; x_wconf 85' lang='lat' dir='ltr'><strong>exsilii</strong></span> <span class='ocrx_word' id='word_1_373' title='bbox 1393 658 1478 688; x_wconf 87' lang='lat' dir='ltr'><strong>socio,</strong></span> <span class='ocrx_word' id='word_1_374' title='bbox 1495 657 1685 691; x_wconf 89' lang='lat' dir='ltr'><strong>imperatorem</strong></span> <span class='ocrx_word' id='word_1_375' title='bbox 1705 656 1773 683; x_wconf 88' lang='lat' dir='ltr'><strong>adit.</strong></span> 
     </span>
    </p>
   </div>
   <div class='ocr_carea' id='block_1_57' title="bbox 968 696 1772 738">
    <p class='ocr_par' dir='ltr' id='par_1_57' title="bbox 968 696 1772 738">
     <span class='ocr_line' id='line_1_57' title="bbox 968 696 1772 738; baseline 0 -10"><span class='ocrx_word' id='word_1_376' title='bbox 968 696 969 699; x_wconf 19' lang='lat' dir='ltr'><strong>l</strong></span> <span class='ocrx_word' id='word_1_377' title='bbox 985 703 1153 730; x_wconf 78' lang='lat' dir='ltr'><strong>Accedentes</strong></span> <span class='ocrx_word' id='word_1_378' title='bbox 1169 704 1316 738; x_wconf 85' lang='lat' dir='ltr'><strong>imperator</strong></span> <span class='ocrx_word' id='word_1_379' title='bbox 1338 707 1524 736; x_wconf 89' lang='lat' dir='ltr'><strong>percontatur,</strong></span> <span class='ocrx_word' id='word_1_380' title='bbox 1543 709 1671 729; x_wconf 80' lang='lat' dir='ltr'><strong>veramne</strong></span> <span class='ocrx_word' id='word_1_381' title='bbox 1693 702 1772 729; x_wconf 88' lang='lat' dir='ltr'><strong>fidem</strong></span> 
     </span>
    </p>
   </div>
   <div class='ocr_carea' id='block_1_58' title="bbox 986 747 1774 784">
    <p class='ocr_par' dir='ltr' id='par_1_58' title="bbox 986 747 1774 784">
     <span class='ocr_line' id='line_1_58' title="bbox 986 747 1774 784; baseline -0.001 -9"><span class='ocrx_word' id='word_1_382' title='bbox 986 753 1132 776; x_wconf 73' lang='lat' dir='ltr'><strong>set-tentur.</strong></span> <span class='ocrx_word' id='word_1_383' title='bbox 1148 749 1263 781; x_wconf 86' lang='lat' dir='ltr'><strong>Sectari,</strong></span> <span class='ocrx_word' id='word_1_384' title='bbox 1280 749 1404 784; x_wconf 83' lang='lat' dir='ltr'><strong>amplecti</strong></span> <span class='ocrx_word' id='word_1_385' title='bbox 1423 757 1481 776; x_wconf 85' lang='lat' dir='ltr'><strong>eam</strong></span> <span class='ocrx_word' id='word_1_386' title='bbox 1497 749 1669 782; x_wconf 78' lang='lat' dir='ltr'><strong>respondent.</strong></span> <span class='ocrx_word' id='word_1_387' title='bbox 1683 747 1774 775; x_wconf 80' lang='lat' dir='ltr'><strong>Libel—</strong></span> 
     </span>
    </p>
   </div>
   <div class='ocr_carea' id='block_1_59' title="bbox 985 794 1773 830">
    <p class='ocr_par' dir='ltr' id='par_1_59' title="bbox 985 794 1773 830">
     <span class='ocr_line' id='line_1_59' title="bbox 985 794 1773 830; baseline -0.001 -9"><span class='ocrx_word' id='word_1_388' title='bbox 985 794 1039 821; x_wconf 90' lang='lat' dir='ltr'><strong>lum</strong></span> <span class='ocrx_word' id='word_1_389' title='bbox 1057 795 1118 822; x_wconf 83' lang='lat' dir='ltr'><strong>fidei</strong></span> <span class='ocrx_word' id='word_1_390' title='bbox 1135 795 1294 828; x_wconf 86' lang='lat' dir='ltr'><strong>darejubet.</strong></span> <span class='ocrx_word' id='word_1_391' title='bbox 1312 795 1352 822; x_wconf 93' lang='lat' dir='ltr'><strong>llli</strong></span> <span class='ocrx_word' id='word_1_392' title='bbox 1369 796 1490 830; x_wconf 90' lang='lat' dir='ltr'><strong>protinus</strong></span> <span class='ocrx_word' id='word_1_393' title='bbox 1516 795 1633 822; x_wconf 74' lang='lat' dir='ltr'><strong>offerunt</strong></span> <span class='ocrx_word' id='word_1_394' title='bbox 1659 794 1773 822; x_wconf 84' lang='lat' dir='ltr'><strong>medita-</strong></span> 
     </span>
    </p>
   </div>
   <div class='ocr_carea' id='block_1_60' title="bbox 987 839 1775 875">
    <p class='ocr_par' dir='ltr' id='par_1_60' title="bbox 987 839 1775 875">
     <span class='ocr_line' id='line_1_60' title="bbox 987 839 1775 875; baseline 0.003 -10"><span class='ocrx_word' id='word_1_395' title='bbox 987 845 1041 866; x_wconf 89' lang='lat' dir='ltr'><strong>tum</strong></span> <span class='ocrx_word' id='word_1_396' title='bbox 1054 839 1212 872; x_wconf 85' lang='lat' dir='ltr'><strong>vaferrime,</strong></span> <span class='ocrx_word' id='word_1_397' title='bbox 1227 845 1254 866; x_wconf 87' lang='lat' dir='ltr'><strong>et</strong></span> <span class='ocrx_word' id='word_1_398' title='bbox 1269 840 1370 867; x_wconf 82' lang='lat' dir='ltr'><strong>dolosis</strong></span> <span class='ocrx_word' id='word_1_399' title='bbox 1385 840 1476 867; x_wconf 88' lang='lat' dir='ltr'><strong>verbis</strong></span> <span class='ocrx_word' id='word_1_400' title='bbox 1490 840 1677 867; x_wconf 89' lang='lat' dir='ltr'><strong>concinnatum</strong></span> <span class='ocrx_word' id='word_1_401' title='bbox 1689 858 1697 872; x_wconf 91' lang='lat'><strong>,</strong></span> <span class='ocrx_word' id='word_1_402' title='bbox 1712 847 1775 875; x_wconf 61' lang='lat' dir='ltr'><strong>quae</strong></span> 
     </span>
    </p>
   </div>
   <div class='ocr_carea' id='block_1_61' title="bbox 983 877 1771 920">
    <p class='ocr_par' dir='ltr' id='par_1_61' title="bbox 983 877 1771 920">
     <span class='ocr_line' id='line_1_61' title="bbox 983 877 1771 920; baseline 0.001 -8"><span class='ocrx_word' id='word_1_403' title='bbox 983 893 1031 913; x_wconf 81' lang='lat' dir='ltr'><strong>nec</strong></span> <span class='ocrx_word' id='word_1_404' title='bbox 1048 890 1141 919; x_wconf 86' lang='lat' dir='ltr'><strong>aperte</strong></span> <span class='ocrx_word' id='word_1_405' title='bbox 1158 886 1236 912; x_wconf 89' lang='lat' dir='ltr'><strong>fidem</strong></span> <span class='ocrx_word' id='word_1_406' title='bbox 1253 886 1450 920; x_wconf 82' lang='lat' dir='ltr'><strong>impugnarent,</strong></span> <span class='ocrx_word' id='word_1_407' title='bbox 1473 893 1559 920; x_wconf 88' lang='lat' dir='ltr'><strong>neque</strong></span> <span class='ocrx_word' id='word_1_408' title='bbox 1577 877 1680 912; x_wconf 81' lang='lat' dir='ltr'><strong>erroris</strong></span> <span class='ocrx_word' id='word_1_409' title='bbox 1695 886 1771 913; x_wconf 86' lang='lat' dir='ltr'><strong>virus</strong></span> 
     </span>
    </p>
   </div>
   <div class='ocr_carea' id='block_1_62' title="bbox 981 931 1768 964">
    <p class='ocr_par' dir='ltr' id='par_1_62' title="bbox 981 931 1768 964">
     <span class='ocr_line' id='line_1_62' title="bbox 981 931 1768 964; baseline -0.003 -5"><span class='ocrx_word' id='word_1_410' title='bbox 981 933 1166 959; x_wconf 87' lang='lat' dir='ltr'><strong>eliminareut.</strong></span> <span class='ocrx_word' id='word_1_411' title='bbox 1191 931 1360 959; x_wconf 86' lang='lat' dir='ltr'><strong>Perorabant</strong></span> <span class='ocrx_word' id='word_1_412' title='bbox 1381 936 1470 959; x_wconf 87' lang='lat' dir='ltr'><strong>autem</strong></span> <span class='ocrx_word' id='word_1_413' title='bbox 1493 932 1544 958; x_wconf 87' lang='lat' dir='ltr'><strong>sub</strong></span> <span class='ocrx_word' id='word_1_414' title='bbox 1567 931 1648 958; x_wconf 88' lang='lat' dir='ltr'><strong>libelli</strong></span> <span class='ocrx_word' id='word_1_415' title='bbox 1676 931 1768 964; x_wconf 90' lang='lat' dir='ltr'><strong>finem,</strong></span> 
     </span>
    </p>
   </div>
   <div class='ocr_carea' id='block_1_63' title="bbox 982 978 1767 1014">
    <p class='ocr_par' dir='ltr' id='par_1_63' title="bbox 982 978 1767 1014">
     <span class='ocr_line' id='line_1_63' title="bbox 982 978 1767 1014; baseline -0.003 -8"><span class='ocrx_word' id='word_1_416' title='bbox 982 984 1109 1014; x_wconf 77' lang='lat' dir='ltr'><strong>rogantes</strong></span> <span class='ocrx_word' id='word_1_417' title='bbox 1122 998 1129 1009; x_wconf 85' lang='lat'><strong>,</strong></span> <span class='ocrx_word' id='word_1_418' title='bbox 1154 978 1264 1013; x_wconf 87' lang='lat' dir='ltr'><strong>quando</strong></span> <span class='ocrx_word' id='word_1_419' title='bbox 1281 985 1345 1004; x_wconf 83' lang='lat' dir='ltr'><strong>sana</strong></span> <span class='ocrx_word' id='word_1_420' title='bbox 1362 982 1390 1005; x_wconf 88' lang='lat' dir='ltr'><strong>et</strong></span> <span class='ocrx_word' id='word_1_421' title='bbox 1404 978 1510 1005; x_wconf 84' lang='lat' dir='ltr'><strong>sincera</strong></span> <span class='ocrx_word' id='word_1_422' title='bbox 1526 982 1616 1004; x_wconf 82' lang='lat' dir='ltr'><strong>essent</strong></span> <span class='ocrx_word' id='word_1_423' title='bbox 1630 978 1767 1012; x_wconf 75' lang='lat' dir='ltr'><strong>opinione,</strong></span> 
     </span>
    </p>
   </div>
   <div class='ocr_carea' id='block_1_64' title="bbox 980 1023 1764 1059">
    <p class='ocr_par' dir='ltr' id='par_1_64' title="bbox 980 1023 1764 1059">
     <span class='ocr_line' id='line_1_64' title="bbox 980 1023 1764 1059; baseline -0.001 -8"><span class='ocrx_word' id='word_1_424' title='bbox 980 1024 1082 1051; x_wconf 88' lang='lat' dir='ltr'><strong>aditum</strong></span> <span class='ocrx_word' id='word_1_425' title='bbox 1102 1023 1152 1050; x_wconf 90' lang='lat' dir='ltr'><strong>sibi</strong></span> <span class='ocrx_word' id='word_1_426' title='bbox 1180 1023 1213 1050; x_wconf 89' lang='lat' dir='ltr'><strong>ad</strong></span> <span class='ocrx_word' id='word_1_427' title='bbox 1246 1023 1393 1050; x_wconf 86' lang='lat' dir='ltr'><strong>Ecclesiam</strong></span> <span class='ocrx_word' id='word_1_428' title='bbox 1418 1031 1471 1050; x_wconf 90' lang='lat' dir='ltr'><strong>non</strong></span> <span class='ocrx_word' id='word_1_429' title='bbox 1499 1024 1601 1059; x_wconf 77' lang='lat' dir='ltr'><strong>negari.</strong></span> <span class='ocrx_word' id='word_1_430' title='bbox 1632 1024 1687 1050; x_wconf 85' lang='lat' dir='ltr'><strong>llac</strong></span> <span class='ocrx_word' id='word_1_431' title='bbox 1707 1024 1764 1050; x_wconf 90' lang='lat' dir='ltr'><strong>Arii</strong></span> 
     </span>
    </p>
   </div>
   <div class='ocr_carea' id='block_1_65' title="bbox 981 1069 1768 1104">
    <p class='ocr_par' dir='ltr' id='par_1_65' title="bbox 981 1069 1768 1104">
     <span class='ocr_line' id='line_1_65' title="bbox 981 1069 1768 1104; baseline 0 -8"><span class='ocrx_word' id='word_1_432' title='bbox 981 1069 1095 1097; x_wconf 86' lang='lat' dir='ltr'><strong>formula</strong></span> <span class='ocrx_word' id='word_1_433' title='bbox 1124 1069 1220 1096; x_wconf 78' lang='lat' dir='ltr'><strong>offensi</strong></span> <span class='ocrx_word' id='word_1_434' title='bbox 1249 1069 1325 1096; x_wconf 91' lang='lat' dir='ltr'><strong>multi</strong></span> <span class='ocrx_word' id='word_1_435' title='bbox 1356 1073 1522 1096; x_wconf 88' lang='lat' dir='ltr'><strong>scctatormn</strong></span> <span class='ocrx_word' id='word_1_436' title='bbox 1551 1069 1629 1104; x_wconf 88' lang='lat' dir='ltr'><strong>ejus,</strong></span> <span class='ocrx_word' id='word_1_437' title='bbox 1661 1070 1768 1104; x_wconf 68' lang='lat' dir='ltr'><strong>pristini</strong></span> 
     </span>
    </p>
   </div>
   <div class='ocr_carea' id='block_1_66' title="bbox 981 1115 1768 1149">
    <p class='ocr_par' dir='ltr' id='par_1_66' title="bbox 981 1115 1768 1149">
     <span class='ocr_line' id='line_1_66' title="bbox 981 1115 1768 1149; baseline -0.001 -7"><span class='ocrx_word' id='word_1_438' title='bbox 981 1115 1082 1143; x_wconf 80' lang='lat' dir='ltr'><strong>erroris</strong></span> <span class='ocrx_word' id='word_1_439' title='bbox 1098 1115 1312 1146; x_wconf 84' lang='lat' dir='ltr'><strong>retinentissiml,</strong></span> <span class='ocrx_word' id='word_1_440' title='bbox 1340 1115 1438 1149; x_wconf 89' lang='lat' dir='ltr'><strong>quibus</strong></span> <span class='ocrx_word' id='word_1_441' title='bbox 1455 1115 1577 1148; x_wconf 87' lang='lat' dir='ltr'><strong>impietas</strong></span> <span class='ocrx_word' id='word_1_442' title='bbox 1599 1115 1680 1142; x_wconf 92' lang='lat' dir='ltr'><strong>nullis</strong></span> <span class='ocrx_word' id='word_1_443' title='bbox 1701 1115 1768 1142; x_wconf 88' lang='lat' dir='ltr'><strong>deli-</strong></span> 
     </span>
    </p>
   </div>
   <div class='ocr_carea' id='block_1_67' title="bbox 981 1159 1767 1195">
    <p class='ocr_par' dir='ltr' id='par_1_67' title="bbox 981 1159 1767 1195">
     <span class='ocr_line' id='line_1_67' title="bbox 981 1159 1767 1195; baseline 0.001 -8"><span class='ocrx_word' id='word_1_444' title='bbox 981 1161 1037 1188; x_wconf 89' lang='lat' dir='ltr'><strong>nita</strong></span> <span class='ocrx_word' id='word_1_445' title='bbox 1057 1161 1167 1193; x_wconf 79' lang='lat' dir='ltr'><strong>verbis,</strong></span> <span class='ocrx_word' id='word_1_446' title='bbox 1199 1166 1226 1187; x_wconf 90' lang='lat' dir='ltr'><strong>ut</strong></span> <span class='ocrx_word' id='word_1_447' title='bbox 1250 1160 1384 1195; x_wconf 90' lang='lat' dir='ltr'><strong>principio</strong></span> <span class='ocrx_word' id='word_1_448' title='bbox 1411 1159 1498 1187; x_wconf 83' lang='lat' dir='ltr'><strong>fuerat</strong></span> <span class='ocrx_word' id='word_1_449' title='bbox 1523 1161 1668 1195; x_wconf 87' lang='lat' dir='ltr'><strong>publicata,</strong></span> <span class='ocrx_word' id='word_1_450' title='bbox 1694 1162 1767 1188; x_wconf 89' lang='lat' dir='ltr'><strong>cordi</strong></span> 
     </span>
    </p>
   </div>
   <div class='ocr_carea' id='block_1_68' title="bbox 980 1207 1768 1242">
    <p class='ocr_par' dir='ltr' id='par_1_68' title="bbox 980 1207 1768 1242">
     <span class='ocr_line' id='line_1_68' title="bbox 980 1207 1768 1242; baseline 0.001 -9"><span class='ocrx_word' id='word_1_451' title='bbox 980 1212 1048 1239; x_wconf 88' lang='lat' dir='ltr'><strong>erat,</strong></span> <span class='ocrx_word' id='word_1_452' title='bbox 1069 1208 1102 1233; x_wconf 87' lang='lat' dir='ltr'><strong>ab</strong></span> <span class='ocrx_word' id='word_1_453' title='bbox 1120 1215 1153 1234; x_wconf 91' lang='lat' dir='ltr'><strong>eo</strong></span> <span class='ocrx_word' id='word_1_454' title='bbox 1179 1207 1345 1239; x_wconf 87' lang='lat' dir='ltr'><strong>desciscunt,</strong></span> <span class='ocrx_word' id='word_1_455' title='bbox 1369 1207 1503 1239; x_wconf 88' lang='lat' dir='ltr'><strong>aliamque</strong></span> <span class='ocrx_word' id='word_1_456' title='bbox 1527 1207 1662 1242; x_wconf 72' lang='lat' dir='ltr'><strong>di~parem</strong></span> <span class='ocrx_word' id='word_1_457' title='bbox 1690 1208 1768 1234; x_wconf 85' lang='lat' dir='ltr'><strong>fanti-</strong></span> 
     </span>
    </p>
   </div>
   <div class='ocr_carea' id='block_1_69' title="bbox 980 1252 1769 1288">
    <p class='ocr_par' dir='ltr' id='par_1_69' title="bbox 980 1252 1769 1288">
     <span class='ocr_line' id='line_1_69' title="bbox 980 1252 1769 1288; baseline 0 -8"><span class='ocrx_word' id='word_1_458' title='bbox 980 1253 1043 1280; x_wconf 86' lang='lat' dir='ltr'><strong>liam</strong></span> <span class='ocrx_word' id='word_1_459' title='bbox 1064 1253 1216 1285; x_wconf 81' lang='lat' dir='ltr'><strong>ordiuntur.</strong></span> <span class='ocrx_word' id='word_1_460' title='bbox 1245 1252 1322 1286; x_wconf 88' lang='lat' dir='ltr'><strong>cujus</strong></span> <span class='ocrx_word' id='word_1_461' title='bbox 1349 1253 1495 1280; x_wconf 79' lang='lat' dir='ltr'><strong>secundum</strong></span> <span class='ocrx_word' id='word_1_462' title='bbox 1521 1252 1769 1288; x_wconf 68' lang='lat' dir='ltr'><strong>btecantcsiguani</strong></span> 
     </span>
    </p>
   </div>
   <div class='ocr_carea' id='block_1_70' title="bbox 980 1298 1413 1326">
    <p class='ocr_par' dir='ltr' id='par_1_70' title="bbox 980 1298 1413 1326">
     <span class='ocr_line' id='line_1_70' title="bbox 980 1298 1413 1326; baseline 0 -1"><span class='ocrx_word' id='word_1_463' title='bbox 980 1299 1090 1326; x_wconf 89' lang='lat' dir='ltr'><strong>fuerunt</strong></span> <span class='ocrx_word' id='word_1_464' title='bbox 1107 1299 1202 1326; x_wconf 87' lang='lat' dir='ltr'><strong>Aetius</strong></span> <span class='ocrx_word' id='word_1_465' title='bbox 1215 1305 1242 1326; x_wconf 90' lang='lat' dir='ltr'><strong>et</strong></span> <span class='ocrx_word' id='word_1_466' title='bbox 1254 1298 1413 1326; x_wconf 80' lang='lat' dir='ltr'><strong>Eunomius.</strong></span> 
     </span>
    </p>
   </div>
   <div class='ocr_carea' id='block_1_71' title="bbox 1014 1345 1768 1380">
    <p class='ocr_par' dir='ltr' id='par_1_71' title="bbox 1014 1345 1768 1380">
     <span class='ocr_line' id='line_1_71' title="bbox 1014 1345 1768 1380; baseline -0.001 -7"><span class='ocrx_word' id='word_1_467' title='bbox 1014 1345 1090 1373; x_wconf 65' lang='grc' dir='ltr'>ΔιιΝο</span> <span class='ocrx_word' id='word_1_468' title='bbox 1104 1353 1229 1373; x_wconf 72' lang='grc' dir='ltr'>ειιιςιτειι</span> <span class='ocrx_word' id='word_1_469' title='bbox 1251 1345 1348 1372; x_wconf 66' lang='lat'><strong>5252.—</strong></span> <span class='ocrx_word' id='word_1_470' title='bbox 1357 1346 1368 1372; x_wconf 80' lang='lat' dir='ltr'><strong>l</strong></span> <span class='ocrx_word' id='word_1_471' title='bbox 1377 1365 1384 1371; x_wconf 90' lang='lat'><strong>.</strong></span> <span class='ocrx_word' id='word_1_472' title='bbox 1397 1345 1476 1372; x_wconf 68' lang='lat' dir='ltr'><strong>Arius</strong></span> <span class='ocrx_word' id='word_1_473' title='bbox 1488 1346 1674 1372; x_wconf 69' lang='lat' dir='ltr'><strong>Alexandriam</strong></span> <span class='ocrx_word' id='word_1_474' title='bbox 1692 1346 1768 1380; x_wconf 75' lang='lat' dir='ltr'><strong>petit.</strong></span> 
     </span>
    </p>
   </div>
   <div class='ocr_carea' id='block_1_72' title="bbox 979 1391 1767 1427">
    <p class='ocr_par' dir='ltr' id='par_1_72' title="bbox 979 1391 1767 1427">
     <span class='ocr_line' id='line_1_72' title="bbox 979 1391 1767 1427; baseline 0 -7"><span class='ocrx_word' id='word_1_475' title='bbox 979 1392 1169 1420; x_wconf 72' lang='lat' dir='ltr'><strong>Constantinus</strong></span> <span class='ocrx_word' id='word_1_476' title='bbox 1178 1392 1253 1427; x_wconf 75' lang='lat' dir='ltr'><strong>jubet</strong></span> <span class='ocrx_word' id='word_1_477' title='bbox 1267 1392 1347 1426; x_wconf 82' lang='lat' dir='ltr'><strong>recipi</strong></span> <span class='ocrx_word' id='word_1_478' title='bbox 1357 1392 1644 1419; x_wconf 74' lang='lat' dir='ltr'><strong>Arium.—Ca:terum</strong></span> <span class='ocrx_word' id='word_1_479' title='bbox 1659 1391 1767 1420; x_wconf 74' lang='lat' dir='ltr'><strong>dclnsui</strong></span> 
     </span>
    </p>
   </div>
   <div class='ocr_carea' id='block_1_73' title="bbox 979 1437 1767 1471">
    <p class='ocr_par' dir='ltr' id='par_1_73' title="bbox 979 1437 1767 1471">
     <span class='ocr_line' id='line_1_73' title="bbox 979 1437 1767 1471; baseline -0.004 -5"><span class='ocrx_word' id='word_1_480' title='bbox 979 1438 1036 1466; x_wconf 83' lang='lat' dir='ltr'><strong>Arii</strong></span> <span class='ocrx_word' id='word_1_481' title='bbox 1056 1438 1205 1465; x_wconf 87' lang='lat' dir='ltr'><strong>calliditate</strong></span> <span class='ocrx_word' id='word_1_482' title='bbox 1226 1437 1433 1469; x_wconf 86' lang='lat' dir='ltr'><strong>Constantinus,</strong></span> <span class='ocrx_word' id='word_1_483' title='bbox 1459 1445 1491 1464; x_wconf 90' lang='lat' dir='ltr'><strong>eo</strong></span> <span class='ocrx_word' id='word_1_484' title='bbox 1515 1437 1617 1471; x_wconf 88' lang='lat' dir='ltr'><strong>appulit</strong></span> <span class='ocrx_word' id='word_1_485' title='bbox 1635 1438 1767 1470; x_wconf 85' lang='lat' dir='ltr'><strong>animum,</strong></span> 
     </span>
    </p>
   </div>
   <div class='ocr_carea' id='block_1_74' title="bbox 979 1482 1754 1519">
    <p class='ocr_par' dir='ltr' id='par_1_74' title="bbox 979 1482 1754 1519">
     <span class='ocr_line' id='line_1_74' title="bbox 979 1482 1754 1519; baseline -0.001 -8"><span class='ocrx_word' id='word_1_486' title='bbox 979 1490 1009 1511; x_wconf 90' lang='lat' dir='ltr'><strong>ut</strong></span> <span class='ocrx_word' id='word_1_487' title='bbox 1022 1492 1081 1511; x_wconf 88' lang='lat' dir='ltr'><strong>eum</strong></span> <span class='ocrx_word' id='word_1_488' title='bbox 1093 1483 1281 1510; x_wconf 77' lang='lat' dir='ltr'><strong>Alexandriam</strong></span> <span class='ocrx_word' id='word_1_489' title='bbox 1300 1483 1432 1518; x_wconf 81' lang='lat' dir='ltr'><strong>proficisci</strong></span> <span class='ocrx_word' id='word_1_490' title='bbox 1450 1483 1536 1510; x_wconf 86' lang='lat' dir='ltr'><strong>libens</strong></span> <span class='ocrx_word' id='word_1_491' title='bbox 1547 1484 1704 1510; x_wconf 87' lang='lat' dir='ltr'><strong>concederet</strong></span> <span class='ocrx_word' id='word_1_492' title='bbox 1715 1482 1754 1519; x_wconf 72' lang='grc' dir='ltr'><strong>(ά)</strong></span> 
     </span>
    </p>
   </div>
   <div class='ocr_carea' id='block_1_75' title="bbox 981 1529 1764 1564">
    <p class='ocr_par' dir='ltr' id='par_1_75' title="bbox 981 1529 1764 1564">
     <span class='ocr_line' id='line_1_75' title="bbox 981 1529 1764 1564; baseline -0.003 -6"><span class='ocrx_word' id='word_1_493' title='bbox 981 1531 1079 1558; x_wconf 83' lang='lat' dir='ltr'><strong>Verum</strong></span> <span class='ocrx_word' id='word_1_494' title='bbox 1096 1530 1270 1562; x_wconf 85' lang='lat' dir='ltr'><strong>Athanasius,</strong></span> <span class='ocrx_word' id='word_1_495' title='bbox 1298 1529 1344 1564; x_wconf 87' lang='lat' dir='ltr'><strong>qui</strong></span> <span class='ocrx_word' id='word_1_496' title='bbox 1371 1529 1506 1557; x_wconf 91' lang='lat' dir='ltr'><strong>hominem</strong></span> <span class='ocrx_word' id='word_1_497' title='bbox 1524 1530 1639 1564; x_wconf 87' lang='lat' dir='ltr'><strong>pristino</strong></span> <span class='ocrx_word' id='word_1_498' title='bbox 1660 1537 1764 1564; x_wconf 84' lang='lat' dir='ltr'><strong>semper</strong></span> 
     </span>
    </p>
   </div>
   <div class='ocr_carea' id='block_1_76' title="bbox 978 1575 1765 1610">
    <p class='ocr_par' dir='ltr' id='par_1_76' title="bbox 978 1575 1765 1610">
     <span class='ocr_line' id='line_1_76' title="bbox 978 1575 1765 1610; baseline -0.003 -6"><span class='ocrx_word' id='word_1_499' title='bbox 978 1583 1071 1604; x_wconf 83' lang='lat' dir='ltr'><strong>errore</strong></span> <span class='ocrx_word' id='word_1_500' title='bbox 1091 1576 1269 1610; x_wconf 85' lang='lat' dir='ltr'><strong>implicatum,</strong></span> <span class='ocrx_word' id='word_1_501' title='bbox 1290 1576 1501 1610; x_wconf 85' lang='lat' dir='ltr'><strong>simulatamque</strong></span> <span class='ocrx_word' id='word_1_502' title='bbox 1525 1583 1557 1602; x_wconf 88' lang='lat' dir='ltr'><strong>ac</strong></span> <span class='ocrx_word' id='word_1_503' title='bbox 1573 1576 1634 1603; x_wconf 90' lang='lat' dir='ltr'><strong>dolo</strong></span> <span class='ocrx_word' id='word_1_504' title='bbox 1659 1575 1765 1610; x_wconf 86' lang='lat' dir='ltr'><strong>plenam</strong></span> 
     </span>
    </p>
   </div>
   <div class='ocr_carea' id='block_1_77' title="bbox 977 1621 1763 1658">
    <p class='ocr_par' dir='ltr' id='par_1_77' title="bbox 977 1621 1763 1658">
     <span class='ocr_line' id='line_1_77' title="bbox 977 1621 1763 1658; baseline -0.001 -10"><span class='ocrx_word' id='word_1_505' title='bbox 977 1623 1036 1658; x_wconf 84' lang='lat' dir='ltr'><strong>ejus</strong></span> <span class='ocrx_word' id='word_1_506' title='bbox 1053 1622 1114 1649; x_wconf 86' lang='lat' dir='ltr'><strong>fidei</strong></span> <span class='ocrx_word' id='word_1_507' title='bbox 1128 1621 1329 1649; x_wconf 81' lang='lat' dir='ltr'><strong>confessionem</strong></span> <span class='ocrx_word' id='word_1_508' title='bbox 1349 1623 1433 1655; x_wconf 87' lang='lat' dir='ltr'><strong>probe</strong></span> <span class='ocrx_word' id='word_1_509' title='bbox 1450 1626 1538 1653; x_wconf 81' lang='lat' dir='ltr'><strong>norat,</strong></span> <span class='ocrx_word' id='word_1_510' title='bbox 1563 1622 1666 1648; x_wconf 88' lang='lat' dir='ltr'><strong>aditum</strong></span> <span class='ocrx_word' id='word_1_511' title='bbox 1689 1621 1712 1648; x_wconf 91' lang='lat' dir='ltr'><strong>ei</strong></span> <span class='ocrx_word' id='word_1_512' title='bbox 1731 1621 1763 1647; x_wconf 86' lang='lat' dir='ltr'><strong>ad</strong></span> 
     </span>
    </p>
   </div>
   <div class='ocr_carea' id='block_1_78' title="bbox 977 1665 1769 1694">
    <p class='ocr_par' dir='ltr' id='par_1_78' title="bbox 977 1665 1769 1694">
     <span class='ocr_line' id='line_1_78' title="bbox 977 1665 1769 1694; baseline -0.003 0"><span class='ocrx_word' id='word_1_513' title='bbox 977 1667 1179 1694; x_wconf 86' lang='lat' dir='ltr'><strong>Catholicorunt</strong></span> <span class='ocrx_word' id='word_1_514' title='bbox 1212 1666 1431 1694; x_wconf 90' lang='lat' dir='ltr'><strong>communionem</strong></span> <span class='ocrx_word' id='word_1_515' title='bbox 1457 1665 1617 1692; x_wconf 77' lang='lat' dir='ltr'><strong>interclusit.</strong></span> <span class='ocrx_word' id='word_1_516' title='bbox 1641 1665 1675 1692; x_wconf 86' lang='lat' dir='ltr'><strong>Et</strong></span> <span class='ocrx_word' id='word_1_517' title='bbox 1699 1672 1769 1692; x_wconf 85' lang='lat' dir='ltr'><strong>vero-</strong></span> 
     </span>
    </p>
   </div>
   <div class='ocr_carea' id='block_1_79' title="bbox 978 1710 1760 1751">
    <p class='ocr_par' dir='ltr' id='par_1_79' title="bbox 978 1710 1760 1751">
     <span class='ocr_line' id='line_1_79' title="bbox 978 1710 1760 1751; baseline -0.004 -11"><span class='ocrx_word' id='word_1_518' title='bbox 978 1720 1030 1740; x_wconf 93' lang='lat' dir='ltr'><strong>non</strong></span> <span class='ocrx_word' id='word_1_519' title='bbox 1045 1712 1114 1751; x_wconf 41' lang='lat' dir='ltr'><strong>.siue</strong></span> <span class='ocrx_word' id='word_1_520' title='bbox 1136 1719 1217 1739; x_wconf 85' lang='lat' dir='ltr'><strong>causa</strong></span> <span class='ocrx_word' id='word_1_521' title='bbox 1234 1711 1370 1746; x_wconf 87' lang='lat' dir='ltr'><strong>repulsam</strong></span> <span class='ocrx_word' id='word_1_522' title='bbox 1395 1712 1488 1738; x_wconf 89' lang='lat' dir='ltr'><strong>tulisse</strong></span> <span class='ocrx_word' id='word_1_523' title='bbox 1509 1710 1602 1737; x_wconf 89' lang='lat' dir='ltr'><strong>Arium</strong></span> <span class='ocrx_word' id='word_1_524' title='bbox 1623 1717 1683 1737; x_wconf 87' lang='lat' dir='ltr'><strong>mox</strong></span> <span class='ocrx_word' id='word_1_525' title='bbox 1702 1717 1760 1744; x_wconf 92' lang='lat' dir='ltr'><strong>pro-</strong></span> 
     </span>
    </p>
   </div>
   <div class='ocr_carea' id='block_1_80' title="bbox 976 1755 1759 1793">
    <p class='ocr_par' dir='ltr' id='par_1_80' title="bbox 976 1755 1759 1793">
     <span class='ocr_line' id='line_1_80' title="bbox 976 1755 1759 1793; baseline -0.004 -8"><span class='ocrx_word' id='word_1_526' title='bbox 976 1758 1065 1793; x_wconf 80' lang='lat' dir='ltr'><strong>palam</strong></span> <span class='ocrx_word' id='word_1_527' title='bbox 1087 1757 1146 1784; x_wconf 89' lang='lat' dir='ltr'><strong>fuit.</strong></span> <span class='ocrx_word' id='word_1_528' title='bbox 1176 1757 1288 1784; x_wconf 86' lang='lat' dir='ltr'><strong>Errorcs</strong></span> <span class='ocrx_word' id='word_1_529' title='bbox 1303 1757 1376 1783; x_wconf 91' lang='lat' dir='ltr'><strong>enim</strong></span> <span class='ocrx_word' id='word_1_530' title='bbox 1400 1756 1444 1784; x_wconf 86' lang='lat' dir='ltr'><strong>ille</strong></span> <span class='ocrx_word' id='word_1_531' title='bbox 1462 1764 1509 1791; x_wconf 90' lang='lat' dir='ltr'><strong>per</strong></span> <span class='ocrx_word' id='word_1_532' title='bbox 1530 1755 1622 1783; x_wconf 90' lang='lat' dir='ltr'><strong>urbem</strong></span> <span class='ocrx_word' id='word_1_533' title='bbox 1638 1755 1759 1783; x_wconf 83' lang='lat' dir='ltr'><strong>disserui-</strong></span> 
     </span>
    </p>
   </div>
   <div class='ocr_carea' id='block_1_81' title="bbox 977 1800 1763 1836">
    <p class='ocr_par' dir='ltr' id='par_1_81' title="bbox 977 1800 1763 1836">
     <span class='ocr_line' id='line_1_81' title="bbox 977 1800 1763 1836; baseline -0.005 -6"><span class='ocrx_word' id='word_1_534' title='bbox 977 1810 1041 1830; x_wconf 87' lang='lat' dir='ltr'><strong>nare</strong></span> <span class='ocrx_word' id='word_1_535' title='bbox 1054 1803 1087 1830; x_wconf 80' lang='lat' dir='ltr'><strong>de</strong></span> <span class='ocrx_word' id='word_1_536' title='bbox 1106 1802 1211 1836; x_wconf 82' lang='lat' dir='ltr'><strong>integro</strong></span> <span class='ocrx_word' id='word_1_537' title='bbox 1225 1805 1353 1833; x_wconf 81' lang='lat' dir='ltr'><strong>canatus,</strong></span> <span class='ocrx_word' id='word_1_538' title='bbox 1375 1802 1468 1828; x_wconf 88' lang='lat' dir='ltr'><strong>turbas</strong></span> <span class='ocrx_word' id='word_1_539' title='bbox 1483 1800 1651 1828; x_wconf 66' lang='lat' dir='ltr'><strong>Alexandria:</strong></span> <span class='ocrx_word' id='word_1_540' title='bbox 1670 1800 1763 1833; x_wconf 89' lang='lat' dir='ltr'><strong>dabat,</strong></span> 
     </span>
    </p>
   </div>
   <div class='ocr_carea' id='block_1_82' title="bbox 975 1845 1760 1881">
    <p class='ocr_par' dir='ltr' id='par_1_82' title="bbox 975 1845 1760 1881">
     <span class='ocr_line' id='line_1_82' title="bbox 975 1845 1760 1881; baseline -0.003 -6"><span class='ocrx_word' id='word_1_541' title='bbox 975 1854 1003 1876; x_wconf 90' lang='lat' dir='ltr'><strong>et</strong></span> <span class='ocrx_word' id='word_1_542' title='bbox 1020 1848 1046 1875; x_wconf 94' lang='lat' dir='ltr'><strong>in</strong></span> <span class='ocrx_word' id='word_1_543' title='bbox 1063 1848 1209 1875; x_wconf 86' lang='lat' dir='ltr'><strong>discrimen</strong></span> <span class='ocrx_word' id='word_1_544' title='bbox 1223 1847 1336 1874; x_wconf 86' lang='lat' dir='ltr'><strong>vocabat</strong></span> <span class='ocrx_word' id='word_1_545' title='bbox 1352 1854 1443 1881; x_wconf 85' lang='lat' dir='ltr'><strong>pacem</strong></span> <span class='ocrx_word' id='word_1_546' title='bbox 1464 1846 1617 1880; x_wconf 60' lang='lat' dir='ltr'><strong>reipublicae</strong></span> <span class='ocrx_word' id='word_1_547' title='bbox 1633 1845 1760 1873; x_wconf 84' lang='lat' dir='ltr'><strong>Christia-</strong></span> 
     </span>
    </p>
   </div>
   <div class='ocr_carea' id='block_1_83' title="bbox 975 1889 1761 1921">
    <p class='ocr_par' dir='ltr' id='par_1_83' title="bbox 975 1889 1761 1921">
     <span class='ocr_line' id='line_1_83' title="bbox 975 1889 1761 1921; baseline -0.006 0"><span class='ocrx_word' id='word_1_548' title='bbox 975 1901 1026 1921; x_wconf 64' lang='lat' dir='ltr'><strong>nae.</strong></span> <span class='ocrx_word' id='word_1_549' title='bbox 1056 1892 1090 1921; x_wconf 87' lang='lat' dir='ltr'><strong>Ut</strong></span> <span class='ocrx_word' id='word_1_550' title='bbox 1118 1893 1185 1919; x_wconf 86' lang='lat' dir='ltr'><strong>vidit</strong></span> <span class='ocrx_word' id='word_1_551' title='bbox 1213 1891 1347 1918; x_wconf 84' lang='lat' dir='ltr'><strong>Eusebius</strong></span> <span class='ocrx_word' id='word_1_552' title='bbox 1375 1891 1475 1918; x_wconf 90' lang='lat' dir='ltr'><strong>frustra</strong></span> <span class='ocrx_word' id='word_1_553' title='bbox 1506 1890 1606 1918; x_wconf 85' lang='lat' dir='ltr'><strong>tentari</strong></span> <span class='ocrx_word' id='word_1_554' title='bbox 1638 1889 1761 1917; x_wconf 84' lang='lat' dir='ltr'><strong>Athana-</strong></span> 
     </span>
    </p>
   </div>
   <div class='ocr_carea' id='block_1_84' title="bbox 975 1937 1762 1974">
    <p class='ocr_par' dir='ltr' id='par_1_84' title="bbox 975 1937 1762 1974">
     <span class='ocr_line' id='line_1_84' title="bbox 975 1937 1762 1974; baseline -0.004 -8"><span class='ocrx_word' id='word_1_555' title='bbox 975 1940 1043 1967; x_wconf 84' lang='lat' dir='ltr'><strong>sium</strong></span> <span class='ocrx_word' id='word_1_556' title='bbox 1061 1938 1110 1974; x_wconf 81' lang='grc' dir='ltr'><strong>(ι),</strong></span> <span class='ocrx_word' id='word_1_557' title='bbox 1131 1938 1181 1965; x_wconf 91' lang='lat' dir='ltr'><strong>nisi</strong></span> <span class='ocrx_word' id='word_1_558' title='bbox 1201 1938 1371 1973; x_wconf 88' lang='lat' dir='ltr'><strong>imperatoris</strong></span> <span class='ocrx_word' id='word_1_559' title='bbox 1389 1937 1478 1972; x_wconf 90' lang='lat' dir='ltr'><strong>jussio</strong></span> <span class='ocrx_word' id='word_1_560' title='bbox 1493 1937 1645 1969; x_wconf 87' lang='lat' dir='ltr'><strong>accederet,</strong></span> <span class='ocrx_word' id='word_1_561' title='bbox 1668 1941 1762 1963; x_wconf 87' lang='lat' dir='ltr'><strong>auctor</strong></span> 
     </span>
    </p>
   </div>
   <div class='ocr_carea' id='block_1_85' title="bbox 974 1983 1761 2020">
    <p class='ocr_par' dir='ltr' id='par_1_85' title="bbox 974 1983 1761 2020">
     <span class='ocr_line' id='line_1_85' title="bbox 974 1983 1761 2020; baseline -0.004 -8"><span class='ocrx_word' id='word_1_562' title='bbox 974 1985 1025 2020; x_wconf 90' lang='lat' dir='ltr'><strong>ipsi</strong></span> <span class='ocrx_word' id='word_1_563' title='bbox 1056 1984 1107 2012; x_wconf 88' lang='lat' dir='ltr'><strong>fuit</strong></span> <span class='ocrx_word' id='word_1_564' title='bbox 1124 1989 1153 2011; x_wconf 92' lang='lat' dir='ltr'><strong>ut</strong></span> <span class='ocrx_word' id='word_1_565' title='bbox 1175 1984 1278 2011; x_wconf 83' lang='lat' dir='ltr'><strong>litteras</strong></span> <span class='ocrx_word' id='word_1_566' title='bbox 1300 1984 1333 2011; x_wconf 92' lang='lat' dir='ltr'><strong>ad</strong></span> <span class='ocrx_word' id='word_1_567' title='bbox 1357 1983 1504 2010; x_wconf 84' lang='lat' dir='ltr'><strong>antistitem</strong></span> <span class='ocrx_word' id='word_1_568' title='bbox 1528 1983 1603 2010; x_wconf 87' lang='lat' dir='ltr'><strong>daret</strong></span> <span class='ocrx_word' id='word_1_569' title='bbox 1628 1983 1761 2009; x_wconf 90' lang='lat' dir='ltr'><strong>minarum</strong></span> 
     </span>
    </p>
   </div>
   <div class='ocr_carea' id='block_1_86' title="bbox 973 2027 1760 2066">
    <p class='ocr_par' dir='ltr' id='par_1_86' title="bbox 973 2027 1760 2066">
     <span class='ocr_line' id='line_1_86' title="bbox 973 2027 1760 2066; baseline -0.004 -9"><span class='ocrx_word' id='word_1_570' title='bbox 973 2032 1076 2066; x_wconf 82' lang='lat' dir='ltr'><strong>plenas,</strong></span> <span class='ocrx_word' id='word_1_571' title='bbox 1089 2037 1203 2064; x_wconf 88' lang='lat' dir='ltr'><strong>quarum</strong></span> <span class='ocrx_word' id='word_1_572' title='bbox 1217 2035 1320 2065; x_wconf 89' lang='lat' dir='ltr'><strong>partem</strong></span> <span class='ocrx_word' id='word_1_573' title='bbox 1339 2029 1416 2056; x_wconf 69' lang='lat' dir='ltr'><strong>affert</strong></span> <span class='ocrx_word' id='word_1_574' title='bbox 1429 2028 1593 2056; x_wconf 81' lang='lat' dir='ltr'><strong>Athanasius</strong></span> <span class='ocrx_word' id='word_1_575' title='bbox 1605 2027 1645 2054; x_wconf 88' lang='lat' dir='ltr'><strong>sic</strong></span> <span class='ocrx_word' id='word_1_576' title='bbox 1659 2028 1760 2055; x_wconf 84' lang='lat' dir='ltr'><strong>haben-</strong></span> 
     </span>
    </p>
   </div>
   <div class='ocr_carea' id='block_1_87' title="bbox 974 2075 1759 2111">
    <p class='ocr_par' dir='ltr' id='par_1_87' title="bbox 974 2075 1759 2111">
     <span class='ocr_line' id='line_1_87' title="bbox 974 2075 1759 2111; baseline -0.005 -8"><span class='ocrx_word' id='word_1_577' title='bbox 974 2081 1027 2104; x_wconf 94' lang='lat' dir='ltr'><strong>tem</strong></span> <span class='ocrx_word' id='word_1_578' title='bbox 1042 2086 1048 2103; x_wconf 89' lang='lat'>:</span> <span class='ocrx_word' id='word_1_579' title='bbox 1065 2085 1074 2101; x_wconf 77' lang='grc' dir='ltr'><strong>ι</strong></span> <span class='ocrx_word' id='word_1_580' title='bbox 1087 2076 1153 2104; x_wconf 91' lang='lat' dir='ltr'><strong>Cum</strong></span> <span class='ocrx_word' id='word_1_581' title='bbox 1180 2076 1263 2111; x_wconf 85' lang='lat' dir='ltr'><strong>igitur</strong></span> <span class='ocrx_word' id='word_1_582' title='bbox 1293 2075 1459 2102; x_wconf 90' lang='lat' dir='ltr'><strong>voluntatem</strong></span> <span class='ocrx_word' id='word_1_583' title='bbox 1480 2082 1567 2101; x_wconf 84' lang='lat' dir='ltr'><strong>meam</strong></span> <span class='ocrx_word' id='word_1_584' title='bbox 1592 2078 1759 2107; x_wconf 87' lang='lat' dir='ltr'><strong>compertam</strong></span> 
     </span>
    </p>
   </div>
   <div class='ocr_carea' id='block_1_88' title="bbox 974 2115 1759 2155">
    <p class='ocr_par' dir='ltr' id='par_1_88' title="bbox 974 2115 1759 2155">
     <span class='ocr_line' id='line_1_88' title="bbox 974 2115 1759 2155; baseline -0.01 -6"><span class='ocrx_word' id='word_1_585' title='bbox 974 2121 1084 2154; x_wconf 84' lang='lat' dir='ltr'><strong>habeas,</strong></span> <span class='ocrx_word' id='word_1_586' title='bbox 1097 2121 1223 2148; x_wconf 89' lang='lat' dir='ltr'><strong>omnibus</strong></span> <span class='ocrx_word' id='word_1_587' title='bbox 1241 2121 1286 2155; x_wconf 89' lang='lat' dir='ltr'><strong>qui</strong></span> <span class='ocrx_word' id='word_1_588' title='bbox 1303 2120 1328 2147; x_wconf 92' lang='lat' dir='ltr'><strong>in</strong></span> <span class='ocrx_word' id='word_1_589' title='bbox 1342 2119 1493 2147; x_wconf 85' lang='lat' dir='ltr'><strong>Ecclesiam</strong></span> <span class='ocrx_word' id='word_1_590' title='bbox 1510 2117 1615 2145; x_wconf 90' lang='lat' dir='ltr'><strong>admitti</strong></span> <span class='ocrx_word' id='word_1_591' title='bbox 1629 2115 1759 2151; x_wconf 72' lang='lat' dir='ltr'><strong>efﬂagita-</strong></span> 
     </span>
    </p>
   </div>
   <div class='ocr_carea' id='block_1_89' title="bbox 972 2161 1758 2201">
    <p class='ocr_par' dir='ltr' id='par_1_89' title="bbox 972 2161 1758 2201">
     <span class='ocr_line' id='line_1_89' title="bbox 972 2161 1758 2201; baseline -0.009 -7"><span class='ocrx_word' id='word_1_592' title='bbox 972 2168 1037 2200; x_wconf 89' lang='lat' dir='ltr'><strong>rint,</strong></span> <span class='ocrx_word' id='word_1_593' title='bbox 1054 2167 1167 2194; x_wconf 89' lang='lat' dir='ltr'><strong>liberum</strong></span> <span class='ocrx_word' id='word_1_594' title='bbox 1187 2166 1308 2201; x_wconf 64' lang='lat' dir='ltr'><strong>praebeto</strong></span> <span class='ocrx_word' id='word_1_595' title='bbox 1322 2166 1481 2200; x_wconf 81' lang='lat' dir='ltr'><strong>ingressum.</strong></span> <span class='ocrx_word' id='word_1_596' title='bbox 1496 2163 1525 2191; x_wconf 89' lang='lat' dir='ltr'><strong>Si</strong></span> <span class='ocrx_word' id='word_1_597' title='bbox 1541 2170 1608 2198; x_wconf 88' lang='lat' dir='ltr'><strong>quos</strong></span> <span class='ocrx_word' id='word_1_598' title='bbox 1624 2166 1711 2189; x_wconf 85' lang='lat' dir='ltr'><strong>autem</strong></span> <span class='ocrx_word' id='word_1_599' title='bbox 1731 2161 1758 2188; x_wconf 93' lang='lat' dir='ltr'><strong>in</strong></span> 
     </span>
    </p>
   </div>
   <div class='ocr_carea' id='block_1_90' title="bbox 139 2207 1759 2253">
    <p class='ocr_par' dir='ltr' id='par_1_90' title="bbox 139 2207 1759 2253">
     <span class='ocr_line' id='line_1_90' title="bbox 139 2207 1759 2253; baseline -0.001 -18"><span class='ocrx_word' id='word_1_600' title='bbox 139 2208 211 2242; x_wconf 87' lang='lat' dir='ltr'><strong>dine,</strong></span> <span class='ocrx_word' id='word_1_601' title='bbox 226 2209 406 2237; x_wconf 76' lang='lat' dir='ltr'><strong>Constantino</strong></span> <span class='ocrx_word' id='word_1_602' title='bbox 421 2209 606 2244; x_wconf 86' lang='lat' dir='ltr'><strong>presbyterum</strong></span> <span class='ocrx_word' id='word_1_603' title='bbox 636 2209 708 2237; x_wconf 90' lang='lat' dir='ltr'><strong>illum</strong></span> <span class='ocrx_word' id='word_1_604' title='bbox 735 2212 921 2245; x_wconf 85' lang='lat' dir='ltr'><strong>commendat,</strong></span> <span class='ocrx_word' id='word_1_605' title='bbox 938 2226 959 2253; x_wconf 68' lang='grc' dir='ltr'><strong>Β</strong></span> <span class='ocrx_word' id='word_1_606' title='bbox 976 2213 1103 2240; x_wconf 72' lang='lat' dir='ltr'><strong>Ecclesia:</strong></span> <span class='ocrx_word' id='word_1_607' title='bbox 1118 2213 1336 2239; x_wconf 86' lang='lat' dir='ltr'><strong>communionem</strong></span> <span class='ocrx_word' id='word_1_608' title='bbox 1355 2211 1459 2238; x_wconf 90' lang='lat' dir='ltr'><strong>admitti</strong></span> <span class='ocrx_word' id='word_1_609' title='bbox 1473 2210 1614 2245; x_wconf 89' lang='lat' dir='ltr'><strong>cupientes</strong></span> <span class='ocrx_word' id='word_1_610' title='bbox 1630 2212 1654 2235; x_wconf 86' lang='lat' dir='ltr'><strong>te</strong></span> <span class='ocrx_word' id='word_1_611' title='bbox 1666 2207 1759 2242; x_wconf 89' lang='lat' dir='ltr'><strong>prohi-</strong></span> 
     </span>
    </p>
   </div>
   <div class='ocr_carea' id='block_1_91' title="bbox 141 2254 920 2291">
    <p class='ocr_par' dir='ltr' id='par_1_91' title="bbox 141 2254 920 2291">
     <span class='ocr_line' id='line_1_91' title="bbox 141 2254 920 2291; baseline 0.003 -10"><span class='ocrx_word' id='word_1_612' title='bbox 141 2259 237 2282; x_wconf 88' lang='lat' dir='ltr'><strong>testata</strong></span> <span class='ocrx_word' id='word_1_613' title='bbox 266 2254 315 2282; x_wconf 89' lang='lat' dir='ltr'><strong>viri</strong></span> <span class='ocrx_word' id='word_1_614' title='bbox 344 2255 503 2289; x_wconf 84' lang='lat' dir='ltr'><strong>probitatem</strong></span> <span class='ocrx_word' id='word_1_615' title='bbox 527 2256 606 2288; x_wconf 81' lang='lat' dir='ltr'><strong>juxta</strong></span> <span class='ocrx_word' id='word_1_616' title='bbox 637 2260 719 2290; x_wconf 83' lang='lat' dir='ltr'><strong>atque</strong></span> <span class='ocrx_word' id='word_1_617' title='bbox 743 2256 920 2291; x_wconf 83' lang='lat' dir='ltr'><strong>religionem,</strong></span> 
     </span>
    </p>
   </div>
   <div class='ocr_carea' id='block_1_92' title="bbox 139 2301 921 2337">
    <p class='ocr_par' dir='ltr' id='par_1_92' title="bbox 139 2301 921 2337">
     <span class='ocr_line' id='line_1_92' title="bbox 139 2301 921 2337; baseline 0.004 -10"><span class='ocrx_word' id='word_1_618' title='bbox 139 2308 241 2328; x_wconf 84' lang='lat' dir='ltr'><strong>necnon</strong></span> <span class='ocrx_word' id='word_1_619' title='bbox 260 2301 416 2330; x_wconf 88' lang='lat' dir='ltr'><strong>benevolum</strong></span> <span class='ocrx_word' id='word_1_620' title='bbox 439 2302 511 2330; x_wconf 87' lang='lat' dir='ltr'><strong>illitts</strong></span> <span class='ocrx_word' id='word_1_621' title='bbox 531 2302 645 2337; x_wconf 88' lang='lat' dir='ltr'><strong>imperio</strong></span> <span class='ocrx_word' id='word_1_622' title='bbox 670 2302 800 2332; x_wconf 84' lang='lat' dir='ltr'><strong>animum.</strong></span> <span class='ocrx_word' id='word_1_623' title='bbox 827 2302 921 2337; x_wconf 82' lang='lat' dir='ltr'><strong>Neque</strong></span> 
     </span>
    </p>
   </div>
   <div class='ocr_carea' id='block_1_93' title="bbox 139 2347 920 2385">
    <p class='ocr_par' dir='ltr' id='par_1_93' title="bbox 139 2347 920 2385">
     <span class='ocr_line' id='line_1_93' title="bbox 139 2347 920 2385; baseline 0.005 -12"><span class='ocrx_word' id='word_1_624' title='bbox 139 2347 176 2374; x_wconf 92' lang='lat' dir='ltr'><strong>ita</strong></span> <span class='ocrx_word' id='word_1_625' title='bbox 192 2347 274 2375; x_wconf 90' lang='lat' dir='ltr'><strong>multo</strong></span> <span class='ocrx_word' id='word_1_626' title='bbox 285 2352 346 2383; x_wconf 89' lang='lat' dir='ltr'><strong>post</strong></span> <span class='ocrx_word' id='word_1_627' title='bbox 358 2349 427 2376; x_wconf 90' lang='lat' dir='ltr'><strong>diem</strong></span> <span class='ocrx_word' id='word_1_628' title='bbox 443 2349 487 2377; x_wconf 89' lang='lat' dir='ltr'><strong>illa</strong></span> <span class='ocrx_word' id='word_1_629' title='bbox 505 2349 605 2377; x_wconf 89' lang='lat' dir='ltr'><strong>clausit</strong></span> <span class='ocrx_word' id='word_1_630' title='bbox 623 2356 789 2383; x_wconf 88' lang='lat' dir='ltr'><strong>supremum.</strong></span> <span class='ocrx_word' id='word_1_631' title='bbox 804 2348 920 2385; x_wconf 76' lang='lat' dir='ltr'><strong>Presby-</strong></span> 
     </span>
    </p>
   </div>
   <div class='ocr_carea' id='block_1_94' title="bbox 140 2394 918 2430">
    <p class='ocr_par' dir='ltr' id='par_1_94' title="bbox 140 2394 918 2430">
     <span class='ocr_line' id='line_1_94' title="bbox 140 2394 918 2430; baseline 0.003 -10"><span class='ocrx_word' id='word_1_632' title='bbox 140 2398 179 2420; x_wconf 87' lang='lat' dir='ltr'><strong>ter</strong></span> <span class='ocrx_word' id='word_1_633' title='bbox 190 2394 288 2421; x_wconf 83' lang='lat' dir='ltr'><strong>exinde</strong></span> <span class='ocrx_word' id='word_1_634' title='bbox 312 2394 382 2421; x_wconf 89' lang='lat' dir='ltr'><strong>inter</strong></span> <span class='ocrx_word' id='word_1_635' title='bbox 397 2395 623 2423; x_wconf 89' lang='lat' dir='ltr'><strong>familiarissimos</strong></span> <span class='ocrx_word' id='word_1_636' title='bbox 645 2396 816 2430; x_wconf 88' lang='lat' dir='ltr'><strong>imperatoris</strong></span> <span class='ocrx_word' id='word_1_637' title='bbox 831 2403 918 2423; x_wconf 89' lang='lat' dir='ltr'><strong>annu-</strong></span> 
     </span>
    </p>
   </div>
   <div class='ocr_carea' id='block_1_95' title="bbox 139 2440 919 2476">
    <p class='ocr_par' dir='ltr' id='par_1_95' title="bbox 139 2440 919 2476">
     <span class='ocr_line' id='line_1_95' title="bbox 139 2440 919 2476; baseline 0.004 -11"><span class='ocrx_word' id='word_1_638' title='bbox 139 2444 257 2466; x_wconf 89' lang='lat' dir='ltr'><strong>meratus</strong></span> <span class='ocrx_word' id='word_1_639' title='bbox 277 2444 320 2467; x_wconf 89' lang='lat' dir='ltr'><strong>est</strong></span> <span class='ocrx_word' id='word_1_640' title='bbox 340 2449 347 2467; x_wconf 91' lang='lat'><strong>:</strong></span> <span class='ocrx_word' id='word_1_641' title='bbox 368 2445 395 2467; x_wconf 89' lang='lat' dir='ltr'><strong>et</strong></span> <span class='ocrx_word' id='word_1_642' title='bbox 409 2440 538 2475; x_wconf 87' lang='lat' dir='ltr'><strong>majorem</strong></span> <span class='ocrx_word' id='word_1_643' title='bbox 562 2441 590 2468; x_wconf 91' lang='lat' dir='ltr'><strong>in</strong></span> <span class='ocrx_word' id='word_1_644' title='bbox 612 2441 670 2469; x_wconf 88' lang='lat' dir='ltr'><strong>dies</strong></span> <span class='ocrx_word' id='word_1_645' title='bbox 688 2446 783 2469; x_wconf 86' lang='lat' dir='ltr'><strong>nactus</strong></span> <span class='ocrx_word' id='word_1_646' title='bbox 805 2442 919 2476; x_wconf 83' lang='lat' dir='ltr'><strong>gratiam</strong></span> 
     </span>
    </p>
   </div>
   <div class='ocr_carea' id='block_1_96' title="bbox 140 2486 920 2520">
    <p class='ocr_par' dir='ltr' id='par_1_96' title="bbox 140 2486 920 2520">
     <span class='ocr_line' id='line_1_96' title="bbox 140 2486 920 2520; baseline 0.005 -8"><span class='ocrx_word' id='word_1_647' title='bbox 140 2486 326 2520; x_wconf 87' lang='lat' dir='ltr'><strong>fiduciamque,</strong></span> <span class='ocrx_word' id='word_1_648' title='bbox 335 2486 442 2514; x_wconf 85' lang='lat' dir='ltr'><strong>demum</strong></span> <span class='ocrx_word' id='word_1_649' title='bbox 452 2487 631 2514; x_wconf 82' lang='lat' dir='ltr'><strong>Constantino</strong></span> <span class='ocrx_word' id='word_1_650' title='bbox 641 2495 718 2514; x_wconf 91' lang='lat' dir='ltr'><strong>suum</strong></span> <span class='ocrx_word' id='word_1_651' title='bbox 726 2488 759 2515; x_wconf 89' lang='lat' dir='ltr'><strong>de</strong></span> <span class='ocrx_word' id='word_1_652' title='bbox 770 2488 920 2516; x_wconf 88' lang='lat' dir='ltr'><strong>revocando</strong></span> 
     </span>
    </p>
   </div>
   <div class='ocr_carea' id='block_1_97' title="bbox 139 2533 920 2568">
    <p class='ocr_par' dir='ltr' id='par_1_97' title="bbox 139 2533 920 2568">
     <span class='ocr_line' id='line_1_97' title="bbox 139 2533 920 2568; baseline 0.004 -9"><span class='ocrx_word' id='word_1_653' title='bbox 139 2533 200 2559; x_wconf 81' lang='lat' dir='ltr'><strong>Ario</strong></span> <span class='ocrx_word' id='word_1_654' title='bbox 220 2533 361 2560; x_wconf 88' lang='lat' dir='ltr'><strong>consilium</strong></span> <span class='ocrx_word' id='word_1_655' title='bbox 387 2533 490 2566; x_wconf 85' lang='lat' dir='ltr'><strong>aperit,</strong></span> <span class='ocrx_word' id='word_1_656' title='bbox 513 2533 578 2560; x_wconf 88' lang='lat' dir='ltr'><strong>nihil</strong></span> <span class='ocrx_word' id='word_1_657' title='bbox 600 2534 702 2561; x_wconf 88' lang='lat' dir='ltr'><strong>sentire</strong></span> <span class='ocrx_word' id='word_1_658' title='bbox 725 2533 812 2560; x_wconf 92' lang='lat' dir='ltr'><strong>virum</strong></span> <span class='ocrx_word' id='word_1_659' title='bbox 834 2534 920 2568; x_wconf 83' lang='lat' dir='ltr'><strong>aiens,</strong></span> 
     </span>
    </p>
   </div>
   <div class='ocr_carea' id='block_1_98' title="bbox 138 2579 919 2615">
    <p class='ocr_par' dir='ltr' id='par_1_98' title="bbox 138 2579 919 2615">
     <span class='ocr_line' id='line_1_98' title="bbox 138 2579 919 2615; baseline 0 -9"><span class='ocrx_word' id='word_1_660' title='bbox 138 2588 215 2615; x_wconf 92' lang='lat' dir='ltr'><strong>quam</strong></span> <span class='ocrx_word' id='word_1_661' title='bbox 227 2579 296 2613; x_wconf 88' lang='lat' dir='ltr'><strong>quod</strong></span> <span class='ocrx_word' id='word_1_662' title='bbox 313 2579 338 2606; x_wconf 94' lang='lat' dir='ltr'><strong>in</strong></span> <span class='ocrx_word' id='word_1_663' title='bbox 355 2579 458 2615; x_wconf 84' lang='lat' dir='ltr'><strong>synodo</strong></span> <span class='ocrx_word' id='word_1_664' title='bbox 479 2579 615 2607; x_wconf 87' lang='lat' dir='ltr'><strong>decretum</strong></span> <span class='ocrx_word' id='word_1_665' title='bbox 641 2579 746 2612; x_wconf 87' lang='lat' dir='ltr'><strong>fuisset,</strong></span> <span class='ocrx_word' id='word_1_666' title='bbox 766 2579 787 2606; x_wconf 91' lang='lat' dir='ltr'><strong>si</strong></span> <span class='ocrx_word' id='word_1_667' title='bbox 812 2580 838 2606; x_wconf 90' lang='lat' dir='ltr'><strong>in</strong></span> <span class='ocrx_word' id='word_1_668' title='bbox 852 2588 919 2607; x_wconf 92' lang='lat' dir='ltr'><strong>con-</strong></span> 
     </span>
    </p>
   </div>
   <div class='ocr_carea' id='block_1_99' title="bbox 138 2624 920 2660">
    <p class='ocr_par' dir='ltr' id='par_1_99' title="bbox 138 2624 920 2660">
     <span class='ocr_line' id='line_1_99' title="bbox 138 2624 920 2660; baseline 0 -7"><span class='ocrx_word' id='word_1_669' title='bbox 138 2631 256 2660; x_wconf 82' lang='lat' dir='ltr'><strong>spectum</strong></span> <span class='ocrx_word' id='word_1_670' title='bbox 291 2626 349 2660; x_wconf 89' lang='lat' dir='ltr'><strong>ejus</strong></span> <span class='ocrx_word' id='word_1_671' title='bbox 368 2626 538 2658; x_wconf 89' lang='lat' dir='ltr'><strong>admittatur,</strong></span> <span class='ocrx_word' id='word_1_672' title='bbox 568 2625 773 2659; x_wconf 88' lang='lat' dir='ltr'><strong>astipulaturmn</strong></span> <span class='ocrx_word' id='word_1_673' title='bbox 803 2624 920 2653; x_wconf 62' lang='lat' dir='ltr'><strong>Nicaenis</strong></span> 
     </span>
    </p>
   </div>
   <div class='ocr_carea' id='block_1_100' title="bbox 138 2671 917 2706">
    <p class='ocr_par' dir='ltr' id='par_1_100' title="bbox 138 2671 917 2706">
     <span class='ocr_line' id='line_1_100' title="bbox 138 2671 917 2706; baseline 0 -7"><span class='ocrx_word' id='word_1_674' title='bbox 138 2673 272 2705; x_wconf 87' lang='lat' dir='ltr'><strong>decretis;</strong></span> <span class='ocrx_word' id='word_1_675' title='bbox 288 2673 348 2700; x_wconf 85' lang='lat' dir='ltr'><strong>sine</strong></span> <span class='ocrx_word' id='word_1_676' title='bbox 362 2679 441 2699; x_wconf 88' lang='lat' dir='ltr'><strong>causa</strong></span> <span class='ocrx_word' id='word_1_677' title='bbox 457 2679 532 2699; x_wconf 86' lang='lat' dir='ltr'><strong>reum</strong></span> <span class='ocrx_word' id='word_1_678' title='bbox 547 2671 589 2706; x_wconf 76' lang='lat' dir='ltr'><strong>agi</strong></span> <span class='ocrx_word' id='word_1_679' title='bbox 605 2677 632 2699; x_wconf 91' lang='lat' dir='ltr'><strong>et</strong></span> <span class='ocrx_word' id='word_1_680' title='bbox 645 2672 671 2699; x_wconf 91' lang='lat' dir='ltr'><strong>in</strong></span> <span class='ocrx_word' id='word_1_681' title='bbox 690 2673 792 2700; x_wconf 90' lang='lat' dir='ltr'><strong>crimen</strong></span> <span class='ocrx_word' id='word_1_682' title='bbox 815 2673 917 2700; x_wconf 89' lang='lat' dir='ltr'><strong>vocari.</strong></span> 
     </span>
    </p>
   </div>
   <div class='ocr_carea' id='block_1_101' title="bbox 171 2760 912 2798">
    <p class='ocr_par' dir='ltr' id='par_1_101' title="bbox 171 2760 912 2798">
     <span class='ocr_line' id='line_1_101' title="bbox 171 2760 912 2798; baseline 0.003 -9"><span class='ocrx_word' id='word_1_683' title='bbox 171 2761 208 2796; x_wconf 82' lang='grc' dir='ltr'><strong>(η)</strong></span> <span class='ocrx_word' id='word_1_684' title='bbox 237 2761 344 2798; x_wconf 80' lang='lat' dir='ltr'><strong>Socrat.</strong></span> <span class='ocrx_word' id='word_1_685' title='bbox 366 2760 413 2798; x_wconf 80' lang='lat' dir='ltr'><strong>lib.</strong></span> <span class='ocrx_word' id='word_1_686' title='bbox 433 2768 452 2793; x_wconf 86' lang='grc' dir='ltr'>ι,</span> <span class='ocrx_word' id='word_1_687' title='bbox 473 2768 533 2796; x_wconf 89' lang='lat' dir='ltr'><strong>cap.</strong></span> <span class='ocrx_word' id='word_1_688' title='bbox 552 2761 601 2798; x_wconf 72' lang='lat'><strong>25;</strong></span> <span class='ocrx_word' id='word_1_689' title='bbox 620 2762 789 2798; x_wconf 68' lang='lat' dir='ltr'><strong>SozomJib.</strong></span> <span class='ocrx_word' id='word_1_690' title='bbox 808 2770 837 2796; x_wconf 90' lang='grc' dir='ltr'>ιι,</span> <span class='ocrx_word' id='word_1_691' title='bbox 853 2770 912 2798; x_wconf 89' lang='lat' dir='ltr'><strong>cap.</strong></span> 
     </span>
    </p>
   </div>
   <div class='ocr_carea' id='block_1_102' title="bbox 138 2795 771 2831">
    <p class='ocr_par' dir='ltr' id='par_1_102' title="bbox 138 2795 771 2831">
     <span class='ocr_line' id='line_1_102' title="bbox 138 2795 771 2831; baseline 0.002 -8"><span class='ocrx_word' id='word_1_692' title='bbox 138 2795 186 2829; x_wconf 82' lang='lat' dir='ltr'><strong>l8;</strong></span> <span class='ocrx_word' id='word_1_693' title='bbox 201 2798 300 2823; x_wconf 88' lang='lat' dir='ltr'><strong>Athan.</strong></span> <span class='ocrx_word' id='word_1_694' title='bbox 316 2796 424 2831; x_wconf 80' lang='lat' dir='ltr'><strong>Apolag.</strong></span> <span class='ocrx_word' id='word_1_695' title='bbox 437 2795 530 2823; x_wconf 76' lang='lat' dir='ltr'><strong>contra</strong></span> <span class='ocrx_word' id='word_1_696' title='bbox 546 2797 669 2828; x_wconf 75' lang='lat' dir='ltr'><strong>Arianos,</strong></span> <span class='ocrx_word' id='word_1_697' title='bbox 683 2805 710 2824; x_wconf 85' lang='grc' dir='ltr'>ιι.</span> <span class='ocrx_word' id='word_1_698' title='bbox 727 2797 771 2824; x_wconf 80' lang='grc'><strong>59.</strong></span> 
     </span>
    </p>
   </div>
   <div class='ocr_carea' id='block_1_103' title="bbox 171 2831 913 2868">
    <p class='ocr_par' dir='ltr' id='par_1_103' title="bbox 171 2831 913 2868">
     <span class='ocr_line' id='line_1_103' title="bbox 171 2831 913 2868; baseline 0.005 -11"><span class='ocrx_word' id='word_1_699' title='bbox 171 2832 208 2868; x_wconf 20' lang='grc' dir='ltr'><strong>(νὺ)</strong></span> <span class='ocrx_word' id='word_1_700' title='bbox 224 2833 330 2859; x_wconf 86' lang='lat' dir='ltr'><strong>Socrat.</strong></span> <span class='ocrx_word' id='word_1_701' title='bbox 344 2832 398 2868; x_wconf 53' lang='lat' dir='ltr'><strong>lib.</strong></span> <span class='ocrx_word' id='word_1_702' title='bbox 411 2839 430 2864; x_wconf 89' lang='grc' dir='ltr'>ι,</span> <span class='ocrx_word' id='word_1_703' title='bbox 444 2839 504 2868; x_wconf 71' lang='lat' dir='ltr'><strong>cap.</strong></span> <span class='ocrx_word' id='word_1_704' title='bbox 519 2831 572 2864; x_wconf 69' lang='lat'><strong>25-,</strong></span> <span class='ocrx_word' id='word_1_705' title='bbox 588 2832 695 2868; x_wconf 79' lang='lat' dir='ltr'><strong>Sozam.</strong></span> <span class='ocrx_word' id='word_1_706' title='bbox 712 2832 728 2858; x_wconf 96' lang='grc' dir='ltr'><strong>Ι.</strong></span> <span class='ocrx_word' id='word_1_707' title='bbox 746 2840 775 2862; x_wconf 79' lang='grc' dir='ltr'>ιι.</span> <span class='ocrx_word' id='word_1_708' title='bbox 795 2840 854 2868; x_wconf 82' lang='lat' dir='ltr'><strong>cap.</strong></span> <span class='ocrx_word' id='word_1_709' title='bbox 867 2833 913 2861; x_wconf 74' lang='lat'><strong>25.</strong></span> 
     </span>
    </p>
   </div>
   <div class='ocr_carea' id='block_1_104' title="bbox 173 2867 796 2904">
    <p class='ocr_par' dir='ltr' id='par_1_104' title="bbox 173 2867 796 2904">
     <span class='ocr_line' id='line_1_104' title="bbox 173 2867 796 2904; baseline 0.002 -11"><span class='ocrx_word' id='word_1_710' title='bbox 173 2867 208 2904; x_wconf 85' lang='lat' dir='ltr'><strong>(c)</strong></span> <span class='ocrx_word' id='word_1_711' title='bbox 222 2868 328 2896; x_wconf 86' lang='lat' dir='ltr'><strong>Socrat.</strong></span> <span class='ocrx_word' id='word_1_712' title='bbox 345 2867 551 2901; x_wconf 80' lang='lat' dir='ltr'><strong>ibid.;Sozom.</strong></span> <span class='ocrx_word' id='word_1_713' title='bbox 570 2867 617 2895; x_wconf 88' lang='lat' dir='ltr'><strong>lib.</strong></span> <span class='ocrx_word' id='word_1_714' title='bbox 636 2875 668 2900; x_wconf 91' lang='lat' dir='ltr'><strong>tt,</strong></span> <span class='ocrx_word' id='word_1_715' title='bbox 681 2875 739 2903; x_wconf 87' lang='lat' dir='ltr'><strong>cap.</strong></span> <span class='ocrx_word' id='word_1_716' title='bbox 751 2868 796 2894; x_wconf 71' lang='lat'><strong>27.</strong></span> 
     </span>
    </p>
   </div>
   <div class='ocr_carea' id='block_1_105' title="bbox 976 2254 1757 2292">
    <p class='ocr_par' dir='ltr' id='par_1_105' title="bbox 976 2254 1757 2292">
     <span class='ocr_line' id='line_1_105' title="bbox 976 2254 1757 2292; baseline -0.009 -5"><span class='ocrx_word' id='word_1_717' title='bbox 976 2260 1080 2292; x_wconf 82' lang='lat' dir='ltr'><strong>buisse,</strong></span> <span class='ocrx_word' id='word_1_718' title='bbox 1095 2264 1141 2286; x_wconf 80' lang='lat' dir='ltr'><strong>aut</strong></span> <span class='ocrx_word' id='word_1_719' title='bbox 1156 2259 1255 2286; x_wconf 90' lang='lat' dir='ltr'><strong>aditum</strong></span> <span class='ocrx_word' id='word_1_720' title='bbox 1279 2258 1333 2286; x_wconf 91' lang='lat' dir='ltr'><strong>illis</strong></span> <span class='ocrx_word' id='word_1_721' title='bbox 1348 2257 1533 2284; x_wconf 87' lang='lat' dir='ltr'><strong>interclusisse</strong></span> <span class='ocrx_word' id='word_1_722' title='bbox 1548 2255 1675 2286; x_wconf 85' lang='lat' dir='ltr'><strong>didicero,</strong></span> <span class='ocrx_word' id='word_1_723' title='bbox 1694 2254 1757 2280; x_wconf 81' lang='lat' dir='ltr'><strong>mit—</strong></span> 
     </span>
    </p>
   </div>
   <div class='ocr_carea' id='block_1_106' title="bbox 974 2301 1760 2340">
    <p class='ocr_par' dir='ltr' id='par_1_106' title="bbox 974 2301 1760 2340">
     <span class='ocr_line' id='line_1_106' title="bbox 974 2301 1760 2340; baseline -0.009 -7"><span class='ocrx_word' id='word_1_724' title='bbox 974 2312 1028 2334; x_wconf 79' lang='lat' dir='ltr'><strong>tam</strong></span> <span class='ocrx_word' id='word_1_725' title='bbox 1049 2306 1262 2340; x_wconf 85' lang='lat' dir='ltr'><strong>quamprimum,</strong></span> <span class='ocrx_word' id='word_1_726' title='bbox 1285 2304 1330 2339; x_wconf 88' lang='lat' dir='ltr'><strong>qui</strong></span> <span class='ocrx_word' id='word_1_727' title='bbox 1344 2308 1369 2331; x_wconf 92' lang='lat' dir='ltr'><strong>te</strong></span> <span class='ocrx_word' id='word_1_728' title='bbox 1382 2303 1458 2337; x_wconf 86' lang='lat' dir='ltr'><strong>jussu</strong></span> <span class='ocrx_word' id='word_1_729' title='bbox 1477 2309 1536 2329; x_wconf 89' lang='lat' dir='ltr'><strong>meo</strong></span> <span class='ocrx_word' id='word_1_730' title='bbox 1553 2301 1668 2332; x_wconf 86' lang='lat' dir='ltr'><strong>abdicet,</strong></span> <span class='ocrx_word' id='word_1_731' title='bbox 1681 2305 1708 2327; x_wconf 91' lang='lat' dir='ltr'><strong>et</strong></span> <span class='ocrx_word' id='word_1_732' title='bbox 1724 2307 1760 2327; x_wconf 81' lang='lat' dir='ltr'><strong>ex.</strong></span> 
     </span>
    </p>
   </div>
   <div class='ocr_carea' id='block_1_107' title="bbox 974 2346 1757 2381">
    <p class='ocr_par' dir='ltr' id='par_1_107' title="bbox 974 2346 1757 2381">
     <span class='ocr_line' id='line_1_107' title="bbox 974 2346 1757 2381; baseline -0.008 -2"><span class='ocrx_word' id='word_1_733' title='bbox 974 2352 1084 2379; x_wconf 86' lang='lat' dir='ltr'><strong>sedibus</strong></span> <span class='ocrx_word' id='word_1_734' title='bbox 1104 2351 1249 2379; x_wconf 88' lang='lat' dir='ltr'><strong>transferat</strong></span> <span class='ocrx_word' id='word_1_735' title='bbox 1270 2351 1333 2378; x_wconf 89' lang='lat' dir='ltr'><strong>tuis.</strong></span> <span class='ocrx_word' id='word_1_736' title='bbox 1347 2360 1357 2377; x_wconf 71' lang='grc' dir='ltr'><strong>ι</strong></span> <span class='ocrx_word' id='word_1_737' title='bbox 1379 2350 1426 2377; x_wconf 81' lang='lat' dir='ltr'><strong>His</strong></span> <span class='ocrx_word' id='word_1_738' title='bbox 1440 2349 1512 2376; x_wconf 89' lang='lat' dir='ltr'><strong>addit</strong></span> <span class='ocrx_word' id='word_1_739' title='bbox 1526 2348 1692 2375; x_wconf 81' lang='lat' dir='ltr'><strong>Sozomenus</strong></span> <span class='ocrx_word' id='word_1_740' title='bbox 1703 2346 1757 2381; x_wconf 73' lang='grc' dir='ltr'><strong>(Γ),</strong></span> 
     </span>
    </p>
   </div>
   <div class='ocr_carea' id='block_1_108' title="bbox 973 2393 1762 2432">
    <p class='ocr_par' dir='ltr' id='par_1_108' title="bbox 973 2393 1762 2432">
     <span class='ocr_line' id='line_1_108' title="bbox 973 2393 1762 2432; baseline -0.009 -7"><span class='ocrx_word' id='word_1_741' title='bbox 973 2398 1085 2426; x_wconf 86' lang='lat' dir='ltr'><strong>Eusebii</strong></span> <span class='ocrx_word' id='word_1_742' title='bbox 1108 2402 1134 2424; x_wconf 89' lang='lat' dir='ltr'><strong>et</strong></span> <span class='ocrx_word' id='word_1_743' title='bbox 1150 2397 1279 2432; x_wconf 78' lang='lat' dir='ltr'><strong>&#39;l&#39;hcognii</strong></span> <span class='ocrx_word' id='word_1_744' title='bbox 1298 2396 1503 2423; x_wconf 88' lang='lat' dir='ltr'><strong>critninationes</strong></span> <span class='ocrx_word' id='word_1_745' title='bbox 1519 2395 1544 2421; x_wconf 93' lang='lat' dir='ltr'><strong>in</strong></span> <span class='ocrx_word' id='word_1_746' title='bbox 1568 2393 1762 2426; x_wconf 61' lang='lat' dir='ltr'><strong>Athanasium,</strong></span> 
     </span>
    </p>
   </div>
   <div class='ocr_carea' id='block_1_109' title="bbox 972 2442 1761 2478">
    <p class='ocr_par' dir='ltr' id='par_1_109' title="bbox 972 2442 1761 2478">
     <span class='ocr_line' id='line_1_109' title="bbox 972 2442 1761 2478; baseline -0.008 -7"><span class='ocrx_word' id='word_1_747' title='bbox 972 2445 1043 2478; x_wconf 91' lang='lat' dir='ltr'><strong>quod</strong></span> <span class='ocrx_word' id='word_1_748' title='bbox 1058 2443 1180 2470; x_wconf 88' lang='lat' dir='ltr'><strong>videlicet</strong></span> <span class='ocrx_word' id='word_1_749' title='bbox 1191 2443 1330 2470; x_wconf 90' lang='lat' dir='ltr'><strong>turbarum</strong></span> <span class='ocrx_word' id='word_1_750' title='bbox 1346 2448 1372 2469; x_wconf 89' lang='lat' dir='ltr'><strong>et</strong></span> <span class='ocrx_word' id='word_1_751' title='bbox 1385 2442 1545 2468; x_wconf 90' lang='lat' dir='ltr'><strong>tumultumn</strong></span> <span class='ocrx_word' id='word_1_752' title='bbox 1562 2444 1657 2466; x_wconf 88' lang='lat' dir='ltr'><strong>auctor</strong></span> <span class='ocrx_word' id='word_1_753' title='bbox 1670 2443 1761 2471; x_wconf 51' lang='lat' dir='ltr'><strong>esset,</strong></span> 
     </span>
    </p>
   </div>
   <div class='ocr_carea' id='block_1_110' title="bbox 973 2484 1755 2523">
    <p class='ocr_par' dir='ltr' id='par_1_110' title="bbox 973 2484 1755 2523">
     <span class='ocr_line' id='line_1_110' title="bbox 973 2484 1755 2523; baseline -0.006 -8"><span class='ocrx_word' id='word_1_754' title='bbox 973 2489 1118 2523; x_wconf 84' lang='lat' dir='ltr'><strong>multisque</strong></span> <span class='ocrx_word' id='word_1_755' title='bbox 1132 2488 1156 2514; x_wconf 90' lang='lat' dir='ltr'><strong>in</strong></span> <span class='ocrx_word' id='word_1_756' title='bbox 1174 2488 1320 2515; x_wconf 74' lang='lat' dir='ltr'><strong>Ecclesium</strong></span> <span class='ocrx_word' id='word_1_757' title='bbox 1337 2487 1440 2522; x_wconf 79' lang='lat' dir='ltr'><strong>ingredi</strong></span> <span class='ocrx_word' id='word_1_758' title='bbox 1457 2486 1627 2520; x_wconf 78' lang='lat' dir='ltr'><strong>cupientibus</strong></span> <span class='ocrx_word' id='word_1_759' title='bbox 1644 2484 1755 2512; x_wconf 88' lang='lat' dir='ltr'><strong>claude-</strong></span> 
     </span>
    </p>
   </div>
   <div class='ocr_carea' id='block_1_111' title="bbox 973 2530 1758 2565">
    <p class='ocr_par' dir='ltr' id='par_1_111' title="bbox 973 2530 1758 2565">
     <span class='ocr_line' id='line_1_111' title="bbox 973 2530 1758 2565; baseline -0.008 -3"><span class='ocrx_word' id='word_1_760' title='bbox 973 2540 1014 2562; x_wconf 85' lang='lat' dir='ltr'><strong>ret</strong></span> <span class='ocrx_word' id='word_1_761' title='bbox 1041 2534 1155 2565; x_wconf 89' lang='lat' dir='ltr'><strong>aditum,</strong></span> <span class='ocrx_word' id='word_1_762' title='bbox 1181 2541 1260 2560; x_wconf 89' lang='lat' dir='ltr'><strong>veras</strong></span> <span class='ocrx_word' id='word_1_763' title='bbox 1287 2540 1348 2560; x_wconf 85' lang='lat' dir='ltr'><strong>esse</strong></span> <span class='ocrx_word' id='word_1_764' title='bbox 1377 2532 1549 2560; x_wconf 86' lang='lat' dir='ltr'><strong>contendisse</strong></span> <span class='ocrx_word' id='word_1_765' title='bbox 1576 2530 1758 2563; x_wconf 73' lang='lat' dir='ltr'><strong>Meletianos,</strong></span> 
     </span>
    </p>
   </div>
   <div class='ocr_carea' id='block_1_112' title="bbox 972 2576 1754 2614">
    <p class='ocr_par' dir='ltr' id='par_1_112' title="bbox 972 2576 1754 2614">
     <span class='ocr_line' id='line_1_112' title="bbox 972 2576 1754 2614; baseline -0.006 -8"><span class='ocrx_word' id='word_1_766' title='bbox 972 2579 1083 2607; x_wconf 82' lang='lat' dir='ltr'><strong>Joannis</strong></span> <span class='ocrx_word' id='word_1_767' title='bbox 1099 2586 1246 2614; x_wconf 85' lang='lat' dir='ltr'><strong>sequaces;</strong></span> <span class='ocrx_word' id='word_1_768' title='bbox 1263 2579 1307 2614; x_wconf 93' lang='lat' dir='ltr'><strong>qui</strong></span> <span class='ocrx_word' id='word_1_769' title='bbox 1321 2578 1424 2606; x_wconf 88' lang='lat' dir='ltr'><strong>crebris</strong></span> <span class='ocrx_word' id='word_1_770' title='bbox 1438 2579 1471 2605; x_wconf 90' lang='lat' dir='ltr'><strong>ad</strong></span> <span class='ocrx_word' id='word_1_771' title='bbox 1486 2578 1674 2611; x_wconf 89' lang='lat' dir='ltr'><strong>itnpcratoretn</strong></span> <span class='ocrx_word' id='word_1_772' title='bbox 1691 2576 1754 2602; x_wconf 87' lang='lat' dir='ltr'><strong>itio-</strong></span> 
     </span>
    </p>
   </div>
   <div class='ocr_carea' id='block_1_113' title="bbox 973 2621 1759 2657">
    <p class='ocr_par' dir='ltr' id='par_1_113' title="bbox 973 2621 1759 2657">
     <span class='ocr_line' id='line_1_113' title="bbox 973 2621 1759 2657; baseline -0.006 -5"><span class='ocrx_word' id='word_1_773' title='bbox 973 2626 1062 2657; x_wconf 89' lang='lat' dir='ltr'><strong>nibus,</strong></span> <span class='ocrx_word' id='word_1_774' title='bbox 1083 2625 1213 2651; x_wconf 82' lang='lat' dir='ltr'><strong>ementito</strong></span> <span class='ocrx_word' id='word_1_775' title='bbox 1236 2624 1435 2651; x_wconf 85' lang='lat' dir='ltr'><strong>Catholicorum</strong></span> <span class='ocrx_word' id='word_1_776' title='bbox 1457 2623 1576 2653; x_wconf 86' lang='lat' dir='ltr'><strong>nomine,</strong></span> <span class='ocrx_word' id='word_1_777' title='bbox 1603 2621 1759 2649; x_wconf 76' lang='lat' dir='ltr'><strong>Athanasio</strong></span> 
     </span>
    </p>
   </div>
   <div class='ocr_carea' id='block_1_114' title="bbox 973 2667 1752 2705">
    <p class='ocr_par' dir='ltr' id='par_1_114' title="bbox 973 2667 1752 2705">
     <span class='ocr_line' id='line_1_114' title="bbox 973 2667 1752 2705; baseline -0.008 -6"><span class='ocrx_word' id='word_1_778' title='bbox 973 2677 1000 2700; x_wconf 87' lang='lat' dir='ltr'><strong>et</strong></span> <span class='ocrx_word' id='word_1_779' title='bbox 1021 2670 1161 2699; x_wconf 82' lang='lat' dir='ltr'><strong>catholicis</strong></span> <span class='ocrx_word' id='word_1_780' title='bbox 1188 2670 1323 2705; x_wconf 82' lang='lat' dir='ltr'><strong>episcopis</strong></span> <span class='ocrx_word' id='word_1_781' title='bbox 1346 2670 1476 2702; x_wconf 86' lang='lat' dir='ltr'><strong>crimina,</strong></span> <span class='ocrx_word' id='word_1_782' title='bbox 1505 2669 1602 2700; x_wconf 62' lang='lat' dir='ltr'><strong>caedes,</strong></span> <span class='ocrx_word' id='word_1_783' title='bbox 1628 2667 1752 2701; x_wconf 85' lang='lat' dir='ltr'><strong>vincula,</strong></span> 
     </span>
    </p>
   </div>
   <div class='ocr_carea' id='block_1_115' title="bbox 1002 2758 1745 2798">
    <p class='ocr_par' dir='ltr' id='par_1_115' title="bbox 1002 2758 1745 2798">
     <span class='ocr_line' id='line_1_115' title="bbox 1002 2758 1745 2798; baseline -0.004 -9"><span class='ocrx_word' id='word_1_784' title='bbox 1002 2762 1041 2798; x_wconf 77' lang='grc' dir='ltr'><strong>(ἀ)</strong></span> <span class='ocrx_word' id='word_1_785' title='bbox 1053 2762 1159 2789; x_wconf 82' lang='lat' dir='ltr'><strong>Socrat.</strong></span> <span class='ocrx_word' id='word_1_786' title='bbox 1169 2762 1215 2788; x_wconf 91' lang='lat' dir='ltr'><strong>lib.</strong></span> <span class='ocrx_word' id='word_1_787' title='bbox 1233 2769 1251 2794; x_wconf 86' lang='grc' dir='ltr'><strong>ι,</strong></span> <span class='ocrx_word' id='word_1_788' title='bbox 1265 2769 1324 2796; x_wconf 91' lang='lat' dir='ltr'><strong>cap.</strong></span> <span class='ocrx_word' id='word_1_789' title='bbox 1337 2763 1388 2794; x_wconf 65' lang='lat'><strong>‘17;</strong></span> <span class='ocrx_word' id='word_1_790' title='bbox 1407 2761 1514 2788; x_wconf 88' lang='lat' dir='ltr'><strong>Sozom.</strong></span> <span class='ocrx_word' id='word_1_791' title='bbox 1530 2759 1576 2787; x_wconf 93' lang='lat' dir='ltr'><strong>lib.</strong></span> <span class='ocrx_word' id='word_1_792' title='bbox 1586 2767 1620 2798; x_wconf 71' lang='lat' dir='ltr'><strong>tt,</strong></span> <span class='ocrx_word' id='word_1_793' title='bbox 1634 2767 1693 2794; x_wconf 90' lang='lat' dir='ltr'><strong>cap.</strong></span> <span class='ocrx_word' id='word_1_794' title='bbox 1705 2758 1745 2786; x_wconf 64' lang='lat'><strong>22</strong></span> 
     </span>
    </p>
   </div>
   <div class='ocr_carea' id='block_1_116' title="bbox 1003 2796 1632 2831">
    <p class='ocr_par' dir='ltr' id='par_1_116' title="bbox 1003 2796 1632 2831">
     <span class='ocr_line' id='line_1_116' title="bbox 1003 2796 1632 2831; baseline 0.002 -7"><span class='ocrx_word' id='word_1_795' title='bbox 1003 2796 1038 2831; x_wconf 72' lang='lat' dir='ltr'><strong>(el</strong></span> <span class='ocrx_word' id='word_1_796' title='bbox 1053 2798 1150 2824; x_wconf 86' lang='lat' dir='ltr'><strong>Athan.</strong></span> <span class='ocrx_word' id='word_1_797' title='bbox 1167 2798 1277 2831; x_wconf 80' lang='lat' dir='ltr'><strong>Apolog.</strong></span> <span class='ocrx_word' id='word_1_798' title='bbox 1294 2803 1385 2825; x_wconf 84' lang='lat' dir='ltr'><strong>contra</strong></span> <span class='ocrx_word' id='word_1_799' title='bbox 1402 2797 1526 2829; x_wconf 72' lang='lat' dir='ltr'><strong>Arianos,</strong></span> <span class='ocrx_word' id='word_1_800' title='bbox 1543 2804 1570 2823; x_wconf 79' lang='grc' dir='ltr'>ιι.</span> <span class='ocrx_word' id='word_1_801' title='bbox 1585 2796 1632 2826; x_wconf 83' lang='grc'><strong>59.</strong></span> 
     </span>
    </p>
   </div>
   <div class='ocr_carea' id='block_1_117' title="bbox 1004 2832 1289 2868">
    <p class='ocr_par' dir='ltr' id='par_1_117' title="bbox 1004 2832 1289 2868">
     <span class='ocr_line' id='line_1_117' title="bbox 1004 2832 1289 2868; baseline -0.014 -6"><span class='ocrx_word' id='word_1_802' title='bbox 1004 2833 1036 2868; x_wconf 77' lang='lat' dir='ltr'><strong>(f)</strong></span> <span class='ocrx_word' id='word_1_803' title='bbox 1052 2832 1112 2860; x_wconf 88' lang='lat' dir='ltr'><strong>Lib.</strong></span> <span class='ocrx_word' id='word_1_804' title='bbox 1129 2841 1157 2866; x_wconf 88' lang='grc' dir='ltr'>ιι,</span> <span class='ocrx_word' id='word_1_805' title='bbox 1170 2840 1229 2868; x_wconf 86' lang='lat' dir='ltr'><strong>cap.</strong></span> <span class='ocrx_word' id='word_1_806' title='bbox 1243 2832 1289 2860; x_wconf 75' lang='lat'><strong>22.</strong></span> 
     </span>
    </p>
   </div>
  </div>
