2000 3045
792 145 871 172 VlTA
893 145 921 174 S.
943 146 1138 174 ATHANASII.

1703 152 1785 173 LXXIX

157 201 326 236 obiurgatus,
357 207 542 239 pertzcsusque
565 205 685 239 sceleris,
716 206 749 233 ad
770 207 947 235 Athanasittm
963 212 984 239 Α
1001 214 1124 235 rumores
1147 206 1246 241 ubique
1271 209 1412 241 spargunt,
1433 210 1557 233 enectum
1583 205 1617 233 ab
1637 206 1786 233 Athanasio

159 247 215 274 adit
240 247 448 283 collacrymans.
472 249 612 277 llotninent
635 251 670 278 ob
693 256 797 279 tantum
819 252 946 287 flagitittm

157 293 279 327 increpat
301 294 467 322 Athanasius
485 296 534 330 (α).
550 295 596 324 ille
610 298 786 326 subornatum
806 308 836 327 se
851 304 878 327 et
894 301 947 327 cir-

157 343 328 367 cumventum
344 347 359 366 a
374 340 522 369 Meletianis
533 342 570 369 ait
581 342 613 369 ad
629 343 761 378 ejusmodi
777 347 946 374 criminatio-

158 392 217 412 nem
228 386 497 419 comminiscendatn,
514 388 634 415 libellum
657 391 738 417 tradit
752 392 877 425 antistiti,
893 401 946 428 quo

158 435 187 456 se
204 433 319 457 testatur
333 431 366 457 ab
381 431 475 459 lsaaco
494 432 685 468 Cleopatridis,
704 436 847 465 Heraclide
864 437 944 472 Nicii,

156 479 184 500 et
204 474 296 503 lsaaco
309 475 480 511 Letopoleos,
497 477 647 507 Mcletianis
657 481 802 516 episcopis,
816 483 902 518 plagis
919 489 947 512 et

159 519 316 548 verberibus
337 522 369 549 ad
395 522 420 550 id
439 523 570 552 facinoris
592 527 773 560 compulsum.
799 529 837 556 Ac
862 529 944 556 Deum

157 566 316 600 obtestatus,
333 569 468 596 renuntiat
489 577 517 596 se
533 571 617 603 probe
637 571 708 598 scire
730 573 795 600 nihil
813 574 846 601 ab
858 574 944 601 Atha-

158 612 235 639 nasio
250 614 290 640 vel
314 621 328 639 a
346 613 465 641 Macario
490 617 639 644 admissum
664 618 828 653 hujusmodi.
858 620 946 654 Rogat

157 657 265 684 demum
286 658 336 686 sibi
350 658 491 687 Athanasii
513 662 840 696 conventibusfinteresse
852 664 943 692 liceat.

155 701 292 735 Ejusmodi
309 703 428 730 libellum
449 706 552 732 curavit
571 706 758 736 Athanasiusa
777 709 867 736 multis
884 717 946 745 prc-

159 748 278 782 sbyteris
289 748 478 783 diaconisqne,
492 758 551 777 cutn
567 752 756 781 Alexandrinis
776 760 828 782 tum
838 754 944 784 Mareo-

156 794 229 825 ticis,
249 795 386 823 subscribi
402 800 428 823 et
453 796 588 833 suffragiis
611 801 720 827 muniri.
734 800 826 836 Neque
853 805 944 830 tamen

153 842 247 868 Statim
258 841 374 878 Ischyrm
382 850 526 873 concessus
539 845 572 873 ad
585 845 727 873 ecclesiam
743 846 942 876 Catltolicorum

154 886 244 914 aditus
263 888 311 922 (ὁ).
324 889 389 916 Cum
402 891 473 917 enim
485 891 540 926 jam
555 891 600 919 diu
609 893 642 919 ad
655 893 847 926 Collulhianos,
864 899 944 928 atque

156 933 255 962 exinde
269 936 302 962 a‘d
320 935 474 976 Meletianos
497 938 666 970 descivisset,
685 939 855 967 diuturniore
876 948 945 976 opus

155 985 216 1006 erat
242 982 439 1015 experimento,
453 974 487 1010 ut
502 984 609 1011 sincera
631 985 680 1012 viri
698 986 855 1020 pmnitentia
871 974 944 1015 com-

153 1025 328 1059 probaretur.

187 1070 214 1098 ltt
230 1073 344 1106 epistola
365 1073 501 1103 Marcolici
517 1075 581 1103 clet-i
605 1077 725 1111 qumdam
754 1077 944 1112 pracfcrlNan-

153 1117 190 1144 nii
217 1118 305 1145 versio
325 1119 372 1153 (ε),
398 1127 458 1154 (Ιυὲ
485 1121 511 1147 in
536 1121 609 1148 nullo
625 1122 697 1149 edito
723 1123 763 1149 vel
785 1123 884 1158 scripto
899 1132 944 1152 co-

153 1163 222 1193 dice.
236 1171 315 1196 quem
331 1165 440 1199 quidem
459 1166 611 1201 inspectare
627 1167 743 1201 licuerit,
764 1169 856 1196 Graece
870 1178 944 1197 com-

153 1214 262 1244 parent.
277 1210 340 1237 Haec
361 1217 424 1239 sunt
440 1212 498 1246 ejus
519 1215 601 1240 verba
617 1222 623 1240 :
648 1222 657 1239 I
678 1213 745 1241 Nam
763 1221 824 1241 cum
839 1215 882 1243 ille
895 1215 944 1250 (ls-

155 1255 264 1291 chyras)
280 1260 339 1290 post
357 1257 533 1285 defectionem
560 1260 592 1286 ad
618 1259 775 1288 Meletianos
798 1261 875 1288 nobis
900 1269 942 1290 re-

153 1303 291 1332 conciliari
303 1308 330 1331 et
341 1305 465 1340 conjungi
479 1306 567 1338 vellet,
575 1307 801 1341 quemadmodum
810 1306 943 1340 etPistus,

154 1350 200 1384 qui
227 1355 253 1377 et
278 1351 338 1386 ipse
361 1359 467 1386 quoque
492 1352 555 1379 talia
571 1353 604 1380 de
624 1353 772 1381 Athanasio
798 1353 824 1380 itt
848 1354 943 1389 vulgus

152 1402 304 1430 sparserat;
319 1402 442 1425 neutrum
455 1402 554 1430 tamen,
567 1406 721 1434 quanquam
738 1400 847 1434 propria
862 1408 942 1427 manu

156 1447 320 1470 testarentur
337 1443 402 1470 nihil
421 1443 475 1470 tale
491 1443 590 1471 factum
602 1451 676 1477 esse,
695 1450 722 1472 et
738 1453 766 1472 se
780 1445 942 1473 subornatos

153 1495 168 1514 a
182 1488 264 1516 certis
276 1488 431 1517 hominibus
444 1493 472 1517 ttt
482 1489 545 1517 talia
567 1490 697 1523 dicerent,
714 1491 834 1526 recipere
849 1492 942 1519 value-

152 1539 226 1560 runt.
251 1544 260 1560 ι
278 1534 328 1562 Vix
348 1542 415 1562 sane
433 1535 558 1563 credatur
574 1536 607 1563 de
624 1535 697 1563 Pisto
718 1536 809 1564 isthmc
823 1538 882 1564 sine
895 1545 942 1565 co-
955 1551 976 1580 ε

153 1579 223 1606 dicis
240 1581 390 1615 cuiuspiam
411 1581 496 1609 Grarci
522 1582 683 1609 auctoritate
702 1582 805 1617 adjecta
822 1583 903 1611 fuisse
925 1592 939 1611 a

154 1625 271 1653 Nannio.
286 1626 350 1659 Quze
372 1627 394 1654 si
409 1635 471 1654 vera
489 1632 561 1660 sunt,
582 1627 679 1655 mirum
692 1628 728 1655 ita
744 1629 857 1664 carptim
885 1635 941 1656 rem

153 1671 323 1706 perstrictum
339 1671 435 1700 fuisse.

191 1718 218 1744 4.
241 1718 344 1745 Arsenii
360 1718 481 1746 Itisloria.
492 1735 525 1739 —
540 1718 634 1754 Neque
655 1720 765 1748 fuerunt
778 1721 871 1748 isthmc
886 1720 942 1748 Me-

154 1763 262 1791 lelianis
273 1763 459 1799 adpcrniciem
474 1765 796 1794 Athanasioinferendam
817 1767 882 1794 satis
892 1767 940 1803 (ά).

157 1808 272 1842 Verum,
288 1815 314 1836 ut
332 1810 474 1845 multiplici
500 1811 614 1838 critnine
631 1811 737 1839 facilius
751 1812 836 1839 virum
851 1814 943 1848 oppri-

156 1861 273 1889 merent,
287 1856 358 1884 aliud
372 1858 613 1885 contminiscuntur
627 1860 742 1892 portenti
763 1867 829 1886 sane
841 1867 873 1886 ac
882 1867 942 1893 pro-

156 1902 219 1937 digii
246 1903 343 1930 simile.
372 1903 439 1931 Rem
467 1904 546 1932 altius
575 1905 659 1932 ordiri
683 1912 794 1932 necesse
812 1910 862 1933 est.
879 1906 944 1932 Erat

155 1949 264 1983 quidam
281 1951 410 1977 Arsenius
422 1951 565 1986 cpiscopus
577 1952 718 1987 Hypselcs,
732 1951 882 1980 Mcletianis
895 1959 942 1979 ne-

155 1995 319 2022 Cessitudine
331 1996 452 2030 junctus,
469 1997 532 2024 licet
550 1998 575 2024 itt
591 1997 727 2025 Breviario
739 2005 819 2032 supra
840 2005 943 2025 memo-

155 2046 215 2068 rato
241 2041 312 2068 inter
324 2041 481 2070 Meletianos
491 2043 631 2078 episcopos
645 2051 697 2071 non
713 2047 884 2078 compareat;
898 2043 943 2078 qui

155 2092 189 2112 an
210 2085 244 2112 ad
260 2085 478 2121 Meletianosjam
496 2088 640 2123 episcopus
652 2089 806 2121 desciverit,
822 2096 943 2122 an,con-

157 2136 198 2158 tra
214 2139 294 2166 quam
308 2133 419 2160 vetitum
441 2133 467 2160 in
480 2133 586 2161 Nicmna
607 2135 710 2169 synodo
735 2135 838 2167 fuisset,
852 2134 944 2161 abiis-

155 2177 215 2204 dem
232 2177 314 2205 fuerit
340 2182 494 2213 cooptatus,
517 2181 621 2214 pariter
642 2180 788 2207 incertum.
804 2179 871 2206 Eum
892 2179 943 2206 sibi

997 253 1082 280 fuisse
1096 252 1254 283 Arsenium,
1274 259 1305 279 ac
1320 251 1442 279 veneficii
1456 258 1537 278 causa
1551 251 1721 278 membratim
1736 252 1785 278 ob-

997 302 1161 326 truncatum.
1177 298 1203 325 ltt
1217 297 1328 325 sceleris
1344 297 1527 324 testimonium
1539 301 1662 324 truncam
1677 305 1785 324 tnanutn

997 343 1235 374 circumferebant,
1255 343 1342 370 obviis
1357 343 1540 374 ostentabant,
1556 348 1584 370 ut
1598 343 1785 370 universorum

997 389 1023 415 in
1040 393 1178 416 auctorem
1195 388 1262 415 iram
1280 388 1469 414 accenderent.
1486 388 1597 414 Demum
1616 395 1648 414 ea
1660 388 1716 422 ipsa
1733 388 1786 415 cri-
1805 378 1808 394 ί

997 434 1068 461 mina
1085 434 1221 468 lscltyram
1237 438 1264 460 et
1277 433 1421 460 Arsenium
1445 433 1594 467 spectantia
1613 432 1740 460 deferunt
1753 435 1786 460 ad

996 479 1215 511 Constantinum,
1240 480 1297 513 qui,
1313 480 1384 513 quod
1407 479 1554 512 permirum
1579 479 1710 511 videatur,
1734 479 1786 505 etsi

993 525 1048 559 jam
1063 525 1244 560 sycophantas
1261 525 1421 552 Meletianos
1436 525 1522 552 oculis
1538 524 1595 559 ipse
1613 525 1670 552 suis
1687 525 1784 558 depre—

997 570 1139 604 henderat,
1165 571 1245 597 fidem
1270 570 1357 598 nihilo
1377 570 1465 597 minus
1486 570 1543 597 haec
1567 571 1784 598 renuntianttluts

997 615 1092 643 habuit
1106 623 1113 643 :
1132 616 1246 650 ideoque
1263 615 1368 643 litteras
1383 616 1456 642 misit
1471 616 1641 643 Antiochiam
1660 617 1693 643 ad
1721 616 1784 643 Dal-

996 661 1108 688 matium
1121 668 1273 695 censorem,
1286 661 1330 688 cui
1348 660 1486 688 homicidii
1498 668 1609 688 causam
1623 662 1785 689 audiendam

995 707 1190 734 committebat.

1030 753 1105 779 Anno
1119 753 1181 781 555.
1200 768 1235 774 -
1248 753 1273 780 Ι,
1298 752 1421 787 Synodtu
1437 753 1565 781 Cursarem
1583 754 1717 781 indicitur.
1733 754 1786 781 Ar-

995 799 1061 825 senii
1073 799 1164 833 [nbula
1180 800 1389 834 deprehenditur.
1399 814 1430 820 —
1443 799 1475 826 Et
1488 807 1561 833 vero,
1572 805 1600 827 ut
1615 805 1706 828 nostra
1724 800 1785 835 qui-

995 844 1056 870 dem
1084 843 1137 871 fert
1164 844 1266 878 opinio,
1289 845 1384 872 eodetu
1411 851 1531 880 tempore
1551 846 1684 880 synodum
1699 846 1786 873 edixit

958 879 982 909 Β
996 890 1126 917 Caesarea:
1150 890 1176 916 in
1193 889 1333 917 Palaestina
1349 890 1550 923 celebrandam,
1573 891 1684 926 triginta
1701 891 1783 918 nimi-

996 943 1054 962 rum
1068 935 1207 962 mensibns
1219 941 1281 963 ante
1302 936 1411 971 Tyriam
1429 936 1572 972 synodum,
1586 941 1616 964 ut
1633 937 1714 964 habet
1734 937 1784 964 So-

996 989 1124 1009 zomenus
1146 982 1197 1016 (c),
1214 982 1340 1009 videlicet
1361 990 1455 1010 mense
1480 983 1589 1010 circiter
1606 983 1702 1011 Martio
1719 984 1783 1011 anni

995 1028 1057 1055 555.
1071 1028 1136 1062 Qua:
1152 1036 1195 1056 res
1210 1029 1274 1055 item
1292 1028 1544 1063 Philippopolitana:
1558 1029 1654 1063 synodi
1667 1029 1783 1064 epistola

994 1076 1129 1107 ﬁrmatur,
1150 1082 1209 1110 qua:
1233 1075 1272 1102 sic
1298 1074 1378 1101 habet
1395 1083 1402 1101 :
1419 1083 1427 1099 ι
1446 1073 1514 1101 Nam
1536 1079 1646 1109 propter
1662 1075 1719 1102 haec
1733 1082 1782 1102 ne-

993 1121 1113 1147 cessario
1137 1120 1281 1147 concilium
1297 1119 1367 1153 apud
1381 1119 1532 1147 Casaream
1548 1119 1719 1148 Palaestinam
1732 1121 1787 1156 pri-

993 1174 1038 1193 mo
1052 1166 1158 1193 videtur
1177 1173 1237 1194 esse
1247 1165 1401 1193 condictum
1416 1170 1465 1195 :et
1477 1173 1538 1193 cum
1550 1166 1662 1194 minime
1678 1166 1712 1194 ab
1726 1167 1785 1202 ipso

993 1211 1036 1238 vel
1054 1211 1088 1238 ab
1104 1211 1267 1239 satellitibus
1280 1211 1313 1238 ad
1326 1211 1513 1246 supradictum
1528 1211 1673 1240 concilium
1688 1220 1786 1241 occur-

993 1261 1112 1289 reretur,
1130 1261 1191 1292 post
1208 1256 1323 1284 alterum
1343 1263 1444 1284 annum
1469 1257 1495 1284 in
1513 1257 1585 1293 Tyro
1600 1262 1711 1293 propter
1727 1257 1788 1293 eius

993 1302 1115 1330 facinora
1131 1303 1289 1330 necessario
1302 1303 1400 1330 iterum
1409 1302 1572 1332 celebratur.
1586 1312 1595 1329 ι
1610 1303 1658 1331 Cui
1671 1305 1784 1341 synodo,

993 1353 1022 1375 ut
1050 1348 1339 1381 videtur,\Dalmatius
1357 1347 1460 1376 Censor
1484 1348 1530 1385 (Γ),
1558 1350 1785 1385 quemadmodum

993 1394 1056 1428 Tyri
1070 1395 1217 1430 Dionysius
1232 1396 1342 1427 Comes,
1355 1395 1534 1423 interfuturus
1547 1401 1616 1428 erat,
1633 1397 1721 1423 omnia
1735 1404 1784 1424 au-

992 1441 1119 1469 ctoritate
1139 1446 1166 1469 et
1179 1442 1294 1469 arbitrio
1308 1448 1358 1468 suo
1372 1441 1570 1469 moderaturus.
1581 1441 1686 1469 Censor
1701 1442 1785 1469 Atha-

993 1487 1071 1514 nasio
1092 1487 1163 1515 diem
1186 1488 1271 1521 dixit,
1291 1492 1321 1515 ut
1336 1495 1366 1515 se
1386 1487 1529 1514 adornaret
1549 1488 1581 1515 ad
1608 1495 1669 1515 eam
1694 1488 1786 1522 depel-

993 1533 1101 1561 lendam
1126 1534 1353 1563 criminationem.
1376 1534 1425 1568 Qui
1446 1534 1545 1561 litteris
1567 1534 1692 1561 Dalmatii
1707 1542 1786 1561 acce-

992 1580 1056 1614 ptis,
1078 1580 1154 1607 initio
1171 1579 1274 1608 futilem
1293 1586 1319 1608 et
1341 1589 1355 1607 a
1372 1581 1428 1607 veri
1445 1580 1622 1607 similitudine
1635 1580 1785 1608 abhorren-

996 1629 1051 1652 tem
1067 1625 1229 1651 calumniam
1246 1626 1312 1652 nihil
1333 1626 1457 1657 cttrahat,
1472 1629 1545 1651 tutus
1559 1625 1724 1652 conscientia
1749 1632 1785 1652 ne

992 1671 1101 1705 cogitati
1119 1671 1237 1705 quidem,
1256 1672 1352 1698 nedum
1378 1671 1488 1698 admissi
1502 1670 1640 1698 facinoris.
1658 1671 1786 1699 Attamen

993 1717 1039 1744 ubi
1049 1722 1214 1744 commotum
1227 1717 1266 1744 ira
1285 1717 1475 1751 imperatorem
1492 1723 1553 1743 esse
1566 1716 1724 1751 accepisset.
1751 1716 1786 1744 ad

992 1763 1195 1791 committistros
1213 1763 1355 1798 episcopos
1373 1770 1421 1797 per
1437 1761 1582 1798 Egyptum
1600 1770 1658 1789 rem
1682 1762 1786 1797 signifi-

993 1813 1036 1836 cat
1058 1808 1254 1842 diaconumque
1279 1808 1372 1841 mittit,
1387 1808 1432 1843 qui
1460 1808 1665 1842 pervestigaret,
1682 1808 1727 1836 ubi
1746 1808 1786 1836 lo-

993 1861 1086 1880 corttm
1107 1857 1180 1880 esset
1203 1854 1344 1888 Arsenius,
1356 1853 1402 1888 qui
1419 1861 1433 1880 a
1447 1853 1567 1888 quinque
1579 1853 1622 1881 vel
1639 1860 1687 1880 sex
1707 1853 1788 1881 annis

994 1901 1020 1928 in
1039 1900 1179 1927 Athanasii
1192 1904 1365 1934 conspectunt
1383 1907 1434 1926 non
1453 1905 1575 1927 venerat.
1589 1900 1726 1928 Diaconos
1738 1908 1786 1927 au-

995 1951 1047 1974 tem
1059 1945 1196 1980 profectus
1211 1946 1244 1972 ad
1268 1946 1460 1973 monasterium
1476 1945 1714 1981 Ptemencyrceos,
1728 1953 1782 1982 quo

994 1993 1054 2020 loco
1075 1992 1162 2019 latere
1176 1991 1323 2018 Arsenium
1348 1999 1444 2019 rumor
1468 1995 1537 2023 erat,
1554 1991 1671 2026 primunt
1690 1991 1787 2018 incidit

995 2039 1021 2066 itt
1039 2039 1185 2074 quosdam,
1200 2037 1341 2073 Pecysium
1358 2045 1455 2073 nempe
1472 2038 1672 2074 presbyterum,
1690 2036 1787 2072 Sylva-

996 2093 1061 2112 num
1082 2085 1166 2113 Heliae
1187 2085 1315 2112 monachi
1339 2083 1460 2118 ejusdem
1481 2083 1638 2112 monasterii
1660 2082 1785 2115 fratrem,

995 2131 1269 2166 Tapettacerameum,
1280 2136 1307 2158 et
1334 2130 1445 2158 Paulum
1460 2125 1592 2166 Hypseles
1609 2129 1785 2162 monachum,

995 2177 1042 2212 qui
1058 2177 1202 2204 Arsenium
1232 2176 1294 2204 istic
1310 2176 1413 2203 versari
1433 2175 1550 2203 confessi
1568 2179 1639 2203 sunt.
1656 2174 1696 2201 Re
1708 2181 1786 2202 com-

156 2221 291 2250 Meletiaui
312 2223 345 2251 ad
363 2224 525 2259 singularem
540 2230 715 2259 atroremque
729 2224 944 2251 criminationem
961 2221 984 2250 D
998 2227 1085 2259 perta,
1104 2223 1204 2251 Pinnes
1222 2223 1341 2257 ejusdem
1361 2221 1519 2250 monasterii
1542 2221 1683 2256 presbyter
1696 2219 1787 2246 homi-

156 2267 184 2294 in
212 2268 390 2296 Athanasium
415 2270 600 2297 adornandam
619 2270 807 2296 adtninistrum
834 2273 941 2303 parant.

157 2312 287 2347 Princeps
313 2314 523 2348 conspirationis
540 2314 678 2342 ordiendze
696 2313 743 2340 fuit
768 2312 884 2341 Joannes
899 2321 944 2340 co-

157 2359 284 2394 gnomine
299 2358 433 2394 Archaph,
452 2359 655 2387 Meletianorum
680 2360 883 2394 antesignanus.
911 2359 944 2386 Et

155 2406 219 2441 quia
236 2413 314 2433 nemo
326 2406 394 2433 solet
409 2406 442 2433 ad
467 2407 626 2433 maleficiutn
652 2405 712 2434 sine
729 2414 776 2441 spe
796 2411 822 2434 et
842 2406 945 2434 emolu-

157 2456 248 2479 mento
260 2452 399 2484 accedere,
416 2453 539 2487 pactione
549 2452 669 2488 pecunia:
679 2452 815 2480 hominem
830 2453 945 2487 perpulit

152 2497 189 2524 ad
207 2505 267 2525 sese
278 2498 481 2532 occultandum,
491 2506 522 2526 eo
532 2506 629 2534 nempe
642 2497 767 2531 consilio,
779 2502 809 2525 ut
825 2498 875 2525 viri
888 2506 942 2526 non

156 2542 272 2570 ulterius
286 2543 359 2571 inter
381 2544 504 2571 homines
520 2543 656 2570 versantis
666 2543 766 2570 caedem
778 2548 826 2570 aut
840 2543 943 2570 mutila-

156 2589 257 2616 tionem
271 2589 414 2624 evulgandi
438 2589 552 2616 facultas
570 2593 653 2616 esset.
670 2588 848 2617 Latebrarum
869 2589 944 2618 locus

159 2635 352 2663 monasterium
367 2635 419 2663 fuit
433 2636 542 2663 nomine
560 2635 771 2671 Ptemencyrcis,
790 2637 817 2663 in
843 2636 941 2665 Anteo—

156 2681 239 2715 polite
255 2689 338 2709 nomo
352 2681 446 2709 situm.
466 2682 579 2709 Latente
593 2681 676 2716 igitur
688 2682 814 2717 Arsenio,
828 2683 944 2717 primum

192 2770 230 2807 (ιι)
251 2771 349 2798 Athan.
363 2770 438 2805 Apol.
448 2775 537 2807 contra
555 2770 659 2804 Arium,
672 2778 699 2801 n.
709 2770 753 2799 6'5.

192 2805 229 2841 (b)
249 2807 351 2835 Athan.
370 2807 447 2840 ibid..
464 2814 491 2832 n.
509 2805 552 2832 74.

193 2841 227 2905 sv)
242 2842 341 2868 Athan.
354 2842 429 2883 ibi.th
448 2842 473 2868 itt
488 2841 567 2867 notis.

204 2877 232 2905 di
244 2877 432 2905 Athan.tbtd..
445 2885 471 2904 n.
491 2875 524 2904 65
539 2880 566 2904 et

204 2877 232 2911 ά)
244 2877 432 2910 Athan.ibid.,
445 2885 471 2904 n.
491 2875 524 2904 65
539 2880 566 2904 et
576 2883 653 2912 seqq.

995 2277 1058 2296 nem
1077 2269 1103 2296 in
1130 2269 1282 2296 naviculam
1301 2267 1398 2301 conjici
1421 2267 1536 2299 curavit,
1553 2270 1582 2293 ut
1601 2265 1721 2293 secundo
1732 2264 1782 2292 flu-

996 2316 1068 2342 mine
1091 2315 1124 2342 ad
1152 2315 1297 2342 inferiores
1310 2314 1421 2349 Egypti
1446 2317 1538 2348 partes
1553 2319 1604 2339 una
1629 2319 1691 2339 cum
1708 2311 1786 2338 Helia

997 2362 1131 2390 monacho
1146 2361 1321 2389 concederet.
1347 2360 1412 2388 Post
1442 2360 1510 2392 haec,
1529 2359 1639 2393 elapsis,
1660 2362 1689 2385 ut
1707 2362 1786 2392 puta-

997 2415 1068 2440 mus,
1093 2407 1253 2442 qnibusdam
1286 2407 1322 2434 ab
1347 2405 1454 2433 Arsenii
1481 2403 1651 2440 profectione
1675 2403 1786 2434 diebus,

996 2453 1139 2480 Athanasii
1153 2453 1284 2480 diaconus
1297 2460 1358 2479 cum
1375 2451 1521 2480 comitibus
1539 2449 1676 2477 nonnullis
1692 2456 1786 2477 rever-

994 2507 1052 2531 sus,
1079 2500 1224 2534 derepente
1248 2499 1275 2525 in
1299 2498 1494 2525 monasterium
1517 2496 1654 2532 quaerendi
1678 2495 1786 2522 Arsenii

994 2552 1076 2572 causa
1085 2552 1146 2573 sese
1162 2544 1292 2576 immisit;
1305 2551 1396 2578 quem,
1413 2548 1507 2578 utpote
1515 2542 1569 2570 alio
1585 2542 1786 2575 transmissum,

995 2599 1056 2618 cum
1067 2599 1119 2617 nott
1132 2590 1292 2625 reperirent,
1309 2589 1422 2617 Pinnem
1437 2590 1623 2624 presbyterum
1637 2595 1698 2614 cum
1709 2587 1786 2614 Helia

996 2637 1129 2664 monacho
1157 2637 1264 2664 Arsenii
1291 2636 1390 2664 comite
1409 2635 1599 2662 Alexandriam
1629 2634 1787 2669 deportatos

997 2684 1058 2711 duci
1075 2683 1208 2710 obtulere.
1225 2683 1257 2710 Et
1271 2690 1332 2710 cum
1347 2681 1421 2709 nulla
1433 2681 1547 2716 negandi
1563 2681 1603 2708 via
1619 2685 1703 2714 esset,
1719 2680 1786 2708 fassi

1034 2771 1068 2804 (θ)

1001 2806 1180 2878 4L)(lt‘fi'Athan.
1210 2840 1318 2877 Apolog.
1332 2846 1423 2870 contra
1436 2841 1558 2875 Ariauos,
1576 2850 1602 2869 n.
1622 2840 1656 2869 65
1667 2845 1693 2868 et
1707 2846 1784 2872 seqq.

1099 2771 1207 2798 Sozom.
1234 2771 1280 2798 lib.
1307 2778 1337 2804 tt,
1359 2777 1419 2806 cap.
1444 2770 1494 2804 25;
1516 2770 1600 2798 Hilar.
1623 2770 1734 2805 Fragm.
1757 2777 1783 2803 ν.
