2000 3045
257 139 329 162 LIII

929 151 1197 183 PROLEGOMENA.

257 200 321 222 sunt
345 201 372 225 tn
405 199 475 228 vivis
499 201 642 232 Arsenium
669 213 701 234 ac
724 208 833 236 minime
857 212 1046 240 obtruncatum
1062 216 1083 244 Α
1100 223 1365 252 mensameversam,
1381 222 1493 251 calicem
1519 224 1634 254 fractum
1657 231 1784 258 vecordes
1801 233 1890 260 homi-

257 248 314 260 ncan
335 243 371 260 ΔΛ
382 245 437 260 Ιηηη
447 249 533 260 μ-...τΑ
550 249 600 260 μη
789 255 816 260 -.

255 243 438 274 esse.Adha:c
446 249 535 276 omnia
547 249 604 283 jam
625 259 773 282 memorata
788 255 887 285 Pinnes
904 260 929 286 in
951 268 1044 288 mona-

253 288 368 316 sterittm
387 299 526 327 regressus
546 295 642 324 Joanni
661 299 804 336 Archapho
819 305 968 339 rescripsit,
987 315 1044 334 ιιιοο

252 339 322 360 nens
336 340 365 362 ut
380 344 413 363 ne
433 339 522 373 modo,
532 344 689 379 pervulgata
704 347 743 374 rei
759 349 882 382 veritate,
895 351 1044 381 Athanasio

253 380 355 408 czedem
382 385 518 414 ascribere
544 391 757 423 aggrederetur:
782 402 862 428 quain
892 398 1042 433 epistolam,

254 424 398 460 Paphnutii
417 433 638 462 monachiimanu
651 443 803 473 exaratam,
823 442 901 469 nobis
919 444 1041 473 Athana-

253 471 311 499 sius
325 473 457 509 integram
480 481 607 508 servavit.
625 481 724 510 Narrat
739 485 800 512 item
813 486 922 521 Pinnes,
934 490 1040 519 Arsenii

251 519 337 546 enecti
355 520 471 549 fabulam
489 524 524 551 ita
538 533 585 560 per
595 531 676 555 totam
690 529 835 565 Egyptum
844 519 1039 570 percrebuisse,

250 568 325 591 utne
343 566 412 594 ultra
430 569 511 596 celari
528 578 631 605 posset.
658 574 720 602 [hec
734 584 816 604 causa
828 566 912 607 fuisse
930 586 1040 614 putatur

248 608 364 639 Arsenio
380 617 409 639 ut
421 613 522 649 Tyrum
539 619 703 653 profugeret,
725 629 779 656 quo
794 624 829 652 ibi
842 608 936 659 procul
952 608 1038 662 patria

249 660 276 681 et
288 655 448 691 Athanasio,
465 655 784 697 tutiusdelitesceret.At
799 670 868 699 forte
885 675 975 700 evenit
989 676 1038 702 Ar-

249 701 338 729 chelai
352 705 503 734 consularis
520 707 623 743 famuli,
641 717 669 738 ut
685 713 710 740 in
726 717 837 744 taberna
855 718 940 747 latere
956 721 1037 749 Arse-

248 747 321 774 nium
333 750 492 783 quibusdam
510 758 729 788 renuntiantibus
745 763 908 798 acciperent,
927 774 1036 802 remque

805 792 811 798 .
903 792 908 798 -
944 792 1035 802 ""1‘"

247 792 398 822 indicarent
423 797 498 826 hero.
520 800 543 827 is
563 808 668 832 mature
682 807 769 834 virum
789 811 1035 847 perquirit,rcper-

246 842 358 872 tumque
377 841 402 867 in
421 845 573 872 custodiam
600 849 682 876 tradit
698 841 911 889 asservandum;
932 861 960 883 et
983 858 1032 884 sub

1097 268 1145 288 nes
1160 263 1239 291 tnodo
1259 266 1292 293 ab
1303 266 1463 302 Athanasio,
1486 279 1547 298 mox
1564 280 1577 299 a
1599 273 1717 302 Macario
1731 276 1847 311 effutire,
1860 284 1889 308 ut

1095 307 1139 335 illa
1155 308 1347 341 incertitudine
1364 317 1546 345 accusationis
1563 319 1587 346 in
1603 322 1786 355 sycophantiis
1797 326 1886 360 suspi-

1094 355 1200 382 cionem
1221 364 1394 388 vocarentur.
1409 361 1490 390 Jubet
1511 364 1598 398 palam
1619 366 1668 402 legi
1685 370 1844 404 epistolam;
1859 377 1887 399 ut

1094 406 1174 428 nemo
1188 409 1256 430 unus
1277 410 1379 439 gestam
1401 415 1471 441 rem,
1487 409 1746 448 Mcletianornmqne
1771 416 1885 446 insidias

1092 446 1209 480 ignoret.
1223 448 1384 480 Plectendos
1400 453 1554 488 denuntiat,
1573 459 1595 484 si
1613 467 1681 493 quos
1699 463 1774 495 paria
1806 472 1885 493 ausos

1092 492 1320 526 deprehenderet.
1354 498 1565 530 Gr'atulatoriam
1591 492 1746 535 Alexander
1770 509 1886 538 Thessa-

1090 536 1239 567 lonicensis
1253 541 1404 572 Athanasio
1433 547 1576 581 epistolam
1604 552 1679 579 misit
1699 554 1745 589 (c),
1767 558 1885 592 acceptis

1090 589 1138 616 per
1149 584 1325 621 Serapionem
1339 590 1465 620 Sozontis
1483 594 1576 628 ﬁlium,
1593 596 1662 625 bene
1671 605 1805 629 moratum
1820 604 1884 631 ado-

1089 630 1251 666 lescentem,
1265 635 1386 669 ejusdem
1406 638 1522 674 litteris;
1540 643 1674 673 scelerato
1687 647 1785 675 Joanni
1805 650 1882 678 aiens

1085 673 1147 708 jure
1162 676 1281 706 infamiae
1295 686 1386 709 notam
1406 683 1535 719 inustam,
1553 692 1646 723 utpote
1663 693 1880 727 turpissimarum

1088 726 1179 749 rerum
1197 725 1306 754 artiﬁci.

1123 768 1151 797 5.
1163 769 1289 800 Arsenius
1315 774 1405 802 delicti
1422 779 1524 806 veniam
1535 782 1610 815 petit.
1628 798 1657 803 —
1671 783 1878 819 Apertissimum

1086 821 1178 845 autem
1202 818 1268 846 illud
1292 820 1344 848 fuit
1361 825 1574 859 conspirationis
1600 836 1800 865 argumentum,
1817 840 1878 860 cum

1088 860 1221 889 Arsenius
1240 862 1306 897 ipse,
1324 871 1466 901 postquam
1486 869 1573 899 latens
1603 860 1752 908 deprensus
1778 877 1876 910 fuerat,

905 882 910 889 ,
938 882 942 883 ν
983 882 1029 884 -,_
1088 882 1221 889 .-.μνυυυ
1241 882 1306 897 γον,
1324 882 1466 901 γνειψηιιιι
1486 882 1573 899 iateus
1603 882 1752 908 deprensus
1778 882 1876 910 luerat,

245 882 303 910 haec
330 885 480 917 Athanasio
505 891 640 926 signiﬁcat
667 897 863 931 deprehensum
879 901 1036 930 Arsenium.
1052 898 1075 926 Β
1089 906 1179 933 missis
1191 907 1224 934 ad
1237 908 1415 938 Athanasium
1433 912 1530 942 litteris
1546 915 1585 952 (ά)
1597 938 1604 949 ,
1623 918 1787 953 signiﬁcavit
1801 923 1876 950 cordi

245 927 326 953 Cuius
343 931 407 953 item
435 935 472 953 ηις
495 938 594 953 Maian
621 941 694 953 ru“-
722 947 783 953 ...μ
866 947 891 953 ..
951 949 956 953 .
995 950 999 953 .

243 927 326 964 Cujus
343 931 407 959 item
435 935 472 962 rei
495 938 594 966 oculati
620 941 696 968 fuere
722 947 804 972 testes
828 947 938 980 quidam
951 949 1036 983 ipsius

240 975 383 1005 Athanasii
400 979 558 1011 familiares.
574 986 703 1015 Arsenius
719 996 783 1017 vero
796 999 828 1019 ne
841 993 1033 1027 deprehensus

241 1020 349 1052 quidem
369 1031 399 1052 se
411 1025 554 1056 Arsenium
571 1038 632 1059 esse
646 1031 791 1068 fatebatur,
807 1037 892 1066 donec
908 1040 941 1066 ad
959 1041 1033 1069 Pauli

241 1064 305 1102 Tyri
336 1069 456 1105 episcopi
487 1074 605 1103 tribunal
622 1084 753 1107 evocatus
775 1087 857 1117 atque
881 1087 1032 1121 convictus,

239 1112 355 1146 negandi
368 1114 448 1142 ﬁnem
465 1117 577 1146 faceret.
588 1120 645 1149 Hoc
656 1128 746 1152 autem
759 1125 804 1153 ille
813 1112 890 1162 .pacti
900 1137 961 1158 cum
977 1112 1031 1161 Eu:

238 1157 315 1186 sebio
331 1159 392 1187 initi
411 1168 493 1190 causa
516 1167 624 1200 agebat,
643 1177 678 1196 ne
700 1178 731 1198 se
753 1157 919 1208 sycophanta
936 1177 1031 1214 depre-

238 1201 320 1214 .____-

238 1201 324 1232 henso
340 1209 396 1234 tota
423 1215 599 1240 evanesceret
622 1213 724 1243 fabula.
748 1201 847 1247 Peccat
867 1227 957 1250 autem
971 1201 1031 1253 Γευ-

236 1255 326 1278 crates
341 1252 391 1288 (a),
406 1255 451 1288 qui
478 1256 558 1285 istam
574 1259 734 1294 deprehensi
761 1265 868 1294 Arsenii
887 1269 1027 1300 historiam

237 1294 330 1330 Tyriae
344 1300 442 1333 synodi
462 1306 584 1338 tempore
598 1308 747 1343 contigisse
758 1318 862 1342 narrat.
880 1314 934 1344 Nos
942 1316 1028 1346 Atha-

235 1343 343 1371 nasium
361 1347 566 1381 sequimurfide
585 1359 652 1381 sane
670 1355 834 1391 digniorem.

269 1388 296 1415 2.
313 1389 452 1420 Calumm'a
467 1394 577 1424 detecta.
589 1414 624 1419 —
636 1388 712 1429 ιιιιεὶ
724 1403 781 1431 haec
802 1405 935 1435 Eusebius
948 1409 1026 1438 Nico-

233 1436 392 1472 mediensis,
405 1439 562 1477 Theognius
573 1445 710 1480 Nicaznus.
723 1454 750 1477 et
769 1451 928 1484 Theodorus
941 1436 1024 1485 Hera-

233 1480 344 1516 cleotes,
377 1492 520 1522 postquam
549 1493 653 1521 crebris
678 1495 807 1526 itionibus
835 1503 1023 1534 postulationi-

231 1526 345 1562 busque,
362 1530 553 1567 intolerabilia,
566 1541 596 1563 ut
606 1537 725 1574 aiebant,
737 1526 878 1573 Athanasii
900 1547 1018 1576 facinora

230 1571 258 1600 in
270 1575 374 1609 synodo
396 1577 484 1612 aliqua
500 1580 613 1616 disquiri
634 1591 759 1619 oportere
782 1588 938 1625 imperatori
953 1602 1017 1621 sua-

229 1618 329 1647 sissent
338 1620 385 1656 (b),
393 1622 504 1659 jamque
518 1618 684 1659 celebrandae
698 1635 800 1668 synodo
809 1618 1018 1672 deputata-esset

228 1664 351 1694 Ctesarea
366 1669 391 1695 in
401 1669 561 1707 Palestina;
577 1682 673 1705 versus
684 1677 822 1708 Orientem
836 1687 1017 1719 properabant

228 1711 319 1740 animo
335 1710 477 1744 Athanasii
489 1717 516 1744 in
531 1719 662 1754 ejusmodi
677 1726 781 1759 synodo
798 1710 1017 1761 abdicandi—6e:

227 1764 287 1784 rum
307 1759 353 1787 ille
367 1769 468 1796 gnarus
487 1763 645 1795 insidiarum
660 1775 687 1797 et
712 1772 789 1800 malae
805 1777 903 1804 mentis
919 1778 1016 1807 adver-

227 1803 374 1840 sariorum,
393 1807 481 1837 iteret
491 1810 621 1845 judicium
633 1815 710 1845 istius
724 1822 830 1854 synodi,
845 1830 895 1851 nec
906 1825 1014 1860 injuria,

229 1847 327 1860 ,ΙΑι-Αλι
337 1850 375 1860 JH
384 1856 390 1860 -
414 1853 433 1860 Α

226 1847 402 1879 detrectabat.
413 1853 502 1886 Quare
509 1863 619 1890 peracta
633 1863 668 1888 de
681 1847 795 1893 Arsenio
808 1847 1013 1905 perquisiiione:

226 1897 254 1919 et
285 1896 427 1928 patefactis
457 1899 660 1934 Meletianorum
680 1896 936 1949 conspirationibus,
965 1918 1015 1945 im-

225 1942 345 1973 peratori
373 1947 512 1974 renuntiat
536 1956 674 1985 repertum
700 1942 859 1992 Arsenium,
885 1967 913 1989 et
929 1967 1014 1992 totam

225 1986 362 2016 homicidii
371 1998 477 2020 scenam
493 1995 526 2022 de
542 1998 630 2026 medio
643 2000 776 2030 sublatam
791 2005 874 2034 fuisse
888 2017 895 2035 :
909 2017 941 2037 ac
954 2018 1014 2046 qua:

225 2031 257 2046 ,1η
272 2032 387 2046 υημ-..ει
409 2045 419 2046 η
474 2039 479 2046 ⁵
601 2044 617 2046 ’⁷

224 2031 258 2059 de
272 2032 389 2063 Macario
408 2039 566 2075 presbytero
582 2044 646 2072 olim
661 2031 945 2088 Mcletianiradﬁipsu—m
954 2031 1012 2084 “de:

224 2079 359 2115 tulissent,
378 2091 485 2113 revocat
509 2087 535 2114 in
559 2093 728 2121 memoriam.
758 2097 932 2128 Commodum
950 2103 1012 2131 item

223 2127 331 2161 accidit,
353 2133 382 2156 ut
399 2129 533 2161 Meletiani
549 2136 575 2163 in
592 2137 696 2168 iteratis
713 2142 815 2177 suis,de
826 2145 911 2174 calice
925 2147 1012 2177 fracto

221 2177 250 2200 et
266 2174 300 2201 de
310 2183 402 2204 mensa
425 2179 553 2209 subversa
573 2185 809 2218 criminationibus
830 2192 1009 2224 Athanasium

222 2221 312 2253 modo,
327 2223 406 2251 modo
431 2224 576 2255 Macariuin
593 2230 788 2263 insimularent.
807 2237 884 2271 Quod
915 2241 1007 2276 utique
1024 2245 1045 2272 ι)

220 2267 327 2300 signum
339 2273 398 2296 erat
414 2270 581 2301 luculentum
599 2277 708 2306 conficti
720 2284 746 2306 et
761 2283 904 2317 excogitati
918 2267 1009 2314 criini-

219 2313 272 2341 nis.
293 2313 355 2342 ﬂare
371 2316 456 2345 misso
471 2318 587 2349 Macario
601 2323 715 2352 diacono
731 2327 867 2362 significat
892 2332 1009 2367 impera-

219 2361 270 2388 tori
284 2362 444 2396 :qnistatim
454 2364 556 2398 judicio
569 2371 689 2397 censoris
699 2373 845 2409 prohibito,
863 2361 1007 2408 Eusebium

217 2411 246 2434 et
261 2410 350 2437 socios
368 2411 394 2438 in
413 2411 552 2441 Orientem
569 2415 710 2445 Athanasii
728 2419 848 2448 Ecclesia
865 2423 1008 2454 deturban-

218 2451 244 2477 di
258 2453 383 2487 cupidine
391 2463 569 2491 properantes
584 2465 733 2498 retrogredi
745 2465 839 2500 jubet;
854 2467 1006 2507 litterisque

217 2497 308 2525 missis
321 2500 500 2530 Athanasium
510 2505 678 2541 cohortatur,
694 2514 722 2536 ut
733 2513 830 2546 populo
845 2520 893 2542 suo
911 2497 1003 2550 pacem

216 2550 244 2571 et
257 2549 479 2582 tranquillitatem
497 2554 643 2583 conciliare
658 2559 776 2592 stttdeat,
793 2560 818 2588 id
835 2569 894 2590 cum
910 2564 1003 2598 primis

217 2593 243 2620 in
259 2596 358 2629 optatis
373 2604 432 2625 esse
446 2600 507 2626 sibi.
519 2601 546 2628 ln
568 2600 724 2632 Mcletianus
739 2611 839 2639 autem,
849 2616 916 2642 quos
931 2611 1005 2638 omni

216 2641 404 2671 exsecratione
431 2645 528 2680 dignos
557 2649 682 2684 appellat,
711 2651 846 2680 invehitur
861 2656 1004 2682 acerrime.

217 2684 308 2713 Mirari
326 2695 355 2715 se
369 2691 417 2723 ait,
430 2700 498 2725 quos
513 2693 549 2720 illi
564 2695 822 2733 virosinteremptos
832 2700 1004 2735 jactitabant,

216 2739 264 2760 eos
286 2734 359 2768 ipsos
380 2738 528 2769 incolumes
552 2747 615 2770 ante
637 2745 756 2772 omnium
776 2747 869 2775 oculos
883 2749 1001 2782 versari;

252 2791 290 2861 Ea)
305 2793 412 2824 Socrat.
428 2798 474 2826 lib.
492 2807 510 2832 t,
526 2808 584 2835 cap.
601 2799 645 2828 29.

264 2830 290 2859 bl
304 2830 403 2859 Athan.
415 2834 490 2861 Apul.
516 2842 607 2861 con/rs
624 2836 644 2861 Α

264 2830 290 2859 l2)
303 2830 490 2876 .Alhall:APUL
504 2830 607 2876 toil”
624 2836 747 2871 Arianos,
767 2847 794 2866 n.
815 2839 850 2867 65
871 2844 898 2868 et
919 2848 997 2876 se1.;

218 2861 376 2894 Theodorei.
396 2868 414 2897 Ι,
430 2861 447 2900 i',
463 2877 523 2904 cap.
541 2871 586 2898 28.

1087 958 1147 979 esse
1164 952 1215 980 sibi
1227 961 1321 988 pacem
1337 961 1364 983 ct
1378 961 1596 989 communionem
1620 962 1750 993 Ecclesia:
1761 967 1874 995 catholi-

1086 1004 1135 1031 cae,
1148 1006 1247 1034 rogare
1267 1002 1369 1030 aditum
1387 1004 1438 1032 sibi
1456 1006 1527 1039 dari,
1544 1008 1664 1043 polliceri
1682 1012 1781 1039 nullam
1794 1013 1876 1041 initii-

1086 1050 1144 1070 rum
1161 1051 1191 1071 se
1204 1052 1265 1072 cum
1284 1048 1468 1078 schismaticis
1485 1053 1654 1089 societatem,
1671 1065 1759 1092 neque
1773 1058 1875 1094 impru-

1084 1088 1164 1117 dente
1183 1095 1229 1118 aut
1244 1092 1329 1122 invito
1352 1095 1513 1131 Athanasio,
1537 1101 1636 1129 scitum
1652 1088 1761 1139 aliquod
1772 1106 1812 1134 vel
1829 1107 1875 1135 de-

1081 1140 1185 1163 cretum
1203 1146 1255 1165 una
1271 1147 1333 1167 cum
1352 1141 1412 1170 aliis
1424 1144 1558 1180 episcopis
1570 1148 1716 1177 editurum.
1731 1151 1799 1179 Istas
1813 1153 1866 1180 Δι’-η

1081 1182 1174 1209 senius
1184 1183 1256 1211 dedit
1268 1184 1383 1220 litteras,
1393 1190 1438 1223 qui
1452 1191 1534 1218 multa
1554 1199 1613 1228 post
1625 1195 1683 1223 hinc
1698 1205 1746 1225 nec
1756 1198 1871 1227 obscura

1079 1228 1197 1261 prictulit
1209 1232 1304 1258 mutati
1322 1237 1349 1260 et
1363 1235 1506 1264 catholicis
1521 1239 1603 1267 rebus
1618 1241 1719 1270 addicti
1733 1244 1815 1272 animi
1831 1245 1870 1273 si-

1079 1281 1143 1308 gna.
1161 1275 1200 1304 Re
1219 1278 1325 1312 cognita
1347 1278 1466 1310 Joannes
1494 1284 1633 1320 Archaph,
1657 1293 1687 1314 ut
1711 1289 1778 1317 vidit
1796 1297 1870 1326 gesta

1078 1328 1125 1348 sua
1141 1321 1166 1348 in
1183 1330 1230 1349 ore
1242 1326 1362 1353 omnium
1379 1329 1491 1361 versari,
1509 1332 1613 1360 traduci
1624 1333 1649 1360 in
1665 1334 1731 1366 dies,
1745 1344 1869 1371 magnam

1076 1366 1128 1394 sibi
1151 1367 1281 1396 invidiam
1303 1371 1432 1406 conflare,
1455 1376 1532 1409 quasi
1548 1378 1683 1411 pcenitens
1704 1380 1780 1414 facti,
1797 1390 1870 1411 com-

1075 1414 1232 1442 munionem
1251 1416 1393 1446 Athanasii
1412 1419 1560 1456 efﬂagitare
1582 1425 1667 1460 coepit
1692 1435 1699 1452 :
1718 1434 1750 1454 ac
1768 1428 1868 1458 litteris

1074 1458 1229 1493 imperatori
1239 1463 1400 1491 testificatur
1412 1465 1515 1499 se,jam
1529 1469 1603 1495 omni
1619 1458 1705 1503 posita
1716 1472 1866 1508 simultate,

1073 1511 1166 1537 pacem
1184 1508 1458 1544 communionemque
1477 1518 1538 1538 cum
1563 1513 1713 1544 Athanasio
1735 1523 1865 1552 exoptare

1072 1557 1104 1577 ac
1133 1552 1282 1586 requirere.
1299 1554 1437 1590 Pergratae
1461 1556 1558 1586 litterae
1583 1559 1764 1591 Constantino
1778 1563 1863 1598 fuere,

1069 1597 1145 1630 pacis
1163 1598 1269 1626 scilicet
1284 1601 1486 1636 amantissimo;
1500 1604 1618 1639 dataque
1632 1607 1747 1642 epistola
1776 1610 1864 1638 virum

1068 1648 1173 1675 evocat,
1195 1644 1293 1678 publici
1309 1647 1425 1675 vehiculi
1438 1649 1543 1684 copiam
1557 1650 1632 1684 facit,
1647 1658 1675 1680 ut
1688 1654 1790 1688 majore
1802 1664 1864 1691 gau-

1067 1689 1111 1716 dio
1131 1696 1289 1724 praesentem
1305 1694 1434 1729 pacisque
1453 1697 1603 1725 studiosum
1619 1700 1766 1735 exciperet.
1783 1702 1857 1731 Talis

1068 1740 1123 1762 tum
1140 1735 1189 1763 fuit
1206 1738 1245 1765 rei
1261 1738 1362 1773 exitus,
1380 1745 1408 1769 et
1421 1741 1590 1778 aliquantum
1604 1747 1732 1782 temporis
1744 1750 1861 1784 sopitum

1067 1781 1202 1815 negotium
1217 1782 1278 1811 fuit.

1101 1828 1176 1855 ANNO
1190 1836 1317 1857 ctnctrsn
1346 1830 1407 1858 554.
1422 1847 1457 1852 -
1475 1833 1500 1860 1.
1516 1835 1647 1862 Antonius
1664 1836 1856 1866 Alexandriam

1066 1873 1145 1900 venit.
1161 1889 1195 1895 —
1219 1874 1271 1902 Per
1289 1876 1314 1903 id
1330 1877 1441 1905 circiter
1456 1884 1561 1914 tempus
1574 1881 1679 1914 Ariani,
1705 1885 1859 1913 rumoribus

1066 1921 1224 1955 spargendis
1249 1929 1357 1957 semper
1375 1923 1564 1959 invigilantes,
1581 1931 1683 1956 temere
1695 1929 1858 1964 jactitabant

1065 1966 1154 2000 magni
1167 1974 1215 2001 per
1227 1967 1372 2004 [Egyptum
1388 1972 1504 1999 nominis
1519 1973 1605 2000 virum
1632 1974 1781 2004 Antonium
1797 1985 1856 2005 mo-

1066 2011 1213 2039 nachorum
1231 2019 1337 2048 patrem
1360 2016 1490 2045 doctrina:
1513 2026 1568 2047 suae
1584 2019 1674 2048 favere
1700 2026 1729 2049 et
1754 2023 1857 2059 astipu-

1065 2056 1114 2084 lari
1128 2058 1174 2092 (ε).
1191 2059 1298 2087 Perlata
1318 2069 1360 2088 res
1387 2063 1505 2091 Antonio
1530 2065 1616 2094 dolori
1638 2066 1704 2102 fuit;
1723 2056 1856 2103 graviter-

1064 2111 1115 2137 que
1129 2112 1293 2134 succensens
1306 2110 1492 2142 novatoribns,
1521 2112 1628 2140 hortatu
1650 2115 1852 2150 episcoporum,

1063 2154 1091 2177 et
1107 2151 1224 2179 maxime
1241 2153 1393 2185 Athanasii.
1405 2155 1600 2184 Alexandriam
1612 2165 1641 2186 se
1655 2159 1772 2189 confert.
1783 2161 1851 2189 Tum

1061 2196 1143 2231 coepit
1161 2197 1278 2226 Arianos
1301 2199 1405 2233 publice
1420 2209 1579 2237 coarguere,
1600 2204 1742 2233 hmreticos
1761 2208 1853 2241 appel-

1060 2241 1125 2274 lare,
1135 2242 1259 2270 haeresim
1272 2252 1364 2271 eorum
1381 2253 1477 2274 vocare
1490 2248 1647 2276 Antichristi
1662 2252 1848 2286 prodromum,

1061 2288 1208 2322 praedicare
1231 2289 1290 2317 Filii
1317 2292 1515 2327 aeternitatem,
1542 2294 1691 2329 deitatem,
1723 2299 1850 2332 populqu

1061 2342 1128 2362 voce
1139 2337 1302 2372 monitisque
1313 2338 1339 2365 in
1350 2346 1414 2366 vera
1430 2339 1554 2368 doctrina
1566 2342 1738 2371 confirmare.
1755 2344 1850 2380 Ingens

1060 2380 1112 2408 fuit
1129 2382 1309 2412 multitudinis
1336 2384 1429 2412 laetitia
1442 2406 1450 2419 ,
1473 2387 1575 2422 grande
1592 2388 1684 2416 odium
1700 2391 1848 2418 conflatum

1061 2427 1156 2455 haeresi
1171 2429 1288 2456 adventu
1302 2430 1352 2458 viri
1368 2432 1424 2459 Dei.
1440 2433 1624 2461 Accnrrebattt
1643 2435 1715 2463 cives
1738 2437 1848 2464 videndi

1059 2473 1169 2501 Antonii
1181 2476 1310 2510 cupidine
1332 2476 1487 2512 ﬂagrantes.
1501 2479 1553 2514 ipsi
1572 2481 1688 2515 gentiles
1702 2490 1845 2518 conspecta

1059 2519 1112 2546 viri
1124 2519 1274 2548 litterarum
1291 2521 1410 2557 imperiti
1424 2524 1449 2550 vi
1467 2525 1598 2552 orationis
1611 2546 1619 2557 ,
1645 2527 1786 2561 stupefacti
1810 2529 1848 2555 si-

1057 2566 1116 2598 gnis
1128 2566 1316 2602 miraculisqne
1327 2569 1359 2595 ad
1374 2577 1467 2603 preces
1493 2571 1553 2605 ejus
1568 2571 1648 2599 editis
1673 2574 1745 2607 (nam
1770 2581 1847 2601 ener-

1054 2620 1202 2647 gumenos,
1221 2621 1254 2641 ac
1277 2620 1367 2643 mente
1380 2621 1472 2651 captos
1496 2618 1565 2645 bene
1578 2619 1677 2647 multos
1692 2620 1816 2656 curabat)
1835 2629 1842 2654 ;

1055 2662 1130 2686 tanto
1144 2667 1257 2687 nttmero
1276 2661 1309 2687 ad
1333 2661 1516 2690 Christianam
1537 2664 1617 2692 ﬁdem
1632 2666 1797 2698 confluxere,
1815 2671 1851 2718 ull?

1055 2703 1144 2718 uuln...“
1161 2706 1253 2718 ..μ-..εκ
1273 2706 1365 2718 λεμι..-
1398 2715 1443 2718 ..η-
1459 2717 1472 2718 ,,
1497 2709 1528 2718 ,u-
1648 2712 1654 2717 ι
1679 2717 1683 2718 ,

1054 2703 1146 2738 plures
1161 2706 1254 2740 paucis
1270 2706 1377 2740 diebtts,
1395 2715 1476 2742 quam
1495 2709 1562 2738 alias
1587 2718 1635 2745 per
1648 2712 1781 2746 integrum
1795 2720 1843 2739 an-

1055 2758 1132 2782 num,
1144 2759 1215 2778 vera:
1235 2752 1296 2780 ﬁdei
1313 2753 1383 2781 viain
1405 2754 1622 2790 ingrederentur.
1639 2757 1673 2785 Et
1688 2766 1754 2786 vero
1768 2763 1841 2786 tanta

1089 2807 1232 2842 (c)Athan.
1250 2809 1328 2842 ibid.,
1344 2819 1371 2838 ιι.
1384 2811 1428 2838 66.

1088 2843 1127 2877 (d)
1141 2843 1240 2873 Athan.
1253 2845 1332 2878 ibitl.,
1345 2854 1371 2873 n.
1387 2846 1430 2874 69.

1089 2878 1124 2913 (ρ)
1138 2877 1165 2906 lu
1183 2878 1242 2907 Vita
1259 2877 1377 2915 Ante/tif,
1395 2890 1421 2908 ιι.
1435 2881 1479 2909 69.
