2000 3045
767 165 846 192 VITA
867 164 895 191 S.
917 164 1111 191 ATIIANASII.

1672 172 1753 192 LXXII

133 229 192 254 erat
207 225 333 260 opinione
348 224 534 252 sanctimonia:
557 231 583 253 et
603 225 724 260 pietatis,
739 231 767 253 ut
786 226 918 256 nniwrsi,
934 229 955 255 Λ
971 226 1066 252 derant
1085 232 1160 259 ergo,
1178 232 1225 259 per
1238 225 1322 251 otium
1338 229 1366 251 et
1389 231 1482 258 pacem
1508 224 1656 252 Athanasio
1672 223 1756 252 licere

134 279 168 299 ne
183 272 294 306 paganis
309 271 418 305 quidem
436 271 572 306 exceptis,
596 271 733 299 hominem
752 272 808 305 Dei,
834 272 921 299 Anto-

134 319 208 344 nium
222 318 429 352 compellarent.

168 363 195 390 ‘2.
218 363 347 390 Antonius
367 368 442 390 curat
465 363 664 391 dwmoniacnm.
684 379 717 383 —
740 364 806 391 Cum
827 369 918 393 autem

133 409 274 436 excederet
289 409 365 441 urbe,
378 409 530 436 Athanasio
546 410 658 437 honoris
671 418 751 437 causa
764 411 918 444 comitante,

134 460 163 481 nt
174 455 206 481 ad
219 460 323 488 portam
336 455 469 489 pervenit,
484 461 556 483 retro
571 455 692 483 clamans
706 457 803 484 mulier
820 458 919 486 sistere

134 501 245 534 gradum
259 501 380 534 rogabat,
396 505 424 528 et
437 508 536 528 sanare
553 501 635 528 filiam
652 510 727 528 suam
738 503 862 530 dazmone
872 511 920 531 ve~

133 551 236 574 satam.
249 545 372 580 Rogante
386 548 468 574 etiarn
491 547 642 575 Athanasio
655 568 662 580 ,
676 548 798 575 substitit
812 549 873 581 ille;
891 553 919 576 et

134 592 247 626 propius
259 595 402 619 accedente
419 600 480 619 cum
496 592 551 619 ﬁlia
568 593 681 620 muliere
692 613 699 626 ,
713 594 816 621 daemon
841 594 918 629 puel-

136 637 188 664 lam
207 638 280 665 humi
305 639 407 673 dejicit.
426 638 495 666 Tum
518 645 643 673 precatus
669 640 812 673 Antonius,
830 641 919 675 impu—

135 692 195 710 rum
219 685 366 712 daemonem
392 684 486 720 fugat,
505 690 532 712 et
553 686 714 713 incolumem
731 686 810 713 matri
837 687 918 714 filiam

134 730 261 758 restituit.
277 730 443 765 Cunctisqtle
455 738 516 757 cum
535 732 685 766 gratiarum
701 732 807 760 actione
828 733 918 760 Anto-

135 776 207 802 nium
229 776 380 804 honorifice
401 777 604 810 deducentibus,
621 778 742 813 gestiens
758 778 784 806 in
801 783 918 806 amatam

133 820 308 848 solitudinem
325 821 492 855 remigravit.
514 822 641 855 Qutedatn
660 827 734 850 certe
757 827 818 850 sunt
843 823 919 857 queis

135 867 305 898 inducantur,
324 871 351 893 ut
366 872 458 893 contra
471 875 552 902 quam
570 868 689 895 sentiunt
712 868 833 895 nonnulli
847 869 918 895 docti

131 912 204 944 viri,
221 913 246 939 in
263 920 361 939 annum
381 913 493 940 circiter
510 913 562 940 555
576 933 584 943 .
598 913 708 940 Antonii
725 914 917 940 Alexandriam

133 956 329 991 profectionem
355 958 556 993 consignemus.
585 959 624 986 Ne
648 959 718 986 ultra
739 967 839 987 annum
866 960 919 987 554

133 1003 175 1029 vel
191 1008 220 1030 ut
234 1004 335 1031 tardius
350 1004 403 1031 535
418 1004 575 1032 differamus
587 1025 594 1037 ,
609 1010 681 1032 vetat
703 1007 774 1040 quod
795 1007 919 1033 Athana-

133 1049 191 1076 sius
206 1050 231 1076 in
242 1050 353 1078 Antonii
364 1049 434 1082 Vita,
449 1051 494 1078 ubi
509 1051 629 1085 apprime
642 1052 772 1086 temporis
787 1053 918 1080 rationem

131 1095 218 1127 ducit,
235 1095 293 1129 ejus
315 1095 506 1123 Alexandriam
524 1096 677 1130 profectum
696 1102 817 1130 enarrat,
830 1098 920 1132 prius-

132 1148 212 1174 quam
232 1141 264 1168 de
280 1139 449 1168 Constantini
462 1142 496 1169 ad
511 1143 635 1170 eumdem
648 1143 798 1170 Antonium
829 1145 920 1172 missis

133 1186 230 1214 litteris
252 1187 332 1214 verba
351 1187 442 1215 faciat.
460 1188 491 1215 Et
507 1189 571 1223 quia
591 1197 623 1217 eo
650 1194 774 1224 tetupore
794 1190 916 1218 Alexan-

140 1233 208 1260 dria:
229 1234 389 1261 versabatur
413 1235 596 1268 Athanasius,
615 1241 644 1263 ut
666 1236 724 1272 ipse
738 1243 840 1270 narrat,
865 1246 918 1266 non

132 1283 222 1313 potest
235 1279 302 1306 ultra
316 1288 414 1308 annum
430 1281 482 1309 355
496 1281 596 1310 differri
622 1283 675 1310 iter
704 1284 835 1319 Antonii;
856 1285 919 1319 quia

134 1329 194 1359 post
206 1333 305 1353 annum
317 1326 401 1360 illum,
412 1328 474 1354 dum
483 1329 584 1355 viveret
592 1328 793 1362 Constantinus,
804 1330 920 1357 Alexan-

138 1371 224 1398 driam
237 1380 290 1400 non
307 1373 372 1400 vidit
385 1373 558 1401 Athanasius.
571 1374 611 1401 Ad
628 1374 696 1407 haec,
707 1381 768 1409 post
779 1375 919 1404 Athanasii

132 1417 268 1451 exsilium,
285 1426 345 1446 cum
360 1418 487 1454 frequens
511 1419 616 1447 litteras
639 1421 773 1448 Antonius
797 1421 830 1448 ad
847 1420 920 1448 Con-

133 1463 279 1490 stantinum
298 1465 399 1492 reditus
413 1464 496 1500 ipsius
511 1465 673 1501 impetrandi
685 1474 767 1494 causa
786 1467 916 1500 mitteret,

134 1509 224 1536 nullus
242 1510 366 1538 residuus
391 1511 442 1538 fuit
465 1511 577 1540 Ariauis
594 1512 669 1540 locus
689 1513 844 1548 evulgandi,
867 1514 918 1541 sibi

133 1555 244 1590 suisque
264 1557 403 1585 erroribus
414 1557 557 1593 astipulari
569 1559 731 1592 Antonium;
749 1567 810 1587 cum
823 1565 917 1587 contra
933 1571 957 1602 ο

132 1601 283 1628 clamarent
297 1602 348 1630 viri
363 1608 450 1637 gesta,
466 1609 494 1631 et
510 1604 658 1632 Calholicis
668 1605 806 1633 addictum
821 1607 920 1641 prode-

133 1652 202 1674 rent.
219 1648 284 1682 Quae
300 1656 365 1676 sane
379 1656 460 1677 causa
475 1650 553 1677 nobis
567 1655 620 1683 est,
644 1658 678 1678 ne
691 1651 842 1686 profectum
863 1653 921 1687 ejus

133 1699 194 1728 post
205 1701 304 1722 annum
322 1695 374 1722 555
389 1696 568 1723 conferamus.

169 1741 196 1768 5.
216 1740 345 1767 Eusebius
368 1741 540 1770 Cwsariensia
566 1742 719 1770 inimicitias
735 1743 844 1778 suscipit
869 1744 919 1770 ad-

132 1795 220 1813 versus
234 1786 385 1822 Αἳρμριὶυε.
398 1803 432 1809 -
446 1787 502 1815 Hoc
523 1788 588 1815 item
601 1795 673 1816 anno
684 1787 817 1816 Eusebius
833 1789 922 1816 Caesa-

134 1833 231 1860 riensis
244 1833 271 1860 iit
283 1833 375 1860 odium
393 1833 618 1869 inimicitiamque
633 1834 763 1862 adversus
778 1833 920 1870 ASgyptios

131 1880 275 1914 episcopos
287 1879 375 1914 palam
388 1880 520 1914 prorupit.
536 1879 594 1907 Etsi
616 1880 689 1908 enim
711 1887 726 1907 a
747 1881 840 1908 multis
863 1881 919 1915 jam

132 1926 212 1953 anuis
228 1931 300 1954 esset
318 1926 426 1954 Arianis
441 1927 520 1954 rebus
533 1933 583 1953 nec
603 1927 718 1954 obscure
737 1926 844 1954 deditus
859 1927 897 1961 (α)
912 1936 918 1954 :

132 1978 161 1998 at
178 1980 230 1999 non
248 1972 284 1999 ita
302 1977 331 1999 ut
345 1972 539 2000 catholicorum
559 1972 704 2007 praesulum
727 1972 815 2007 palam
833 1973 921 2000 hostis

133 2017 249 2044 audiret.
267 2017 332 2051 Qua:
345 2025 425 2052 porro
447 2025 529 2046 causa
543 2017 625 2046 fuerit
641 2019 796 2052 simultatis,
809 2024 839 2047 ut
856 2019 919 2047 nulli

133 2071 186 2090 non
202 2069 266 2091 tunc
295 2063 463 2099 exploratum
481 2069 509 2092 et
537 2069 631 2092 notum
657 2065 742 2093 fuisse
769 2071 921 2093 memorant

134 2108 254 2144 Egyptii
278 2111 419 2146 episcopi,
447 2111 486 2139 sic
511 2110 568 2145 jam
583 2119 636 2139 non
659 2112 685 2139 in
701 2117 826 2148 promptu
840 2112 922 2140 fuerit

134 2157 274 2191 augurari.
306 2156 511 2186 Subodoramur
541 2163 655 2191 tatnen,
683 2159 743 2187 ideo
774 2160 920 2187 Eusebium

134 2203 269 2239 Aigyptiis
292 2204 504 2237 succensuisse,
530 2206 602 2239 quod
627 2205 752 2232 fortassis
780 2213 832 2233 una
858 2214 919 2233 cuin

970 272 1076 298 solitam
1090 272 1218 305 augenda:
1230 272 1268 298 rei
1293 270 1434 298 catholicae
1449 278 1560 304 operam
1578 277 1693 302 navare;
1710 271 1752 297 in-

972 318 1123 344 terturbare
1140 317 1252 344 consilia
1264 316 1322 350 ejus
1332 316 1535 344 Meletianornm
1549 324 1600 351 ope
1615 321 1754 351 satagunt,

971 363 1072 397 hosque
1085 371 1192 390 rursum
1203 367 1318 390 evocant
1332 363 1364 389 ad
1381 363 1520 397 pristinam
1537 363 1653 398 fingendi
1665 366 1693 390 et
1707 370 1754 390 ca-

971 408 1118 436 lumniandi
1139 414 1236 436 artem.
1251 409 1387 436 Meletiani
1405 409 1486 443 igitur
1503 409 1653 436 instaurato
1669 408 1755 435 foede-

972 463 1000 481 re
1022 455 1074 490 (ά),
1090 454 1188 489 elapsis
1203 455 1311 488 triginta
1328 455 1362 482 ab
1376 455 1474 482 indicta
1496 454 1628 481 Caesarea:
1651 455 1757 489 synodo

972 501 1118 532 mensibus,
1132 502 1309 528 Athanasium
1326 502 1415 529 denuo
1431 509 1506 528 reum
1524 505 1608 535 agunt
1622 501 1692 536 apud
1705 501 1757 528 im-

970 551 1133 581 peratorem,
1150 552 1177 574 et
1188 547 1351 574 inveteratas
1365 547 1573 581 confutatasque
1588 546 1757 575 criminatio-

971 600 1019 620 nes
1028 597 1168 620 renovant.
1181 591 1299 627 Prodigii
1316 593 1404 620 simile
1417 597 1458 620 est
1471 613 1479 625 ,
1497 597 1548 619 tam
1565 592 1717 620 versatilem
1729 597 1757 620 et

969 638 1142 674 sycophantis
1148 643 1327 673 opportunum
1337 638 1508 666 Constantini
1529 639 1646 665 animum
1656 637 1755 671 fuisse;

970 690 1000 712 ut
1012 692 1071 720 quas
1086 685 1166 712 toties
1182 685 1226 712 ille
1239 684 1304 712 falsa
1316 690 1343 712 et
1359 684 1543 712 commentitia
1563 684 1757 718 deprehendis-

970 734 1021 762 set,
1036 737 1067 757 ea
1082 729 1171 757 denuo
1184 730 1210 757 in
1228 730 1358 764 judicium
1376 730 1469 757 vocari
1482 729 1654 757 concederet.
1669 727 1756 755 Euse-

971 775 1044 803 biani
1071 783 1147 810 ergo,
1170 781 1199 803 ut
1213 776 1250 802 ait
1263 775 1439 808 Athanasius,
1454 775 1487 802 iis
1503 774 1544 801 usi
1568 780 1655 801 scena:
1674 779 1755 807 quam

970 822 1105 855 parabant
1129 821 1324 854 histrionibus,
1344 826 1470 848 auctores
1489 824 1552 847 stitit
1580 819 1756 854 imperatori,

971 871 1001 892 ut
1025 867 1158 901 synodum
1185 866 1249 901 Tyri
1272 866 1367 900 iubeat
1384 867 1554 901 congregari.
1580 865 1648 893 Tum
1666 873 1757 894 comes

971 912 1117 948 Dionysius
1131 920 1165 940 eo
1180 913 1306 945 mittitur,
1323 912 1437 946 imperio
1456 919 1506 939 suo
1518 912 1607 939 omnia
1632 912 1757 938 modera-

971 963 1049 985 turus
1067 959 1114 993 (ε).
1132 958 1296 985 Satellitium
1311 958 1428 985 militare
1443 958 1601 985 Eusebianis
1613 958 1703 989 datur,
1728 962 1757 984 ut

969 1005 1084 1032 arbitrio
1097 1013 1148 1032 suo
1161 1010 1294 1039 peragant
1317 1006 1419 1031 omnia.
1441 1005 1479 1031 Eo
1493 1005 1645 1031 concedunt
1658 1011 1756 1038 magno

970 1058 1082 1078 numero
1103 1051 1267 1084 Eusebiani;
1283 1058 1399 1086 quorum
1419 1050 1600 1085 primipilares
1625 1050 1757 1078 Eusebius

970 1096 1198 1129 Nicomediensis,
1225 1097 1359 1124 Eusebius
1391 1096 1569 1124 C:asariensis
1584 1115 1592 1129 ι
1614 1095 1758 1123 Narcissus

970 1142 1223 1177 Neronopolitanus,
1244 1142 1372 1170 Placillus
1388 1142 1588 1176 Antim-henus,
1603 1142 1759 1176 Theognius

970 1187 1104 1221 Nictenus,
1128 1188 1211 1216 Maris
1225 1189 1456 1216 Chalcedonensis
1466 1209 1474 1221 ,
1490 1188 1646 1216 Theodorus
1671 1188 1757 1216 llera-

970 1233 1080 1267 cleotes,
1107 1234 1280 1270 Patrophilus
1303 1234 1555 1271 Scythopolitanus,
1577 1234 1754 1269 Theophilus,

973 1278 1099 1308 Ursacius
1114 1280 1331 1314 Singidonensis,
1347 1281 1445 1308 Valens
1468 1280 1612 1313 Nursinas,
1633 1280 1758 1309 Macedo-

971 1327 1032 1354 nius
1049 1326 1253 1361 Mopsuestenns
1265 1347 1273 1360 ,
1296 1327 1428 1362 Georgius
1450 1327 1618 1354 Laodicenus
1633 1346 1642 1360 ,
1663 1331 1692 1354 et
1709 1328 1756 1354 alii

971 1373 1089 1407 plurimi.
1104 1372 1158 1400 Nec
1175 1378 1263 1401 tamen
1290 1374 1401 1402 deerant
1427 1374 1525 1408 quibus
1547 1373 1616 1408 atqui
1636 1373 1755 1408 bonique

970 1419 1088 1446 studium
1105 1424 1197 1452 esset,
1219 1420 1266 1447 sed
1293 1419 1431 1454 perpauci.
1456 1419 1528 1446 Inter
1549 1426 1597 1447 eos
1619 1419 1756 1446 maximus

971 1465 1240 1501 Hierosolymitanus,
1258 1465 1402 1493 Marcellus
1411 1467 1582 1501 Ancyranus,
1599 1465 1755 1493 Alexander

971 1512 1244 1544 Thessalonicensis,
1276 1513 1407 1547 Asclepas
1439 1511 1580 1540 Gazensis.
1612 1512 1757 1548 Sexaginta

972 1567 1068 1586 omnes
1079 1567 1193 1587 numero
1208 1565 1306 1592 prmter
1322 1559 1464 1595 Egyptios
1475 1564 1564 1593 erant,
1579 1563 1691 1587 auctore
1706 1559 1756 1586 So-

972 1609 1047 1632 crate
1059 1604 1104 1640 (Ῑ).
1119 1604 1161 1632 Ab
1180 1605 1230 1632 hoc
1247 1609 1320 1632 cmtu
1336 1603 1476 1632 avertitbat
1487 1604 1627 1632 Athanasii
1639 1604 1757 1631 animum

971 1652 1145 1685 pristinarum
1161 1651 1313 1679 recordatio
1331 1651 1564 1686 conspirationum
1576 1658 1652 1681 ;_nec
1666 1655 1751 1677 tutum

971 1704 1033 1725 esse
1049 1697 1235 1725 arbitrabatur
1260 1696 1385 1724 hostibus
1408 1704 1438 1724 se
1467 1696 1661 1728 committere,
1689 1703 1757 1730 quos

972 1751 1055 1779 penes
1070 1748 1135 1771 tunc
1153 1750 1257 1770 summa
1270 1750 1361 1770 rerum
1377 1746 1467 1774 esset,
1486 1741 1529 1768 ubi
1544 1741 1615 1768 nulla
1630 1743 1698 1776 tequi
1712 1750 1757 1768 ra-

972 1790 1011 1816 tio
1024 1789 1127 1822 f‘utura,
1141 1789 1188 1816 sed
1209 1789 1299 1816 omnia
1317 1787 1532 1815 Eusebianorum
1550 1788 1663 1815 arbitrio
1673 1795 1757 1823 agen—

972 1835 1016 1866 da,
1031 1834 1143 1870 jubente
1155 1834 1264 1865 comite,
1282 1833 1440 1868 cogentibus
1457 1833 1596 1860 militibus.
1611 1833 1647 1860 At
1661 1834 1702 1860 vel
1716 1834 1758 1860 in-

971 1882 1044 1908 vitus
1057 1881 1111 1914 ille,
1127 1880 1225 1907 litteris
1238 1879 1394 1914 compulsus
1409 1879 1592 1913 imperatoris,
1607 1879 1699 1912 iniquo
1711 1879 1758 1913 ju-

972 1928 1044 1954 dicio
1056 1934 1147 1954 secum
1162 1925 1207 1960 agi
1223 1933 1329 1960 passus,
1343 1932 1376 1952 eo
1395 1931 1456 1951 cum
1471 1923 1605 1959 Egyptiis
1623 1924 1757 1958 episcopis

972 1973 1149 2008 quadraginta
1164 1979 1261 1999 novem
1276 1978 1306 1999 se
1323 1971 1446 1998 contulit.
1460 1970 1595 1998 Macarius
1615 1970 1678 1996 item
1696 1977 1759 2003 pre-

972 2021 1066 2055 sbyter
1092 2019 1199 2046 vinctus
1211 2037 1219 2050 ,
1232 2018 1392 2052 catenisque
1407 2022 1520 2044 onustus
1531 2036 1539 2049 ,
1554 2016 1655 2050 Tyrum
1671 2016 1757 2042 addu-

972 2072 1032 2093 ctus
1050 2072 1064 2092 a
1077 2064 1208 2092 militibus
1219 2068 1272 2095 est,
1289 2063 1325 2091 ob
1337 2063 1455 2090 delatum
1477 2063 1580 2090 crimen
1600 2062 1678 2090 fracti
1692 2063 1758 2089 cali-

971 2112 1012 2139 cis
1026 2115 1166 2138 eteverste
1183 2117 1294 2137 mensas.
1310 2108 1376 2142 Quae
1399 2116 1442 2136 res
1459 2116 1506 2142 per
1520 2109 1629 2143 quidem
1648 2108 1758 2142 indigna

972 2162 1042 2188 erat,
1068 2156 1234 2183 sacerdotem
1261 2155 1374 2182 necdum
1401 2153 1554 2181 convictum
1580 2158 1632 2180 tam
1664 2160 1760 2187 aspere

972 2202 1058 2236 excipi
1076 2202 1102 2228 in
1114 2200 1256 2235 praesentia
1271 2201 1471 2234 episcoporum.

133 2249 283 2277 Athanasio
309 2250 466 2278 abnuissent
489 2252 522 2278 ad
546 2251 679 2286 synodum
696 2250 826 2279 Cassarete
847 2252 918 2279 indi-

1008 2247 1035 2274 2.
1056 2245 1196 2273 Eusebium
1215 2245 1301 2279 arguit
1324 2243 1492 2271 Potantmon.
1511 2258 1546 2264 —
1558 2242 1759 2270 Constantinus

135 2300 205 2322 ctam
222 2303 252 2323 se
264 2296 400 2329 conferre,
423 2297 489 2332 quia
503 2297 637 2325 Eusebius
652 2297 707 2331 jam
724 2297 750 2324 in
773 2297 919 2324 Arianismi

135 2345 162 2367 et
178 2341 232 2367 odii
245 2348 309 2376 erga
321 2341 498 2369 Athanasium
514 2343 694 2378 suspicionem
707 2343 835 2370 venisset.
850 2343 921 2370 Sane

136 2385 173 2412 ait
187 2385 374 2415 Theodoretus
382 2387 591 2424 (b),suspectam
604 2387 753 2416 Athanasio
767 2388 919 2416 thsaream

136 2432 218 2460 fuisse
234 2433 268 2461 ob
284 2433 355 2461 illius
370 2435 445 2462 urbis
463 2434 624 2462 antistitem.

169 2480 245 2508 Anno
258 2480 320 2507 355.
336 2496 372 2500 —
382 2481 408 2508 1.
419 2480 541 2515 Synodus
558 2480 647 2516 Tyria.
657 2496 692 2501 —
710 2479 844 2508 Meletiani
856 2488 920 2508 vero

136 2527 276 2560 patefactis
290 2527 396 2554 insidiis
410 2528 513 2562 pudore
526 2527 632 2559 affecti,
650 2527 739 2554 studia
758 2531 786 2554 et
806 2527 920 2555 consilia

135 2573 188 2599 alio
199 2578 390 2600 converterant
402 2573 456 2608 (c);
473 2580 506 2600 ac
519 2573 634 2600 fortasse
649 2573 822 2608 conspirandi
840 2572 920 2600 finem

136 2619 275 2652 fecissent,
295 2619 346 2646 nisi
365 2619 546 2646 accessissent
570 2618 782 2646 Eusebianorum
806 2618 920 2651 stimuli,

136 2669 234 2700 quibus
261 2674 315 2694 non
339 2666 543 2693 Meletianoruin
562 2664 633 2692 fama
656 2670 683 2692 et
709 2664 844 2699 dignitas,
875 2664 923 2691 sed

137 2714 299 2742 Arianorutn
312 2721 355 2741 res
370 2713 443 2740 cordi
459 2718 486 2739 et
499 2711 672 2739 sollicitudini
688 2716 778 2738 erant.
798 2711 864 2739 Cutn
880 2711 920 2738 vi-

175 2794 212 2833 (ni
225 2793 324 2833 Athan.
342 2793 521 2833 Αροιλεοηινα
537 2793 641 2826 Arium,
658 2801 684 2820 n.
703 2791 747 2820 78.

187 2831 212 2863 b)
225 2827 285 2855 Lib.
301 2835 321 2859 ι,
339 2837 400 2863 cap.
413 2828 458 2855 28.

186 2868 211 2903 ι)
225 2865 326 2903 Athan.
342 2864 420 2903 ibid.,
440 2863 528 2903 “.19,
541 2863 585 2890 7|.

175 2900 215 2932 (Α)
229 2899 338 2926 Sozam.
353 2899 370 2925 l.
390 2906 420 2932 ll,
435 2906 460 2926 c.
474 2899 518 2925 '23.

974 2292 1183 2321 recancilianda:
1200 2291 1275 2326 pacis
1287 2290 1450 2325 percupidus
1464 2290 1519 2324 (9),
1537 2289 1636 2317 litteris
1655 2289 1689 2316 ad
1706 2289 1759 2324 Ty-

975 2341 1043 2367 riam
1073 2338 1206 2374 synodum
1236 2336 1347 2368 missis,
1371 2335 1533 2371 significavit
1557 2335 1758 2370 optatissimum

974 2393 1035 2413 esse
1051 2385 1114 2416 sibi,
1129 2389 1158 2411 ut
1173 2382 1296 2410 simultas
1311 2381 1400 2408 omnis
1421 2385 1448 2409 et
1470 2381 1613 2408 altercatio
1626 2381 1651 2408 in
1667 2380 1760 2408 Eccle-

975 2433 1015 2460 sia
1045 2431 1258 2465 comprimatur;
1284 2428 1331 2456 sed
1348 2428 1411 2462 quia
1439 2434 1492 2454 non
1516 2427 1661 2458 deessent,
1680 2427 1759 2460 queis

975 2480 1069 2506 turbas
1082 2478 1147 2505 dare
1158 2480 1186 2503 et
1197 2474 1286 2503 omnia
1303 2475 1418 2500 miscere
1432 2473 1542 2500 animus
1555 2477 1639 2504 esset,
1656 2472 1759 2498 hortati

975 2533 1006 2552 se
1020 2525 1160 2558 episcopos
1175 2522 1207 2548 ad
1219 2520 1351 2554 synodum
1368 2519 1556 2546 celebrandam
1582 2522 1758 2547 convocatos,

975 2575 1006 2597 ut
1020 2568 1176 2597 dissidentia
1192 2567 1312 2594 membra
1330 2565 1363 2592 ad
1387 2564 1559 2592 concordiam
1584 2568 1756 2593 revocarent,

975 2623 1056 2651 quam
1070 2615 1103 2642 de
1117 2613 1205 2641 medio
1225 2611 1372 2639 sustulerat
1386 2617 1532 2645 paucorum
1561 2608 1697 2635 hominum
1716 2615 1761 2633 nr-

976 2661 1109 2696 rogantia.
1135 2659 1226 2686 Monet
1252 2662 1281 2684 ut
1308 2657 1377 2684 citra
1401 2655 1492 2683 odium
1517 2655 1687 2689 gratiamque
1707 2653 1759 2680 ali-

976 2714 1074 2743 quam,
1092 2705 1170 2739 juxta
1200 2702 1328 2730 Ecclesia:
1355 2702 1461 2736 regulas
1480 2700 1638 2729 delictorum
1665 2706 1765 2735 pinnas

1011 2786 1046 2821 (ε)
1061 2786 1161 2813 Athan.
1178 2783 1299 2821 ibid..__n.
1318 2783 1360 2809 7f.

1012 2787 1035 2821 (ε
1061 2786 1161 2813 Athan.
1178 2786 1256 2811 ibid..
1273 2791 1287 2808 n

1012 2786 1046 2856 (1‘;
1064 2821 1121 2848 Lib.
1136 2828 1155 2851 ι,
1166 2827 1226 2852 cap.
1242 2819 1287 2856 25.

1014 2854 1052 2893 (tt)
1067 2856 1229 2884 Theodorei.
1250 2855 1267 2882 Ι.
1285 2862 1302 2887 ι,
1317 2863 1341 2881 c.
1352 2854 1396 2881 ‘19.
