2000 3045
255 145 350 165 LXXXII

924 121 1190 164 pnoascousua.

255 203 374 227 sumant.
389 198 436 226 llis
449 199 565 233 acceptis
579 199 814 234 litteris,cpiscopi
831 206 943 227 causam
958 199 1039 226 Atha-
1054 202 1077 230 Α
1091 198 1201 226 cabant.
1221 197 1338 225 Aiebam
1353 204 1461 233 nempe,
1483 204 1543 225 cum
1558 204 1653 225 omnes
1677 197 1797 233 episcopi
1814 201 1874 227 ante

256 245 326 273 nasii
341 252 421 280 agere
434 249 585 280 coeperunt.
604 244 740 272 Sedebant
752 245 870 280 episcopi
890 245 1039 272 Athanasio

256 290 433 319 infensissimi
446 311 454 323 ,
471 291 542 318 inter
566 298 634 325 quos
650 292 786 318 eminebat
807 291 939 319 Eusebius
950 291 1041 319 Caesa-

256 338 364 365 riensis.
391 337 488 364 Stabat
509 344 599 364 coram
621 337 806 370 Athanasius,
828 338 871 364 cui
897 338 968 365 sedis
986 345 1040 365 sua:

251 383 315 419 jure
327 383 428 418 primas
445 382 546 410 deferri
559 385 734 418 oportuisset,
759 391 812 411 una
829 391 889 411 cttm
906 383 1040 419 Egyptiis

253 429 401 464 episcopis,
419 429 465 464 qui
481 429 507 456 in
519 429 569 457 via:
588 429 756 464 periculique
780 429 936 457 societatem
957 437 1040 456 vene-

254 480 325 503 rant.
343 475 487 503 Eusebium
499 475 571 502 inter
581 475 687 509 judices
697 475 868 510 conspicatus
878 474 1038 505 Potammon

253 521 394 548 Heracleae
415 522 442 548 in
463 521 583 557 [Egypto
598 522 740 556 episcopus
753 522 802 557 (tt),
818 521 862 548 cui
886 521 975 548 fuerat
990 522 1040 549 sub

253 566 420 594 Maximiano
434 574 484 602 pro
498 568 550 594 lide
561 567 663 595 Cltristi
686 567 779 594 ocultts
793 567 959 601 exsculptus,
982 567 1039 594 col-

252 614 409 649 lacrymans
425 618 453 641 et
467 613 563 641 dolens
582 614 625 641 his
639 614 775 642 hominem
790 614 870 642 dictis
885 614 1038 648 compellat.

251 659 332 692 Tene,
345 660 440 695 inquit,
455 659 561 692 Eusebi,
575 661 674 692 sedere,
686 665 710 687 et
727 660 853 687 insontem
864 660 1040 687 Athanasium

251 711 277 733 te
299 706 417 740 judicem
442 706 536 740 ferre?
554 706 618 738 Quis
638 705 728 733 iuitth
746 705 836 732 toleret
851 705 924 732 iDic
949 706 1038 739 sodes,

252 760 338 778 nonne
352 760 453 778 mecum
468 757 641 787 tyrannorum
657 757 771 788 tempore
784 753 812 779 in
838 754 961 780 custodia
987 753 1039 788 fui<

232 807 234 809 ·
252 798 286 823 sti
302 797 314 823 ?
341 796 423 832 Atque
440 805 485 832 ego
500 798 603 832 quidem
620 798 694 825 oculo
719 806 776 825 sum
789 807 835 832 pro
851 799 956 826 veritate
971 799 1039 825 mul-

251 848 381 870 tamutu
407 843 482 869 nulla
507 844 625 877 corporis
655 847 729 877 parte
744 844 881 871 mutilam;
901 853 938 876 es,
958 853 1039 879 neque

251 889 279 913 in
298 889 359 921 ﬁdei
388 889 566 915 testimonium
587 888 687 922 aliquid
710 896 814 922 passus,
829 889 874 914 sed
898 889 1037 916 incolumis

250 935 401 968 integerque
414 934 485 961 ades.
500 933 622 966 Quanam
638 934 740 960 ratione
753 942 786 961 ea:
800 935 920 961 custodia
933 935 1037 969 elapsus

250 987 288 1011 ea,
301 980 352 1006 nisi
364 981 426 1013 quia
450 979 583 1013 pollicitus
594 988 620 1006 ea
637 985 661 1006 te
675 980 805 1013 nefarium
830 981 965 1014 quidpiam
987 981 1037 1007 ad-

251 1026 405 1057 missurum,
420 1025 458 1052 vel
473 1025 585 1060 fortasse
600 1026 756 1052 admisisti?
779 1025 827 1052 llis
841 1025 971 1053 Eusebius
985 1034 1037 1053 au-

250 1071 314 1098 ditis
335 1071 497 1102 excanduit;
520 1075 548 1097 et.
561 1078 619 1097 mox
642 1078 806 1105 consurgens
827 1076 926 1098 emtum
955 1072 1038 1099 solvit

250 1117 308 1144 haec
324 1117 430 1144 loeutus
445 1124 454 1143 :
473 1116 503 1144 Si
516 1121 591 1143 tanta
604 1117 646 1143 hic
664 1117 755 1152 procul
772 1116 870 1150 ﬁnibus
886 1117 979 1144 uestris
995 1126 1039 1144 ar-

249 1163 372 1196 rogantia
387 1163 449 1188 estis
461 1170 470 1193 ,'
483 1162 554 1188 haud
574 1162 620 1189 alte
645 1170 673 1189 re
687 1162 716 1188 in
732 1162 831 1188 crimen
848 1162 1001 1196 petulantiw
1013 1167 1036 1189 et

249 1207 379 1240 superbia:
393 1206 525 1234 vocamini
544 1215 560 1233 α
579 1207 769 1234 οοιιενὶὁιιιὶῡιιε
789 1207 891 1234 vestris.
913 1206 971 1234 Non
993 1208 1039 1235 de-

248 1258 313 1280 sunt
324 1258 424 1285 tamen,
437 1253 483 1287 qui
498 1253 644 1280 Eusebium
656 1260 771 1287 purgare
782 1257 882 1280 curent
891 1260 906 1279 a
920 1253 1037 1280 crimine

247 1299 291 1326 vel
306 1298 458 1334 suspicione
471 1298 553 1326 oblati
567 1299 618 1326 diis
635 1299 763 1326 sacrificii
779 1307 786 1326 :
799 1307 892 1326 verum
911 1298 990 1326 nobis
1004 1299 1037 1326 ad

249 1345 380 1372 ulteriora
395 1345 601 1379 properantibus
618 1345 675 1372 hrec
699 1352 753 1373 non
771 1345 835 1373 licet
847 1345 976 1372 subtilius
989 1353 1038 1372 ex-

248 1390 368 1425 plorare.
383 1390 518 1418 Caeterum
533 1398 586 1418 non
606 1390 739 1418 Eusebius
762 1395 868 1418 tantum
891 1396 1037 1418 accusatus

248 1442 308 1470 est;
324 1436 370 1464 sed
384 1441 464 1464 erant
477 1437 505 1464 in
516 1441 587 1464 centu
599 1436 815 1464 Eusebianorum
824 1436 868 1464 alii
878 1437 1038 1463 criminibus

247 1482 358 1509 obnoxii
375 1491 382 1509 :
396 1482 440 1516 qui
452 1489 513 1509 cum
531 1483 676 1514 haereseos,
698 1487 754 1509 tum
769 1481 884 1509 aliorum
900 1481 972 1510 foede
990 1489 1037 1517 ge-

247 1533 352 1555 storum
369 1535 451 1555 causa
469 1528 538 1555 male
550 1528 714 1562 audiebant;
739 1528 790 1555 hos
811 1529 882 1566 inter
898 1529 1035 1556 eminebat
1050 1542 1074 1573 ο

246 1573 431 1608 nequissimus
446 1573 492 1601 ille
505 1573 639 1608 Georgius
658 1572 828 1601 Laodicenus
841 1593 849 1606 ,
873 1574 906 1600 ab
919 1574 1036 1601 Alexan-

246 1620 298 1646 dro
310 1619 376 1647 olim
393 1620 549 1653 abdicatus,
562 1620 609 1655 qui
626 1620 788 1655 turpissima:
803 1621 866 1649 vita
881 1628 963 1648 causa
978 1628 1036 1649 om-

247 1667 328 1694 nibus
342 1674 455 1701 perosus
472 1672 542 1695 erat.

281 1713 309 1740 ὅ.
328 1712 393 1745 Quae
407 1713 518 1740 crimina
532 1713 677 1740 Athanasio
699 1714 857 1748 offeruntur.
872 1729 907 1734 --
923 1713 1035 1741 Ventum

247 1758 345 1786 deinde
359 1759 391 1786 ad
411 1760 527 1787 erintina
539 1765 580 1787 est
592 1769 598 1792 ;
614 1760 801 1795 acceduntque
815 1768 849 1788 ex
863 1765 938 1795 parte
955 1759 1036 1788 Joan-

246 1805 288 1832 nis
300 1805 436 1840 Archaphi
449 1805 584 1833 delatores
593 1805 740 1839 Meletiani,
752 1805 901 1833 Callinicus
919 1805 1034 1837 Pelusii,

246 1857 274 1879 et
296 1852 420 1886 lschyras
444 1852 501 1879 sive
524 1851 662 1887 lschyrion
686 1851 735 1885 (lt).
764 1851 814 1879 Hic
838 1852 871 1880 de
895 1852 1036 1880 confracta

246 1897 333 1925 calice
347 1917 354 1928 .
379 1897 412 1924 de
428 1904 521 1924 mensa
542 1902 571 1923 et
585 1897 714 1924 cathedra
731 1897 881 1932 episcopali
897 1897 1036 1925 subversis

247 1943 432 1970 accusationes
461 1943 666 1978 redintegravit.
699 1943 869 1976 Querebatur
907 1945 973 1972 item
1006 1951 1036 1972 se

246 1995 434 2023 saepenumero
448 1988 592 2016 Athanasii
604 1995 686 2022 opera
701 1988 728 2015 in
744 1989 858 2017 vinculis
876 1989 1033 2023 detentum;

245 2039 274 2061 et
288 2038 443 2061 accusatum
467 2033 531 2061 ﬁcto
554 2034 669 2061 crimine
691 2034 762 2068 apud
777 2033 910 2069 Hyginum
925 2035 1034 2070 ΕΒΗ)ιὶ

244 2078 413 2115 praefectum,
433 2079 504 2113 quod
521 2079 692 2114 imperatoris
710 2080 842 2114 imagines
864 2081 938 2108 saxis
953 2088 1035 2116 appe-

245 2126 354 2157 tiisset,
384 2125 411 2152 in
435 2132 574 2152 carcerem
598 2124 739 2152 detrusum
763 2125 856 2153 fuisse.
887 2125 1035 2153 Callinicus

245 2171 400 2199 abdicatum
418 2178 447 2199 se
471 2171 505 2198 ab
526 2171 677 2198 Athanasio
701 2177 868 2206 conquestus
890 2177 942 2205 est,
971 2173 1034 2200 licet

1091 243 1284 276 decrevissent,
1307 249 1335 270 ut
1347 251 1427 271 nemo
1440 243 1590 278 eligeretur
1617 248 1764 278 antequam
1785 243 1872 270 oblata

1091 290 1140 317 sibi
1162 290 1276 316 crimina
1301 297 1392 317 coram
1419 290 1552 323 dilueret;
1581 289 1762 316 Athanasium
1786 293 1872 316 tamen

1091 336 1271 371 quorumdam
1294 336 1415 372 perjurio
1443 336 1477 363 ad
1497 336 1681 371 episcopatum
1701 335 1871 370 pervenisse;

1090 389 1150 417 quae
1163 390 1246 410 causa
1262 383 1328 417 ipsis
1353 382 1459 416 fuerat,
1475 387 1505 410 ut
1527 382 1621 410 fraude
1642 382 1821 409 circumventi
1842 382 1874 409 ab

1091 428 1176 463 ipsius
1191 429 1322 456 societate
1340 432 1366 455 et
1381 429 1571 456 communione
1585 429 1779 456 desciscerent.
1794 428 1874 455 Atha-

1090 473 1198 501 nasium
1210 479 1314 506 autem,
1331 474 1429 501 nedum
1456 474 1547 501 oblata
1566 474 1680 501 crimina
1695 473 1872 509 propulsaret,

1090 520 1116 547 vi
1134 520 1207 547 illata
1221 520 1294 555 ipsos
1313 515 1489 548 accusatores
1509 521 1535 548 in
1551 528 1690 548 carcerem
1708 520 1870 555 conjecisse.

1089 565 1155 594 Post
1165 567 1222 593 haec
1234 567 1372 594 accusatio
1383 567 1415 594 de
1428 567 1543 594 Arsenio
1556 567 1652 593 iterum
1666 565 1777 601 agitata.
1788 565 1874 600 Atque

1089 616 1120 639 ut
1132 612 1240 640 evenire
1250 612 1330 645 solet,
1347 620 1408 640 cum
1425 613 1454 644 ii,
1467 612 1512 647 qui
1526 612 1674 648 perniciem
1695 611 1811 645 alicujus
1823 618 1874 638 ma-

1091 657 1247 690 chinantur,
1267 659 1354 693 gratia
1369 662 1396 685 et
1414 658 1579 685 auctoritate
1593 657 1694 689 valent,
1709 657 1802 685 videre
1817 662 1874 684 erat

1090 703 1206 732 Eusebio
1226 709 1398 732 assentantes
1416 704 1558 731 nonnullos
1571 725 1578 738 ,
1600 703 1647 738 qui
1677 703 1748 730 inter
1774 703 1875 731 amicos

1089 750 1229 778 Athanasii
1255 756 1318 778 ante
1341 750 1565 782 numerabantur,
1588 749 1644 784 jam
1673 749 1874 784 ineXSpectatos

1091 801 1261 824 accusatores
1287 796 1428 824 accedere.
1454 795 1550 824 Lectus
1577 801 1618 823 est
1644 803 1751 831 quoque
1769 796 1875 824 libellus

1091 841 1258 876 popularium
1280 842 1516 870 txclamationum
1531 861 1538 874 ,
1562 842 1639 876 quasi
1668 841 1772 870 scilicet
1798 842 1874 877 plebs

1089 885 1290 918 Alexandrina,
1317 886 1379 913 odio
1404 886 1545 914 Athanasii
1574 886 1703 919 incensa,
1726 892 1874 915 conventus

1087 933 1289 961 ecclesiasticos
1312 934 1486 961 detrectaret.
1503 933 1667 961 Athanasius
1682 938 1772 961 autem
1783 933 1874 968 jussus

1087 986 1199 1006 causam
1215 979 1307 1007 dicere
1319 999 1327 1011 ,
1353 986 1386 1006 ac
1411 979 1568 1014 frequenter
1585 980 1611 1008 in
1627 980 1671 1015 jus
1686 985 1799 1008 vocatus
1812 1001 1820 1014 ,
1840 988 1874 1009 ex

1087 1025 1184 1052 oblatis
1197 1025 1358 1052 criminibus
1372 1025 1426 1052 alia
1442 1025 1560 1059 depulit;
1575 1033 1625 1060 pro
1645 1026 1707 1054 aliis
1728 1031 1834 1061 tempus
1847 1032 1875 1054 et

1088 1078 1190 1098 moram
1209 1071 1355 1106 postulavit
1372 1073 1406 1098 ad
1419 1073 1650 1106 perquisitionem.
1667 1072 1729 1100 Haec
1744 1080 1776 1100 ex
1790 1072 1875 1100 Sozo-

1088 1123 1168 1144 meno
1182 1117 1337 1149 hausimus;
1367 1117 1394 1144 in
1420 1117 1498 1152 cujus
1512 1117 1668 1145 narratione
1689 1118 1747 1145 veri
1760 1118 1873 1152 vestigia

1088 1168 1257 1198 comparent.
1273 1162 1409 1190 Meletiani
1423 1171 1541 1198 namque
1554 1171 1649 1191 omnes
1660 1163 1704 1191 hic
1719 1164 1872 1197 memorati,

1088 1216 1143 1236 uno
1155 1214 1268 1244 excepto
1284 1209 1583 1245 Euplo,euumerantur
1593 1217 1687 1239 omnes
1700 1210 1727 1238 in
1739 1211 1874 1239 breviario

1089 1252 1197 1281 Ileletii.

1121 1299 1148 1326 4.
1169 1299 1224 1327 Etsi
1239 1307 1321 1335 porro
1339 1299 1454 1329 crimina
1471 1299 1556 1327 mttlta
1573 1299 1724 1328 offerebant
1745 1301 1872 1335 antistiti,

1088 1343 1141 1371 duo
1159 1345 1327 1379 potissimutn
1347 1350 1427 1373 erant
1453 1345 1480 1373 in
1506 1345 1564 1380 ejus
1578 1346 1692 1373 exiliunt
1705 1352 1874 1383 comparata,

1088 1389 1115 1416 in
1141 1391 1239 1425 quibus
1256 1391 1466 1426 comprobandis
1482 1399 1593 1427 operam
1610 1393 1757 1428 ponebant.
1774 1393 1875 1422 Aderat

1087 1435 1224 1471 lschyras,
1240 1437 1286 1471 qui
1309 1436 1489 1464 Athanasium
1513 1437 1603 1470 modo,
1629 1438 1709 1466 modo
1725 1437 1874 1466 Macarium

1088 1481 1220 1511 confracti
1244 1481 1346 1510 calicis'
1364 1482 1550 1511 insimulabat.
1576 1482 1701 1511 Praesens
1728 1483 1792 1512 item
1815 1488 1875 1512 erat

1088 1526 1226 1560 Joannes,
1250 1527 1296 1563 qui
1310 1528 1418 1556 Arsenii
1444 1535 1539 1556 necem
1559 1529 1707 1557 Athanasio
1730 1529 1876 1565 imputaret

1088 1581 1218 1608 perquam
1233 1574 1480 1608 impudentissime,
1494 1580 1653 1610 postquam,
1667 1583 1717 1604 nec
1743 1577 1801 1604 sine
1816 1577 1875 1612 ejus

1086 1619 1190 1654 pudore
1207 1624 1235 1647 et
1250 1619 1372 1654 infamia,
1384 1620 1552 1655 deprehensa
1565 1629 1597 1649 ac
1610 1622 1716 1650 detecta
1738 1623 1874 1651 calumnia

1087 1664 1189 1692 fuerat.

1121 1711 1150 1738 5.
1165 1710 1311 1738 Calumniie
1325 1712 1493 1747 detegantur.
1504 1728 1539 1733 —-
1552 1712 1620 1740 Tum
1637 1713 1802 1742 Athanasius
1816 1715 1876 1742 alii-

1086 1764 1139 1791 que
1160 1756 1288 1793 Egyplii,
1303 1758 1349 1792 qui
1370 1759 1502 1794 principio
1516 1759 1663 1787 Eusebium
1678 1765 1705 1787 et
1726 1761 1815 1789 socios
1828 1769 1876 1788 su-

1086 1802 1179 1836 perius
1195 1808 1360 1830 memoratos
1372 1804 1478 1839 judices
1494 1805 1520 1832 in
1536 1812 1586 1832 sua
1600 1813 1681 1833 causa
1703 1812 1873 1840 recusarant,

1086 1849 1157 1883 quod
1172 1849 1257 1883 probe
1274 1849 1388 1883 scirent,
1406 1851 1595 1886 neminemque
1609 1851 1732 1887 fugeret,
1746 1860 1793 1880 eos
1819 1860 1875 1880 non

1086 1895 1227 1922 Athanasii
1237 1895 1326 1929 modo,
1356 1896 1403 1923 sed
1421 1897 1634 1925 orthodoxorum
1652 1900 1771 1926 omnium
1788 1899 1875 1927 inimi-

1086 1948 1133 1969 cos
1154 1948 1214 1969 esse
1227 1960 1235 1974 ,
1251 1942 1328 1976 queis
1342 1943 1437 1977 quavis
1462 1944 1525 1971 data
1550 1945 1694 1973 occasione
1711 1945 1825 1973 insidias
1846 1950 1874 1973 et

1084 1986 1184 2014 bellum
1196 1995 1261 2022 para
1267 1992 1342 2021 rent;
1358 1989 1519 2017 necessitate
1527 1995 1608 2025 atque
1619 1991 1718 2026 injuria
1727 1992 1874 2027 compulsi,

1085 2032 1290 2061 Meletianorum
1304 2034 1523 2063 criminationem
1544 2036 1571 2063 in
1592 2036 1773 2065 Athanasium
1792 2038 1875 2066 ador-

1085 2083 1179 2106 natam
1198 2079 1359 2114 propulsare
1374 2081 1580 2116 aggrediuntur.
1609 2082 1709 2110 Verum
1727 2083 1874 2112 Eusebiani

1086 2125 1160 2152 dicta
1177 2126 1365 2161 episcoporum
1384 2127 1576 2163 interpellare,
1593 2136 1740 2165 eorumque
1752 2132 1876 2158 testimo-

1085 2172 1130 2199 nia
1145 2173 1287 2208 repudiare
1307 2174 1360 2201 nisi
1374 2179 1449 2202 sunt.
1467 2174 1535 2202 Tum
1549 2177 1622 2204 versi
1645 2177 1670 2203 in
1684 2176 1799 2211 judices,
1812 2177 1875 2212 qui-

243 2222 309 2244 ante
331 2217 484 2245 Alexandro
503 2218 695 2245 communione
708 2217 818 2252 junctus
841 2218 953 2251 fuisset;
968 2227 1033 2246 cau-
1048 2213 1070 2240 Ι)
1085 2219 1135 2246 bus
1157 2220 1292 2254 quoddam
1316 2221 1418 2249 inesset
1434 2222 1492 2249 veri
1506 2227 1533 2250 et
1554 2223 1625 2258 aequi
1641 2223 1759 2250 studium
1773 2244 1781 2257 ,
1805 2224 1875 2252 alios

244 2272 302 2292 sam
321 2264 422 2291 irarum
433 2263 527 2296 fuisse,
547 2264 619 2298 quod
637 2263 785 2291 Callinicus
802 2264 861 2299 ipse
879 2266 1031 2293 commutti-

243 2314 367 2338 caturum
389 2317 419 2337 se
437 2318 497 2338 cum
508 2310 655 2337 Athanasio
670 2313 807 2345 negasset,
826 2310 914 2338 donec
934 2311 1030 2338 calicis

244 2356 377 2383 confracti
392 2357 496 2383 crimen
510 2353 731 2391 etsuspicionem
745 2356 901 2391 depelleret.
921 2356 1031 2391 lndigne

245 2402 317 2429 ferre
329 2409 359 2429 se
372 2401 519 2430 Callinicus
534 2402 634 2435 aiebat,
649 2403 721 2437 quod
736 2402 855 2430 Marcum
873 2404 1028 2438 quemdam,

245 2449 396 2484 presbyteri
415 2448 502 2476 cilicio
513 2449 686 2477 deturbatum
700 2469 707 2482 ,
725 2449 752 2476 in
777 2449 875 2477 Pelusii
890 2450 1032 2484 episcopa-

246 2499 302 2521 tum
317 2495 511 2529 promovisset;
533 2501 616 2529 seque
631 2495 776 2522 tnilitarem
793 2495 957 2527 custodiam,
973 2499 1031 2522 tor-

246 2545 335 2566 menta
349 2547 380 2566 ac
392 2539 493 2574 judicia
513 2539 632 2575 ejusdem
651 2539 795 2567 Athanasii
808 2540 922 2572 artibus,
938 2541 1030 2569 subire

245 2585 422 2619 compulsum.
448 2587 569 2614 Aderant
597 2591 726 2621 praeterea
754 2593 787 2613 ex
817 2586 1024 2614 Meletianorum

244 2636 353 2658 caterva
380 2632 479 2668 Euplus
492 2652 500 2665 ,
523 2632 685 2660 Pachontius
699 2652 707 2665 ,
736 2631 809 2659 Isaac
825 2652 833 2665 ,
851 2633 968 2661 Achillas
1004 2637 1032 2660 et;

245 2676 387 2705 Hermaeon
408 2678 528 2713 episcopi
543 2699 550 2712 ,
568 2679 614 2714 qui
634 2677 735 2706 inflicta
751 2679 802 2705 sibi
824 2679 859 2706 ab
882 2679 1030 2707 Athanasio

245 2722 359 2749 verbera
384 2724 593 2751 mentiebantur.
611 2723 711 2752 Omnes
734 2731 815 2758 porro
832 2732 885 2752 una
909 2725 1029 2759 ejusdem

244 2767 339 2796 farina:
350 2774 520 2798 accusatores
537 2771 733 2804 promotionem
747 2770 806 2806 ejus
824 2771 851 2798 in
868 2771 970 2800 crimen
983 2780 1029 2800 vo-

230 2842 232 2850 ι
279 2827 317 2860 (a)
334 2827 468 2860 Epiphan.
489 2835 554 2855 nter.
568 2836 642 2856 thx.

279 2861 318 2897 (ἢ)
336 2861 445 2890 Sozom.
459 2863 505 2891 lib.
522 2871 553 2895 tt,
568 2871 627 2899 cap.
639 2864 685 2891 25.

1084 2265 1181 2298 mittis,
1197 2265 1264 2293 alios
1281 2267 1409 2294 conviciis
1423 2267 1571 2301 lacessere,
1587 2273 1617 2296 ut
1642 2269 1811 2298 deterrerent
1837 2271 1874 2298 ab

1083 2311 1210 2345 aequitate
1225 2312 1397 2340 vindicanda.
1412 2313 1510 2349 Neque
1537 2319 1625 2342 tamen
1639 2323 1743 2342 summa
1759 2316 1823 2344 licet
1845 2318 1873 2344 vi

1083 2357 1123 2384 usi
1140 2358 1187 2390 (ε),
1207 2358 1272 2386 licet
1287 2360 1398 2387 comitis
1418 2361 1579 2388 auctoritate
1602 2369 1633 2388 ac
1656 2361 1771 2388 militum
1790 2370 1874 2390 manu

1082 2403 1154 2436 freti,
1168 2404 1230 2432 licet
1246 2405 1373 2433 carniﬁce
1382 2407 1498 2441 quodam
1509 2412 1537 2434 et
1550 2408 1720 2442 compulsore
1735 2409 1873 2435 ministris

1081 2450 1134 2483 usi,
1148 2450 1210 2478 licet
1221 2452 1312 2478 omnia
1326 2453 1480 2488 praeterjus
1496 2454 1591 2489 fasque
1603 2460 1726 2490 agerent,
1745 2463 1873 2489 compro-

1082 2497 1148 2523 bare
1176 2501 1289 2530 potuere
1316 2498 1433 2526 crimina
1464 2499 1614 2526 Athanasio
1644 2500 1746 2527 oblata.
1776 2501 1872 2536 lschy-

1081 2549 1119 2568 ra:
1138 2550 1254 2577 namque
1269 2542 1404 2570 calumnia
1430 2545 1463 2571 de
1485 2545 1571 2572 calice
1588 2544 1673 2572 fracto
1699 2550 1725 2572 et
1746 2545 1778 2573 de
1795 2554 1874 2573 men-

1082 2595 1112 2615 sa
1139 2589 1288 2621 subversa,
1315 2590 1505 2625 episcoporum
1533 2592 1654 2618 omnium
1679 2590 1871 2627 [Egyptiorum

1084 2634 1240 2662 testimonio
1271 2635 1382 2670 depulsa
1420 2641 1483 2670 est,
1521 2644 1571 2664 nec
1609 2638 1753 2672 quodpiam
1786 2642 1872 2672 gestae

1083 2679 1196 2713 hujusce
1226 2681 1265 2708 rei
1295 2681 1384 2716 potuit
1412 2681 1554 2717 lscbyras,
1583 2689 1770 2718 argumentum
1804 2690 1871 2718 pro-

1082 2725 1163 2753 ferre.

1118 2771 1144 2799 6.
1159 2772 1235 2805 Quod
1253 2772 1333 2800 aliain
1348 2780 1413 2801 vero
1433 2774 1638 2809 sycophantiam
1659 2778 1763 2808 spectat
1774 2774 1807 2802 de
1817 2773 1872 2802 Ar-

1117 2831 1153 2867 (c)
1167 2831 1266 2860 Athan.
1282 2831 1358 2866 Apol.
1372 2838 1464 2860 contra
1481 2833 1605 2865 Arianae,
1621 2841 1647 2860 n.
1667 2831 1720 2859 7-9.
