  <div class='ocr_page' id='page_1' title='image "/cluster/home/n/w/nwhite01/storage/ocr_20150623/25/njp.32101010944591/088.png"; bbox 0 0 2000 3045; ppageno 0'>
   <div class='ocr_carea' id='block_1_1' title="bbox 789 148 1139 179">
    <p class='ocr_par' dir='ltr' id='par_1_1' title="bbox 789 148 1139 179">
     <span class='ocr_line' id='line_1_1' title="bbox 789 148 1139 179; baseline 0.009 -3"><span class='ocrx_word' id='word_1_1' title='bbox 789 148 869 176; x_wconf 76' lang='lat' dir='ltr'><strong>VITA</strong></span> <span class='ocrx_word' id='word_1_2' title='bbox 891 149 919 176; x_wconf 87' lang='lat' dir='ltr'><strong>S.</strong></span> <span class='ocrx_word' id='word_1_3' title='bbox 941 149 1139 179; x_wconf 64' lang='lat' dir='ltr'><strong>ATHANASII.</strong></span> 
     </span>
    </p>
   </div>
   <div class='ocr_carea' id='block_1_2' title="bbox 1670 161 1773 182">
    <p class='ocr_par' dir='ltr' id='par_1_2' title="bbox 1670 161 1773 182">
     <span class='ocr_line' id='line_1_2' title="bbox 1670 161 1773 182; baseline 0.01 -1"><span class='ocrx_word' id='word_1_4' title='bbox 1670 161 1773 182; x_wconf 74' lang='grc' dir='ltr'>ιιιιιιι</span> 
     </span>
    </p>
   </div>
   <div class='ocr_carea' id='block_1_3' title="bbox 150 204 1774 247">
    <p class='ocr_par' dir='ltr' id='par_1_3' title="bbox 150 204 1774 247">
     <span class='ocr_line' id='line_1_3' title="bbox 150 204 1774 247; baseline 0.006 -15"><span class='ocrx_word' id='word_1_5' title='bbox 150 205 217 232; x_wconf 85' lang='lat' dir='ltr'><strong>senii</strong></span> <span class='ocrx_word' id='word_1_6' title='bbox 230 212 296 233; x_wconf 84' lang='lat' dir='ltr'><strong>nece</strong></span> <span class='ocrx_word' id='word_1_7' title='bbox 310 204 359 241; x_wconf 82' lang='grc' dir='ltr'><strong>(α),</strong></span> <span class='ocrx_word' id='word_1_8' title='bbox 374 205 414 233; x_wconf 89' lang='lat' dir='ltr'><strong>sic</strong></span> <span class='ocrx_word' id='word_1_9' title='bbox 429 205 473 232; x_wconf 89' lang='lat' dir='ltr'><strong>illa</strong></span> <span class='ocrx_word' id='word_1_10' title='bbox 490 205 626 233; x_wconf 85' lang='lat' dir='ltr'><strong>referente</strong></span> <span class='ocrx_word' id='word_1_11' title='bbox 636 205 807 234; x_wconf 87' lang='lat' dir='ltr'><strong>Theodoreto</strong></span> <span class='ocrx_word' id='word_1_12' title='bbox 819 207 936 240; x_wconf 79' lang='lat' dir='ltr'><strong>detecta,</strong></span> <span class='ocrx_word' id='word_1_13' title='bbox 953 210 976 238; x_wconf 81' lang='grc' dir='ltr'><strong>Α</strong></span> <span class='ocrx_word' id='word_1_14' title='bbox 991 208 1068 235; x_wconf 88' lang='lat' dir='ltr'><strong>Tunc</strong></span> <span class='ocrx_word' id='word_1_15' title='bbox 1083 209 1140 242; x_wconf 92' lang='lat' dir='ltr'><strong>illa,</strong></span> <span class='ocrx_word' id='word_1_16' title='bbox 1155 212 1184 236; x_wconf 91' lang='lat' dir='ltr'><strong>ut</strong></span> <span class='ocrx_word' id='word_1_17' title='bbox 1199 208 1343 236; x_wconf 78' lang='lat' dir='ltr'><strong>mulierum</strong></span> <span class='ocrx_word' id='word_1_18' title='bbox 1361 216 1390 236; x_wconf 82' lang='lat' dir='ltr'><strong>se</strong></span> <span class='ocrx_word' id='word_1_19' title='bbox 1406 207 1668 246; x_wconf 64' lang='lat' dir='ltr'><strong>talium&#39;procacittts</strong></span> <span class='ocrx_word' id='word_1_20' title='bbox 1682 213 1774 247; x_wconf 89' lang='lat' dir='ltr'><strong>habet,</strong></span> 
     </span>
    </p>
   </div>
   <div class='ocr_carea' id='block_1_4' title="bbox 148 250 937 287">
    <p class='ocr_par' dir='ltr' id='par_1_4' title="bbox 148 250 937 287">
     <span class='ocr_line' id='line_1_4' title="bbox 148 250 937 287; baseline 0.004 -9"><span class='ocrx_word' id='word_1_21' title='bbox 148 258 200 278; x_wconf 86' lang='lat' dir='ltr'><strong>nec</strong></span> <span class='ocrx_word' id='word_1_22' title='bbox 216 252 274 279; x_wconf 89' lang='lat' dir='ltr'><strong>sine</strong></span> <span class='ocrx_word' id='word_1_23' title='bbox 292 251 393 287; x_wconf 78' lang='lat' dir='ltr'><strong>ingenti</strong></span> <span class='ocrx_word' id='word_1_24' title='bbox 412 250 616 279; x_wconf 82' lang='lat' dir='ltr'><strong>Meletianorum</strong></span> <span class='ocrx_word' id='word_1_25' title='bbox 631 251 789 286; x_wconf 77' lang='lat' dir='ltr'><strong>ignominia,</strong></span> <span class='ocrx_word' id='word_1_26' title='bbox 808 252 868 280; x_wconf 90' lang='lat' dir='ltr'><strong>fuit.</strong></span> <span class='ocrx_word' id='word_1_27' title='bbox 885 253 937 281; x_wconf 90' lang='lat' dir='ltr'><strong>De-</strong></span> 
     </span>
    </p>
   </div>
   <div class='ocr_carea' id='block_1_5' title="bbox 149 296 938 325">
    <p class='ocr_par' dir='ltr' id='par_1_5' title="bbox 149 296 938 325">
     <span class='ocr_line' id='line_1_5' title="bbox 149 296 938 325; baseline 0.004 -3"><span class='ocrx_word' id='word_1_28' title='bbox 149 296 211 324; x_wconf 89' lang='lat' dir='ltr'><strong>inde</strong></span> <span class='ocrx_word' id='word_1_29' title='bbox 227 296 357 324; x_wconf 82' lang='lat' dir='ltr'><strong>famosam</strong></span> <span class='ocrx_word' id='word_1_30' title='bbox 374 296 447 324; x_wconf 84' lang='lat' dir='ltr'><strong>illam</strong></span> <span class='ocrx_word' id='word_1_31' title='bbox 470 296 576 324; x_wconf 91' lang='lat' dir='ltr'><strong>thecam</strong></span> <span class='ocrx_word' id='word_1_32' title='bbox 591 301 618 324; x_wconf 89' lang='lat' dir='ltr'><strong>et</strong></span> <span class='ocrx_word' id='word_1_33' title='bbox 631 304 742 324; x_wconf 89' lang='lat' dir='ltr'><strong>manum</strong></span> <span class='ocrx_word' id='word_1_34' title='bbox 768 297 825 325; x_wconf 87' lang='lat' dir='ltr'><strong>sale</strong></span> <span class='ocrx_word' id='word_1_35' title='bbox 841 299 938 325; x_wconf 93' lang='lat' dir='ltr'><strong>condi-</strong></span> 
     </span>
    </p>
   </div>
   <div class='ocr_carea' id='block_1_6' title="bbox 150 343 934 377">
    <p class='ocr_par' dir='ltr' id='par_1_6' title="bbox 150 343 934 377">
     <span class='ocr_line' id='line_1_6' title="bbox 150 343 934 377; baseline 0.003 -9"><span class='ocrx_word' id='word_1_36' title='bbox 150 347 205 369; x_wconf 97' lang='lat' dir='ltr'><strong>tam</strong></span> <span class='ocrx_word' id='word_1_37' title='bbox 224 343 412 377; x_wconf 86' lang='lat' dir='ltr'><strong>protulerunt,</strong></span> <span class='ocrx_word' id='word_1_38' title='bbox 429 347 485 369; x_wconf 92' lang='lat' dir='ltr'><strong>tum</strong></span> <span class='ocrx_word' id='word_1_39' title='bbox 506 343 594 377; x_wconf 89' lang='lat' dir='ltr'><strong>erupit</strong></span> <span class='ocrx_word' id='word_1_40' title='bbox 614 343 795 377; x_wconf 76' lang='lat' dir='ltr'><strong>spectantium</strong></span> <span class='ocrx_word' id='word_1_41' title='bbox 812 343 934 376; x_wconf 84' lang='lat' dir='ltr'><strong>clamor;</strong></span> 
     </span>
    </p>
   </div>
   <div class='ocr_carea' id='block_1_7' title="bbox 149 387 936 424">
    <p class='ocr_par' dir='ltr' id='par_1_7' title="bbox 149 387 936 424">
     <span class='ocr_line' id='line_1_7' title="bbox 149 387 936 424; baseline 0.003 -10"><span class='ocrx_word' id='word_1_42' title='bbox 149 388 210 416; x_wconf 89' lang='lat' dir='ltr'><strong>aliis</strong></span> <span class='ocrx_word' id='word_1_43' title='bbox 222 396 314 416; x_wconf 90' lang='lat' dir='ltr'><strong>verum</strong></span> <span class='ocrx_word' id='word_1_44' title='bbox 330 387 462 424; x_wconf 76' lang='lat' dir='ltr'><strong>ﬂagitium</strong></span> <span class='ocrx_word' id='word_1_45' title='bbox 475 394 536 416; x_wconf 87' lang='lat' dir='ltr'><strong>esse</strong></span> <span class='ocrx_word' id='word_1_46' title='bbox 560 387 759 416; x_wconf 67' lang='lat' dir='ltr'><strong>aestimantibus</strong></span> <span class='ocrx_word' id='word_1_47' title='bbox 773 398 780 422; x_wconf 88' lang='lat'><strong>;</strong></span> <span class='ocrx_word' id='word_1_48' title='bbox 803 388 875 422; x_wconf 84' lang='lat' dir='ltr'><strong>aliis,</strong></span> <span class='ocrx_word' id='word_1_49' title='bbox 890 389 936 424; x_wconf 89' lang='lat' dir='ltr'><strong>qui</strong></span> 
     </span>
    </p>
   </div>
   <div class='ocr_carea' id='block_1_8' title="bbox 149 430 936 470">
    <p class='ocr_par' dir='ltr' id='par_1_8' title="bbox 149 430 936 470">
     <span class='ocr_line' id='line_1_8' title="bbox 149 430 936 470; baseline 0 -8"><span class='ocrx_word' id='word_1_50' title='bbox 149 435 234 462; x_wconf 78' lang='lat' dir='ltr'><strong>latere</strong></span> <span class='ocrx_word' id='word_1_51' title='bbox 260 430 403 463; x_wconf 85' lang='lat' dir='ltr'><strong>Arsenium</strong></span> <span class='ocrx_word' id='word_1_52' title='bbox 427 439 543 468; x_wconf 86' lang='lat' dir='ltr'><strong>norant,</strong></span> <span class='ocrx_word' id='word_1_53' title='bbox 570 434 669 462; x_wconf 88' lang='lat' dir='ltr'><strong>falsum</strong></span> <span class='ocrx_word' id='word_1_54' title='bbox 694 435 863 470; x_wconf 84' lang='lat' dir='ltr'><strong>potantibus.</strong></span> <span class='ocrx_word' id='word_1_55' title='bbox 884 435 936 462; x_wconf 74' lang='lat' dir='ltr'><strong>Vix</strong></span> 
     </span>
    </p>
   </div>
   <div class='ocr_carea' id='block_1_9' title="bbox 150 480 937 515">
    <p class='ocr_par' dir='ltr' id='par_1_9' title="bbox 150 480 937 515">
     <span class='ocr_line' id='line_1_9' title="bbox 150 480 937 515; baseline 0.001 -7"><span class='ocrx_word' id='word_1_56' title='bbox 150 482 257 508; x_wconf 81' lang='lat' dir='ltr'><strong>tandem</strong></span> <span class='ocrx_word' id='word_1_57' title='bbox 270 480 432 515; x_wconf 83' lang='lat' dir='ltr'><strong>compressis</strong></span> <span class='ocrx_word' id='word_1_58' title='bbox 443 480 622 513; x_wconf 77' lang='lat' dir='ltr'><strong>clamoribus.</strong></span> <span class='ocrx_word' id='word_1_59' title='bbox 645 480 750 515; x_wconf 74' lang='lat' dir='ltr'><strong>iudices</strong></span> <span class='ocrx_word' id='word_1_60' title='bbox 771 481 937 509; x_wconf 77' lang='lat' dir='ltr'><strong>Athanasius</strong></span> 
     </span>
    </p>
   </div>
   <div class='ocr_carea' id='block_1_10' title="bbox 149 527 935 561">
    <p class='ocr_par' dir='ltr' id='par_1_10' title="bbox 149 527 935 561">
     <span class='ocr_line' id='line_1_10' title="bbox 149 527 935 561; baseline 0.001 -7"><span class='ocrx_word' id='word_1_61' title='bbox 149 532 337 561; x_wconf 81' lang='lat' dir='ltr'><strong>percontatur,</strong></span> <span class='ocrx_word' id='word_1_62' title='bbox 361 535 426 554; x_wconf 91' lang='lat' dir='ltr'><strong>num</strong></span> <span class='ocrx_word' id='word_1_63' title='bbox 449 527 492 554; x_wconf 91' lang='lat' dir='ltr'><strong>cui</strong></span> <span class='ocrx_word' id='word_1_64' title='bbox 517 532 599 554; x_wconf 90' lang='lat' dir='ltr'><strong>notus</strong></span> <span class='ocrx_word' id='word_1_65' title='bbox 613 527 752 554; x_wconf 84' lang='lat' dir='ltr'><strong>Arsenius.</strong></span> <span class='ocrx_word' id='word_1_66' title='bbox 770 527 836 555; x_wconf 86' lang='lat' dir='ltr'><strong>Cum</strong></span> <span class='ocrx_word' id='word_1_67' title='bbox 857 527 935 555; x_wconf 91' lang='lat' dir='ltr'><strong>multi</strong></span> 
     </span>
    </p>
   </div>
   <div class='ocr_carea' id='block_1_11' title="bbox 151 573 936 608">
    <p class='ocr_par' dir='ltr' id='par_1_11' title="bbox 151 573 936 608">
     <span class='ocr_line' id='line_1_11' title="bbox 151 573 936 608; baseline 0 -8"><span class='ocrx_word' id='word_1_68' title='bbox 151 573 354 608; x_wconf 90' lang='lat' dir='ltr'><strong>respondissent</strong></span> <span class='ocrx_word' id='word_1_69' title='bbox 367 580 428 599; x_wconf 88' lang='lat' dir='ltr'><strong>eum</strong></span> <span class='ocrx_word' id='word_1_70' title='bbox 444 580 473 599; x_wconf 90' lang='lat' dir='ltr'><strong>se</strong></span> <span class='ocrx_word' id='word_1_71' title='bbox 486 573 570 608; x_wconf 90' lang='lat' dir='ltr'><strong>probe</strong></span> <span class='ocrx_word' id='word_1_72' title='bbox 582 580 671 605; x_wconf 86' lang='lat' dir='ltr'><strong>nosse,</strong></span> <span class='ocrx_word' id='word_1_73' title='bbox 689 573 786 600; x_wconf 86' lang='lat' dir='ltr'><strong>adduci</strong></span> <span class='ocrx_word' id='word_1_74' title='bbox 799 573 936 600; x_wconf 87' lang='lat' dir='ltr'><strong>hominem</strong></span> 
     </span>
    </p>
   </div>
   <div class='ocr_carea' id='block_1_12' title="bbox 148 618 935 654">
    <p class='ocr_par' dir='ltr' id='par_1_12' title="bbox 148 618 935 654">
     <span class='ocr_line' id='line_1_12' title="bbox 148 618 935 654; baseline 0.001 -9"><span class='ocrx_word' id='word_1_75' title='bbox 148 618 237 654; x_wconf 83' lang='lat' dir='ltr'><strong>jubet.</strong></span> <span class='ocrx_word' id='word_1_76' title='bbox 268 618 386 646; x_wconf 77' lang='lat' dir='ltr'><strong>Rursum</strong></span> <span class='ocrx_word' id='word_1_77' title='bbox 412 618 456 646; x_wconf 91' lang='lat' dir='ltr'><strong>ille</strong></span> <span class='ocrx_word' id='word_1_78' title='bbox 469 638 476 650; x_wconf 92' lang='lat'><strong>,</strong></span> <span class='ocrx_word' id='word_1_79' title='bbox 504 619 563 646; x_wconf 86' lang='lat' dir='ltr'><strong>isne</strong></span> <span class='ocrx_word' id='word_1_80' title='bbox 575 619 788 647; x_wconf 85' lang='lat' dir='ltr'><strong>cssetArsenius</strong></span> <span class='ocrx_word' id='word_1_81' title='bbox 801 620 935 653; x_wconf 72' lang='lat' dir='ltr'><strong>rogabat,</strong></span> 
     </span>
    </p>
   </div>
   <div class='ocr_carea' id='block_1_13' title="bbox 150 664 936 704">
    <p class='ocr_par' dir='ltr' id='par_1_13' title="bbox 150 664 936 704">
     <span class='ocr_line' id='line_1_13' title="bbox 150 664 936 704; baseline 0.004 -13"><span class='ocrx_word' id='word_1_82' title='bbox 150 672 230 698; x_wconf 83' lang='lat' dir='ltr'><strong>quem</strong></span> <span class='ocrx_word' id='word_1_83' title='bbox 245 664 406 699; x_wconf 86' lang='lat' dir='ltr'><strong>peremisset</strong></span> <span class='ocrx_word' id='word_1_84' title='bbox 418 665 486 704; x_wconf 83' lang='lat' dir='ltr'><strong>ipse,</strong></span> <span class='ocrx_word' id='word_1_85' title='bbox 505 674 584 700; x_wconf 85' lang='lat' dir='ltr'><strong>quem</strong></span> <span class='ocrx_word' id='word_1_86' title='bbox 597 668 782 701; x_wconf 87' lang='lat' dir='ltr'><strong>perquirerent</strong></span> <span class='ocrx_word' id='word_1_87' title='bbox 799 667 846 698; x_wconf 88' lang='lat' dir='ltr'><strong>illi,</strong></span> <span class='ocrx_word' id='word_1_88' title='bbox 859 667 936 700; x_wconf 82' lang='lat' dir='ltr'><strong>cujus</strong></span> 
     </span>
    </p>
   </div>
   <div class='ocr_carea' id='block_1_14' title="bbox 150 711 934 747">
    <p class='ocr_par' dir='ltr' id='par_1_14' title="bbox 150 711 934 747">
     <span class='ocr_line' id='line_1_14' title="bbox 150 711 934 747; baseline 0.006 -11"><span class='ocrx_word' id='word_1_89' title='bbox 150 717 260 737; x_wconf 88' lang='lat' dir='ltr'><strong>manum</strong></span> <span class='ocrx_word' id='word_1_90' title='bbox 283 711 341 745; x_wconf 91' lang='lat' dir='ltr'><strong>ipse</strong></span> <span class='ocrx_word' id='word_1_91' title='bbox 362 711 501 738; x_wconf 81' lang='lat' dir='ltr'><strong>dexteram</strong></span> <span class='ocrx_word' id='word_1_92' title='bbox 522 716 700 747; x_wconf 82' lang='lat' dir='ltr'><strong>amputasset.</strong></span> <span class='ocrx_word' id='word_1_93' title='bbox 720 712 851 741; x_wconf 82' lang='lat' dir='ltr'><strong>Fatentur</strong></span> <span class='ocrx_word' id='word_1_94' title='bbox 876 713 934 746; x_wconf 88' lang='lat' dir='ltr'><strong>illi,</strong></span> 
     </span>
    </p>
   </div>
   <div class='ocr_carea' id='block_1_15' title="bbox 149 757 936 792">
    <p class='ocr_par' dir='ltr' id='par_1_15' title="bbox 149 757 936 792">
     <span class='ocr_line' id='line_1_15' title="bbox 149 757 936 792; baseline 0.005 -9"><span class='ocrx_word' id='word_1_95' title='bbox 149 757 296 784; x_wconf 89' lang='lat' dir='ltr'><strong>Arsenium</strong></span> <span class='ocrx_word' id='word_1_96' title='bbox 313 757 402 792; x_wconf 91' lang='lat' dir='ltr'><strong>ipsum</strong></span> <span class='ocrx_word' id='word_1_97' title='bbox 417 765 487 786; x_wconf 87' lang='lat' dir='ltr'><strong>esse.</strong></span> <span class='ocrx_word' id='word_1_98' title='bbox 505 757 608 792; x_wconf 85' lang='lat' dir='ltr'><strong>Quibus</strong></span> <span class='ocrx_word' id='word_1_99' title='bbox 622 759 805 792; x_wconf 87' lang='lat' dir='ltr'><strong>Athanasius,</strong></span> <span class='ocrx_word' id='word_1_100' title='bbox 823 760 936 787; x_wconf 89' lang='lat' dir='ltr'><strong>reducto</strong></span> 
     </span>
    </p>
   </div>
   <div class='ocr_carea' id='block_1_16' title="bbox 149 802 936 838">
    <p class='ocr_par' dir='ltr' id='par_1_16' title="bbox 149 802 936 838">
     <span class='ocr_line' id='line_1_16' title="bbox 149 802 936 838; baseline 0.004 -9"><span class='ocrx_word' id='word_1_101' title='bbox 149 802 232 836; x_wconf 81' lang='lat' dir='ltr'><strong>pallio</strong></span> <span class='ocrx_word' id='word_1_102' title='bbox 244 822 253 835; x_wconf 90' lang='lat'><strong>,</strong></span> <span class='ocrx_word' id='word_1_103' title='bbox 279 807 423 838; x_wconf 89' lang='lat' dir='ltr'><strong>utramque</strong></span> <span class='ocrx_word' id='word_1_104' title='bbox 438 811 545 830; x_wconf 89' lang='lat' dir='ltr'><strong>manum</strong></span> <span class='ocrx_word' id='word_1_105' title='bbox 560 805 678 831; x_wconf 89' lang='lat' dir='ltr'><strong>ostendit</strong></span> <span class='ocrx_word' id='word_1_106' title='bbox 692 825 700 838; x_wconf 92' lang='lat'><strong>,</strong></span> <span class='ocrx_word' id='word_1_107' title='bbox 726 805 849 832; x_wconf 76' lang='lat' dir='ltr'><strong>dextram</strong></span> <span class='ocrx_word' id='word_1_108' title='bbox 865 805 936 833; x_wconf 86' lang='lat' dir='ltr'><strong>sini-</strong></span> 
     </span>
    </p>
   </div>
   <div class='ocr_carea' id='block_1_17' title="bbox 150 841 933 885">
    <p class='ocr_par' dir='ltr' id='par_1_17' title="bbox 150 841 933 885">
     <span class='ocr_line' id='line_1_17' title="bbox 150 841 933 885; baseline 0.004 -11"><span class='ocrx_word' id='word_1_109' title='bbox 150 853 301 882; x_wconf 87' lang='lat' dir='ltr'><strong>stramque.</strong></span> <span class='ocrx_word' id='word_1_110' title='bbox 320 849 416 882; x_wconf 82' lang='lat' dir='ltr'><strong>Aliam,</strong></span> <span class='ocrx_word' id='word_1_111' title='bbox 436 849 533 884; x_wconf 88' lang='lat' dir='ltr'><strong>inquit,</strong></span> <span class='ocrx_word' id='word_1_112' title='bbox 550 854 681 884; x_wconf 67' lang='lat' dir='ltr'><strong>praeterea</strong></span> <span class='ocrx_word' id='word_1_113' title='bbox 696 841 777 878; x_wconf 84' lang='lat' dir='ltr'><strong>nemo</strong></span> <span class='ocrx_word' id='word_1_114' title='bbox 795 851 933 885; x_wconf 80' lang='lat' dir='ltr'><strong>requirat;</strong></span> 
     </span>
    </p>
   </div>
   <div class='ocr_carea' id='block_1_18' title="bbox 150 885 974 924">
    <p class='ocr_par' dir='ltr' id='par_1_18' title="bbox 150 885 974 924">
     <span class='ocr_line' id='line_1_18' title="bbox 150 885 974 924; baseline 0.002 -2"><span class='ocrx_word' id='word_1_115' title='bbox 150 895 221 922; x_wconf 90' lang='lat' dir='ltr'><strong>duas</strong></span> <span class='ocrx_word' id='word_1_116' title='bbox 245 895 317 921; x_wconf 91' lang='lat' dir='ltr'><strong>enim</strong></span> <span class='ocrx_word' id='word_1_117' title='bbox 342 895 427 922; x_wconf 92' lang='lat' dir='ltr'><strong>solum</strong></span> <span class='ocrx_word' id='word_1_118' title='bbox 446 903 542 923; x_wconf 85' lang='lat' dir='ltr'><strong>manus</strong></span> <span class='ocrx_word' id='word_1_119' title='bbox 558 904 573 924; x_wconf 87' lang='lat' dir='ltr'><strong>a</strong></span> <span class='ocrx_word' id='word_1_120' title='bbox 599 897 740 924; x_wconf 87' lang='lat' dir='ltr'><strong>conditore</strong></span> <span class='ocrx_word' id='word_1_121' title='bbox 765 897 820 924; x_wconf 88' lang='lat' dir='ltr'><strong>Deo</strong></span> <span class='ocrx_word' id='word_1_122' title='bbox 841 905 935 924; x_wconf 89' lang='lat' dir='ltr'><strong>omnes</strong></span> <span class='ocrx_word' id='word_1_123' title='bbox 953 885 974 912; x_wconf 76' lang='grc' dir='ltr'><strong><em>Β</em></strong></span> 
     </span>
    </p>
   </div>
   <div class='ocr_carea' id='block_1_19' title="bbox 150 939 933 974">
    <p class='ocr_par' dir='ltr' id='par_1_19' title="bbox 150 939 933 974">
     <span class='ocr_line' id='line_1_19' title="bbox 150 939 933 974; baseline 0.004 -8"><span class='ocrx_word' id='word_1_124' title='bbox 150 940 314 974; x_wconf 87' lang='lat' dir='ltr'><strong>accepitnus.</strong></span> <span class='ocrx_word' id='word_1_125' title='bbox 330 939 457 969; x_wconf 85' lang='lat' dir='ltr'><strong>Socrates</strong></span> <span class='ocrx_word' id='word_1_126' title='bbox 474 946 565 969; x_wconf 88' lang='lat' dir='ltr'><strong>autem</strong></span> <span class='ocrx_word' id='word_1_127' title='bbox 582 942 617 969; x_wconf 91' lang='lat' dir='ltr'><strong>ita</strong></span> <span class='ocrx_word' id='word_1_128' title='bbox 638 950 694 970; x_wconf 88' lang='lat' dir='ltr'><strong>rem</strong></span> <span class='ocrx_word' id='word_1_129' title='bbox 718 947 823 970; x_wconf 90' lang='lat' dir='ltr'><strong>narrat.</strong></span> <span class='ocrx_word' id='word_1_130' title='bbox 847 943 933 970; x_wconf 87' lang='lat' dir='ltr'><strong>Atha-</strong></span> 
     </span>
    </p>
   </div>
   <div class='ocr_carea' id='block_1_20' title="bbox 149 986 934 1021">
    <p class='ocr_par' dir='ltr' id='par_1_20' title="bbox 149 986 934 1021">
     <span class='ocr_line' id='line_1_20' title="bbox 149 986 934 1021; baseline 0.005 -9"><span class='ocrx_word' id='word_1_131' title='bbox 149 986 242 1013; x_wconf 88' lang='lat' dir='ltr'><strong>nasius</strong></span> <span class='ocrx_word' id='word_1_132' title='bbox 269 986 348 1021; x_wconf 89' lang='lat' dir='ltr'><strong>pallio</strong></span> <span class='ocrx_word' id='word_1_133' title='bbox 374 987 402 1014; x_wconf 88' lang='lat' dir='ltr'><strong>in</strong></span> <span class='ocrx_word' id='word_1_134' title='bbox 428 987 542 1015; x_wconf 81' lang='lat' dir='ltr'><strong>alterum</strong></span> <span class='ocrx_word' id='word_1_135' title='bbox 568 988 640 1016; x_wconf 90' lang='lat' dir='ltr'><strong>latus</strong></span> <span class='ocrx_word' id='word_1_136' title='bbox 666 989 799 1021; x_wconf 89' lang='lat' dir='ltr'><strong>reducto,</strong></span> <span class='ocrx_word' id='word_1_137' title='bbox 825 997 934 1017; x_wconf 86' lang='lat' dir='ltr'><strong>manum</strong></span> 
     </span>
    </p>
   </div>
   <div class='ocr_carea' id='block_1_21' title="bbox 148 1032 935 1070">
    <p class='ocr_par' dir='ltr' id='par_1_21' title="bbox 148 1032 935 1070">
     <span class='ocr_line' id='line_1_21' title="bbox 148 1032 935 1070; baseline 0.005 -12"><span class='ocrx_word' id='word_1_138' title='bbox 148 1032 266 1059; x_wconf 84' lang='lat' dir='ltr'><strong>hominis</strong></span> <span class='ocrx_word' id='word_1_139' title='bbox 283 1033 411 1061; x_wconf 83' lang='lat' dir='ltr'><strong>ostendit.</strong></span> <span class='ocrx_word' id='word_1_140' title='bbox 428 1033 544 1061; x_wconf 78' lang='lat' dir='ltr'><strong>Rursum</strong></span> <span class='ocrx_word' id='word_1_141' title='bbox 569 1034 706 1062; x_wconf 88' lang='lat' dir='ltr'><strong>nonnullis</strong></span> <span class='ocrx_word' id='word_1_142' title='bbox 734 1035 935 1070; x_wconf 83' lang='lat' dir='ltr'><strong>suspicantibus</strong></span> 
     </span>
    </p>
   </div>
   <div class='ocr_carea' id='block_1_22' title="bbox 148 1074 933 1113">
    <p class='ocr_par' dir='ltr' id='par_1_22' title="bbox 148 1074 933 1113">
     <span class='ocr_line' id='line_1_22' title="bbox 148 1074 933 1113; baseline 0.006 -12"><span class='ocrx_word' id='word_1_143' title='bbox 148 1074 231 1103; x_wconf 89' lang='lat' dir='ltr'><strong>altera</strong></span> <span class='ocrx_word' id='word_1_144' title='bbox 246 1083 306 1104; x_wconf 90' lang='lat' dir='ltr'><strong>eum</strong></span> <span class='ocrx_word' id='word_1_145' title='bbox 322 1085 404 1104; x_wconf 87' lang='lat' dir='ltr'><strong>manu</strong></span> <span class='ocrx_word' id='word_1_146' title='bbox 422 1082 594 1110; x_wconf 86' lang='lat' dir='ltr'><strong>truncatum;</strong></span> <span class='ocrx_word' id='word_1_147' title='bbox 618 1079 786 1113; x_wconf 87' lang='lat' dir='ltr'><strong>aliquantum</strong></span> <span class='ocrx_word' id='word_1_148' title='bbox 802 1084 933 1111; x_wconf 82' lang='lat' dir='ltr'><strong>moratus,</strong></span> 
     </span>
    </p>
   </div>
   <div class='ocr_carea' id='block_1_23' title="bbox 149 1126 934 1164">
    <p class='ocr_par' dir='ltr' id='par_1_23' title="bbox 149 1126 934 1164">
     <span class='ocr_line' id='line_1_23' title="bbox 149 1126 934 1164; baseline 0.006 -13"><span class='ocrx_word' id='word_1_149' title='bbox 149 1126 281 1161; x_wconf 85' lang='lat' dir='ltr'><strong>ancipites</strong></span> <span class='ocrx_word' id='word_1_150' title='bbox 300 1127 360 1155; x_wconf 85' lang='lat' dir='ltr'><strong>illos</strong></span> <span class='ocrx_word' id='word_1_151' title='bbox 378 1127 480 1154; x_wconf 65' lang='lat' dir='ltr'><strong>haerere</strong></span> <span class='ocrx_word' id='word_1_152' title='bbox 501 1127 634 1162; x_wconf 85' lang='lat' dir='ltr'><strong>permisit,</strong></span> <span class='ocrx_word' id='word_1_153' title='bbox 653 1136 713 1156; x_wconf 91' lang='lat' dir='ltr'><strong>cum</strong></span> <span class='ocrx_word' id='word_1_154' title='bbox 729 1129 843 1156; x_wconf 86' lang='lat' dir='ltr'><strong>alterum</strong></span> <span class='ocrx_word' id='word_1_155' title='bbox 860 1129 934 1164; x_wconf 87' lang='lat' dir='ltr'><strong>pallii</strong></span> 
     </span>
    </p>
   </div>
   <div class='ocr_carea' id='block_1_24' title="bbox 147 1171 935 1210">
    <p class='ocr_par' dir='ltr' id='par_1_24' title="bbox 147 1171 935 1210">
     <span class='ocr_line' id='line_1_24' title="bbox 147 1171 935 1210; baseline 0.005 -12"><span class='ocrx_word' id='word_1_156' title='bbox 147 1171 219 1200; x_wconf 88' lang='lat' dir='ltr'><strong>latus</strong></span> <span class='ocrx_word' id='word_1_157' title='bbox 237 1172 409 1206; x_wconf 81' lang='lat' dir='ltr'><strong>reduxisset,</strong></span> <span class='ocrx_word' id='word_1_158' title='bbox 426 1174 541 1202; x_wconf 89' lang='lat' dir='ltr'><strong>alteram</strong></span> <span class='ocrx_word' id='word_1_159' title='bbox 566 1182 674 1210; x_wconf 89' lang='lat' dir='ltr'><strong>quoque</strong></span> <span class='ocrx_word' id='word_1_160' title='bbox 689 1174 796 1202; x_wconf 86' lang='lat' dir='ltr'><strong>Arsenii</strong></span> <span class='ocrx_word' id='word_1_161' title='bbox 824 1176 935 1202; x_wconf 71' lang='lat' dir='ltr'><strong>nudavit</strong></span> 
     </span>
    </p>
   </div>
   <div class='ocr_carea' id='block_1_25' title="bbox 148 1221 936 1257">
    <p class='ocr_par' dir='ltr' id='par_1_25' title="bbox 148 1221 936 1257">
     <span class='ocr_line' id='line_1_25' title="bbox 148 1221 936 1257; baseline 0.004 -12"><span class='ocrx_word' id='word_1_162' title='bbox 148 1226 276 1252; x_wconf 86' lang='lat' dir='ltr'><strong>manum;</strong></span> <span class='ocrx_word' id='word_1_163' title='bbox 303 1225 331 1247; x_wconf 93' lang='lat' dir='ltr'><strong>et</strong></span> <span class='ocrx_word' id='word_1_164' title='bbox 353 1226 501 1254; x_wconf 55' lang='lat' dir='ltr'><strong>praesentes</strong></span> <span class='ocrx_word' id='word_1_165' title='bbox 519 1221 685 1256; x_wconf 85' lang='lat' dir='ltr'><strong>compellans</strong></span> <span class='ocrx_word' id='word_1_166' title='bbox 703 1233 709 1250; x_wconf 85' lang='lat'><strong>:</strong></span> <span class='ocrx_word' id='word_1_167' title='bbox 727 1221 859 1250; x_wconf 82' lang='lat' dir='ltr'><strong>Arsenins</strong></span> <span class='ocrx_word' id='word_1_168' title='bbox 876 1222 936 1257; x_wconf 89' lang='lat' dir='ltr'><strong>qui-</strong></span> 
     </span>
    </p>
   </div>
   <div class='ocr_carea' id='block_1_26' title="bbox 147 1265 934 1303">
    <p class='ocr_par' dir='ltr' id='par_1_26' title="bbox 147 1265 934 1303">
     <span class='ocr_line' id='line_1_26' title="bbox 147 1265 934 1303; baseline 0.005 -12"><span class='ocrx_word' id='word_1_169' title='bbox 147 1265 222 1297; x_wconf 87' lang='lat' dir='ltr'><strong>dem,</strong></span> <span class='ocrx_word' id='word_1_170' title='bbox 247 1266 296 1299; x_wconf 86' lang='lat' dir='ltr'><strong>ait,</strong></span> <span class='ocrx_word' id='word_1_171' title='bbox 322 1271 353 1293; x_wconf 89' lang='lat' dir='ltr'><strong>ut</strong></span> <span class='ocrx_word' id='word_1_172' title='bbox 371 1267 483 1300; x_wconf 87' lang='lat' dir='ltr'><strong>videtis,</strong></span> <span class='ocrx_word' id='word_1_173' title='bbox 503 1273 619 1302; x_wconf 89' lang='lat' dir='ltr'><strong>utraque</strong></span> <span class='ocrx_word' id='word_1_174' title='bbox 645 1275 726 1295; x_wconf 89' lang='lat' dir='ltr'><strong>manu</strong></span> <span class='ocrx_word' id='word_1_175' title='bbox 750 1268 856 1303; x_wconf 76' lang='lat' dir='ltr'><strong>integer</strong></span> <span class='ocrx_word' id='word_1_176' title='bbox 883 1273 934 1295; x_wconf 91' lang='lat' dir='ltr'><strong>est.</strong></span> 
     </span>
    </p>
   </div>
   <div class='ocr_carea' id='block_1_27' title="bbox 147 1310 936 1346">
    <p class='ocr_par' dir='ltr' id='par_1_27' title="bbox 147 1310 936 1346">
     <span class='ocr_line' id='line_1_27' title="bbox 147 1310 936 1346; baseline 0.005 -9"><span class='ocrx_word' id='word_1_177' title='bbox 147 1310 240 1338; x_wconf 85' lang='lat' dir='ltr'><strong>Tertia</strong></span> <span class='ocrx_word' id='word_1_178' title='bbox 258 1311 315 1339; x_wconf 65' lang='lat' dir='ltr'><strong>haec</strong></span> <span class='ocrx_word' id='word_1_179' title='bbox 330 1313 402 1340; x_wconf 89' lang='lat' dir='ltr'><strong>unde</strong></span> <span class='ocrx_word' id='word_1_180' title='bbox 417 1315 510 1340; x_wconf 90' lang='lat' dir='ltr'><strong>excisa</strong></span> <span class='ocrx_word' id='word_1_181' title='bbox 529 1313 629 1346; x_wconf 84' lang='lat' dir='ltr'><strong>fuerit,</strong></span> <span class='ocrx_word' id='word_1_182' title='bbox 645 1314 767 1341; x_wconf 81' lang='lat' dir='ltr'><strong>iudicent</strong></span> <span class='ocrx_word' id='word_1_183' title='bbox 794 1319 936 1341; x_wconf 90' lang='lat' dir='ltr'><strong>accusato-</strong></span> 
     </span>
    </p>
   </div>
   <div class='ocr_carea' id='block_1_28' title="bbox 147 1357 936 1387">
    <p class='ocr_par' dir='ltr' id='par_1_28' title="bbox 147 1357 936 1387">
     <span class='ocr_line' id='line_1_28' title="bbox 147 1357 936 1387; baseline 0.004 -3"><span class='ocrx_word' id='word_1_184' title='bbox 147 1364 202 1385; x_wconf 90' lang='lat' dir='ltr'><strong>res.</strong></span> <span class='ocrx_word' id='word_1_185' title='bbox 223 1357 317 1386; x_wconf 89' lang='lat' dir='ltr'><strong>Utrum</strong></span> <span class='ocrx_word' id='word_1_186' title='bbox 334 1366 398 1386; x_wconf 92' lang='lat' dir='ltr'><strong>vero</strong></span> <span class='ocrx_word' id='word_1_187' title='bbox 414 1359 464 1386; x_wconf 88' lang='lat' dir='ltr'><strong>ista</strong></span> <span class='ocrx_word' id='word_1_188' title='bbox 484 1360 555 1387; x_wconf 86' lang='lat' dir='ltr'><strong>serie</strong></span> <span class='ocrx_word' id='word_1_189' title='bbox 571 1359 707 1387; x_wconf 82' lang='lat' dir='ltr'><strong>calumnia</strong></span> <span class='ocrx_word' id='word_1_190' title='bbox 726 1359 841 1387; x_wconf 89' lang='lat' dir='ltr'><strong>mutilati</strong></span> <span class='ocrx_word' id='word_1_191' title='bbox 853 1360 936 1387; x_wconf 89' lang='lat' dir='ltr'><strong>Arse-</strong></span> 
     </span>
    </p>
   </div>
   <div class='ocr_carea' id='block_1_29' title="bbox 148 1403 934 1437">
    <p class='ocr_par' dir='ltr' id='par_1_29' title="bbox 148 1403 934 1437">
     <span class='ocr_line' id='line_1_29' title="bbox 148 1403 934 1437; baseline 0.004 -7"><span class='ocrx_word' id='word_1_192' title='bbox 148 1403 186 1430; x_wconf 90' lang='lat' dir='ltr'><strong>nii</strong></span> <span class='ocrx_word' id='word_1_193' title='bbox 201 1403 307 1431; x_wconf 86' lang='lat' dir='ltr'><strong>detecta</strong></span> <span class='ocrx_word' id='word_1_194' title='bbox 323 1404 369 1437; x_wconf 85' lang='lat' dir='ltr'><strong>sit,</strong></span> <span class='ocrx_word' id='word_1_195' title='bbox 386 1411 420 1431; x_wconf 88' lang='lat' dir='ltr'><strong>an</strong></span> <span class='ocrx_word' id='word_1_196' title='bbox 436 1405 598 1432; x_wconf 72' lang='lat' dir='ltr'><strong>exornanda:</strong></span> <span class='ocrx_word' id='word_1_197' title='bbox 613 1406 746 1433; x_wconf 83' lang='lat' dir='ltr'><strong>orationis</strong></span> <span class='ocrx_word' id='word_1_198' title='bbox 757 1413 840 1433; x_wconf 86' lang='lat' dir='ltr'><strong>causa</strong></span> <span class='ocrx_word' id='word_1_199' title='bbox 850 1406 934 1433; x_wconf 89' lang='lat' dir='ltr'><strong>multa</strong></span> 
     </span>
    </p>
   </div>
   <div class='ocr_carea' id='block_1_30' title="bbox 147 1450 933 1488">
    <p class='ocr_par' dir='ltr' id='par_1_30' title="bbox 147 1450 933 1488">
     <span class='ocr_line' id='line_1_30' title="bbox 147 1450 933 1488; baseline 0.004 -11"><span class='ocrx_word' id='word_1_200' title='bbox 147 1451 201 1478; x_wconf 84' lang='lat' dir='ltr'><strong>sint</strong></span> <span class='ocrx_word' id='word_1_201' title='bbox 218 1450 343 1485; x_wconf 87' lang='lat' dir='ltr'><strong>adjuncta</strong></span> <span class='ocrx_word' id='word_1_202' title='bbox 356 1469 363 1483; x_wconf 91' lang='lat'><strong>,</strong></span> <span class='ocrx_word' id='word_1_203' title='bbox 378 1450 519 1478; x_wconf 85' lang='lat' dir='ltr'><strong>incertum.</strong></span> <span class='ocrx_word' id='word_1_204' title='bbox 540 1451 629 1479; x_wconf 88' lang='lat' dir='ltr'><strong>Unum</strong></span> <span class='ocrx_word' id='word_1_205' title='bbox 654 1457 763 1479; x_wconf 90' lang='lat' dir='ltr'><strong>constat</strong></span> <span class='ocrx_word' id='word_1_206' title='bbox 782 1452 836 1488; x_wconf 67' lang='grc' dir='ltr'><strong>(ιν),</strong></span> <span class='ocrx_word' id='word_1_207' title='bbox 854 1452 933 1480; x_wconf 89' lang='lat' dir='ltr'><strong>Arse-</strong></span> 
     </span>
    </p>
   </div>
   <div class='ocr_carea' id='block_1_31' title="bbox 146 1497 936 1534">
    <p class='ocr_par' dir='ltr' id='par_1_31' title="bbox 146 1497 936 1534">
     <span class='ocr_line' id='line_1_31' title="bbox 146 1497 936 1534; baseline 0.003 -10"><span class='ocrx_word' id='word_1_208' title='bbox 146 1497 221 1525; x_wconf 87' lang='lat' dir='ltr'><strong>nium</strong></span> <span class='ocrx_word' id='word_1_209' title='bbox 237 1504 335 1532; x_wconf 90' lang='lat' dir='ltr'><strong>nempe</strong></span> <span class='ocrx_word' id='word_1_210' title='bbox 349 1497 455 1533; x_wconf 84' lang='lat' dir='ltr'><strong>synodo</strong></span> <span class='ocrx_word' id='word_1_211' title='bbox 470 1497 590 1526; x_wconf 84' lang='lat' dir='ltr'><strong>adfuisse</strong></span> <span class='ocrx_word' id='word_1_212' title='bbox 601 1518 608 1531; x_wconf 98' lang='lat'><strong>,</strong></span> <span class='ocrx_word' id='word_1_213' title='bbox 623 1503 840 1534; x_wconf 65' lang='lat' dir='ltr'><strong>praesentemque</strong></span> <span class='ocrx_word' id='word_1_214' title='bbox 854 1499 936 1526; x_wconf 72' lang='lat' dir='ltr'><strong>caedis</strong></span> 
     </span>
    </p>
   </div>
   <div class='ocr_carea' id='block_1_32' title="bbox 147 1542 935 1579">
    <p class='ocr_par' dir='ltr' id='par_1_32' title="bbox 147 1542 935 1579">
     <span class='ocr_line' id='line_1_32' title="bbox 147 1542 935 1579; baseline 0.003 -10"><span class='ocrx_word' id='word_1_215' title='bbox 147 1546 174 1569; x_wconf 88' lang='lat' dir='ltr'><strong>et</strong></span> <span class='ocrx_word' id='word_1_216' title='bbox 190 1542 368 1570; x_wconf 85' lang='lat' dir='ltr'><strong>mutilationis</strong></span> <span class='ocrx_word' id='word_1_217' title='bbox 381 1542 484 1571; x_wconf 88' lang='lat' dir='ltr'><strong>crimen</strong></span> <span class='ocrx_word' id='word_1_218' title='bbox 508 1543 650 1579; x_wconf 88' lang='lat' dir='ltr'><strong>repulisse,</strong></span> <span class='ocrx_word' id='word_1_219' title='bbox 665 1548 694 1571; x_wconf 94' lang='lat' dir='ltr'><strong>ut</strong></span> <span class='ocrx_word' id='word_1_220' title='bbox 706 1549 801 1572; x_wconf 88' lang='lat' dir='ltr'><strong>narrat</strong></span> <span class='ocrx_word' id='word_1_221' title='bbox 812 1544 935 1572; x_wconf 89' lang='lat' dir='ltr'><strong>Athana-</strong></span> 
     </span>
    </p>
   </div>
   <div class='ocr_carea' id='block_1_33' title="bbox 147 1588 214 1616">
    <p class='ocr_par' dir='ltr' id='par_1_33' title="bbox 147 1588 214 1616">
     <span class='ocr_line' id='line_1_33' title="bbox 147 1588 214 1616; baseline 0.015 -1"><span class='ocrx_word' id='word_1_222' title='bbox 147 1588 214 1616; x_wconf 83' lang='lat' dir='ltr'><strong>sius.</strong></span> 
     </span>
    </p>
   </div>
   <div class='ocr_carea' id='block_1_34' title="bbox 183 1633 933 1670">
    <p class='ocr_par' dir='ltr' id='par_1_34' title="bbox 183 1633 933 1670">
     <span class='ocr_line' id='line_1_34' title="bbox 183 1633 933 1670; baseline 0.001 -8"><span class='ocrx_word' id='word_1_223' title='bbox 183 1634 209 1662; x_wconf 90' lang='lat'><strong>7.</strong></span> <span class='ocrx_word' id='word_1_224' title='bbox 225 1633 272 1662; x_wconf 78' lang='lat' dir='ltr'><strong>llis</strong></span> <span class='ocrx_word' id='word_1_225' title='bbox 288 1635 438 1670; x_wconf 83' lang='lat' dir='ltr'><strong>perspectis</strong></span> <span class='ocrx_word' id='word_1_226' title='bbox 454 1640 637 1669; x_wconf 84' lang='lat' dir='ltr'><strong>accusatores,</strong></span> <span class='ocrx_word' id='word_1_227' title='bbox 653 1636 690 1663; x_wconf 85' lang='lat' dir='ltr'><strong>ait</strong></span> <span class='ocrx_word' id='word_1_228' title='bbox 706 1636 883 1668; x_wconf 89' lang='lat' dir='ltr'><strong>Sozomenus,</strong></span> <span class='ocrx_word' id='word_1_229' title='bbox 899 1636 933 1664; x_wconf 90' lang='lat' dir='ltr'><strong>ad</strong></span> 
     </span>
    </p>
   </div>
   <div class='ocr_carea' id='block_1_35' title="bbox 147 1679 934 1716">
    <p class='ocr_par' dir='ltr' id='par_1_35' title="bbox 147 1679 934 1716">
     <span class='ocr_line' id='line_1_35' title="bbox 147 1679 934 1716; baseline 0 -9"><span class='ocrx_word' id='word_1_230' title='bbox 147 1679 288 1708; x_wconf 74' lang='lat' dir='ltr'><strong>levandam</strong></span> <span class='ocrx_word' id='word_1_231' title='bbox 303 1681 479 1715; x_wconf 81' lang='lat' dir='ltr'><strong>ignominiam</strong></span> <span class='ocrx_word' id='word_1_232' title='bbox 496 1689 566 1709; x_wconf 88' lang='lat' dir='ltr'><strong>novo</strong></span> <span class='ocrx_word' id='word_1_233' title='bbox 585 1682 625 1709; x_wconf 90' lang='lat' dir='ltr'><strong>usi</strong></span> <span class='ocrx_word' id='word_1_234' title='bbox 640 1682 763 1716; x_wconf 87' lang='lat' dir='ltr'><strong>crimine,</strong></span> <span class='ocrx_word' id='word_1_235' title='bbox 779 1682 856 1710; x_wconf 93' lang='lat' dir='ltr'><strong>aiunt</strong></span> <span class='ocrx_word' id='word_1_236' title='bbox 870 1681 934 1708; x_wconf 87' lang='lat' dir='ltr'><strong>Plu-</strong></span> 
     </span>
    </p>
   </div>
   <div class='ocr_carea' id='block_1_36' title="bbox 148 1727 933 1763">
    <p class='ocr_par' dir='ltr' id='par_1_36' title="bbox 148 1727 933 1763">
     <span class='ocr_line' id='line_1_36' title="bbox 148 1727 933 1763; baseline 0 -9"><span class='ocrx_word' id='word_1_237' title='bbox 148 1727 256 1754; x_wconf 83' lang='lat' dir='ltr'><strong>sianum</strong></span> <span class='ocrx_word' id='word_1_238' title='bbox 276 1727 421 1762; x_wconf 87' lang='lat' dir='ltr'><strong>quemdam</strong></span> <span class='ocrx_word' id='word_1_239' title='bbox 437 1728 604 1763; x_wconf 85' lang='lat' dir='ltr'><strong>episcopum,</strong></span> <span class='ocrx_word' id='word_1_240' title='bbox 621 1727 768 1755; x_wconf 81' lang='lat' dir='ltr'><strong>Athanasio</strong></span> <span class='ocrx_word' id='word_1_241' title='bbox 786 1728 933 1759; x_wconf 90' lang='lat' dir='ltr'><strong>addictum,</strong></span> 
     </span>
    </p>
   </div>
   <div class='ocr_carea' id='block_1_37' title="bbox 145 1771 934 1808">
    <p class='ocr_par' dir='ltr' id='par_1_37' title="bbox 145 1771 934 1808">
     <span class='ocr_line' id='line_1_37' title="bbox 145 1771 934 1808; baseline 0 -9"><span class='ocrx_word' id='word_1_242' title='bbox 145 1772 222 1807; x_wconf 85' lang='lat' dir='ltr'><strong>jussu</strong></span> <span class='ocrx_word' id='word_1_243' title='bbox 253 1771 324 1800; x_wconf 87' lang='lat' dir='ltr'><strong>illius</strong></span> <span class='ocrx_word' id='word_1_244' title='bbox 347 1773 501 1801; x_wconf 90' lang='lat' dir='ltr'><strong>incendisse</strong></span> <span class='ocrx_word' id='word_1_245' title='bbox 518 1774 626 1801; x_wconf 92' lang='lat' dir='ltr'><strong>domum</strong></span> <span class='ocrx_word' id='word_1_246' title='bbox 653 1774 772 1805; x_wconf 85' lang='lat' dir='ltr'><strong>Arsenii,</strong></span> <span class='ocrx_word' id='word_1_247' title='bbox 791 1774 934 1808; x_wconf 82' lang='lat' dir='ltr'><strong>ipsumque</strong></span> 
     </span>
    </p>
   </div>
   <div class='ocr_carea' id='block_1_38' title="bbox 146 1819 932 1854">
    <p class='ocr_par' dir='ltr' id='par_1_38' title="bbox 146 1819 932 1854">
     <span class='ocr_line' id='line_1_38' title="bbox 146 1819 932 1854; baseline 0 -9"><span class='ocrx_word' id='word_1_248' title='bbox 146 1819 279 1846; x_wconf 63' lang='lat' dir='ltr'><strong>columnas</strong></span> <span class='ocrx_word' id='word_1_249' title='bbox 296 1819 436 1854; x_wconf 80' lang='lat' dir='ltr'><strong>alligatum</strong></span> <span class='ocrx_word' id='word_1_250' title='bbox 451 1819 516 1847; x_wconf 90' lang='lat' dir='ltr'><strong>loris</strong></span> <span class='ocrx_word' id='word_1_251' title='bbox 530 1821 680 1854; x_wconf 76' lang='lat' dir='ltr'><strong>excepisse,</strong></span> <span class='ocrx_word' id='word_1_252' title='bbox 704 1825 733 1847; x_wconf 91' lang='lat' dir='ltr'><strong>et</strong></span> <span class='ocrx_word' id='word_1_253' title='bbox 755 1820 782 1846; x_wconf 90' lang='lat' dir='ltr'><strong>in</strong></span> <span class='ocrx_word' id='word_1_254' title='bbox 808 1819 932 1846; x_wconf 90' lang='lat' dir='ltr'><strong>cellulam</strong></span> 
     </span>
    </p>
   </div>
   <div class='ocr_carea' id='block_1_39' title="bbox 146 1865 935 1901">
    <p class='ocr_par' dir='ltr' id='par_1_39' title="bbox 146 1865 935 1901">
     <span class='ocr_line' id='line_1_39' title="bbox 146 1865 935 1901; baseline 0.004 -10"><span class='ocrx_word' id='word_1_255' title='bbox 146 1865 300 1896; x_wconf 87' lang='lat' dir='ltr'><strong>inclusisse,</strong></span> <span class='ocrx_word' id='word_1_256' title='bbox 319 1865 393 1892; x_wconf 88' lang='lat' dir='ltr'><strong>unde</strong></span> <span class='ocrx_word' id='word_1_257' title='bbox 405 1865 513 1900; x_wconf 85' lang='lat' dir='ltr'><strong>elapsus</strong></span> <span class='ocrx_word' id='word_1_258' title='bbox 531 1866 663 1893; x_wconf 89' lang='lat' dir='ltr'><strong>Arsenius</strong></span> <span class='ocrx_word' id='word_1_259' title='bbox 681 1873 728 1901; x_wconf 92' lang='lat' dir='ltr'><strong>per</strong></span> <span class='ocrx_word' id='word_1_260' title='bbox 742 1865 888 1892; x_wconf 76' lang='lat' dir='ltr'><strong>fenestram</strong></span> <span class='ocrx_word' id='word_1_261' title='bbox 905 1873 935 1894; x_wconf 86' lang='lat' dir='ltr'><strong>se</strong></span> 
     </span>
    </p>
   </div>
   <div class='ocr_carea' id='block_1_40' title="bbox 146 1911 934 1947">
    <p class='ocr_par' dir='ltr' id='par_1_40' title="bbox 146 1911 934 1947">
     <span class='ocr_line' id='line_1_40' title="bbox 146 1911 934 1947; baseline 0.003 -10"><span class='ocrx_word' id='word_1_262' title='bbox 146 1911 344 1946; x_wconf 86' lang='lat' dir='ltr'><strong>proripuisset;</strong></span> <span class='ocrx_word' id='word_1_263' title='bbox 367 1919 399 1939; x_wconf 87' lang='lat' dir='ltr'><strong>ac</strong></span> <span class='ocrx_word' id='word_1_264' title='bbox 412 1911 510 1940; x_wconf 84' lang='lat' dir='ltr'><strong>exinde</strong></span> <span class='ocrx_word' id='word_1_265' title='bbox 525 1911 681 1947; x_wconf 85' lang='lat' dir='ltr'><strong>aliquandiu</strong></span> <span class='ocrx_word' id='word_1_266' title='bbox 696 1912 835 1939; x_wconf 89' lang='lat' dir='ltr'><strong>delituisse</strong></span> <span class='ocrx_word' id='word_1_267' title='bbox 848 1932 855 1943; x_wconf 86' lang='lat'><strong>,</strong></span> <span class='ocrx_word' id='word_1_268' title='bbox 884 1919 934 1939; x_wconf 87' lang='lat' dir='ltr'><strong>nec</strong></span> 
     </span>
    </p>
   </div>
   <div class='ocr_carea' id='block_1_41' title="bbox 146 1957 932 1992">
    <p class='ocr_par' dir='ltr' id='par_1_41' title="bbox 146 1957 932 1992">
     <span class='ocr_line' id='line_1_41' title="bbox 146 1957 932 1992; baseline 0.003 -8"><span class='ocrx_word' id='word_1_269' title='bbox 146 1957 205 1984; x_wconf 86' lang='lat' dir='ltr'><strong>sine</strong></span> <span class='ocrx_word' id='word_1_270' title='bbox 220 1964 301 1985; x_wconf 81' lang='lat' dir='ltr'><strong>causa</strong></span> <span class='ocrx_word' id='word_1_271' title='bbox 313 1965 362 1992; x_wconf 91' lang='lat' dir='ltr'><strong>pro</strong></span> <span class='ocrx_word' id='word_1_272' title='bbox 373 1963 480 1986; x_wconf 89' lang='lat' dir='ltr'><strong>mortuo</strong></span> <span class='ocrx_word' id='word_1_273' title='bbox 497 1962 526 1985; x_wconf 89' lang='lat' dir='ltr'><strong>et</strong></span> <span class='ocrx_word' id='word_1_274' title='bbox 548 1958 673 1985; x_wconf 90' lang='lat' dir='ltr'><strong>ambusto</strong></span> <span class='ocrx_word' id='word_1_275' title='bbox 694 1958 815 1985; x_wconf 82' lang='lat' dir='ltr'><strong>habitum</strong></span> <span class='ocrx_word' id='word_1_276' title='bbox 828 1957 911 1985; x_wconf 90' lang='lat' dir='ltr'><strong>fuisse</strong></span> <span class='ocrx_word' id='word_1_277' title='bbox 925 1967 932 1986; x_wconf 89' lang='lat'><strong>:</strong></span> 
     </span>
    </p>
   </div>
   <div class='ocr_carea' id='block_1_42' title="bbox 147 2004 934 2040">
    <p class='ocr_par' dir='ltr' id='par_1_42' title="bbox 147 2004 934 2040">
     <span class='ocr_line' id='line_1_42' title="bbox 147 2004 934 2040; baseline 0.001 -9"><span class='ocrx_word' id='word_1_278' title='bbox 147 2005 192 2039; x_wconf 91' lang='lat' dir='ltr'><strong>qui</strong></span> <span class='ocrx_word' id='word_1_279' title='bbox 213 2005 284 2040; x_wconf 90' lang='lat' dir='ltr'><strong>quod</strong></span> <span class='ocrx_word' id='word_1_280' title='bbox 298 2004 447 2040; x_wconf 60' lang='lat' dir='ltr'><strong>prmelarus</strong></span> <span class='ocrx_word' id='word_1_281' title='bbox 468 2004 510 2032; x_wconf 90' lang='lat' dir='ltr'><strong>vir</strong></span> <span class='ocrx_word' id='word_1_282' title='bbox 526 2010 598 2032; x_wconf 84' lang='lat' dir='ltr'><strong>esset</strong></span> <span class='ocrx_word' id='word_1_283' title='bbox 617 2009 644 2032; x_wconf 87' lang='lat' dir='ltr'><strong>et</strong></span> <span class='ocrx_word' id='word_1_284' title='bbox 662 2004 839 2031; x_wconf 83' lang='lat' dir='ltr'><strong>confessionis</strong></span> <span class='ocrx_word' id='word_1_285' title='bbox 850 2004 934 2040; x_wconf 76' lang='lat' dir='ltr'><strong>gloria</strong></span> 
     </span>
    </p>
   </div>
   <div class='ocr_carea' id='block_1_43' title="bbox 146 2049 933 2085">
    <p class='ocr_par' dir='ltr' id='par_1_43' title="bbox 146 2049 933 2085">
     <span class='ocr_line' id='line_1_43' title="bbox 146 2049 933 2085; baseline 0.001 -9"><span class='ocrx_word' id='word_1_286' title='bbox 146 2050 270 2085; x_wconf 77' lang='lat' dir='ltr'><strong>insignis,</strong></span> <span class='ocrx_word' id='word_1_287' title='bbox 289 2050 392 2078; x_wconf 90' lang='lat' dir='ltr'><strong>idcirco</strong></span> <span class='ocrx_word' id='word_1_288' title='bbox 410 2050 541 2078; x_wconf 74' lang='lat' dir='ltr'><strong>Joannem</strong></span> <span class='ocrx_word' id='word_1_289' title='bbox 557 2055 584 2077; x_wconf 91' lang='lat' dir='ltr'><strong>et</strong></span> <span class='ocrx_word' id='word_1_290' title='bbox 598 2050 728 2083; x_wconf 84' lang='lat' dir='ltr'><strong>asseclas,</strong></span> <span class='ocrx_word' id='word_1_291' title='bbox 743 2049 801 2085; x_wconf 88' lang='lat' dir='ltr'><strong>ejus</strong></span> <span class='ocrx_word' id='word_1_292' title='bbox 821 2051 933 2085; x_wconf 90' lang='lat' dir='ltr'><strong>perqui-</strong></span> 
     </span>
    </p>
   </div>
   <div class='ocr_carea' id='block_1_44' title="bbox 147 2097 932 2131">
    <p class='ocr_par' dir='ltr' id='par_1_44' title="bbox 147 2097 932 2131">
     <span class='ocr_line' id='line_1_44' title="bbox 147 2097 932 2131; baseline 0 -7"><span class='ocrx_word' id='word_1_293' title='bbox 147 2097 222 2124; x_wconf 87' lang='lat' dir='ltr'><strong>reudi</strong></span> <span class='ocrx_word' id='word_1_294' title='bbox 241 2105 334 2129; x_wconf 86' lang='lat' dir='ltr'><strong>causa,</strong></span> <span class='ocrx_word' id='word_1_295' title='bbox 350 2097 526 2131; x_wconf 80' lang='lat' dir='ltr'><strong>magistratus</strong></span> <span class='ocrx_word' id='word_1_296' title='bbox 538 2097 648 2124; x_wconf 88' lang='lat' dir='ltr'><strong>adiisse.</strong></span> <span class='ocrx_word' id='word_1_297' title='bbox 666 2097 710 2123; x_wconf 89' lang='lat' dir='ltr'><strong>Ait</strong></span> <span class='ocrx_word' id='word_1_298' title='bbox 725 2101 815 2124; x_wconf 86' lang='lat' dir='ltr'><strong>tamen</strong></span> <span class='ocrx_word' id='word_1_299' title='bbox 830 2097 932 2124; x_wconf 90' lang='lat' dir='ltr'><strong>Socra-</strong></span> 
     </span>
    </p>
   </div>
   <div class='ocr_carea' id='block_1_45' title="bbox 148 2142 933 2178">
    <p class='ocr_par' dir='ltr' id='par_1_45' title="bbox 148 2142 933 2178">
     <span class='ocr_line' id='line_1_45' title="bbox 148 2142 933 2178; baseline 0.001 -10"><span class='ocrx_word' id='word_1_300' title='bbox 148 2147 199 2176; x_wconf 88' lang='lat' dir='ltr'><strong>tes,</strong></span> <span class='ocrx_word' id='word_1_301' title='bbox 213 2142 342 2170; x_wconf 83' lang='lat' dir='ltr'><strong>Joannem</strong></span> <span class='ocrx_word' id='word_1_302' title='bbox 361 2143 474 2171; x_wconf 66' lang='lat' dir='ltr'><strong>detecta:</strong></span> <span class='ocrx_word' id='word_1_303' title='bbox 485 2142 625 2170; x_wconf 77' lang='lat' dir='ltr'><strong>calumniae</strong></span> <span class='ocrx_word' id='word_1_304' title='bbox 639 2143 740 2178; x_wconf 86' lang='lat' dir='ltr'><strong>pudore</strong></span> <span class='ocrx_word' id='word_1_305' title='bbox 757 2142 829 2171; x_wconf 92' lang='lat' dir='ltr'><strong>illico</strong></span> <span class='ocrx_word' id='word_1_306' title='bbox 843 2143 933 2178; x_wconf 79' lang='lat' dir='ltr'><strong>fugam</strong></span> 
     </span>
    </p>
   </div>
   <div class='ocr_carea' id='block_1_46' title="bbox 146 2188 254 2217">
    <p class='ocr_par' dir='ltr' id='par_1_46' title="bbox 146 2188 254 2217">
     <span class='ocr_line' id='line_1_46' title="bbox 146 2188 254 2217; baseline 0 -1"><span class='ocrx_word' id='word_1_307' title='bbox 146 2188 254 2217; x_wconf 87' lang='lat' dir='ltr'><strong>fecisse.</strong></span> 
     </span>
    </p>
   </div>
   <div class='ocr_carea' id='block_1_47' title="bbox 949 1559 970 1588">
    <p class='ocr_par' dir='ltr' id='par_1_47' title="bbox 949 1559 970 1588">
     <span class='ocr_line' id='line_1_47' title="bbox 949 1559 970 1588; baseline 0 0"><span class='ocrx_word' id='word_1_308' title='bbox 949 1559 970 1588; x_wconf 89' lang='lat' dir='ltr'><strong>C</strong></span> 
     </span>
    </p>
   </div>
   <div class='ocr_carea' id='block_1_48' title="bbox 988 255 1775 291">
    <p class='ocr_par' dir='ltr' id='par_1_48' title="bbox 988 255 1775 291">
     <span class='ocr_line' id='line_1_48' title="bbox 988 255 1775 291; baseline 0.005 -9"><span class='ocrx_word' id='word_1_309' title='bbox 988 255 1135 290; x_wconf 76' lang='lat' dir='ltr'><strong>ohjurgans</strong></span> <span class='ocrx_word' id='word_1_310' title='bbox 1151 255 1349 283; x_wconf 88' lang='lat' dir='ltr'><strong>Timotheum:</strong></span> <span class='ocrx_word' id='word_1_311' title='bbox 1376 255 1426 290; x_wconf 86' lang='lat' dir='ltr'><strong>Tu,</strong></span> <span class='ocrx_word' id='word_1_312' title='bbox 1451 261 1491 288; x_wconf 86' lang='lat' dir='ltr'><strong>tu.</strong></span> <span class='ocrx_word' id='word_1_313' title='bbox 1514 256 1613 291; x_wconf 88' lang='lat' dir='ltr'><strong>inquit,</strong></span> <span class='ocrx_word' id='word_1_314' title='bbox 1636 257 1703 286; x_wconf 86' lang='lat' dir='ltr'><strong>mihi</strong></span> <span class='ocrx_word' id='word_1_315' title='bbox 1720 259 1775 287; x_wconf 85' lang='lat' dir='ltr'><strong>vim</strong></span> 
     </span>
    </p>
   </div>
   <div class='ocr_carea' id='block_1_49' title="bbox 988 301 1775 334">
    <p class='ocr_par' dir='ltr' id='par_1_49' title="bbox 988 301 1775 334">
     <span class='ocr_line' id='line_1_49' title="bbox 988 301 1775 334; baseline 0.004 -6"><span class='ocrx_word' id='word_1_316' title='bbox 988 301 1087 334; x_wconf 85' lang='lat' dir='ltr'><strong>fecisti,</strong></span> <span class='ocrx_word' id='word_1_317' title='bbox 1096 305 1124 328; x_wconf 93' lang='lat' dir='ltr'><strong>tu</strong></span> <span class='ocrx_word' id='word_1_318' title='bbox 1133 302 1160 329; x_wconf 91' lang='lat' dir='ltr'><strong>in</strong></span> <span class='ocrx_word' id='word_1_319' title='bbox 1172 301 1219 329; x_wconf 90' lang='lat' dir='ltr'><strong>illo</strong></span> <span class='ocrx_word' id='word_1_320' title='bbox 1229 302 1290 329; x_wconf 88' lang='lat' dir='ltr'><strong>loco</strong></span> <span class='ocrx_word' id='word_1_321' title='bbox 1300 301 1500 329; x_wconf 87' lang='lat' dir='ltr'><strong>commaculain</strong></span> <span class='ocrx_word' id='word_1_322' title='bbox 1511 302 1664 331; x_wconf 86' lang='lat' dir='ltr'><strong>castitatem</strong></span> <span class='ocrx_word' id='word_1_323' title='bbox 1675 311 1775 332; x_wconf 87' lang='lat' dir='ltr'><strong>meam.</strong></span> 
     </span>
    </p>
   </div>
   <div class='ocr_carea' id='block_1_50' title="bbox 988 346 1776 384">
    <p class='ocr_par' dir='ltr' id='par_1_50' title="bbox 988 346 1776 384">
     <span class='ocr_line' id='line_1_50' title="bbox 988 346 1776 384; baseline 0.005 -11"><span class='ocrx_word' id='word_1_324' title='bbox 988 346 1056 374; x_wconf 88' lang='lat' dir='ltr'><strong>Tum</strong></span> <span class='ocrx_word' id='word_1_325' title='bbox 1075 354 1171 374; x_wconf 92' lang='lat' dir='ltr'><strong>omnes</strong></span> <span class='ocrx_word' id='word_1_326' title='bbox 1191 347 1355 374; x_wconf 88' lang='lat' dir='ltr'><strong>ridiculosus</strong></span> <span class='ocrx_word' id='word_1_327' title='bbox 1378 348 1466 382; x_wconf 90' lang='lat' dir='ltr'><strong>pudor</strong></span> <span class='ocrx_word' id='word_1_328' title='bbox 1480 347 1581 376; x_wconf 86' lang='lat' dir='ltr'><strong>habere</strong></span> <span class='ocrx_word' id='word_1_329' title='bbox 1596 350 1690 384; x_wconf 72' lang='lat' dir='ltr'><strong>erepit,</strong></span> <span class='ocrx_word' id='word_1_330' title='bbox 1704 351 1776 384; x_wconf 87' lang='lat' dir='ltr'><strong>quod</strong></span> 
     </span>
    </p>
   </div>
   <div class='ocr_carea' id='block_1_51' title="bbox 988 394 1776 431">
    <p class='ocr_par' dir='ltr' id='par_1_51' title="bbox 988 394 1776 431">
     <span class='ocr_line' id='line_1_51' title="bbox 988 394 1776 431; baseline 0.005 -11"><span class='ocrx_word' id='word_1_331' title='bbox 988 398 1042 421; x_wconf 91' lang='lat' dir='ltr'><strong>tam</strong></span> <span class='ocrx_word' id='word_1_332' title='bbox 1058 394 1139 422; x_wconf 89' lang='lat' dir='ltr'><strong>facile</strong></span> <span class='ocrx_word' id='word_1_333' title='bbox 1153 398 1262 422; x_wconf 81' lang='lat' dir='ltr'><strong>tacente</strong></span> <span class='ocrx_word' id='word_1_334' title='bbox 1279 401 1312 422; x_wconf 91' lang='lat' dir='ltr'><strong>eo</strong></span> <span class='ocrx_word' id='word_1_335' title='bbox 1325 394 1398 422; x_wconf 89' lang='lat' dir='ltr'><strong>fictio</strong></span> <span class='ocrx_word' id='word_1_336' title='bbox 1420 395 1564 429; x_wconf 88' lang='lat' dir='ltr'><strong>compositi</strong></span> <span class='ocrx_word' id='word_1_337' title='bbox 1585 395 1709 424; x_wconf 89' lang='lat' dir='ltr'><strong>criminis</strong></span> <span class='ocrx_word' id='word_1_338' title='bbox 1728 403 1776 431; x_wconf 83' lang='lat' dir='ltr'><strong>pa-</strong></span> 
     </span>
    </p>
   </div>
   <div class='ocr_carea' id='block_1_52' title="bbox 988 437 1775 468">
    <p class='ocr_par' dir='ltr' id='par_1_52' title="bbox 988 437 1775 468">
     <span class='ocr_line' id='line_1_52' title="bbox 988 437 1775 468; baseline 0.005 -4"><span class='ocrx_word' id='word_1_339' title='bbox 988 438 1093 466; x_wconf 89' lang='lat' dir='ltr'><strong>tuisset.</strong></span> <span class='ocrx_word' id='word_1_340' title='bbox 1111 447 1120 464; x_wconf 73' lang='grc' dir='ltr'><strong>ι</strong></span> <span class='ocrx_word' id='word_1_341' title='bbox 1135 437 1204 465; x_wconf 88' lang='lat' dir='ltr'><strong>Tum</strong></span> <span class='ocrx_word' id='word_1_342' title='bbox 1223 438 1338 465; x_wconf 87' lang='lat' dir='ltr'><strong>dimissa</strong></span> <span class='ocrx_word' id='word_1_343' title='bbox 1353 438 1450 466; x_wconf 89' lang='lat' dir='ltr'><strong>mulier</strong></span> <span class='ocrx_word' id='word_1_344' title='bbox 1462 439 1521 466; x_wconf 91' lang='lat' dir='ltr'><strong>fuit.</strong></span> <span class='ocrx_word' id='word_1_345' title='bbox 1532 439 1697 468; x_wconf 85' lang='lat' dir='ltr'><strong>Athanasius</strong></span> <span class='ocrx_word' id='word_1_346' title='bbox 1709 448 1775 468; x_wconf 91' lang='lat' dir='ltr'><strong>vero</strong></span> 
     </span>
    </p>
   </div>
   <div class='ocr_carea' id='block_1_53' title="bbox 987 484 1774 522">
    <p class='ocr_par' dir='ltr' id='par_1_53' title="bbox 987 484 1774 522">
     <span class='ocr_line' id='line_1_53' title="bbox 987 484 1774 522; baseline 0.004 -11"><span class='ocrx_word' id='word_1_347' title='bbox 987 491 1041 511; x_wconf 90' lang='lat' dir='ltr'><strong>non</strong></span> <span class='ocrx_word' id='word_1_348' title='bbox 1056 484 1245 511; x_wconf 87' lang='lat' dir='ltr'><strong>dimittendam</strong></span> <span class='ocrx_word' id='word_1_349' title='bbox 1259 491 1320 512; x_wconf 89' lang='lat' dir='ltr'><strong>esse</strong></span> <span class='ocrx_word' id='word_1_350' title='bbox 1336 485 1525 518; x_wconf 83' lang='lat' dir='ltr'><strong>centendebat,</strong></span> <span class='ocrx_word' id='word_1_351' title='bbox 1538 486 1586 513; x_wconf 90' lang='lat' dir='ltr'><strong>sed</strong></span> <span class='ocrx_word' id='word_1_352' title='bbox 1602 486 1774 522; x_wconf 80' lang='lat' dir='ltr'><strong>interrogan-</strong></span> 
     </span>
    </p>
   </div>
   <div class='ocr_carea' id='block_1_54' title="bbox 988 530 1776 565">
    <p class='ocr_par' dir='ltr' id='par_1_54' title="bbox 988 530 1776 565">
     <span class='ocr_line' id='line_1_54' title="bbox 988 530 1776 565; baseline 0.001 -7"><span class='ocrx_word' id='word_1_353' title='bbox 988 531 1048 558; x_wconf 79' lang='lat' dir='ltr'><strong>dam</strong></span> <span class='ocrx_word' id='word_1_354' title='bbox 1064 531 1126 565; x_wconf 88' lang='lat' dir='ltr'><strong>quis</strong></span> <span class='ocrx_word' id='word_1_355' title='bbox 1141 531 1240 558; x_wconf 89' lang='lat' dir='ltr'><strong>horum</strong></span> <span class='ocrx_word' id='word_1_356' title='bbox 1252 535 1348 558; x_wconf 89' lang='lat' dir='ltr'><strong>auctor</strong></span> <span class='ocrx_word' id='word_1_357' title='bbox 1363 535 1447 558; x_wconf 86' lang='lat' dir='ltr'><strong>esset.</strong></span> <span class='ocrx_word' id='word_1_358' title='bbox 1463 530 1563 558; x_wconf 84' lang='lat' dir='ltr'><strong>Verum</strong></span> <span class='ocrx_word' id='word_1_359' title='bbox 1579 532 1616 559; x_wconf 88' lang='lat' dir='ltr'><strong>illi</strong></span> <span class='ocrx_word' id='word_1_360' title='bbox 1640 532 1776 560; x_wconf 87' lang='lat' dir='ltr'><strong>occlama-</strong></span> 
     </span>
    </p>
   </div>
   <div class='ocr_carea' id='block_1_55' title="bbox 988 576 1775 613">
    <p class='ocr_par' dir='ltr' id='par_1_55' title="bbox 988 576 1775 613">
     <span class='ocr_line' id='line_1_55' title="bbox 988 576 1775 613; baseline 0.005 -11"><span class='ocrx_word' id='word_1_361' title='bbox 988 580 1061 609; x_wconf 89' lang='lat' dir='ltr'><strong>runt,</strong></span> <span class='ocrx_word' id='word_1_362' title='bbox 1079 576 1132 603; x_wconf 90' lang='lat' dir='ltr'><strong>alia</strong></span> <span class='ocrx_word' id='word_1_363' title='bbox 1146 583 1293 612; x_wconf 85' lang='lat' dir='ltr'><strong>superesse</strong></span> <span class='ocrx_word' id='word_1_364' title='bbox 1320 577 1436 604; x_wconf 87' lang='lat' dir='ltr'><strong>crimina</strong></span> <span class='ocrx_word' id='word_1_365' title='bbox 1453 577 1531 612; x_wconf 76' lang='lat' dir='ltr'><strong>longe</strong></span> <span class='ocrx_word' id='word_1_366' title='bbox 1552 578 1675 612; x_wconf 83' lang='lat' dir='ltr'><strong>graviora</strong></span> <span class='ocrx_word' id='word_1_367' title='bbox 1688 598 1696 611; x_wconf 94' lang='lat'><strong>,</strong></span> <span class='ocrx_word' id='word_1_368' title='bbox 1713 587 1775 613; x_wconf 82' lang='lat' dir='ltr'><strong>quae</strong></span> 
     </span>
    </p>
   </div>
   <div class='ocr_carea' id='block_1_56' title="bbox 987 621 1775 657">
    <p class='ocr_par' dir='ltr' id='par_1_56' title="bbox 987 621 1775 657">
     <span class='ocr_line' id='line_1_56' title="bbox 987 621 1775 657; baseline 0.004 -8"><span class='ocrx_word' id='word_1_369' title='bbox 987 623 1061 650; x_wconf 91' lang='lat' dir='ltr'><strong>nullo</strong></span> <span class='ocrx_word' id='word_1_370' title='bbox 1075 627 1186 657; x_wconf 88' lang='lat' dir='ltr'><strong>possent</strong></span> <span class='ocrx_word' id='word_1_371' title='bbox 1201 623 1316 650; x_wconf 82' lang='lat' dir='ltr'><strong>artiﬁcio</strong></span> <span class='ocrx_word' id='word_1_372' title='bbox 1329 621 1437 656; x_wconf 84' lang='lat' dir='ltr'><strong>depelli.</strong></span> <span class='ocrx_word' id='word_1_373' title='bbox 1453 623 1492 650; x_wconf 91' lang='lat' dir='ltr'><strong>Ac</strong></span> <span class='ocrx_word' id='word_1_374' title='bbox 1517 627 1575 650; x_wconf 89' lang='lat' dir='ltr'><strong>tum</strong></span> <span class='ocrx_word' id='word_1_375' title='bbox 1591 627 1700 651; x_wconf 91' lang='lat' dir='ltr'><strong>ventum</strong></span> <span class='ocrx_word' id='word_1_376' title='bbox 1714 631 1775 652; x_wconf 89' lang='lat' dir='ltr'><strong>esse</strong></span> 
     </span>
    </p>
   </div>
   <div class='ocr_carea' id='block_1_57' title="bbox 988 667 1617 696">
    <p class='ocr_par' dir='ltr' id='par_1_57' title="bbox 988 667 1617 696">
     <span class='ocr_line' id='line_1_57' title="bbox 988 667 1617 696; baseline 0 0"><span class='ocrx_word' id='word_1_377' title='bbox 988 669 1026 696; x_wconf 88' lang='lat' dir='ltr'><strong>ait</strong></span> <span class='ocrx_word' id='word_1_378' title='bbox 1041 668 1075 696; x_wconf 86' lang='lat' dir='ltr'><strong>ad</strong></span> <span class='ocrx_word' id='word_1_379' title='bbox 1093 668 1314 696; x_wconf 89' lang='lat' dir='ltr'><strong>criminationem</strong></span> <span class='ocrx_word' id='word_1_380' title='bbox 1329 668 1363 695; x_wconf 92' lang='lat' dir='ltr'><strong>de</strong></span> <span class='ocrx_word' id='word_1_381' title='bbox 1378 667 1496 695; x_wconf 88' lang='lat' dir='ltr'><strong>Arsenio</strong></span> <span class='ocrx_word' id='word_1_382' title='bbox 1510 674 1617 696; x_wconf 90' lang='lat' dir='ltr'><strong>enecto.</strong></span> 
     </span>
    </p>
   </div>
   <div class='ocr_carea' id='block_1_58' title="bbox 1023 713 1774 742">
    <p class='ocr_par' dir='ltr' id='par_1_58' title="bbox 1023 713 1774 742">
     <span class='ocr_line' id='line_1_58' title="bbox 1023 713 1774 742; baseline 0.001 -2"><span class='ocrx_word' id='word_1_383' title='bbox 1023 714 1050 741; x_wconf 92' lang='lat'><strong>9.</strong></span> <span class='ocrx_word' id='word_1_384' title='bbox 1065 713 1118 740; x_wconf 89' lang='lat' dir='ltr'><strong>Sed</strong></span> <span class='ocrx_word' id='word_1_385' title='bbox 1134 721 1194 741; x_wconf 90' lang='lat' dir='ltr'><strong>eam</strong></span> <span class='ocrx_word' id='word_1_386' title='bbox 1210 713 1377 741; x_wconf 65' lang='lat' dir='ltr'><strong>mulierculae</strong></span> <span class='ocrx_word' id='word_1_387' title='bbox 1394 713 1534 741; x_wconf 83' lang='lat' dir='ltr'><strong>historiam</strong></span> <span class='ocrx_word' id='word_1_388' title='bbox 1555 713 1646 741; x_wconf 89' lang='lat' dir='ltr'><strong>multis</strong></span> <span class='ocrx_word' id='word_1_389' title='bbox 1656 714 1774 742; x_wconf 87' lang='lat' dir='ltr'><strong>nomini-</strong></span> 
     </span>
    </p>
   </div>
   <div class='ocr_carea' id='block_1_59' title="bbox 987 759 1773 794">
    <p class='ocr_par' dir='ltr' id='par_1_59' title="bbox 987 759 1773 794">
     <span class='ocr_line' id='line_1_59' title="bbox 987 759 1773 794; baseline -0.001 -7"><span class='ocrx_word' id='word_1_390' title='bbox 987 759 1038 787; x_wconf 85' lang='lat' dir='ltr'><strong>bus</strong></span> <span class='ocrx_word' id='word_1_391' title='bbox 1051 764 1202 794; x_wconf 88' lang='lat' dir='ltr'><strong>suspectam</strong></span> <span class='ocrx_word' id='word_1_392' title='bbox 1215 767 1287 792; x_wconf 87' lang='lat' dir='ltr'><strong>esse,</strong></span> <span class='ocrx_word' id='word_1_393' title='bbox 1307 767 1338 786; x_wconf 90' lang='lat' dir='ltr'><strong>ac</strong></span> <span class='ocrx_word' id='word_1_394' title='bbox 1359 759 1486 794; x_wconf 78' lang='lat' dir='ltr'><strong>fingentis</strong></span> <span class='ocrx_word' id='word_1_395' title='bbox 1504 759 1591 794; x_wconf 77' lang='lat' dir='ltr'><strong>magis</strong></span> <span class='ocrx_word' id='word_1_396' title='bbox 1616 760 1773 793; x_wconf 86' lang='lat' dir='ltr'><strong>artificium,</strong></span> 
     </span>
    </p>
   </div>
   <div class='ocr_carea' id='block_1_60' title="bbox 988 805 1774 841">
    <p class='ocr_par' dir='ltr' id='par_1_60' title="bbox 988 805 1774 841">
     <span class='ocr_line' id='line_1_60' title="bbox 988 805 1774 841; baseline 0 -8"><span class='ocrx_word' id='word_1_397' title='bbox 988 814 1068 841; x_wconf 85' lang='lat' dir='ltr'><strong>quain</strong></span> <span class='ocrx_word' id='word_1_398' title='bbox 1084 813 1141 833; x_wconf 91' lang='lat' dir='ltr'><strong>rem</strong></span> <span class='ocrx_word' id='word_1_399' title='bbox 1156 813 1220 833; x_wconf 83' lang='lat' dir='ltr'><strong>vere</strong></span> <span class='ocrx_word' id='word_1_400' title='bbox 1234 810 1337 841; x_wconf 79' lang='lat' dir='ltr'><strong>gestam</strong></span> <span class='ocrx_word' id='word_1_401' title='bbox 1353 805 1438 838; x_wconf 88' lang='lat' dir='ltr'><strong>olere,</strong></span> <span class='ocrx_word' id='word_1_402' title='bbox 1455 812 1533 833; x_wconf 91' lang='lat' dir='ltr'><strong>nemo</strong></span> <span class='ocrx_word' id='word_1_403' title='bbox 1545 805 1649 833; x_wconf 89' lang='lat' dir='ltr'><strong>inlicias</strong></span> <span class='ocrx_word' id='word_1_404' title='bbox 1664 807 1774 841; x_wconf 89' lang='lat' dir='ltr'><strong>eat,qui</strong></span> 
     </span>
    </p>
   </div>
   <div class='ocr_carea' id='block_1_61' title="bbox 989 850 1775 887">
    <p class='ocr_par' dir='ltr' id='par_1_61' title="bbox 989 850 1775 887">
     <span class='ocr_line' id='line_1_61' title="bbox 989 850 1775 887; baseline -0.003 -7"><span class='ocrx_word' id='word_1_405' title='bbox 989 853 1136 880; x_wconf 85' lang='lat' dir='ltr'><strong>adverterit</strong></span> <span class='ocrx_word' id='word_1_406' title='bbox 1148 860 1208 879; x_wconf 92' lang='lat' dir='ltr'><strong>eam</strong></span> <span class='ocrx_word' id='word_1_407' title='bbox 1223 859 1276 879; x_wconf 90' lang='lat' dir='ltr'><strong>non</strong></span> <span class='ocrx_word' id='word_1_408' title='bbox 1292 852 1326 879; x_wconf 91' lang='lat' dir='ltr'><strong>ab</strong></span> <span class='ocrx_word' id='word_1_409' title='bbox 1343 851 1504 882; x_wconf 83' lang='lat' dir='ltr'><strong>Athanasio,</strong></span> <span class='ocrx_word' id='word_1_410' title='bbox 1526 851 1572 886; x_wconf 88' lang='lat' dir='ltr'><strong>qui</strong></span> <span class='ocrx_word' id='word_1_411' title='bbox 1588 859 1631 878; x_wconf 89' lang='lat' dir='ltr'><strong>res</strong></span> <span class='ocrx_word' id='word_1_412' title='bbox 1643 850 1706 887; x_wconf 89' lang='lat' dir='ltr'><strong>Tyri</strong></span> <span class='ocrx_word' id='word_1_413' title='bbox 1729 859 1775 886; x_wconf 75' lang='lat' dir='ltr'><strong>ge—</strong></span> 
     </span>
    </p>
   </div>
   <div class='ocr_carea' id='block_1_62' title="bbox 988 898 1774 933">
    <p class='ocr_par' dir='ltr' id='par_1_62' title="bbox 988 898 1774 933">
     <span class='ocr_line' id='line_1_62' title="bbox 988 898 1774 933; baseline -0.004 -6"><span class='ocrx_word' id='word_1_414' title='bbox 988 903 1044 927; x_wconf 87' lang='lat' dir='ltr'><strong>stas</strong></span> <span class='ocrx_word' id='word_1_415' title='bbox 1059 903 1185 926; x_wconf 88' lang='lat' dir='ltr'><strong>accurate</strong></span> <span class='ocrx_word' id='word_1_416' title='bbox 1200 899 1242 926; x_wconf 85' lang='lat' dir='ltr'><strong>his</strong></span> <span class='ocrx_word' id='word_1_417' title='bbox 1259 903 1334 926; x_wconf 85' lang='lat' dir='ltr'><strong>terve</strong></span> <span class='ocrx_word' id='word_1_418' title='bbox 1347 902 1481 930; x_wconf 87' lang='lat' dir='ltr'><strong>recenset,</strong></span> <span class='ocrx_word' id='word_1_419' title='bbox 1495 898 1549 925; x_wconf 91' lang='lat' dir='ltr'><strong>imo</strong></span> <span class='ocrx_word' id='word_1_420' title='bbox 1561 905 1610 925; x_wconf 89' lang='lat' dir='ltr'><strong>nec</strong></span> <span class='ocrx_word' id='word_1_421' title='bbox 1630 905 1645 924; x_wconf 89' lang='lat' dir='ltr'><strong>a</strong></span> <span class='ocrx_word' id='word_1_422' title='bbox 1663 898 1774 933; x_wconf 87' lang='lat' dir='ltr'><strong>synodis</strong></span> 
     </span>
    </p>
   </div>
   <div class='ocr_carea' id='block_1_63' title="bbox 987 943 1775 977">
    <p class='ocr_par' dir='ltr' id='par_1_63' title="bbox 987 943 1775 977">
     <span class='ocr_line' id='line_1_63' title="bbox 987 943 1775 977; baseline -0.003 -5"><span class='ocrx_word' id='word_1_423' title='bbox 987 944 1181 976; x_wconf 82' lang='lat' dir='ltr'><strong>Alexandrina,</strong></span> <span class='ocrx_word' id='word_1_424' title='bbox 1199 944 1321 971; x_wconf 85' lang='lat' dir='ltr'><strong>Romana</strong></span> <span class='ocrx_word' id='word_1_425' title='bbox 1335 943 1386 972; x_wconf 88' lang='lat' dir='ltr'><strong>sub</strong></span> <span class='ocrx_word' id='word_1_426' title='bbox 1401 943 1490 977; x_wconf 81' lang='lat' dir='ltr'><strong>Julio,</strong></span> <span class='ocrx_word' id='word_1_427' title='bbox 1505 949 1532 971; x_wconf 89' lang='lat' dir='ltr'><strong>et</strong></span> <span class='ocrx_word' id='word_1_428' title='bbox 1548 944 1702 971; x_wconf 88' lang='lat' dir='ltr'><strong>Sardicensi</strong></span> <span class='ocrx_word' id='word_1_429' title='bbox 1719 951 1775 970; x_wconf 87' lang='lat' dir='ltr'><strong>me-</strong></span> 
     </span>
    </p>
   </div>
   <div class='ocr_carea' id='block_1_64' title="bbox 987 989 1776 1024">
    <p class='ocr_par' dir='ltr' id='par_1_64' title="bbox 987 989 1776 1024">
     <span class='ocr_line' id='line_1_64' title="bbox 987 989 1776 1024; baseline -0.003 -7"><span class='ocrx_word' id='word_1_430' title='bbox 987 990 1099 1021; x_wconf 84' lang='lat' dir='ltr'><strong>morari,</strong></span> <span class='ocrx_word' id='word_1_431' title='bbox 1112 990 1139 1016; x_wconf 92' lang='lat' dir='ltr'><strong>in</strong></span> <span class='ocrx_word' id='word_1_432' title='bbox 1153 997 1266 1023; x_wconf 90' lang='lat' dir='ltr'><strong>quarum</strong></span> <span class='ocrx_word' id='word_1_433' title='bbox 1285 990 1422 1024; x_wconf 89' lang='lat' dir='ltr'><strong>synodicis</strong></span> <span class='ocrx_word' id='word_1_434' title='bbox 1438 989 1558 1023; x_wconf 82' lang='lat' dir='ltr'><strong>epistolis</strong></span> <span class='ocrx_word' id='word_1_435' title='bbox 1570 989 1692 1023; x_wconf 90' lang='lat' dir='ltr'><strong>pluribus</strong></span> <span class='ocrx_word' id='word_1_436' title='bbox 1708 995 1776 1016; x_wconf 91' lang='lat' dir='ltr'><strong>enu-</strong></span> 
     </span>
    </p>
   </div>
   <div class='ocr_carea' id='block_1_65' title="bbox 987 1033 1773 1068">
    <p class='ocr_par' dir='ltr' id='par_1_65' title="bbox 987 1033 1773 1068">
     <span class='ocr_line' id='line_1_65' title="bbox 987 1033 1773 1068; baseline 0 -8"><span class='ocrx_word' id='word_1_437' title='bbox 987 1037 1128 1061; x_wconf 87' lang='lat' dir='ltr'><strong>merantur</strong></span> <span class='ocrx_word' id='word_1_438' title='bbox 1143 1033 1203 1061; x_wconf 72' lang='lat' dir='ltr'><strong>alia:</strong></span> <span class='ocrx_word' id='word_1_439' title='bbox 1213 1033 1430 1068; x_wconf 79' lang='lat' dir='ltr'><strong>Eusebianorum</strong></span> <span class='ocrx_word' id='word_1_440' title='bbox 1445 1035 1472 1060; x_wconf 92' lang='lat' dir='ltr'><strong>in</strong></span> <span class='ocrx_word' id='word_1_441' title='bbox 1498 1034 1677 1061; x_wconf 88' lang='lat' dir='ltr'><strong>Athanasium</strong></span> <span class='ocrx_word' id='word_1_442' title='bbox 1694 1035 1773 1062; x_wconf 85' lang='lat' dir='ltr'><strong>ador-</strong></span> 
     </span>
    </p>
   </div>
   <div class='ocr_carea' id='block_1_66' title="bbox 986 1080 1776 1113">
    <p class='ocr_par' dir='ltr' id='par_1_66' title="bbox 986 1080 1776 1113">
     <span class='ocr_line' id='line_1_66' title="bbox 986 1080 1776 1113; baseline 0.003 -6"><span class='ocrx_word' id='word_1_443' title='bbox 986 1084 1057 1108; x_wconf 62' lang='lat' dir='ltr'><strong>natae</strong></span> <span class='ocrx_word' id='word_1_444' title='bbox 1067 1080 1285 1108; x_wconf 89' lang='lat' dir='ltr'><strong>criminationes.</strong></span> <span class='ocrx_word' id='word_1_445' title='bbox 1299 1080 1364 1113; x_wconf 62' lang='lat' dir='ltr'><strong>Quae</strong></span> <span class='ocrx_word' id='word_1_446' title='bbox 1381 1089 1445 1109; x_wconf 89' lang='lat' dir='ltr'><strong>vero</strong></span> <span class='ocrx_word' id='word_1_447' title='bbox 1458 1088 1539 1109; x_wconf 89' lang='lat' dir='ltr'><strong>causa</strong></span> <span class='ocrx_word' id='word_1_448' title='bbox 1552 1081 1619 1108; x_wconf 84' lang='lat' dir='ltr'><strong>tanti</strong></span> <span class='ocrx_word' id='word_1_449' title='bbox 1648 1081 1776 1109; x_wconf 84' lang='lat' dir='ltr'><strong>facinoris</strong></span> 
     </span>
    </p>
   </div>
   <div class='ocr_carea' id='block_1_67' title="bbox 987 1125 1776 1161">
    <p class='ocr_par' dir='ltr' id='par_1_67' title="bbox 987 1125 1776 1161">
     <span class='ocr_line' id='line_1_67' title="bbox 987 1125 1776 1161; baseline 0.003 -9"><span class='ocrx_word' id='word_1_450' title='bbox 987 1125 1096 1153; x_wconf 87' lang='lat' dir='ltr'><strong>silentio</strong></span> <span class='ocrx_word' id='word_1_451' title='bbox 1108 1126 1346 1160; x_wconf 65' lang='lat' dir='ltr'><strong>prmtermittendi,</strong></span> <span class='ocrx_word' id='word_1_452' title='bbox 1367 1127 1538 1161; x_wconf 89' lang='lat' dir='ltr'><strong>potissimum</strong></span> <span class='ocrx_word' id='word_1_453' title='bbox 1564 1127 1591 1154; x_wconf 94' lang='lat' dir='ltr'><strong>in</strong></span> <span class='ocrx_word' id='word_1_454' title='bbox 1619 1126 1776 1154; x_wconf 84' lang='lat' dir='ltr'><strong>Sardicensi</strong></span> 
     </span>
    </p>
   </div>
   <div class='ocr_carea' id='block_1_68' title="bbox 987 1172 1775 1208">
    <p class='ocr_par' dir='ltr' id='par_1_68' title="bbox 987 1172 1775 1208">
     <span class='ocr_line' id='line_1_68' title="bbox 987 1172 1775 1208; baseline 0 -9"><span class='ocrx_word' id='word_1_455' title='bbox 987 1172 1100 1208; x_wconf 84' lang='lat' dir='ltr'><strong>synodo,</strong></span> <span class='ocrx_word' id='word_1_456' title='bbox 1116 1172 1226 1207; x_wconf 88' lang='lat' dir='ltr'><strong>quando</strong></span> <span class='ocrx_word' id='word_1_457' title='bbox 1244 1179 1259 1199; x_wconf 91' lang='lat' dir='ltr'><strong>e</strong></span> <span class='ocrx_word' id='word_1_458' title='bbox 1277 1180 1306 1200; x_wconf 88' lang='lat' dir='ltr'><strong>re</strong></span> <span class='ocrx_word' id='word_1_459' title='bbox 1320 1172 1430 1200; x_wconf 87' lang='lat' dir='ltr'><strong>Patrum</strong></span> <span class='ocrx_word' id='word_1_460' title='bbox 1450 1177 1511 1201; x_wconf 89' lang='lat' dir='ltr'><strong>erat</strong></span> <span class='ocrx_word' id='word_1_461' title='bbox 1528 1173 1554 1200; x_wconf 92' lang='lat' dir='ltr'><strong>id</strong></span> <span class='ocrx_word' id='word_1_462' title='bbox 1572 1173 1643 1200; x_wconf 90' lang='lat' dir='ltr'><strong>inter</strong></span> <span class='ocrx_word' id='word_1_463' title='bbox 1667 1173 1718 1200; x_wconf 91' lang='lat' dir='ltr'><strong>alia</strong></span> <span class='ocrx_word' id='word_1_464' title='bbox 1732 1172 1775 1199; x_wconf 90' lang='lat' dir='ltr'><strong>af-</strong></span> 
     </span>
    </p>
   </div>
   <div class='ocr_carea' id='block_1_69' title="bbox 988 1217 1775 1253">
    <p class='ocr_par' dir='ltr' id='par_1_69' title="bbox 988 1217 1775 1253">
     <span class='ocr_line' id='line_1_69' title="bbox 988 1217 1775 1253; baseline 0.001 -9"><span class='ocrx_word' id='word_1_465' title='bbox 988 1217 1070 1250; x_wconf 86' lang='lat' dir='ltr'><strong>ferre,</strong></span> <span class='ocrx_word' id='word_1_466' title='bbox 1088 1225 1142 1252; x_wconf 88' lang='lat' dir='ltr'><strong>quo</strong></span> <span class='ocrx_word' id='word_1_467' title='bbox 1161 1217 1291 1252; x_wconf 88' lang='lat' dir='ltr'><strong>liquidius</strong></span> <span class='ocrx_word' id='word_1_468' title='bbox 1303 1218 1372 1245; x_wconf 89' lang='lat' dir='ltr'><strong>foret</strong></span> <span class='ocrx_word' id='word_1_469' title='bbox 1384 1218 1447 1253; x_wconf 84' lang='lat' dir='ltr'><strong>jure</strong></span> <span class='ocrx_word' id='word_1_470' title='bbox 1467 1226 1500 1246; x_wconf 90' lang='lat' dir='ltr'><strong>ac</strong></span> <span class='ocrx_word' id='word_1_471' title='bbox 1519 1219 1616 1246; x_wconf 90' lang='lat' dir='ltr'><strong>merito</strong></span> <span class='ocrx_word' id='word_1_472' title='bbox 1631 1223 1711 1246; x_wconf 71' lang='lat' dir='ltr'><strong>tanta:</strong></span> <span class='ocrx_word' id='word_1_473' title='bbox 1725 1225 1775 1246; x_wconf 85' lang='lat' dir='ltr'><strong>ca-</strong></span> 
     </span>
    </p>
   </div>
   <div class='ocr_carea' id='block_1_70' title="bbox 987 1263 1776 1298">
    <p class='ocr_par' dir='ltr' id='par_1_70' title="bbox 987 1263 1776 1298">
     <span class='ocr_line' id='line_1_70' title="bbox 987 1263 1776 1298; baseline 0.001 -8"><span class='ocrx_word' id='word_1_474' title='bbox 987 1263 1095 1290; x_wconf 68' lang='lat' dir='ltr'><strong>lumnia:</strong></span> <span class='ocrx_word' id='word_1_475' title='bbox 1106 1263 1223 1291; x_wconf 83' lang='lat' dir='ltr'><strong>artifices</strong></span> <span class='ocrx_word' id='word_1_476' title='bbox 1236 1264 1357 1291; x_wconf 87' lang='lat' dir='ltr'><strong>damnari</strong></span> <span class='ocrx_word' id='word_1_477' title='bbox 1375 1269 1402 1291; x_wconf 88' lang='lat' dir='ltr'><strong>et</strong></span> <span class='ocrx_word' id='word_1_478' title='bbox 1413 1264 1553 1292; x_wconf 78' lang='lat' dir='ltr'><strong>abdicari?</strong></span> <span class='ocrx_word' id='word_1_479' title='bbox 1567 1264 1701 1298; x_wconf 86' lang='lat' dir='ltr'><strong>Quorsum</strong></span> <span class='ocrx_word' id='word_1_480' title='bbox 1711 1264 1776 1291; x_wconf 84' lang='lat' dir='ltr'><strong>Phi-</strong></span> 
     </span>
    </p>
   </div>
   <div class='ocr_carea' id='block_1_71' title="bbox 987 1309 1776 1345">
    <p class='ocr_par' dir='ltr' id='par_1_71' title="bbox 987 1309 1776 1345">
     <span class='ocr_line' id='line_1_71' title="bbox 987 1309 1776 1345; baseline 0.003 -10"><span class='ocrx_word' id='word_1_481' title='bbox 987 1309 1171 1344; x_wconf 82' lang='lat' dir='ltr'><strong>lippopolitani</strong></span> <span class='ocrx_word' id='word_1_482' title='bbox 1199 1310 1329 1344; x_wconf 63' lang='lat' dir='ltr'><strong>praesules</strong></span> <span class='ocrx_word' id='word_1_483' title='bbox 1358 1310 1548 1343; x_wconf 81' lang='lat' dir='ltr'><strong>conscelerati,</strong></span> <span class='ocrx_word' id='word_1_484' title='bbox 1568 1311 1690 1345; x_wconf 86' lang='lat' dir='ltr'><strong>repetitis</strong></span> <span class='ocrx_word' id='word_1_485' title='bbox 1712 1310 1776 1338; x_wconf 78' lang='lat' dir='ltr'><strong>aliis</strong></span> 
     </span>
    </p>
   </div>
   <div class='ocr_carea' id='block_1_72' title="bbox 988 1355 1775 1390">
    <p class='ocr_par' dir='ltr' id='par_1_72' title="bbox 988 1355 1775 1390">
     <span class='ocr_line' id='line_1_72' title="bbox 988 1355 1775 1390; baseline 0.003 -9"><span class='ocrx_word' id='word_1_486' title='bbox 988 1355 1015 1382; x_wconf 91' lang='lat' dir='ltr'><strong>in</strong></span> <span class='ocrx_word' id='word_1_487' title='bbox 1028 1355 1204 1383; x_wconf 86' lang='lat' dir='ltr'><strong>Athanasium</strong></span> <span class='ocrx_word' id='word_1_488' title='bbox 1221 1355 1467 1390; x_wconf 86' lang='lat' dir='ltr'><strong>criminationibus,</strong></span> <span class='ocrx_word' id='word_1_489' title='bbox 1488 1357 1559 1383; x_wconf 90' lang='lat' dir='ltr'><strong>hanc</strong></span> <span class='ocrx_word' id='word_1_490' title='bbox 1575 1356 1707 1384; x_wconf 81' lang='lat' dir='ltr'><strong>taceant?</strong></span> <span class='ocrx_word' id='word_1_491' title='bbox 1721 1356 1775 1384; x_wconf 91' lang='lat' dir='ltr'><strong>Cur</strong></span> 
     </span>
    </p>
   </div>
   <div class='ocr_carea' id='block_1_73' title="bbox 987 1400 1776 1438">
    <p class='ocr_par' dir='ltr' id='par_1_73' title="bbox 987 1400 1776 1438">
     <span class='ocr_line' id='line_1_73' title="bbox 987 1400 1776 1438; baseline 0.004 -10"><span class='ocrx_word' id='word_1_492' title='bbox 987 1400 1153 1436; x_wconf 82' lang='lat' dir='ltr'><strong>Epiphanius</strong></span> <span class='ocrx_word' id='word_1_493' title='bbox 1168 1406 1195 1429; x_wconf 88' lang='lat' dir='ltr'><strong>et</strong></span> <span class='ocrx_word' id='word_1_494' title='bbox 1208 1402 1334 1430; x_wconf 81' lang='lat' dir='ltr'><strong>Socrates</strong></span> <span class='ocrx_word' id='word_1_495' title='bbox 1345 1407 1398 1430; x_wconf 89' lang='lat' dir='ltr'><strong>tam</strong></span> <span class='ocrx_word' id='word_1_496' title='bbox 1412 1403 1501 1431; x_wconf 90' lang='lat' dir='ltr'><strong>nobile</strong></span> <span class='ocrx_word' id='word_1_497' title='bbox 1518 1402 1649 1438; x_wconf 81' lang='lat' dir='ltr'><strong>ﬂagitium</strong></span> <span class='ocrx_word' id='word_1_498' title='bbox 1663 1404 1776 1432; x_wconf 81' lang='lat' dir='ltr'><strong>Ariano-</strong></span> 
     </span>
    </p>
   </div>
   <div class='ocr_carea' id='block_1_74' title="bbox 988 1448 1776 1485">
    <p class='ocr_par' dir='ltr' id='par_1_74' title="bbox 988 1448 1776 1485">
     <span class='ocr_line' id='line_1_74' title="bbox 988 1448 1776 1485; baseline 0.004 -12"><span class='ocrx_word' id='word_1_499' title='bbox 988 1454 1048 1474; x_wconf 90' lang='lat' dir='ltr'><strong>rum</strong></span> <span class='ocrx_word' id='word_1_500' title='bbox 1062 1448 1198 1480; x_wconf 83' lang='lat' dir='ltr'><strong>omittam,</strong></span> <span class='ocrx_word' id='word_1_501' title='bbox 1213 1448 1236 1475; x_wconf 88' lang='lat' dir='ltr'><strong>si</strong></span> <span class='ocrx_word' id='word_1_502' title='bbox 1252 1456 1314 1476; x_wconf 90' lang='lat' dir='ltr'><strong>vere</strong></span> <span class='ocrx_word' id='word_1_503' title='bbox 1325 1453 1443 1483; x_wconf 73' lang='lat' dir='ltr'><strong>gestum,</strong></span> <span class='ocrx_word' id='word_1_504' title='bbox 1465 1449 1510 1484; x_wconf 89' lang='lat' dir='ltr'><strong>qui</strong></span> <span class='ocrx_word' id='word_1_505' title='bbox 1533 1449 1654 1484; x_wconf 90' lang='lat' dir='ltr'><strong>pluribus</strong></span> <span class='ocrx_word' id='word_1_506' title='bbox 1678 1448 1776 1485; x_wconf 89' lang='lat' dir='ltr'><strong>Tyrias</strong></span> 
     </span>
    </p>
   </div>
   <div class='ocr_carea' id='block_1_75' title="bbox 989 1493 1776 1530">
    <p class='ocr_par' dir='ltr' id='par_1_75' title="bbox 989 1493 1776 1530">
     <span class='ocr_line' id='line_1_75' title="bbox 989 1493 1776 1530; baseline 0.003 -10"><span class='ocrx_word' id='word_1_507' title='bbox 989 1500 1032 1521; x_wconf 83' lang='lat' dir='ltr'><strong>res</strong></span> <span class='ocrx_word' id='word_1_508' title='bbox 1043 1494 1266 1529; x_wconf 80' lang='lat' dir='ltr'><strong>persequuntur?</strong></span> <span class='ocrx_word' id='word_1_509' title='bbox 1281 1495 1313 1521; x_wconf 87' lang='lat' dir='ltr'><strong>Et</strong></span> <span class='ocrx_word' id='word_1_510' title='bbox 1328 1501 1394 1522; x_wconf 82' lang='lat' dir='ltr'><strong>sane</strong></span> <span class='ocrx_word' id='word_1_511' title='bbox 1405 1493 1574 1522; x_wconf 78' lang='lat' dir='ltr'><strong>Sozomenus</strong></span> <span class='ocrx_word' id='word_1_512' title='bbox 1585 1514 1593 1526; x_wconf 89' lang='grc'>,</span> <span class='ocrx_word' id='word_1_513' title='bbox 1611 1495 1656 1530; x_wconf 87' lang='lat' dir='ltr'><strong>qui</strong></span> <span class='ocrx_word' id='word_1_514' title='bbox 1671 1502 1704 1522; x_wconf 80' lang='lat' dir='ltr'><strong>ex</strong></span> <span class='ocrx_word' id='word_1_515' title='bbox 1719 1494 1776 1522; x_wconf 87' lang='lat' dir='ltr'><strong>Ru-</strong></span> 
     </span>
    </p>
   </div>
   <div class='ocr_carea' id='block_1_76' title="bbox 990 1540 1774 1574">
    <p class='ocr_par' dir='ltr' id='par_1_76' title="bbox 990 1540 1774 1574">
     <span class='ocr_line' id='line_1_76' title="bbox 990 1540 1774 1574; baseline 0.001 -7"><span class='ocrx_word' id='word_1_516' title='bbox 990 1540 1044 1567; x_wconf 83' lang='lat' dir='ltr'><strong>fino</strong></span> <span class='ocrx_word' id='word_1_517' title='bbox 1056 1547 1116 1568; x_wconf 91' lang='lat' dir='ltr'><strong>eam</strong></span> <span class='ocrx_word' id='word_1_518' title='bbox 1130 1540 1269 1568; x_wconf 83' lang='lat' dir='ltr'><strong>historiam</strong></span> <span class='ocrx_word' id='word_1_519' title='bbox 1281 1561 1288 1574; x_wconf 94' lang='lat'><strong>,</strong></span> <span class='ocrx_word' id='word_1_520' title='bbox 1317 1546 1346 1568; x_wconf 92' lang='lat' dir='ltr'><strong>ut</strong></span> <span class='ocrx_word' id='word_1_521' title='bbox 1365 1545 1392 1569; x_wconf 91' lang='lat' dir='ltr'><strong>et</strong></span> <span class='ocrx_word' id='word_1_522' title='bbox 1411 1540 1610 1574; x_wconf 86' lang='lat' dir='ltr'><strong>Theodoretus,</strong></span> <span class='ocrx_word' id='word_1_523' title='bbox 1636 1545 1774 1568; x_wconf 73' lang='lat' dir='ltr'><strong>mutuatus</strong></span> 
     </span>
    </p>
   </div>
   <div class='ocr_carea' id='block_1_77' title="bbox 988 1586 1773 1623">
    <p class='ocr_par' dir='ltr' id='par_1_77' title="bbox 988 1586 1773 1623">
     <span class='ocr_line' id='line_1_77' title="bbox 988 1586 1773 1623; baseline 0 -9"><span class='ocrx_word' id='word_1_524' title='bbox 988 1591 1038 1619; x_wconf 85' lang='lat' dir='ltr'><strong>est,</strong></span> <span class='ocrx_word' id='word_1_525' title='bbox 1053 1586 1153 1614; x_wconf 83' lang='lat' dir='ltr'><strong>fatetur</strong></span> <span class='ocrx_word' id='word_1_526' title='bbox 1163 1594 1222 1614; x_wconf 90' lang='lat' dir='ltr'><strong>eam</strong></span> <span class='ocrx_word' id='word_1_527' title='bbox 1237 1595 1289 1615; x_wconf 91' lang='lat' dir='ltr'><strong>non</strong></span> <span class='ocrx_word' id='word_1_528' title='bbox 1305 1587 1332 1615; x_wconf 92' lang='lat' dir='ltr'><strong>in</strong></span> <span class='ocrx_word' id='word_1_529' title='bbox 1344 1587 1413 1615; x_wconf 84' lang='lat' dir='ltr'><strong>actis</strong></span> <span class='ocrx_word' id='word_1_530' title='bbox 1421 1587 1595 1623; x_wconf 87' lang='lat' dir='ltr'><strong>synodalibus</strong></span> <span class='ocrx_word' id='word_1_531' title='bbox 1607 1594 1773 1622; x_wconf 86' lang='lat' dir='ltr'><strong>comparere,</strong></span> 
     </span>
    </p>
   </div>
   <div class='ocr_carea' id='block_1_78' title="bbox 987 1633 1773 1669">
    <p class='ocr_par' dir='ltr' id='par_1_78' title="bbox 987 1633 1773 1669">
     <span class='ocr_line' id='line_1_78' title="bbox 987 1633 1773 1669; baseline 0.003 -10"><span class='ocrx_word' id='word_1_532' title='bbox 987 1633 1044 1666; x_wconf 85' lang='lat' dir='ltr'><strong>sed,</strong></span> <span class='ocrx_word' id='word_1_533' title='bbox 1059 1637 1152 1668; x_wconf 90' lang='lat' dir='ltr'><strong>utpote</strong></span> <span class='ocrx_word' id='word_1_534' title='bbox 1164 1638 1269 1669; x_wconf 88' lang='lat' dir='ltr'><strong>turpem</strong></span> <span class='ocrx_word' id='word_1_535' title='bbox 1285 1638 1313 1662; x_wconf 88' lang='lat' dir='ltr'><strong>et</strong></span> <span class='ocrx_word' id='word_1_536' title='bbox 1338 1633 1491 1667; x_wconf 88' lang='lat' dir='ltr'><strong>ridiculam,</strong></span> <span class='ocrx_word' id='word_1_537' title='bbox 1519 1633 1649 1661; x_wconf 80' lang='lat' dir='ltr'><strong>omissam</strong></span> <span class='ocrx_word' id='word_1_538' title='bbox 1678 1633 1773 1661; x_wconf 87' lang='lat' dir='ltr'><strong>fuisse.</strong></span> 
     </span>
    </p>
   </div>
   <div class='ocr_carea' id='block_1_79' title="bbox 986 1675 1773 1715">
    <p class='ocr_par' dir='ltr' id='par_1_79' title="bbox 986 1675 1773 1715">
     <span class='ocr_line' id='line_1_79' title="bbox 986 1675 1773 1715; baseline 0.001 -9"><span class='ocrx_word' id='word_1_539' title='bbox 986 1679 1069 1712; x_wconf 85' lang='lat' dir='ltr'><strong>Quasi</strong></span> <span class='ocrx_word' id='word_1_540' title='bbox 1092 1686 1156 1706; x_wconf 90' lang='lat' dir='ltr'><strong>vero</strong></span> <span class='ocrx_word' id='word_1_541' title='bbox 1177 1679 1203 1706; x_wconf 89' lang='lat' dir='ltr'><strong>id</strong></span> <span class='ocrx_word' id='word_1_542' title='bbox 1218 1687 1293 1707; x_wconf 91' lang='lat' dir='ltr'><strong>more</strong></span> <span class='ocrx_word' id='word_1_543' title='bbox 1312 1684 1451 1714; x_wconf 89' lang='lat' dir='ltr'><strong>receptum</strong></span> <span class='ocrx_word' id='word_1_544' title='bbox 1475 1680 1522 1713; x_wconf 87' lang='lat' dir='ltr'><strong>sit,</strong></span> <span class='ocrx_word' id='word_1_545' title='bbox 1534 1675 1564 1707; x_wconf 77' lang='lat' dir='ltr'><strong>ut</strong></span> <span class='ocrx_word' id='word_1_546' title='bbox 1576 1680 1602 1707; x_wconf 94' lang='lat' dir='ltr'><strong>in</strong></span> <span class='ocrx_word' id='word_1_547' title='bbox 1615 1679 1717 1715; x_wconf 86' lang='lat' dir='ltr'><strong>judicio</strong></span> <span class='ocrx_word' id='word_1_548' title='bbox 1731 1686 1773 1707; x_wconf 89' lang='lat' dir='ltr'><strong>ta-</strong></span> 
     </span>
    </p>
   </div>
   <div class='ocr_carea' id='block_1_80' title="bbox 986 1725 1773 1760">
    <p class='ocr_par' dir='ltr' id='par_1_80' title="bbox 986 1725 1773 1760">
     <span class='ocr_line' id='line_1_80' title="bbox 986 1725 1773 1760; baseline 0.001 -8"><span class='ocrx_word' id='word_1_549' title='bbox 986 1730 1098 1752; x_wconf 88' lang='lat' dir='ltr'><strong>ceantur</strong></span> <span class='ocrx_word' id='word_1_550' title='bbox 1117 1733 1222 1754; x_wconf 88' lang='lat' dir='ltr'><strong>reorum</strong></span> <span class='ocrx_word' id='word_1_551' title='bbox 1237 1725 1391 1759; x_wconf 68' lang='lat' dir='ltr'><strong>calumniae,</strong></span> <span class='ocrx_word' id='word_1_552' title='bbox 1405 1733 1464 1753; x_wconf 89' lang='lat' dir='ltr'><strong>cum</strong></span> <span class='ocrx_word' id='word_1_553' title='bbox 1482 1730 1583 1760; x_wconf 84' lang='lat' dir='ltr'><strong>turpes,</strong></span> <span class='ocrx_word' id='word_1_554' title='bbox 1595 1733 1655 1753; x_wconf 91' lang='lat' dir='ltr'><strong>cum</strong></span> <span class='ocrx_word' id='word_1_555' title='bbox 1671 1725 1773 1753; x_wconf 84' lang='lat' dir='ltr'><strong>ridicu-</strong></span> 
     </span>
    </p>
   </div>
   <div class='ocr_carea' id='block_1_81' title="bbox 986 1771 1774 1806">
    <p class='ocr_par' dir='ltr' id='par_1_81' title="bbox 986 1771 1774 1806">
     <span class='ocr_line' id='line_1_81' title="bbox 986 1771 1774 1806; baseline -0.001 -7"><span class='ocrx_word' id='word_1_556' title='bbox 986 1772 1018 1799; x_wconf 69' lang='lat' dir='ltr'><strong>lae</strong></span> <span class='ocrx_word' id='word_1_557' title='bbox 1033 1778 1106 1804; x_wconf 90' lang='lat' dir='ltr'><strong>sunt,</strong></span> <span class='ocrx_word' id='word_1_558' title='bbox 1131 1772 1176 1799; x_wconf 91' lang='lat' dir='ltr'><strong>ubi</strong></span> <span class='ocrx_word' id='word_1_559' title='bbox 1193 1779 1209 1799; x_wconf 87' lang='lat' dir='ltr'><strong>e</strong></span> <span class='ocrx_word' id='word_1_560' title='bbox 1235 1779 1263 1798; x_wconf 91' lang='lat' dir='ltr'><strong>re</strong></span> <span class='ocrx_word' id='word_1_561' title='bbox 1285 1771 1407 1806; x_wconf 89' lang='lat' dir='ltr'><strong>judicum</strong></span> <span class='ocrx_word' id='word_1_562' title='bbox 1423 1775 1475 1803; x_wconf 89' lang='lat' dir='ltr'><strong>est,</strong></span> <span class='ocrx_word' id='word_1_563' title='bbox 1492 1775 1521 1798; x_wconf 94' lang='lat' dir='ltr'><strong>ut</strong></span> <span class='ocrx_word' id='word_1_564' title='bbox 1545 1775 1636 1806; x_wconf 87' lang='lat' dir='ltr'><strong>pateat</strong></span> <span class='ocrx_word' id='word_1_565' title='bbox 1649 1771 1774 1798; x_wconf 88' lang='lat' dir='ltr'><strong>omnibus</strong></span> 
     </span>
    </p>
   </div>
   <div class='ocr_carea' id='block_1_82' title="bbox 983 1817 1773 1853">
    <p class='ocr_par' dir='ltr' id='par_1_82' title="bbox 983 1817 1773 1853">
     <span class='ocr_line' id='line_1_82' title="bbox 983 1817 1773 1853; baseline 0 -7"><span class='ocrx_word' id='word_1_566' title='bbox 983 1818 1044 1853; x_wconf 87' lang='lat' dir='ltr'><strong>jure</strong></span> <span class='ocrx_word' id='word_1_567' title='bbox 1059 1826 1091 1845; x_wconf 90' lang='lat' dir='ltr'><strong>ac</strong></span> <span class='ocrx_word' id='word_1_568' title='bbox 1106 1819 1204 1846; x_wconf 90' lang='lat' dir='ltr'><strong>merito</strong></span> <span class='ocrx_word' id='word_1_569' title='bbox 1216 1817 1298 1853; x_wconf 75' lang='lat' dir='ltr'><strong>inﬂigi</strong></span> <span class='ocrx_word' id='word_1_570' title='bbox 1327 1825 1432 1853; x_wconf 61' lang='lat' dir='ltr'><strong>poenas.</strong></span> <span class='ocrx_word' id='word_1_571' title='bbox 1445 1817 1478 1845; x_wconf 83' lang='lat' dir='ltr'><strong>Et</strong></span> <span class='ocrx_word' id='word_1_572' title='bbox 1494 1818 1614 1853; x_wconf 87' lang='lat' dir='ltr'><strong>alioquin</strong></span> <span class='ocrx_word' id='word_1_573' title='bbox 1640 1825 1694 1846; x_wconf 93' lang='lat' dir='ltr'><strong>non</strong></span> <span class='ocrx_word' id='word_1_574' title='bbox 1711 1819 1773 1846; x_wconf 89' lang='lat' dir='ltr'><strong>talis</strong></span> 
     </span>
    </p>
   </div>
   <div class='ocr_carea' id='block_1_83' title="bbox 986 1863 1774 1899">
    <p class='ocr_par' dir='ltr' id='par_1_83' title="bbox 986 1863 1774 1899">
     <span class='ocr_line' id='line_1_83' title="bbox 986 1863 1774 1899; baseline -0.003 -6"><span class='ocrx_word' id='word_1_575' title='bbox 986 1867 1043 1894; x_wconf 66' lang='lat' dir='ltr'><strong>haec</strong></span> <span class='ocrx_word' id='word_1_576' title='bbox 1057 1865 1169 1893; x_wconf 84' lang='lat' dir='ltr'><strong>historia</strong></span> <span class='ocrx_word' id='word_1_577' title='bbox 1180 1869 1222 1893; x_wconf 89' lang='lat' dir='ltr'><strong>est</strong></span> <span class='ocrx_word' id='word_1_578' title='bbox 1239 1865 1282 1892; x_wconf 90' lang='lat' dir='ltr'><strong>cui</strong></span> <span class='ocrx_word' id='word_1_579' title='bbox 1297 1865 1385 1892; x_wconf 89' lang='lat' dir='ltr'><strong>honos</strong></span> <span class='ocrx_word' id='word_1_580' title='bbox 1401 1863 1555 1899; x_wconf 58' lang='lat' dir='ltr'><strong>praefandus</strong></span> <span class='ocrx_word' id='word_1_581' title='bbox 1567 1864 1620 1897; x_wconf 88' lang='lat' dir='ltr'><strong>sit;</strong></span> <span class='ocrx_word' id='word_1_582' title='bbox 1636 1871 1697 1892; x_wconf 90' lang='lat' dir='ltr'><strong>cum</strong></span> <span class='ocrx_word' id='word_1_583' title='bbox 1714 1872 1774 1891; x_wconf 87' lang='lat' dir='ltr'><strong>ma-</strong></span> 
     </span>
    </p>
   </div>
   <div class='ocr_carea' id='block_1_84' title="bbox 985 1909 1775 1945">
    <p class='ocr_par' dir='ltr' id='par_1_84' title="bbox 985 1909 1775 1945">
     <span class='ocr_line' id='line_1_84' title="bbox 985 1909 1775 1945; baseline 0.001 -8"><span class='ocrx_word' id='word_1_584' title='bbox 985 1911 1057 1938; x_wconf 83' lang='lat' dir='ltr'><strong>xime</strong></span> <span class='ocrx_word' id='word_1_585' title='bbox 1073 1910 1249 1945; x_wconf 83' lang='lat' dir='ltr'><strong>quantumvis</strong></span> <span class='ocrx_word' id='word_1_586' title='bbox 1268 1915 1346 1945; x_wconf 90' lang='lat' dir='ltr'><strong>turpe</strong></span> <span class='ocrx_word' id='word_1_587' title='bbox 1365 1909 1466 1937; x_wconf 90' lang='lat' dir='ltr'><strong>factum</strong></span> <span class='ocrx_word' id='word_1_588' title='bbox 1488 1910 1574 1945; x_wconf 83' lang='lat' dir='ltr'><strong>possit</strong></span> <span class='ocrx_word' id='word_1_589' title='bbox 1596 1910 1711 1945; x_wconf 91' lang='lat' dir='ltr'><strong>carptim</strong></span> <span class='ocrx_word' id='word_1_590' title='bbox 1728 1910 1775 1938; x_wconf 79' lang='lat' dir='ltr'><strong>ho-</strong></span> 
     </span>
    </p>
   </div>
   <div class='ocr_carea' id='block_1_85' title="bbox 986 1956 1774 1993">
    <p class='ocr_par' dir='ltr' id='par_1_85' title="bbox 986 1956 1774 1993">
     <span class='ocr_line' id='line_1_85' title="bbox 986 1956 1774 1993; baseline -0.001 -8"><span class='ocrx_word' id='word_1_591' title='bbox 986 1963 1117 1993; x_wconf 88' lang='lat' dir='ltr'><strong>nesteque</strong></span> <span class='ocrx_word' id='word_1_592' title='bbox 1134 1958 1253 1985; x_wconf 88' lang='lat' dir='ltr'><strong>narrari.</strong></span> <span class='ocrx_word' id='word_1_593' title='bbox 1269 1958 1310 1984; x_wconf 92' lang='lat' dir='ltr'><strong>Ad</strong></span> <span class='ocrx_word' id='word_1_594' title='bbox 1337 1957 1405 1990; x_wconf 64' lang='lat' dir='ltr'><strong>haic,</strong></span> <span class='ocrx_word' id='word_1_595' title='bbox 1428 1957 1488 1992; x_wconf 86' lang='lat' dir='ltr'><strong>quis</strong></span> <span class='ocrx_word' id='word_1_596' title='bbox 1504 1956 1673 1985; x_wconf 83' lang='lat' dir='ltr'><strong>Eusebianos</strong></span> <span class='ocrx_word' id='word_1_597' title='bbox 1696 1963 1774 1992; x_wconf 85' lang='lat' dir='ltr'><strong>putet</strong></span> 
     </span>
    </p>
   </div>
   <div class='ocr_carea' id='block_1_86' title="bbox 987 2003 1773 2038">
    <p class='ocr_par' dir='ltr' id='par_1_86' title="bbox 987 2003 1773 2038">
     <span class='ocr_line' id='line_1_86' title="bbox 987 2003 1773 2038; baseline -0.001 -6"><span class='ocrx_word' id='word_1_598' title='bbox 987 2010 1041 2032; x_wconf 86' lang='lat' dir='ltr'><strong>tam</strong></span> <span class='ocrx_word' id='word_1_599' title='bbox 1053 2005 1175 2038; x_wconf 87' lang='lat' dir='ltr'><strong>supinos,</strong></span> <span class='ocrx_word' id='word_1_600' title='bbox 1193 2008 1249 2031; x_wconf 91' lang='lat' dir='ltr'><strong>tam</strong></span> <span class='ocrx_word' id='word_1_601' title='bbox 1264 2003 1412 2031; x_wconf 87' lang='lat' dir='ltr'><strong>oscitantes</strong></span> <span class='ocrx_word' id='word_1_602' title='bbox 1429 2003 1524 2036; x_wconf 87' lang='lat' dir='ltr'><strong>fuisse,</strong></span> <span class='ocrx_word' id='word_1_603' title='bbox 1541 2009 1572 2031; x_wconf 92' lang='lat' dir='ltr'><strong>ut</strong></span> <span class='ocrx_word' id='word_1_604' title='bbox 1586 2004 1722 2032; x_wconf 75' lang='lat' dir='ltr'><strong>adornatae</strong></span> <span class='ocrx_word' id='word_1_605' title='bbox 1740 2004 1773 2031; x_wconf 85' lang='lat' dir='ltr'><strong>ad</strong></span> 
     </span>
    </p>
   </div>
   <div class='ocr_carea' id='block_1_87' title="bbox 985 2050 1770 2086">
    <p class='ocr_par' dir='ltr' id='par_1_87' title="bbox 985 2050 1770 2086">
     <span class='ocr_line' id='line_1_87' title="bbox 985 2050 1770 2086; baseline -0.001 -8"><span class='ocrx_word' id='word_1_606' title='bbox 985 2051 1149 2078; x_wconf 89' lang='lat' dir='ltr'><strong>calumniam</strong></span> <span class='ocrx_word' id='word_1_607' title='bbox 1164 2050 1330 2078; x_wconf 72' lang='lat' dir='ltr'><strong>muliercula:</strong></span> <span class='ocrx_word' id='word_1_608' title='bbox 1344 2057 1397 2078; x_wconf 93' lang='lat' dir='ltr'><strong>non</strong></span> <span class='ocrx_word' id='word_1_609' title='bbox 1410 2050 1566 2084; x_wconf 88' lang='lat' dir='ltr'><strong>iudicarint,</strong></span> <span class='ocrx_word' id='word_1_610' title='bbox 1582 2057 1663 2086; x_wconf 88' lang='lat' dir='ltr'><strong>quem</strong></span> <span class='ocrx_word' id='word_1_611' title='bbox 1687 2057 1770 2078; x_wconf 88' lang='lat' dir='ltr'><strong>accu-</strong></span> 
     </span>
    </p>
   </div>
   <div class='ocr_carea' id='block_1_88' title="bbox 985 2097 1240 2131">
    <p class='ocr_par' dir='ltr' id='par_1_88' title="bbox 985 2097 1240 2131">
     <span class='ocr_line' id='line_1_88' title="bbox 985 2097 1240 2131; baseline -0.004 -7"><span class='ocrx_word' id='word_1_612' title='bbox 985 2102 1072 2125; x_wconf 91' lang='lat' dir='ltr'><strong>satum</strong></span> <span class='ocrx_word' id='word_1_613' title='bbox 1084 2097 1240 2131; x_wconf 78' lang='lat' dir='ltr'><strong>oporteret?</strong></span> 
     </span>
    </p>
   </div>
   <div class='ocr_carea' id='block_1_89' title="bbox 1022 2142 1772 2178">
    <p class='ocr_par' dir='ltr' id='par_1_89' title="bbox 1022 2142 1772 2178">
     <span class='ocr_line' id='line_1_89' title="bbox 1022 2142 1772 2178; baseline 0 -8"><span class='ocrx_word' id='word_1_614' title='bbox 1022 2142 1066 2170; x_wconf 83' lang='lat' dir='ltr'><strong>lO.</strong></span> <span class='ocrx_word' id='word_1_615' title='bbox 1079 2143 1115 2170; x_wconf 90' lang='lat' dir='ltr'><strong>At</strong></span> <span class='ocrx_word' id='word_1_616' title='bbox 1131 2143 1172 2170; x_wconf 90' lang='lat' dir='ltr'><strong>his</strong></span> <span class='ocrx_word' id='word_1_617' title='bbox 1188 2142 1303 2170; x_wconf 85' lang='lat' dir='ltr'><strong>fortasse</strong></span> <span class='ocrx_word' id='word_1_618' title='bbox 1316 2143 1485 2178; x_wconf 79' lang='lat' dir='ltr'><strong>argumentis</strong></span> <span class='ocrx_word' id='word_1_619' title='bbox 1498 2142 1561 2178; x_wconf 86' lang='lat' dir='ltr'><strong>quis</strong></span> <span class='ocrx_word' id='word_1_620' title='bbox 1575 2147 1713 2175; x_wconf 87' lang='lat' dir='ltr'><strong>occurrat,</strong></span> <span class='ocrx_word' id='word_1_621' title='bbox 1729 2143 1772 2170; x_wconf 90' lang='lat' dir='ltr'><strong>di-</strong></span> 
     </span>
    </p>
   </div>
   <div class='ocr_carea' id='block_1_90' title="bbox 985 2188 1772 2224">
    <p class='ocr_par' dir='ltr' id='par_1_90' title="bbox 985 2188 1772 2224">
     <span class='ocr_line' id='line_1_90' title="bbox 985 2188 1772 2224; baseline -0.001 -8"><span class='ocrx_word' id='word_1_622' title='bbox 985 2189 1070 2216; x_wconf 88' lang='lat' dir='ltr'><strong>cendo</strong></span> <span class='ocrx_word' id='word_1_623' title='bbox 1082 2188 1290 2223; x_wconf 80' lang='lat' dir='ltr'><strong>Philostorgium</strong></span> <span class='ocrx_word' id='word_1_624' title='bbox 1314 2188 1364 2224; x_wconf 73' lang='grc' dir='ltr'><strong>(Δ),</strong></span> <span class='ocrx_word' id='word_1_625' title='bbox 1390 2190 1434 2224; x_wconf 91' lang='lat' dir='ltr'><strong>qui</strong></span> <span class='ocrx_word' id='word_1_626' title='bbox 1458 2189 1561 2217; x_wconf 90' lang='lat' dir='ltr'><strong>sanctis</strong></span> <span class='ocrx_word' id='word_1_627' title='bbox 1580 2193 1607 2216; x_wconf 87' lang='lat' dir='ltr'><strong>et</strong></span> <span class='ocrx_word' id='word_1_628' title='bbox 1631 2188 1772 2216; x_wconf 86' lang='lat' dir='ltr'><strong>catholicis</strong></span> 
     </span>
    </p>
   </div>
   <div class='ocr_carea' id='block_1_91' title="bbox 180 2233 1773 2270">
    <p class='ocr_par' dir='ltr' id='par_1_91' title="bbox 180 2233 1773 2270">
     <span class='ocr_line' id='line_1_91' title="bbox 180 2233 1773 2270; baseline 0.001 -9"><span class='ocrx_word' id='word_1_629' title='bbox 180 2234 207 2261; x_wconf 88' lang='lat'><strong>8.</strong></span> <span class='ocrx_word' id='word_1_630' title='bbox 227 2233 344 2262; x_wconf 75' lang='lat' dir='ltr'><strong>Historia</strong></span> <span class='ocrx_word' id='word_1_631' title='bbox 358 2234 520 2262; x_wconf 69' lang='lat' dir='ltr'><strong>mulieri:qu</strong></span> <span class='ocrx_word' id='word_1_632' title='bbox 533 2240 664 2270; x_wconf 75' lang='lat' dir='ltr'><strong>suspecta.</strong></span> <span class='ocrx_word' id='word_1_633' title='bbox 677 2250 711 2255; x_wconf 92' lang='lat'><strong>——</strong></span> <span class='ocrx_word' id='word_1_634' title='bbox 727 2235 815 2262; x_wconf 89' lang='lat' dir='ltr'><strong>Aliam</strong></span> <span class='ocrx_word' id='word_1_635' title='bbox 828 2242 929 2263; x_wconf 92' lang='lat' dir='ltr'><strong>memo-</strong></span> <span class='ocrx_word' id='word_1_636' title='bbox 949 2234 971 2261; x_wconf 92' lang='lat' dir='ltr'><strong>D</strong></span> <span class='ocrx_word' id='word_1_637' title='bbox 987 2235 1101 2262; x_wconf 89' lang='lat' dir='ltr'><strong>infestus</strong></span> <span class='ocrx_word' id='word_1_638' title='bbox 1118 2235 1193 2266; x_wconf 89' lang='lat' dir='ltr'><strong>viris,</strong></span> <span class='ocrx_word' id='word_1_639' title='bbox 1221 2235 1428 2262; x_wconf 87' lang='lat' dir='ltr'><strong>criminationes</strong></span> <span class='ocrx_word' id='word_1_640' title='bbox 1440 2235 1474 2263; x_wconf 86' lang='lat' dir='ltr'><strong>ab</strong></span> <span class='ocrx_word' id='word_1_641' title='bbox 1497 2241 1592 2262; x_wconf 85' lang='lat' dir='ltr'><strong>eorum</strong></span> <span class='ocrx_word' id='word_1_642' title='bbox 1609 2234 1773 2262; x_wconf 88' lang='lat' dir='ltr'><strong>adversariis</strong></span> 
     </span>
    </p>
   </div>
   <div class='ocr_carea' id='block_1_92' title="bbox 145 2279 931 2316">
    <p class='ocr_par' dir='ltr' id='par_1_92' title="bbox 145 2279 931 2316">
     <span class='ocr_line' id='line_1_92' title="bbox 145 2279 931 2316; baseline 0.003 -10"><span class='ocrx_word' id='word_1_643' title='bbox 145 2284 187 2306; x_wconf 86' lang='lat' dir='ltr'><strong>rat</strong></span> <span class='ocrx_word' id='word_1_644' title='bbox 199 2279 313 2308; x_wconf 84' lang='lat' dir='ltr'><strong>Rufinus</strong></span> <span class='ocrx_word' id='word_1_645' title='bbox 331 2281 547 2309; x_wconf 90' lang='lat' dir='ltr'><strong>criminationem</strong></span> <span class='ocrx_word' id='word_1_646' title='bbox 564 2281 738 2313; x_wconf 64' lang='lat' dir='ltr'><strong>mulierculae,</strong></span> <span class='ocrx_word' id='word_1_647' title='bbox 761 2288 821 2315; x_wconf 75' lang='lat' dir='ltr'><strong>quae</strong></span> <span class='ocrx_word' id='word_1_648' title='bbox 834 2281 867 2308; x_wconf 89' lang='lat' dir='ltr'><strong>ad</strong></span> <span class='ocrx_word' id='word_1_649' title='bbox 885 2288 931 2316; x_wconf 86' lang='lat' dir='ltr'><strong>sy-</strong></span> 
     </span>
    </p>
   </div>
   <div class='ocr_carea' id='block_1_93' title="bbox 147 2326 931 2362">
    <p class='ocr_par' dir='ltr' id='par_1_93' title="bbox 147 2326 931 2362">
     <span class='ocr_line' id='line_1_93' title="bbox 147 2326 931 2362; baseline 0.001 -10"><span class='ocrx_word' id='word_1_650' title='bbox 147 2326 244 2353; x_wconf 88' lang='lat' dir='ltr'><strong>nodum</strong></span> <span class='ocrx_word' id='word_1_651' title='bbox 263 2327 416 2354; x_wconf 88' lang='lat' dir='ltr'><strong>intromissa</strong></span> <span class='ocrx_word' id='word_1_652' title='bbox 430 2327 573 2355; x_wconf 87' lang='lat' dir='ltr'><strong>vociferari</strong></span> <span class='ocrx_word' id='word_1_653' title='bbox 589 2328 671 2362; x_wconf 74' lang='lat' dir='ltr'><strong>coepit</strong></span> <span class='ocrx_word' id='word_1_654' title='bbox 686 2326 734 2362; x_wconf 89' lang='lat' dir='ltr'><strong>(c),</strong></span> <span class='ocrx_word' id='word_1_655' title='bbox 751 2327 931 2361; x_wconf 85' lang='lat' dir='ltr'><strong>virginitatem</strong></span> 
     </span>
    </p>
   </div>
   <div class='ocr_carea' id='block_1_94' title="bbox 146 2372 933 2407">
    <p class='ocr_par' dir='ltr' id='par_1_94' title="bbox 146 2372 933 2407">
     <span class='ocr_line' id='line_1_94' title="bbox 146 2372 933 2407; baseline -0.001 -7"><span class='ocrx_word' id='word_1_656' title='bbox 146 2379 176 2400; x_wconf 87' lang='lat' dir='ltr'><strong>se</strong></span> <span class='ocrx_word' id='word_1_657' title='bbox 194 2373 249 2399; x_wconf 91' lang='lat' dir='ltr'><strong>Deo</strong></span> <span class='ocrx_word' id='word_1_658' title='bbox 262 2373 378 2407; x_wconf 82' lang='lat' dir='ltr'><strong>vovisse,</strong></span> <span class='ocrx_word' id='word_1_659' title='bbox 404 2373 450 2400; x_wconf 87' lang='lat' dir='ltr'><strong>sed</strong></span> <span class='ocrx_word' id='word_1_660' title='bbox 463 2373 498 2400; x_wconf 90' lang='lat' dir='ltr'><strong>ab</strong></span> <span class='ocrx_word' id='word_1_661' title='bbox 516 2373 666 2400; x_wconf 87' lang='lat' dir='ltr'><strong>Athanasio</strong></span> <span class='ocrx_word' id='word_1_662' title='bbox 689 2378 743 2399; x_wconf 92' lang='lat' dir='ltr'><strong>tum</strong></span> <span class='ocrx_word' id='word_1_663' title='bbox 762 2372 870 2406; x_wconf 88' lang='lat' dir='ltr'><strong>hospite</strong></span> <span class='ocrx_word' id='word_1_664' title='bbox 884 2379 933 2399; x_wconf 91' lang='lat' dir='ltr'><strong>suo</strong></span> 
     </span>
    </p>
   </div>
   <div class='ocr_carea' id='block_1_95' title="bbox 145 2416 930 2453">
    <p class='ocr_par' dir='ltr' id='par_1_95' title="bbox 145 2416 930 2453">
     <span class='ocr_line' id='line_1_95' title="bbox 145 2416 930 2453; baseline -0.003 -9"><span class='ocrx_word' id='word_1_665' title='bbox 145 2418 170 2444; x_wconf 88' lang='lat' dir='ltr'><strong>vi</strong></span> <span class='ocrx_word' id='word_1_666' title='bbox 185 2425 367 2451; x_wconf 88' lang='lat' dir='ltr'><strong>compressam</strong></span> <span class='ocrx_word' id='word_1_667' title='bbox 387 2423 414 2445; x_wconf 91' lang='lat' dir='ltr'><strong>et</strong></span> <span class='ocrx_word' id='word_1_668' title='bbox 433 2417 561 2453; x_wconf 82' lang='lat' dir='ltr'><strong>pollutam</strong></span> <span class='ocrx_word' id='word_1_669' title='bbox 588 2417 690 2444; x_wconf 87' lang='lat' dir='ltr'><strong>fuisse:</strong></span> <span class='ocrx_word' id='word_1_670' title='bbox 714 2426 723 2442; x_wconf 85' lang='grc' dir='ltr'><strong>ι</strong></span> <span class='ocrx_word' id='word_1_671' title='bbox 742 2416 878 2444; x_wconf 89' lang='lat' dir='ltr'><strong>lntroduci</strong></span> <span class='ocrx_word' id='word_1_672' title='bbox 895 2417 930 2443; x_wconf 88' lang='lat' dir='ltr'><strong>ad</strong></span> 
     </span>
    </p>
   </div>
   <div class='ocr_carea' id='block_1_96' title="bbox 145 2461 933 2497">
    <p class='ocr_par' dir='ltr' id='par_1_96' title="bbox 145 2461 933 2497">
     <span class='ocr_line' id='line_1_96' title="bbox 145 2461 933 2497; baseline -0.003 -8"><span class='ocrx_word' id='word_1_673' title='bbox 145 2463 213 2493; x_wconf 85' lang='lat' dir='ltr'><strong>haec,</strong></span> <span class='ocrx_word' id='word_1_674' title='bbox 231 2463 268 2489; x_wconf 88' lang='lat' dir='ltr'><strong>ait</strong></span> <span class='ocrx_word' id='word_1_675' title='bbox 290 2462 417 2494; x_wconf 90' lang='lat' dir='ltr'><strong>Rufinus,</strong></span> <span class='ocrx_word' id='word_1_676' title='bbox 444 2462 553 2497; x_wconf 88' lang='lat' dir='ltr'><strong>jubetur</strong></span> <span class='ocrx_word' id='word_1_677' title='bbox 577 2462 752 2488; x_wconf 86' lang='lat' dir='ltr'><strong>Athanasius.</strong></span> <span class='ocrx_word' id='word_1_678' title='bbox 780 2461 933 2496; x_wconf 75' lang='lat' dir='ltr'><strong>Ingreditur</strong></span> 
     </span>
    </p>
   </div>
   <div class='ocr_carea' id='block_1_97' title="bbox 145 2507 932 2543">
    <p class='ocr_par' dir='ltr' id='par_1_97' title="bbox 145 2507 932 2543">
     <span class='ocr_line' id='line_1_97' title="bbox 145 2507 932 2543; baseline -0.003 -9"><span class='ocrx_word' id='word_1_679' title='bbox 145 2515 205 2535; x_wconf 88' lang='lat' dir='ltr'><strong>cum</strong></span> <span class='ocrx_word' id='word_1_680' title='bbox 218 2507 361 2535; x_wconf 86' lang='lat' dir='ltr'><strong>Timotheo</strong></span> <span class='ocrx_word' id='word_1_681' title='bbox 374 2508 532 2543; x_wconf 88' lang='lat' dir='ltr'><strong>presbytero</strong></span> <span class='ocrx_word' id='word_1_682' title='bbox 554 2515 613 2538; x_wconf 86' lang='lat' dir='ltr'><strong>suo,</strong></span> <span class='ocrx_word' id='word_1_683' title='bbox 640 2513 757 2541; x_wconf 89' lang='lat' dir='ltr'><strong>eumque</strong></span> <span class='ocrx_word' id='word_1_684' title='bbox 783 2511 877 2533; x_wconf 90' lang='lat' dir='ltr'><strong>monet</strong></span> <span class='ocrx_word' id='word_1_685' title='bbox 903 2510 932 2532; x_wconf 90' lang='lat' dir='ltr'><strong>ut</strong></span> 
     </span>
    </p>
   </div>
   <div class='ocr_carea' id='block_1_98' title="bbox 145 2552 931 2589">
    <p class='ocr_par' dir='ltr' id='par_1_98' title="bbox 145 2552 931 2589">
     <span class='ocr_line' id='line_1_98' title="bbox 145 2552 931 2589; baseline -0.004 -8"><span class='ocrx_word' id='word_1_686' title='bbox 145 2559 321 2589; x_wconf 89' lang='lat' dir='ltr'><strong>posteaquam</strong></span> <span class='ocrx_word' id='word_1_687' title='bbox 339 2554 436 2581; x_wconf 86' lang='lat' dir='ltr'><strong>mulier</strong></span> <span class='ocrx_word' id='word_1_688' title='bbox 454 2553 559 2581; x_wconf 85' lang='lat' dir='ltr'><strong>dicendi</strong></span> <span class='ocrx_word' id='word_1_689' title='bbox 587 2552 667 2579; x_wconf 90' lang='lat' dir='ltr'><strong>finem</strong></span> <span class='ocrx_word' id='word_1_690' title='bbox 697 2552 815 2584; x_wconf 88' lang='lat' dir='ltr'><strong>fecisset,</strong></span> <span class='ocrx_word' id='word_1_691' title='bbox 840 2559 869 2579; x_wconf 87' lang='lat' dir='ltr'><strong>se</strong></span> <span class='ocrx_word' id='word_1_692' title='bbox 892 2555 931 2578; x_wconf 89' lang='lat' dir='ltr'><strong>ta-</strong></span> 
     </span>
    </p>
   </div>
   <div class='ocr_carea' id='block_1_99' title="bbox 146 2597 928 2634">
    <p class='ocr_par' dir='ltr' id='par_1_99' title="bbox 146 2597 928 2634">
     <span class='ocr_line' id='line_1_99' title="bbox 146 2597 928 2634; baseline -0.004 -7"><span class='ocrx_word' id='word_1_693' title='bbox 146 2605 235 2633; x_wconf 88' lang='lat' dir='ltr'><strong>cente,</strong></span> <span class='ocrx_word' id='word_1_694' title='bbox 250 2600 284 2627; x_wconf 91' lang='lat' dir='ltr'><strong>ad</strong></span> <span class='ocrx_word' id='word_1_695' title='bbox 298 2607 329 2627; x_wconf 87' lang='lat' dir='ltr'><strong>ea</strong></span> <span class='ocrx_word' id='word_1_696' title='bbox 341 2607 400 2634; x_wconf 64' lang='lat' dir='ltr'><strong>qua:</strong></span> <span class='ocrx_word' id='word_1_697' title='bbox 417 2599 523 2626; x_wconf 78' lang='lat' dir='ltr'><strong>dixerat</strong></span> <span class='ocrx_word' id='word_1_698' title='bbox 542 2598 727 2633; x_wconf 81' lang='lat' dir='ltr'><strong>responderet.</strong></span> <span class='ocrx_word' id='word_1_699' title='bbox 739 2597 861 2632; x_wconf 87' lang='lat' dir='ltr'><strong>Cumque</strong></span> <span class='ocrx_word' id='word_1_700' title='bbox 869 2606 928 2624; x_wconf 91' lang='lat' dir='ltr'><strong>mu-</strong></span> 
     </span>
    </p>
   </div>
   <div class='ocr_carea' id='block_1_100' title="bbox 146 2643 929 2680">
    <p class='ocr_par' dir='ltr' id='par_1_100' title="bbox 146 2643 929 2680">
     <span class='ocr_line' id='line_1_100' title="bbox 146 2643 929 2680; baseline -0.004 -7"><span class='ocrx_word' id='word_1_701' title='bbox 146 2646 195 2673; x_wconf 90' lang='lat' dir='ltr'><strong>lier</strong></span> <span class='ocrx_word' id='word_1_702' title='bbox 205 2653 236 2672; x_wconf 90' lang='lat' dir='ltr'><strong>ea</strong></span> <span class='ocrx_word' id='word_1_703' title='bbox 247 2652 307 2680; x_wconf 60' lang='lat' dir='ltr'><strong>quae</strong></span> <span class='ocrx_word' id='word_1_704' title='bbox 318 2647 396 2673; x_wconf 87' lang='lat' dir='ltr'><strong>docta</strong></span> <span class='ocrx_word' id='word_1_705' title='bbox 417 2644 504 2672; x_wconf 90' lang='lat' dir='ltr'><strong>fuerat</strong></span> <span class='ocrx_word' id='word_1_706' title='bbox 517 2648 681 2679; x_wconf 86' lang='lat' dir='ltr'><strong>perorasset,</strong></span> <span class='ocrx_word' id='word_1_707' title='bbox 697 2643 854 2671; x_wconf 87' lang='lat' dir='ltr'><strong>Timotheus</strong></span> <span class='ocrx_word' id='word_1_708' title='bbox 865 2651 929 2670; x_wconf 90' lang='lat' dir='ltr'><strong>con-</strong></span> 
     </span>
    </p>
   </div>
   <div class='ocr_carea' id='block_1_101' title="bbox 146 2690 927 2726">
    <p class='ocr_par' dir='ltr' id='par_1_101' title="bbox 146 2690 927 2726">
     <span class='ocr_line' id='line_1_101' title="bbox 146 2690 927 2726; baseline -0.001 -8"><span class='ocrx_word' id='word_1_709' title='bbox 146 2700 241 2720; x_wconf 87' lang='lat' dir='ltr'><strong>versus</strong></span> <span class='ocrx_word' id='word_1_710' title='bbox 251 2693 284 2720; x_wconf 84' lang='lat' dir='ltr'><strong>ad</strong></span> <span class='ocrx_word' id='word_1_711' title='bbox 299 2701 359 2720; x_wconf 90' lang='lat' dir='ltr'><strong>eam</strong></span> <span class='ocrx_word' id='word_1_712' title='bbox 376 2701 383 2720; x_wconf 92' lang='lat'><strong>:</strong></span> <span class='ocrx_word' id='word_1_713' title='bbox 399 2691 476 2725; x_wconf 84' lang='lat' dir='ltr'><strong>Vere,</strong></span> <span class='ocrx_word' id='word_1_714' title='bbox 505 2692 604 2726; x_wconf 90' lang='lat' dir='ltr'><strong>inquit,</strong></span> <span class='ocrx_word' id='word_1_715' title='bbox 635 2691 740 2724; x_wconf 89' lang='lat' dir='ltr'><strong>mulier,</strong></span> <span class='ocrx_word' id='word_1_716' title='bbox 764 2698 815 2725; x_wconf 80' lang='lat' dir='ltr'><strong>ego</strong></span> <span class='ocrx_word' id='word_1_717' title='bbox 840 2690 927 2718; x_wconf 87' lang='lat' dir='ltr'><strong>mansi</strong></span> 
     </span>
    </p>
   </div>
   <div class='ocr_carea' id='block_1_102' title="bbox 146 2737 929 2774">
    <p class='ocr_par' dir='ltr' id='par_1_102' title="bbox 146 2737 929 2774">
     <span class='ocr_line' id='line_1_102' title="bbox 146 2737 929 2774; baseline -0.003 -8"><span class='ocrx_word' id='word_1_718' title='bbox 146 2739 215 2774; x_wconf 87' lang='lat' dir='ltr'><strong>apud</strong></span> <span class='ocrx_word' id='word_1_719' title='bbox 235 2744 260 2766; x_wconf 91' lang='lat' dir='ltr'><strong>te</strong></span> <span class='ocrx_word' id='word_1_720' title='bbox 275 2739 428 2774; x_wconf 86' lang='lat' dir='ltr'><strong>aliquando,</strong></span> <span class='ocrx_word' id='word_1_721' title='bbox 449 2743 497 2765; x_wconf 91' lang='lat' dir='ltr'><strong>aut</strong></span> <span class='ocrx_word' id='word_1_722' title='bbox 518 2738 570 2765; x_wconf 83' lang='lat' dir='ltr'><strong>vim</strong></span> <span class='ocrx_word' id='word_1_723' title='bbox 589 2738 653 2771; x_wconf 87' lang='lat' dir='ltr'><strong>tibi,</strong></span> <span class='ocrx_word' id='word_1_724' title='bbox 667 2743 696 2765; x_wconf 92' lang='lat' dir='ltr'><strong>ut</strong></span> <span class='ocrx_word' id='word_1_725' title='bbox 721 2738 831 2771; x_wconf 89' lang='lat' dir='ltr'><strong>asseris,</strong></span> <span class='ocrx_word' id='word_1_726' title='bbox 854 2737 929 2765; x_wconf 72' lang='lat' dir='ltr'><strong>feci?</strong></span> 
     </span>
    </p>
   </div>
   <div class='ocr_carea' id='block_1_103' title="bbox 179 2809 927 2847">
    <p class='ocr_par' dir='ltr' id='par_1_103' title="bbox 179 2809 927 2847">
     <span class='ocr_line' id='line_1_103' title="bbox 179 2809 927 2847; baseline 0.003 -11"><span class='ocrx_word' id='word_1_727' title='bbox 179 2809 219 2845; x_wconf 82' lang='grc' dir='ltr'><strong>(α)</strong></span> <span class='ocrx_word' id='word_1_728' title='bbox 232 2809 337 2847; x_wconf 66' lang='lat' dir='ltr'><strong>Socrat.</strong></span> <span class='ocrx_word' id='word_1_729' title='bbox 352 2810 369 2837; x_wconf 94' lang='grc'><strong>1.</strong></span> <span class='ocrx_word' id='word_1_730' title='bbox 385 2818 405 2842; x_wconf 89' lang='grc' dir='ltr'>ι,</span> <span class='ocrx_word' id='word_1_731' title='bbox 420 2818 480 2847; x_wconf 75' lang='lat' dir='ltr'><strong>cap.</strong></span> <span class='ocrx_word' id='word_1_732' title='bbox 491 2810 544 2844; x_wconf 75' lang='lat'><strong>28;</strong></span> <span class='ocrx_word' id='word_1_733' title='bbox 568 2810 677 2838; x_wconf 84' lang='lat' dir='ltr'><strong>Sozom.</strong></span> <span class='ocrx_word' id='word_1_734' title='bbox 691 2811 738 2838; x_wconf 91' lang='lat' dir='ltr'><strong>lib.</strong></span> <span class='ocrx_word' id='word_1_735' title='bbox 757 2818 787 2845; x_wconf 83' lang='lat' dir='ltr'><strong>tt,</strong></span> <span class='ocrx_word' id='word_1_736' title='bbox 801 2818 860 2847; x_wconf 89' lang='lat' dir='ltr'><strong>cap.</strong></span> <span class='ocrx_word' id='word_1_737' title='bbox 876 2810 927 2844; x_wconf 73' lang='lat'><strong>25;</strong></span> 
     </span>
    </p>
   </div>
   <div class='ocr_carea' id='block_1_104' title="bbox 145 2843 521 2880">
    <p class='ocr_par' dir='ltr' id='par_1_104' title="bbox 145 2843 521 2880">
     <span class='ocr_line' id='line_1_104' title="bbox 145 2843 521 2880; baseline 0.005 -9"><span class='ocrx_word' id='word_1_738' title='bbox 145 2843 283 2872; x_wconf 69' lang='lat' dir='ltr'><strong>Theudor.</strong></span> <span class='ocrx_word' id='word_1_739' title='bbox 303 2844 348 2872; x_wconf 88' lang='lat' dir='ltr'><strong>lib.</strong></span> <span class='ocrx_word' id='word_1_740' title='bbox 363 2853 382 2879; x_wconf 85' lang='grc' dir='ltr'>ι,</span> <span class='ocrx_word' id='word_1_741' title='bbox 397 2843 459 2880; x_wconf 65' lang='lat' dir='ltr'><strong>cap.</strong></span> <span class='ocrx_word' id='word_1_742' title='bbox 475 2846 521 2873; x_wconf 79' lang='lat'><strong>&#39;50.</strong></span> 
     </span>
    </p>
   </div>
   <div class='ocr_carea' id='block_1_105' title="bbox 180 2880 755 2918">
    <p class='ocr_par' dir='ltr' id='par_1_105' title="bbox 180 2880 755 2918">
     <span class='ocr_line' id='line_1_105' title="bbox 180 2880 755 2918; baseline 0.007 -11"><span class='ocrx_word' id='word_1_743' title='bbox 180 2882 217 2916; x_wconf 67' lang='grc' dir='ltr'><strong>(θ)</strong></span> <span class='ocrx_word' id='word_1_744' title='bbox 233 2880 334 2908; x_wconf 87' lang='lat' dir='ltr'><strong>Athan.</strong></span> <span class='ocrx_word' id='word_1_745' title='bbox 351 2881 428 2916; x_wconf 78' lang='lat' dir='ltr'><strong>Apol.</strong></span> <span class='ocrx_word' id='word_1_746' title='bbox 443 2887 535 2909; x_wconf 79' lang='lat' dir='ltr'><strong>contra</strong></span> <span class='ocrx_word' id='word_1_747' title='bbox 549 2883 656 2918; x_wconf 79' lang='lat' dir='ltr'><strong>Arian‘,</strong></span> <span class='ocrx_word' id='word_1_748' title='bbox 672 2892 699 2911; x_wconf 86' lang='grc' dir='ltr'><strong>η.</strong></span> <span class='ocrx_word' id='word_1_749' title='bbox 715 2883 755 2911; x_wconf 71' lang='lat'><strong>72.</strong></span> 
     </span>
    </p>
   </div>
   <div class='ocr_carea' id='block_1_106' title="bbox 984 2280 1771 2316">
    <p class='ocr_par' dir='ltr' id='par_1_106' title="bbox 984 2280 1771 2316">
     <span class='ocr_line' id='line_1_106' title="bbox 984 2280 1771 2316; baseline -0.001 -8"><span class='ocrx_word' id='word_1_750' title='bbox 984 2281 1115 2308; x_wconf 82' lang='lat' dir='ltr'><strong>conﬂatas</strong></span> <span class='ocrx_word' id='word_1_751' title='bbox 1131 2281 1196 2316; x_wconf 89' lang='lat' dir='ltr'><strong>ipsis</strong></span> <span class='ocrx_word' id='word_1_752' title='bbox 1208 2281 1345 2309; x_wconf 90' lang='lat' dir='ltr'><strong>ascribere</strong></span> <span class='ocrx_word' id='word_1_753' title='bbox 1365 2282 1444 2314; x_wconf 89' lang='lat' dir='ltr'><strong>solet,</strong></span> <span class='ocrx_word' id='word_1_754' title='bbox 1466 2288 1597 2309; x_wconf 90' lang='lat' dir='ltr'><strong>enarrare</strong></span> <span class='ocrx_word' id='word_1_755' title='bbox 1621 2280 1771 2308; x_wconf 90' lang='lat' dir='ltr'><strong>muliercu-</strong></span> 
     </span>
    </p>
   </div>
   <div class='ocr_carea' id='block_1_107' title="bbox 983 2327 1772 2363">
    <p class='ocr_par' dir='ltr' id='par_1_107' title="bbox 983 2327 1772 2363">
     <span class='ocr_line' id='line_1_107' title="bbox 983 2327 1772 2363; baseline 0 -9"><span class='ocrx_word' id='word_1_756' title='bbox 983 2327 1036 2354; x_wconf 87' lang='lat' dir='ltr'><strong>lam</strong></span> <span class='ocrx_word' id='word_1_757' title='bbox 1049 2328 1082 2355; x_wconf 91' lang='lat' dir='ltr'><strong>ab</strong></span> <span class='ocrx_word' id='word_1_758' title='bbox 1101 2327 1249 2355; x_wconf 87' lang='lat' dir='ltr'><strong>Athanasio</strong></span> <span class='ocrx_word' id='word_1_759' title='bbox 1261 2329 1434 2355; x_wconf 88' lang='lat' dir='ltr'><strong>subornatam</strong></span> <span class='ocrx_word' id='word_1_760' title='bbox 1450 2327 1543 2360; x_wconf 85' lang='lat' dir='ltr'><strong>fuisse,</strong></span> <span class='ocrx_word' id='word_1_761' title='bbox 1554 2334 1614 2363; x_wconf 63' lang='lat' dir='ltr'><strong>quae</strong></span> <span class='ocrx_word' id='word_1_762' title='bbox 1626 2327 1772 2354; x_wconf 85' lang='lat' dir='ltr'><strong>Eusebium</strong></span> 
     </span>
    </p>
   </div>
   <div class='ocr_carea' id='block_1_108' title="bbox 984 2373 1771 2408">
    <p class='ocr_par' dir='ltr' id='par_1_108' title="bbox 984 2373 1771 2408">
     <span class='ocr_line' id='line_1_108' title="bbox 984 2373 1771 2408; baseline 0 -8"><span class='ocrx_word' id='word_1_763' title='bbox 984 2373 1218 2401; x_wconf 86' lang='lat' dir='ltr'><strong>Nicomediensem</strong></span> <span class='ocrx_word' id='word_1_764' title='bbox 1233 2374 1302 2401; x_wconf 89' lang='lat' dir='ltr'><strong>illati</strong></span> <span class='ocrx_word' id='word_1_765' title='bbox 1319 2373 1405 2408; x_wconf 86' lang='lat' dir='ltr'><strong>stupri</strong></span> <span class='ocrx_word' id='word_1_766' title='bbox 1428 2377 1590 2401; x_wconf 88' lang='lat' dir='ltr'><strong>accusaret:</strong></span> <span class='ocrx_word' id='word_1_767' title='bbox 1605 2373 1648 2401; x_wconf 89' lang='lat' dir='ltr'><strong>cui</strong></span> <span class='ocrx_word' id='word_1_768' title='bbox 1665 2373 1771 2400; x_wconf 88' lang='lat' dir='ltr'><strong>occasio</strong></span> 
     </span>
    </p>
   </div>
   <div class='ocr_carea' id='block_1_109' title="bbox 985 2418 1771 2446">
    <p class='ocr_par' dir='ltr' id='par_1_109' title="bbox 985 2418 1771 2446">
     <span class='ocr_line' id='line_1_109' title="bbox 985 2418 1771 2446; baseline 0 -1"><span class='ocrx_word' id='word_1_769' title='bbox 985 2419 1041 2446; x_wconf 71' lang='lat' dir='ltr'><strong>limc</strong></span> <span class='ocrx_word' id='word_1_770' title='bbox 1055 2418 1190 2446; x_wconf 85' lang='lat' dir='ltr'><strong>scribendi</strong></span> <span class='ocrx_word' id='word_1_771' title='bbox 1205 2419 1289 2446; x_wconf 90' lang='lat' dir='ltr'><strong>fuisse</strong></span> <span class='ocrx_word' id='word_1_772' title='bbox 1301 2419 1424 2446; x_wconf 87' lang='lat' dir='ltr'><strong>videatur</strong></span> <span class='ocrx_word' id='word_1_773' title='bbox 1439 2418 1484 2445; x_wconf 89' lang='lat' dir='ltr'><strong>illa</strong></span> <span class='ocrx_word' id='word_1_774' title='bbox 1497 2418 1710 2446; x_wconf 87' lang='lat' dir='ltr'><strong>Eusebianorum</strong></span> <span class='ocrx_word' id='word_1_775' title='bbox 1724 2426 1771 2445; x_wconf 90' lang='lat' dir='ltr'><strong>ca-</strong></span> 
     </span>
    </p>
   </div>
   <div class='ocr_carea' id='block_1_110' title="bbox 987 2464 1772 2499">
    <p class='ocr_par' dir='ltr' id='par_1_110' title="bbox 987 2464 1772 2499">
     <span class='ocr_line' id='line_1_110' title="bbox 987 2464 1772 2499; baseline 0.003 -9"><span class='ocrx_word' id='word_1_776' title='bbox 987 2464 1090 2491; x_wconf 87' lang='lat' dir='ltr'><strong>lumnia</strong></span> <span class='ocrx_word' id='word_1_777' title='bbox 1113 2465 1139 2491; x_wconf 92' lang='lat' dir='ltr'><strong>in</strong></span> <span class='ocrx_word' id='word_1_778' title='bbox 1156 2464 1335 2492; x_wconf 81' lang='lat' dir='ltr'><strong>Athanasium</strong></span> <span class='ocrx_word' id='word_1_779' title='bbox 1350 2469 1454 2499; x_wconf 81' lang='lat' dir='ltr'><strong>parata.</strong></span> <span class='ocrx_word' id='word_1_780' title='bbox 1477 2465 1531 2492; x_wconf 86' lang='lat' dir='ltr'><strong>Sed</strong></span> <span class='ocrx_word' id='word_1_781' title='bbox 1557 2472 1617 2492; x_wconf 89' lang='lat' dir='ltr'><strong>cum</strong></span> <span class='ocrx_word' id='word_1_782' title='bbox 1629 2468 1693 2492; x_wconf 90' lang='lat' dir='ltr'><strong>ante</strong></span> <span class='ocrx_word' id='word_1_783' title='bbox 1705 2464 1772 2492; x_wconf 78' lang='lat' dir='ltr'><strong>Phi-</strong></span> 
     </span>
    </p>
   </div>
   <div class='ocr_carea' id='block_1_111' title="bbox 985 2510 1771 2544">
    <p class='ocr_par' dir='ltr' id='par_1_111' title="bbox 985 2510 1771 2544">
     <span class='ocr_line' id='line_1_111' title="bbox 985 2510 1771 2544; baseline 0 -7"><span class='ocrx_word' id='word_1_784' title='bbox 985 2510 1107 2544; x_wconf 81' lang='lat' dir='ltr'><strong>lostorgii</strong></span> <span class='ocrx_word' id='word_1_785' title='bbox 1125 2515 1231 2537; x_wconf 60' lang='lat' dir='ltr'><strong>aetatem</strong></span> <span class='ocrx_word' id='word_1_786' title='bbox 1244 2518 1288 2543; x_wconf 92' lang='lat' dir='ltr'><strong>ea,</strong></span> <span class='ocrx_word' id='word_1_787' title='bbox 1304 2517 1351 2538; x_wconf 88' lang='lat' dir='ltr'><strong>seu</strong></span> <span class='ocrx_word' id='word_1_788' title='bbox 1367 2518 1428 2538; x_wconf 91' lang='lat' dir='ltr'><strong>vera</strong></span> <span class='ocrx_word' id='word_1_789' title='bbox 1439 2531 1447 2543; x_wconf 88' lang='lat'><strong>,</strong></span> <span class='ocrx_word' id='word_1_790' title='bbox 1463 2517 1510 2538; x_wconf 91' lang='lat' dir='ltr'><strong>seu</strong></span> <span class='ocrx_word' id='word_1_791' title='bbox 1538 2510 1604 2537; x_wconf 82' lang='lat' dir='ltr'><strong>falsa</strong></span> <span class='ocrx_word' id='word_1_792' title='bbox 1629 2510 1666 2538; x_wconf 89' lang='lat' dir='ltr'><strong>sit</strong></span> <span class='ocrx_word' id='word_1_793' title='bbox 1695 2510 1771 2537; x_wconf 89' lang='lat' dir='ltr'><strong>evul-</strong></span> 
     </span>
    </p>
   </div>
   <div class='ocr_carea' id='block_1_112' title="bbox 984 2556 1768 2591">
    <p class='ocr_par' dir='ltr' id='par_1_112' title="bbox 984 2556 1768 2591">
     <span class='ocr_line' id='line_1_112' title="bbox 984 2556 1768 2591; baseline 0.003 -9"><span class='ocrx_word' id='word_1_794' title='bbox 984 2561 1057 2590; x_wconf 79' lang='lat' dir='ltr'><strong>gata,</strong></span> <span class='ocrx_word' id='word_1_795' title='bbox 1072 2556 1140 2583; x_wconf 91' lang='lat' dir='ltr'><strong>nihil</strong></span> <span class='ocrx_word' id='word_1_796' title='bbox 1154 2557 1217 2584; x_wconf 91' lang='lat' dir='ltr'><strong>hinc</strong></span> <span class='ocrx_word' id='word_1_797' title='bbox 1239 2557 1272 2584; x_wconf 85' lang='lat' dir='ltr'><strong>ad</strong></span> <span class='ocrx_word' id='word_1_798' title='bbox 1291 2564 1352 2585; x_wconf 88' lang='lat' dir='ltr'><strong>eam</strong></span> <span class='ocrx_word' id='word_1_799' title='bbox 1377 2558 1552 2584; x_wconf 86' lang='lat' dir='ltr'><strong>asserendam</strong></span> <span class='ocrx_word' id='word_1_800' title='bbox 1585 2557 1643 2584; x_wconf 91' lang='lat' dir='ltr'><strong>erui</strong></span> <span class='ocrx_word' id='word_1_801' title='bbox 1669 2561 1768 2591; x_wconf 85' lang='lat' dir='ltr'><strong>potest.</strong></span> 
     </span>
    </p>
   </div>
   <div class='ocr_carea' id='block_1_113' title="bbox 982 2600 1803 2635">
    <p class='ocr_par' dir='ltr' id='par_1_113' title="bbox 982 2600 1803 2635">
     <span class='ocr_line' id='line_1_113' title="bbox 982 2600 1803 2635; baseline 0.001 -9"><span class='ocrx_word' id='word_1_802' title='bbox 982 2600 1178 2635; x_wconf 79' lang='lat' dir='ltr'><strong>Pbilostorgius</strong></span> <span class='ocrx_word' id='word_1_803' title='bbox 1191 2601 1291 2635; x_wconf 82' lang='lat' dir='ltr'><strong>quippe</strong></span> <span class='ocrx_word' id='word_1_804' title='bbox 1312 2605 1366 2628; x_wconf 87' lang='lat' dir='ltr'><strong>tam</strong></span> <span class='ocrx_word' id='word_1_805' title='bbox 1382 2608 1414 2628; x_wconf 74' lang='lat' dir='ltr'><strong>ex</strong></span> <span class='ocrx_word' id='word_1_806' title='bbox 1443 2600 1521 2632; x_wconf 86' lang='lat' dir='ltr'><strong>falsa,</strong></span> <span class='ocrx_word' id='word_1_807' title='bbox 1548 2607 1629 2634; x_wconf 89' lang='lat' dir='ltr'><strong>quam</strong></span> <span class='ocrx_word' id='word_1_808' title='bbox 1654 2607 1688 2628; x_wconf 78' lang='lat' dir='ltr'><strong>ex</strong></span> <span class='ocrx_word' id='word_1_809' title='bbox 1705 2607 1770 2627; x_wconf 79' lang='lat' dir='ltr'><strong>vera</strong></span> <span class='ocrx_word' id='word_1_810' title='bbox 1796 2614 1803 2622; x_wconf 56' lang='grc'><em>’</em></span> 
     </span>
    </p>
   </div>
   <div class='ocr_carea' id='block_1_114' title="bbox 980 2646 1740 2683">
    <p class='ocr_par' dir='ltr' id='par_1_114' title="bbox 980 2646 1740 2683">
     <span class='ocr_line' id='line_1_114' title="bbox 980 2646 1740 2683; baseline 0.001 -10"><span class='ocrx_word' id='word_1_811' title='bbox 980 2646 1104 2678; x_wconf 75' lang='lat' dir='ltr'><strong>hiStoria.</strong></span> <span class='ocrx_word' id='word_1_812' title='bbox 1119 2647 1207 2681; x_wconf 85' lang='lat' dir='ltr'><strong>potuit</strong></span> <span class='ocrx_word' id='word_1_813' title='bbox 1223 2653 1253 2673; x_wconf 90' lang='lat' dir='ltr'><strong>ea</strong></span> <span class='ocrx_word' id='word_1_814' title='bbox 1269 2647 1405 2674; x_wconf 89' lang='lat' dir='ltr'><strong>scribendi</strong></span> <span class='ocrx_word' id='word_1_815' title='bbox 1422 2647 1592 2674; x_wconf 87' lang='lat' dir='ltr'><strong>occasionem</strong></span> <span class='ocrx_word' id='word_1_816' title='bbox 1608 2647 1740 2683; x_wconf 88' lang='lat' dir='ltr'><strong>arripere.</strong></span> 
     </span>
    </p>
   </div>
   <div class='ocr_carea' id='block_1_115' title="bbox 1016 2691 1769 2727">
    <p class='ocr_par' dir='ltr' id='par_1_115' title="bbox 1016 2691 1769 2727">
     <span class='ocr_line' id='line_1_115' title="bbox 1016 2691 1769 2727; baseline 0.003 -9"><span class='ocrx_word' id='word_1_817' title='bbox 1016 2691 1059 2718; x_wconf 81' lang='grc' dir='ltr'><strong>Η.</strong></span> <span class='ocrx_word' id='word_1_818' title='bbox 1073 2707 1107 2713; x_wconf 88' lang='lat'><strong>-—</strong></span> <span class='ocrx_word' id='word_1_819' title='bbox 1119 2691 1224 2727; x_wconf 86' lang='lat' dir='ltr'><strong>Legatio</strong></span> <span class='ocrx_word' id='word_1_820' title='bbox 1241 2691 1396 2718; x_wconf 84' lang='lat' dir='ltr'><strong>Mareotica.</strong></span> <span class='ocrx_word' id='word_1_821' title='bbox 1419 2691 1561 2719; x_wconf 86' lang='lat' dir='ltr'><strong>Eusebiani</strong></span> <span class='ocrx_word' id='word_1_822' title='bbox 1573 2692 1708 2727; x_wconf 84' lang='lat' dir='ltr'><strong>patefacta</strong></span> <span class='ocrx_word' id='word_1_823' title='bbox 1721 2692 1769 2720; x_wconf 89' lang='lat' dir='ltr'><strong>de-</strong></span> 
     </span>
    </p>
   </div>
   <div class='ocr_carea' id='block_1_116' title="bbox 981 2738 1768 2773">
    <p class='ocr_par' dir='ltr' id='par_1_116' title="bbox 981 2738 1768 2773">
     <span class='ocr_line' id='line_1_116' title="bbox 981 2738 1768 2773; baseline 0.003 -9"><span class='ocrx_word' id='word_1_824' title='bbox 981 2738 1170 2773; x_wconf 87' lang='lat' dir='ltr'><strong>prehensaque</strong></span> <span class='ocrx_word' id='word_1_825' title='bbox 1180 2738 1392 2772; x_wconf 86' lang='lat' dir='ltr'><strong>conspiratione,</strong></span> <span class='ocrx_word' id='word_1_826' title='bbox 1418 2739 1519 2772; x_wconf 88' lang='lat' dir='ltr'><strong>pudore</strong></span> <span class='ocrx_word' id='word_1_827' title='bbox 1543 2738 1642 2770; x_wconf 74' lang='lat' dir='ltr'><strong>affecti,</strong></span> <span class='ocrx_word' id='word_1_828' title='bbox 1659 2739 1768 2773; x_wconf 87' lang='lat' dir='ltr'><strong>inopes-</strong></span> 
     </span>
    </p>
   </div>
   <div class='ocr_carea' id='block_1_117' title="bbox 1019 2808 1769 2845">
    <p class='ocr_par' dir='ltr' id='par_1_117' title="bbox 1019 2808 1769 2845">
     <span class='ocr_line' id='line_1_117' title="bbox 1019 2808 1769 2845; baseline 0.001 -9"><span class='ocrx_word' id='word_1_829' title='bbox 1019 2809 1054 2845; x_wconf 79' lang='grc' dir='ltr'><strong>(ε)</strong></span> <span class='ocrx_word' id='word_1_830' title='bbox 1069 2809 1157 2836; x_wconf 86' lang='lat' dir='ltr'><strong>Rufin.</strong></span> <span class='ocrx_word' id='word_1_831' title='bbox 1175 2808 1221 2837; x_wconf 88' lang='lat' dir='ltr'><strong>lib.</strong></span> <span class='ocrx_word' id='word_1_832' title='bbox 1237 2817 1257 2841; x_wconf 85' lang='grc' dir='ltr'>ι,</span> <span class='ocrx_word' id='word_1_833' title='bbox 1273 2816 1333 2844; x_wconf 91' lang='lat' dir='ltr'><strong>cap.</strong></span> <span class='ocrx_word' id='word_1_834' title='bbox 1351 2809 1394 2843; x_wconf 82' lang='lat' dir='ltr'><strong>l7;</strong></span> <span class='ocrx_word' id='word_1_835' title='bbox 1412 2809 1520 2837; x_wconf 81' lang='lat' dir='ltr'><strong>Sozam.</strong></span> <span class='ocrx_word' id='word_1_836' title='bbox 1536 2809 1583 2838; x_wconf 90' lang='lat' dir='ltr'><strong>lib.</strong></span> <span class='ocrx_word' id='word_1_837' title='bbox 1603 2817 1633 2844; x_wconf 84' lang='lat' dir='ltr'><strong>Il,</strong></span> <span class='ocrx_word' id='word_1_838' title='bbox 1648 2817 1710 2845; x_wconf 87' lang='lat' dir='ltr'><strong>cap.</strong></span> <span class='ocrx_word' id='word_1_839' title='bbox 1721 2809 1769 2843; x_wconf 76' lang='lat'><strong>25;</strong></span> 
     </span>
    </p>
   </div>
   <div class='ocr_carea' id='block_1_118' title="bbox 983 2845 1365 2880">
    <p class='ocr_par' dir='ltr' id='par_1_118' title="bbox 983 2845 1365 2880">
     <span class='ocr_line' id='line_1_118' title="bbox 983 2845 1365 2880; baseline 0 -8"><span class='ocrx_word' id='word_1_840' title='bbox 983 2845 1148 2880; x_wconf 77' lang='lat' dir='ltr'><strong>Tlteodcret.</strong></span> <span class='ocrx_word' id='word_1_841' title='bbox 1162 2845 1178 2870; x_wconf 95' lang='lat' dir='ltr'><strong>l.</strong></span> <span class='ocrx_word' id='word_1_842' title='bbox 1201 2851 1219 2877; x_wconf 80' lang='grc' dir='ltr'>ι,</span> <span class='ocrx_word' id='word_1_843' title='bbox 1238 2852 1298 2880; x_wconf 87' lang='lat' dir='ltr'><strong>cap.</strong></span> <span class='ocrx_word' id='word_1_844' title='bbox 1321 2845 1365 2873; x_wconf 78' lang='grc'><strong>50.</strong></span> 
     </span>
    </p>
   </div>
   <div class='ocr_carea' id='block_1_119' title="bbox 1020 2879 1280 2917">
    <p class='ocr_par' dir='ltr' id='par_1_119' title="bbox 1020 2879 1280 2917">
     <span class='ocr_line' id='line_1_119' title="bbox 1020 2879 1280 2917; baseline 0.004 -11"><span class='ocrx_word' id='word_1_845' title='bbox 1020 2881 1058 2917; x_wconf 66' lang='grc' dir='ltr'>(ιι)</span> <span class='ocrx_word' id='word_1_846' title='bbox 1075 2879 1134 2908; x_wconf 88' lang='lat' dir='ltr'><strong>Lib.</strong></span> <span class='ocrx_word' id='word_1_847' title='bbox 1152 2887 1183 2913; x_wconf 88' lang='lat' dir='ltr'><strong>ll,</strong></span> <span class='ocrx_word' id='word_1_848' title='bbox 1196 2888 1223 2908; x_wconf 92' lang='grc' dir='ltr'>ιι.</span> <span class='ocrx_word' id='word_1_849' title='bbox 1237 2879 1280 2907; x_wconf 73' lang='lat' dir='ltr'><strong>ll.</strong></span> 
     </span>
    </p>
   </div>
  </div>
