2000 3045
263 135 363 157 LXXXIV

929 116 1196 145 PROLEGOHENA.

263 193 316 221 qtte
339 182 453 214 consilii,
468 188 553 215 usque
571 187 603 206 eo
613 178 678 213 quid
697 181 807 212 agerent
822 184 875 204 non
899 177 1044 206 habebant,
1062 181 1082 207 Α
1098 175 1239 210 cpiscopus
1254 173 1512 206 Thessalonicensis,
1523 173 1599 208 cujus
1612 173 1723 207 grandis
1735 177 1795 202 erat
1810 175 1881 209 apud

263 235 294 258 nt
308 229 433 264 Dionysio
450 226 542 254 comiti
557 230 683 251 attctores
711 227 803 250 essent
830 223 933 257 legatos
949 223 974 248 itt
991 221 1047 248 Ma—

262 282 365 304 reotem
384 273 518 304 mittendi,
533 270 711 306 perquisitnm
727 275 761 295 an
774 268 911 302 quidpiatn
921 267 1046 294 criminis

262 327 373 359 possent
388 322 413 348 in
431 318 539 346 Macarii
564 316 648 351 gestis
673 315 875 350 deprehendere
893 314 945 348 (at,
968 313 1045 347 quasi

262 377 304 397 res
318 367 448 396 nonsatis
463 365 563 400 agitata
579 367 606 390 et
625 370 743 396 expensa
758 362 862 388 fuisset.
873 361 972 388 Verum
998 366 1048 386 nec

261 416 376 442 obscure
390 412 536 440 id.consilii
552 410 710 438 Eusebianis
722 412 792 439 erat,
803 411 831 433 ut
848 404 1047 441 quia,depulsis

261 460 428 492 criminibus,
444 458 618 486 interclusam
629 455 680 483 sibi
692 461 767 489 spem
781 451 949 487 opprimendi
961 451 1046 478 Atha-

261 506 330 534 nasii
346 509 498 538 cernerent,
513 504 539 530 in
566 502 746 530 Athanasium
762 500 900 527 absentem
920 505 969 532 pro
986 497 1047 524 libi-

262 552 323 579 dine
340 551 540 586 conspirarent.
570 549 733 575 Athanasius
756 550 845 574 autcm
873 549 900 572 et
927 543 1045 578 Egyptii

261 602 355 626 contra
380 596 544 624 contendere
575 600 802 628 supervacaneam
841 591 897 618 fore
921 590 993 617 illaut
1020 589 1046 615 in

260 644 408 671 Mareotem
434 641 607 676 legationem,
633 639 720 673 palam
742 637 924 672 perstringere
952 642 1046 662 eorum

261 690 460 718 simulationem
473 693 554 721 atque
565 686 712 716 vafritiem,
729 684 800 719 quod
817 691 874 710 rein
888 681 982 710 tandiu
994 688 1047 708 me-

262 739 386 770 ditatam,
403 740 476 762 tanta
489 740 570 768 opera
595 731 800 762 concinnatam,
819 730 877 764 jam
896 728 985 762 inopi‘a
1003 734 1048 754 ar-

259 787 447 819 gumentorum
468 781 589 808 dicerent
614 787 668 806 non
691 779 759 805 satis
776 776 945 811 exploratam
963 781 1045 807 esse;

261 830 325 862 quia
339 835 381 855 res
410 834 489 854 secus
513 825 652 857 cessisset,
679 831 759 859 quam
787 825 960 858 peroptareut
984 820 1044 855 ipsi.

261 875 330 903 Tum
363 874 408 901 ubi
438 874 624 904 adverterunt,
645 878 678 898 eo
701 871 807 897 deutum
837 867 1048 896 Eusebianorunt

260 921 322 949 dolo
337 927 364 948 et
380 920 529 956 pervicacia
542 923 651 945 ventum
659 924 732 949 esse,
747 919 776 942 ut
792 914 904 943 omnino
917 913 1047 949 ejusmodi

260 965 360 1000 legatio
384 964 514 991 mittenda
529 967 621 995 esset;
649 962 675 989 id
701 961 841 996 rogabant,
858 964 888 986 ιιι
902 966 936 986 ne
952 957 1046 985 saltent

261 1011 380 1047 suspecti
398 1011 450 1038 viri
468 1009 628 1045 quaesitores
642 1005 887 1040 darentur..1Equa
897 1012 941 1032 res
954 1003 1047 1031 comiti

261 1059 317 1085 visa
334 1062 385 1091 est,
399 1058 471 1083 viros
488 1055 685 1090 aequibonique
705 1053 852 1084 studiosos,
867 1058 917 1078 nec
930 1049 1046 1084 cuipiam

263 1104 374 1131 factioni
394 1103 509 1135 deditos,
524 1108 556 1129 eo
570 1101 639 1128 mitti
657 1103 793 1135 oportere.
819 1099 853 1125 At
877 1097 933 1130 illi,
948 1096 1046 1131 quibus

263 1150 290 1176 in
302 1149 394 1176 anitno
407 1152 468 1175 erat
486 1146 601 1174 insidias
623 1145 833 1179 iterum'para-re
860 1143 887 1170 in
905 1142 1047 1169 Athanasi

263 1194 423 1229 perniciem,
442 1192 532 1220 missis
551 1196 669 1227 quatuor
696 1195 761 1218 ante
776 1190 870 1217 diebus
887 1188 1046 1222 veredariis,

263 1241 311 1276 qui
328 1240 486 1268 Meletianos
497 1239 524 1266 in
544 1238 688 1265 Mareotem
705 1237 820 1263 alienam
845 1235 897 1262 sibi
909 1234 1047 1269 regionem

263 1291 400 1321 cogerent,
413 1285 558 1321 praemissis
569 1285 633 1311 item
649 1282 798 1310 Meletianis
817 1285 844 1308 et
867 1281 1048 1308 Collutbianis

258 1332 435 1368 quibusdam,
447 1330 493 1365 qui
509 1330 599 1357 omnia
617 1329 649 1356 ad
674 1327 903 1363 conspirationem
931 1326 1047 1354 ador-na-

265 1383 336 1411 t'ent,
356 1377 448 1406 habito
462 1377 574 1404 seorsim
590 1375 717 1407 concilio,
732 1374 801 1401 clam
816 1374 916 1408 legatos
927 1380 959 1400 eo
972 1372 1048 1399 dele-

264 1429 329 1459 gant
340 1431 395 1451 sua:
403 1427 483 1450 sectae
491 1422 635 1456 principes,
647 1420 813 1454 Theogniutn
825 1419 938 1450 scilicet,
951 1418 1047 1450 Maria,

265 1469 447 1501 Theodorum,
463 1467 660 1498 Macedouimn,
686 1465 828 1492 Ursaciunt
851 1469 879 1490 et
894 1463 1046 1491 Valentem.

265 1516 334 1543 lilnc
350 1515 445 1542 littera:
458 1515 491 1541 ad
508 1512 666 1548 pratfectutn
679 1512 758 1543 datm,
773 1515 802 1538 ut
816 1510 948 1538 arbitratu
974 1510 1048 1544 lega-

1101 227 1244 256 utramque
1271 226 1375 255 partem
1393 220 1569 252 existimatio,
1591 219 1715 255 famaque
1730 221 1876 249 sanctimo-

1101 267 1162 299 niae,
1181 267 1278 294 litteris
1305 271 1393 294 monet
1406 266 1530 293 comitem
1559 266 1596 300 (c)
1622 266 1708 300 palam
1739 273 1767 293 se
1788 267 1882 294 videre

1100 312 1327 347 conspirationem
1346 312 1371 338 in
1387 311 1584 338 Athanasianos
1602 311 1739 343 adornari,
1753 312 1824 346 quod
1841 320 1884 340 su-

1100 364 1207 392 spectos
1221 363 1248 386 et
1263 362 1400 385 recttsalos
1421 357 1543 384 homines
1562 364 1595 384 eo
1606 357 1744 384 misissent
1759 358 1859 392 legatos
1873 367 1879 385 :

1101 404 1211 430 allatum
1230 403 1280 430 sibi
1298 403 1380 430 fuisse
1392 403 1501 429 nuntios
1515 403 1667 437 prtemissos
1680 410 1694 429 a
1712 402 1883 437 Joanne.pe-

1101 447 1272 481 riculumque
1282 454 1343 474 esse
1357 454 1390 473 ne
1401 446 1576 479 Colluthiani,
1589 446 1724 474 Meletiani
1747 452 1775 474 et
1790 448 1882 474 Ariani

1100 499 1149 526 per
1160 491 1305 527 Egyptum
1325 496 1406 518 totam
1436 492 1530 519 turbas
1548 497 1674 519 moveant
1699 501 1706 520 :
1733 500 1784 520 neu
1808 494 1882 520 locus

1100 539 1261 566 criminandi
1276 538 1416 573 episcopos
1430 538 1522 571 fuerit,
1535 538 1556 565 si
1572 546 1624 566 tton
1640 546 1671 566 ex
1690 547 1767 574 atquo
1778 543 1805 567 et
1814 540 1882 566 bono

1097 584 1228 618 judicium
1245 584 1360 611 feratur.

1138 631 1180 657 H.
1195 629 1315 665 Egyplit‘
1334 630 1466 665 appellant
1502 631 1697 664 imperatorem.
1722 646 1756 651 —
1786 631 1882 659 Comes

1102 676 1246 711 Dionysius
1257 676 1355 703 litteris
1370 676 1513 703 Alexandri
1526 681 1676 704 commotus
1686 696 1693 709 ,
1709 676 1827 704 Eusebio
1840 682 1881 704 at-

1099 729 1154 756 que
1167 722 1247 749 sociis
1260 722 1395 755 rescribit,
1415 732 1424 748 ι
1441 722 1497 757 jam
1513 730 1543 750 se
1566 722 1682 750 Flacillo
1711 723 1882 750 renuntiasse

1101 772 1278 801 conquestum
1299 768 1476 795 Athanasium
1503 768 1536 794 de
1552 768 1643 802 iniqua
1666 772 1692 795 et
1715 774 1882 802 praepostera

1102 814 1244 849 legatione,
1257 821 1313 840 rem
1331 821 1499 848 nequaquam
1514 821 1545 848 es
1562 814 1651 841 animo
1668 814 1769 841 domini
1785 815 1883 841 animm

1065 861 1084 888 Β
1099 868 1154 887 suae
1169 860 1221 895 (sic
1236 859 1289 896 ille)
1301 860 1448 887 Alexandri
1462 861 1580 894 factam;
1597 861 1623 888 id
1640 860 1690 888 sibi
1706 867 1810 895 semper
1821 868 1882 888 con-

1099 905 1150 933 silii
1169 906 1253 933 fuisse
1267 906 1442 932 utcomntuni
1462 905 1565 932 calculo
1594 911 1621 932 et
1648 905 1776 940 suii'ragio
1791 906 1880 934 mitte-

1099 956 1192 979 rentur
1206 951 1307 986 legati;
1324 951 1395 978 haud
1413 951 1497 979 levem
1514 951 1571 981 fore
1586 951 1768 979 criminationi
1782 951 1882 985 locum,

1097 997 1120 1025 si
1138 997 1292 1024 Alexander
1311 997 1456 1033 episcopus
1469 997 1548 1024 rebus
1563 998 1646 1032 gestis
1669 1005 1722 1024 non
1745 998 1882 1032 obtempe-

1098 1048 1184 1071 raret.
1202 1053 1212 1069 ι
1232 1043 1294 1071 llaec
1305 1043 1358 1072 ille.
1375 1043 1466 1078 Neque
1483 1043 1508 1070 id
1531 1050 1583 1070 non
1597 1043 1781 1079 inteHigebant
1796 1043 1880 1070 Euse—

1098 1088 1172 1116 biaui
1184 1097 1192 1116 :
1207 1090 1256 1116 sed
1269 1090 1377 1117 vetabat
1391 1090 1488 1124 cupido
1502 1090 1701 1118 exterminandi
1726 1089 1880 1121 Athanasii,

1097 1144 1132 1164 ne
1147 1136 1211 1171 quid
1227 1136 1339 1165 consilio
1355 1141 1382 1164 et
1402 1137 1524 1170 aequitati
1553 1137 1658 1164 darent.
1674 1136 1797 1171 Cumque
1821 1137 1881 1163 ani-

1098 1184 1297 1211 madverterent
1314 1183 1433 1218 Egyptii
1455 1183 1589 1218 episcopi,
1607 1184 1771 1212 Eusebianos
1787 1183 1881 1211 nihilo-

1098 1230 1187 1256 minus
1207 1229 1239 1256 ad
1256 1233 1344 1264 empta
1361 1229 1496 1264 progredi,
1521 1236 1609 1263 neque
1635 1229 1732 1257 sistere
1746 1229 1857 1263 gradum
1871 1236 1879 1261 ;

1098 1276 1230 1309 rescripto
1257 1276 1289 1302 ad
1309 1275 1466 1311 Dionysium
1489 1275 1617 1303 comitem
1637 1274 1712 1306 dato,
1729 1278 1824 1310 rogant
1852 1279 1882 1301 ut

1097 1321 1206 1355 quando
1220 1320 1366 1347 Eusebiani
1381 1327 1430 1355 pro
1453 1320 1576 1353 libidine,
1594 1320 1667 1347 nulla
1685 1324 1793 1347 servata
1811 1319 1881 1354 :equi

1098 1366 1216 1401 bonique
1227 1367 1346 1398 ratione,
1368 1366 1450 1394 multa
1468 1366 1494 1393 in
1519 1374 1595 1393 suam
1612 1366 1759 1401 perniciem
1782 1366 1883 1393 machi-

1098 1417 1241 1444 narentur,
1261 1411 1390 1446 judicium
1407 1417 1492 1439 totum
1509 1416 1696 1439 reservaretur
1713 1411 1880 1446 imperatori.

1095 1459 1195 1486 Comes
1210 1464 1312 1490 autem,
1339 1458 1390 1485 etsi
1415 1459 1563 1493 legationis
1593 1458 1764 1493 iniquitatem
1793 1458 1881 1494 palam

1098 1503 1272 1538 coarguebat,
1289 1502 1404 1530 infestus
1422 1507 1511 1530 tamen
1531 1503 1689 1535 Athanasio,
1706 1503 1818 1530 multum
1836 1503 1884 1531 ad-

267 1568 353 1589 torum
367 1561 458 1589 omnia
477 1546 578 1595 ageret.
596 1559 665 1586 Hinc
685 1558 801 1585 militare
818 1556 974 1584 satellitium
998 1556 1045 1584 de-
1059 1546 1082 1575 ο
1099 1556 1192 1595 νέτὲυε
1208 1548 1282 1595 illiilli
1297 1556 1388 1583 Operae
1409 1549 1564 1595 insumebat
1576 1568 1584 1581 ν
1603 1557 1668 1595 usus
1687 1550 1719 1576 ad
1741 1549 1882 1576 arbitrium

261 1612 398 1642 putatum,
414 1611 443 1634 ut
459 1606 573 1633 militum
599 1613 650 1640 ope
664 1609 691 1632 et
707 1603 808 1630 auxilio
832 1603 988 1631 testitnonia
1002 1610 1049 1629 ex-

266 1657 434 1688 torquerent,
460 1656 487 1680 et
503 1652 664 1679 documenta
686 1650 900 1677 conscriberent.
917 1648 1050 1683 Quodque

266 1697 545 1732 suspicioneplenum
572 1703 604 1723 ac
625 1695 824 1730 iniquissimum
846 1699 916 1728 erat,
931 1693 1049 1721 Macario

263 1744 423 1779 presbytero
438 1743 487 1770 sub
501 1742 614 1769 militum
628 1741 752 1769 custodia
779 1740 884 1774 relicto,
911 1745 1050 1767 accusato-

268 1796 323 1817 rem
340 1797 430 1817 secum
445 1789 592 1816 abduxere.

302 1835 345 1861 η.
361 1835 515 1870 Uonqucatia
530 1833 670 1860 Athanasii
684 1838 707 1860 et
719 1832 918 1867 .Egyptiorttm.
940 1846 975 1852 —
1004 1830 1050 1858 His

268 1880 418 1914 conspectis
432 1878 687 1914 Egyptiiepiscopi,
701 1878 815 1913 quicum
829 1878 975 1904 Athanasio
986 1876 1049 1912 Tyri

267 1925 455 1956 versabantur,
475 1925 512 1952 rei
527 1924 714 1959 indignitatem
729 1932 783 1951 non
801 1924 928 1955 ferentes,
946 1923 1007 1950 data
1016 1922 1049 1949 ad

269 1970 336 1998 alios
351 1970 494 2004 episcopos
506 1969 569 2005 Tyri
583 1975 691 1997 coactos
705 1969 816 2004 epistola
832 1968 881 2004 (ὁ),
897 1972 1051 1996 contestan-

264 2021 312 2042 tur
329 2015 497 2050 perspicuam
514 2016 565 2043 sibi
576 2023 636 2044 esse
657 2015 870 2043 Eusebianorum
890 2015 916 2041 in
931 2015 1050 2041 Athana-

267 2061 337 2088 sium
352 2066 379 2088 et
394 2062 421 2088 in
438 2069 466 2088 se
481 2061 623 2089 conﬂatam
641 2061 879 2096 conspirationem.
894 2060 1049 2093 Queruntur

266 2113 362 2135 contra
375 2107 418 2143 jus
437 2108 532 2142 fasque
553 2113 628 2142 gesta
643 2107 746 2140 omnia,
760 2111 901 2142 suspectos
917 2106 1049 2140 ejeratos-

263 2161 322 2188 vque
338 2153 441 2188 iudices
454 2153 548 2187 fuisse,
562 2153 624 2181 ficta
640 2153 755 2181 crimina
769 2173 777 2186 ,
805 2153 907 2187 legatos
921 2152 973 2179 sibi
1003 2152 1050 2178 ad-

266 2201 405 2227 versarios
420 2200 585 2235 designatos,
598 2200 644 2234 qui
659 2199 727 2226 nihil
738 2207 790 2227 non
805 2199 939 2226 arbitratu
964 2197 1048 2225 Euse-

270 2245 413 2272 bianorum
427 2249 550 2280 agerent.
569 2245 627 2280 pari
644 2245 695 2272 fide
709 2249 784 2279 gesta
809 2250 916 2272 caetera.
942 2243 1050 2270 Manent

267 2290 387 2323 demum,
399 2290 567 2318 Eusebianos
583 2290 645 2318 dolo
661 2297 724 2317 usos
737 2290 877 2325 epistolam
892 2289 1048 2321 tradidisse,

268 2337 347 2371 quasi
363 2344 378 2364 a
393 2337 582 2369 Colluthianis,
608 2337 758 2365 Meletianis
778 2342 806 2364 et
819 2337 929 2364 Arianis
954 2335 1050 2363 adver—

268 2393 328 2412 sum
345 2393 374 2412 se
388 2385 515 2418 scriptam
531 2393 538 2411 :
554 2385 703 2411 cavendum
721 2392 782 2412 esse
794 2391 827 2412 ne
853 2383 988 2418 quidpiam
1002 2390 1050 2411 eo-

268 2438 328 2457 rum
341 2435 435 2465 rogatu
453 2430 616 2465 designetur,
629 2429 897 2464 ntpoteiuimicorum
906 2429 979 2461 sibi;
995 2435 1049 2455 non

270 2476 397 2510 ignorare
411 2475 470 2502 illos
483 2475 528 2510 qui
545 2482 633 2502 causae
648 2479 732 2508 esset,
747 2474 819 2509 quod
848 2474 882 2501 ab
904 2480 975 2500 anno
983 2479 1050 2507 pro-

265 2522 342 2548 nimo
357 2521 489 2548 Eusebius
503 2520 678 2548 Caesariensis
698 2520 724 2546 in
741 2524 849 2554 apertas
860 2518 1006 2546 adversum
1021 2524 1051 2545 se

268 2569 428 2596 inimicitias
441 2568 620 2604 prorupisset.
633 2567 700 2594 Huic
721 2574 828 2602 quoque
849 2565 938 2594 simile
952 2565 1052 2592 rescri—

265 2621 346 2649 .ptum
363 2615 491 2649 Dionysio
511 2614 619 2641 tradunt
631 2612 735 2640 comiti.

263 2670 266 2675 ν
304 2661 350 2687 45.
367 2660 515 2686 Alexander
541 2658 779 2686 Thessalonicensis
798 2657 927 2692 improbat
953 2656 1051 2690 factum

269 2704 494 2733 Eutebinnorum.
513 2719 549 2724 —
565 2705 668 2732 Horum
683 2704 783 2732 certior
795 2703 883 2731 factus
899 2701 1051 2730 Alexander

307 2774 345 2808 (α)
360 2773 458 2800 Athan.
475 2773 552 2808 Apol.
567 2778 661 2800 contra
679 2773 786 2806 Arium,
799 2780 827 2801 n.
839 2771 884 2799 72.

319 2809 344 2835 bi
357 2809 456 2835 Athan.
473 2808 539 2834 ibid.

307 2774 345 2806 ‘a)
360 2774 458 2800 Athan.
475 2774 552 2808 Apol.
567 2778 658 2800 contra

319 2811 332 2835 b
357 2809 456 2835 Athan.
473 2808 539 2834 ibid.

304 2774 344 2880 Et;
354 2843 455 2871 Athan.
472 2842 552 2876 ibid.,
569 2851 598 2870 n.
613 2843 658 2872 80.

1100 1594 1126 1621 vi
1139 1593 1358 1630 auctoritateque
1370 1600 1428 1622 sua.
1441 1593 1506 1628 Qua:
1518 1601 1598 1623 causa
1611 1593 1664 1621 fuit
1671 1598 1701 1622 ut
1709 1594 1882 1626 Athanasius.

1100 1640 1274 1675 conspicatus
1287 1640 1378 1668 omnia
1393 1640 1528 1668 arbitratu
1546 1645 1573 1668 et
1585 1640 1701 1675 impulsu
1713 1640 1882 1667 adversario-

1098 1693 1160 1713 rum
1175 1685 1229 1721 agi.
1243 1693 1326 1720 seque
1340 1686 1541 1714 iu-discriutine
1557 1686 1671 1718 versari,
1688 1693 1717 1714 se
1734 1687 1883 1722 proriperet

1101 1733 1240 1768 adiretque
1254 1733 1455 1767 imperatorem.

1137 1778 1182 1806 15.
1201 1777 1277 1813 Fuga
1288 1778 1441 1805 Athanasii.
1460 1792 1497 1798 —-
1519 1776 1633 1806 Videtur
1655 1784 1736 1813 porro
1763 1777 1883 1805 Athana-

1101 1823 1157 1851 sius
1171 1824 1307 1859 profectus
1319 1830 1379 1852 esse
1393 1823 1486 1851 statim
1502 1828 1584 1858 atque
1594 1823 1674 1859 legati
1691 1824 1724 1851 ad
1737 1822 1882 1852 Mareotem

1101 1869 1154 1896 iter
1167 1869 1352 1902 instituerunt,
1361 1868 1499 1904 Egyptiis
1515 1869 1705 1904 imperatorem
1723 1869 1883 1904 appellanti-

1102 1915 1161 1942 bus.
1177 1915 1209 1942 Et
1223 1923 1287 1943 vero
1298 1915 1362 1950 quid
1377 1915 1510 1949 reliquum
1520 1919 1580 1942 erat
1595 1919 1657 1949 post
1671 1914 1821 1948 hujusmodi
1835 1923 1883 1950 ap-

1102 1960 1283 1997 pellationem,
1292 1968 1371 1995 quam
1385 1965 1415 1988 ut
1424 1960 1544 1987 adiretur
1555 1960 1768 1988 Constantinus?
1783 1961 1813 1987 Et
1826 1961 1883 1987 haec

1101 2012 1143 2034 est
1158 2007 1221 2034 item
1239 2014 1354 2034 concors
1369 2006 1533 2041 scriptorum
1549 2013 1617 2040 pene
1634 2007 1754 2033 omnium
1772 2011 1882 2033 senten-

1103 2056 1149 2084 tia.
1166 2055 1231 2088 Quae
1242 2062 1305 2082 vero
1314 2054 1429 2089 quaestio
1445 2059 1577 2089 movetur,
1590 2059 1680 2083 utrum
1693 2055 1795 2083 crimen
1811 2056 1885 2090 prius

1101 2101 1235 2133 oblatum,
1258 2101 1360 2129 illudne
1378 2102 1411 2128 de
1426 2101 1510 2129 calice
1525 2101 1621 2134 fracto,
1636 2109 1670 2128 an
1684 2101 1755 2128 aliud
1771 2102 1804 2128 de
1820 2109 1885 2129 ene-

1103 2152 1147 2174 cto
1163 2147 1288 2179 Arsenio,
1303 2146 1369 2174 levis
1380 2147 1490 2174 omnino
1512 2147 1651 2174 momenti.
1678 2146 1812 2175 Fortassis
1834 2148 1885 2175 hac

1103 2192 1208 2221 ratione
1221 2193 1301 2220 facile
1319 2192 1498 2221 concilientur
1509 2193 1661 2227 opiniones,
1679 2193 1702 2221 si
1715 2201 1776 2220 cum
1801 2193 1884 2220 Atha-

1105 2240 1184 2267 nasio
1198 2239 1334 2272 dicamus,
1350 2239 1459 2265 allatam
1481 2239 1598 2274 primum
1620 2238 1704 2265 fuisse
1716 2239 1885 2266 criminatio-

1104 2292 1166 2312 nem
1183 2285 1257 2312 illam
1272 2285 1306 2312 de
1318 2284 1403 2312 calice
1415 2283 1503 2311 fracto
1516 2288 1544 2312 et
1569 2284 1602 2311 de
1613 2291 1706 2312 mensa
1734 2284 1861 2312 subversa
1875 2293 1884 2317 ;

1101 2331 1149 2359 sed
1166 2338 1226 2358 cum
1242 2330 1338 2359 idonea
1360 2330 1516 2358 testimonia
1535 2334 1563 2357 et
1589 2335 1749 2365 argumenta
1771 2330 1805 2357 ad
1824 2337 1884 2358 eam

1103 2377 1331 2413 cotnprobandam
1347 2384 1400 2404 nou
1416 2382 1605 2411 suppeterent,
1627 2377 1692 2403 itum
1710 2377 1743 2403 ad
1754 2377 1885 2403 crimina-

1104 2424 1204 2451 tionem
1217 2423 1250 2450 de
1269 2423 1376 2450 Arseuii
1399 2430 1482 2455 nece;
1503 2430 1563 2457 qua:
1592 2430 1653 2449 cum
1669 2422 1727 2456 ipso
1753 2426 1884 2457 praesente

1101 2470 1217 2498 Arsenio
1226 2469 1296 2497 falsa
1314 2473 1342 2496 et
1361 2468 1502 2504 nugatoria
1529 2475 1590 2496 esse
1616 2468 1861 2503 deprehenderetur
1874 2488 1882 2500 ,

1104 2516 1194 2551 inopia
1205 2516 1360 2548 criminum,
1387 2515 1595 2550 redintegratam
1617 2519 1671 2541 tum
1689 2515 1771 2542 fuisse
1793 2514 1884 2548 pristi—

1105 2569 1166 2588 nam
1179 2561 1251 2588 illam
1266 2566 1376 2596 propter
1387 2568 1467 2595 quant
1492 2560 1592 2596 legatio
1609 2560 1678 2588 clam
1698 2561 1806 2588 decreta
1823 2559 1885 2587 fuit.

1138 2606 1182 2635 16.
1200 2607 1318 2634 Narrant
1344 2607 1469 2638 Rufinus.
1488 2607 1657 2634 Sozomeuus
1682 2612 1710 2634 et
1731 2606 1885 2634 Theodore-

1103 2658 1146 2681 tus
1160 2653 1218 2688 (d),
1243 2653 1355 2681 detectis
1378 2653 1483 2681 insidiis
1509 2660 1541 2680 ac
1557 2653 1722 2687 deprehensa
1748 2652 1884 2687 conspira-

1104 2700 1195 2732 tione,
1213 2704 1384 2727 accusatores
1412 2703 1440 2726 et
1464 2699 1569 2734 iudices
1595 2699 1640 2733 qtti
1667 2699 1768 2726 fraudis
1784 2697 1885 2726 conscii

1140 2767 1177 2803 (ἀ)
1191 2767 1289 2795 Athan.
1304 2766 1419 2803 ibid.,n_.
1431 2767 1476 2803 82;
1489 2766 1579 2793 Rufin.
1592 2766 1640 2803 lib.
1656 2773 1675 2795 ι.
1689 2771 1749 2798 cap.
1770 2763 1820 2803 12",
1835 2764 1881 2791 So-

1104 2797 1174 2831 mh:
1190 2803 1236 2830 lib.
1262 2811 1293 2837 ιι,
1309 2797 1437 2846 cap.25;
1463 2802 1597 2831 'l‘beodor.
1613 2801 1662 2829 lib.
1677 2807 1697 2834 ι,
1710 2797 1769 2834 cap.
1786 2797 1830 2826 30.

1065 2215 1088 2243 Β
