2000 3045
786 152 862 179 ῊΤΛ
883 153 911 180 S.
933 152 1128 180 ATHANASII.

1685 167 1773 187 LXXIV

149 221 238 248 erant,
255 216 370 243 tumultu
387 223 419 242 ac
440 215 573 242 seditione
588 214 721 250 synodum
735 214 916 248 complevisse
929 233 936 246 ,
952 220 974 243 Α
989 215 1068 248 peril.
1083 214 1292 249 Responderunt
1310 215 1405 242 iterum
1423 216 1459 243 illi
1471 239 1478 249 ,
1495 217 1522 244 in
1550 218 1644 246 cellula
1670 228 1772 255 :egrum

150 263 373 298 praestigiatorem
381 262 560 289 vociferantes
571 261 759 292 Athanasium,
771 261 934 293 maleﬁcum,

149 309 301 337 sacerdotio
316 309 468 344 indignmn,
480 314 512 335 ac
531 309 565 335 de
587 306 676 334 medio
692 305 839 333 tollendum
854 315 861 332 :
877 309 933 331 tum

150 363 198 382 eos
213 355 257 389 qui
271 354 348 388 jussu
365 354 538 388 imperatoris
567 353 716 387 disciplina!
734 352 862 387 pacisque
877 358 934 379 ser-

151 401 245 428 vaudae
261 407 344 427 causa
361 401 464 435 synodo
478 400 637 431 intererant,
652 399 754 427 veritos
776 406 810 426 ne
828 398 933 425 violen-

152 451 192 474 tas
205 447 230 474 ei
245 446 377 474 inferrent
401 453 508 477 manus,
524 444 593 473 ciam
606 445 744 479 judicibus
770 444 857 471 virum
873 450 937 478 pro-

152 494 279 527 ripuisse,
295 491 528 525 Athanasiumque
544 497 693 518 conscensa
705 490 766 518 navi
779 490 934 517 Constanti-

152 537 270 572 nopolim
282 536 433 572 profectum
450 543 521 568 esse,
538 540 567 562 ut
584 543 695 564 causam
724 536 794 571 apud
819 535 935 570 impera-

152 590 238 611 torem
253 588 354 618 ageret.

189 630 232 657 l7.
253 629 407 664 Legutorum
422 632 495 664 gesta
511 628 681 654 Alexandria
693 632 718 655 et
729 628 756 655 in
771 628 936 655 Mortale.—

152 674 255 702 lnterea
272 675 350 710 legati
365 682 424 702 cum
438 674 547 710 lschyra
563 674 688 709 profecti,
712 674 806 702 relicto
818 675 869 702 sub
884 674 936 701 mi-

152 721 228 748 litum
245 722 368 748 custodia
383 720 512 752 Macario,
528 720 720 748 Alexandriam
734 726 866 748 venerunt
880 720 934 755 (a);

151 767 274 802 dataque
293 767 391 794 littera;
405 767 541 801 Philagrio
557 771 620 794 sunt
645 766 758 802 (Egypti
786 766 914 801 praefecto
925 787 932 799 ,

151 821 250 847 genere
267 813 429 847 Cappadoci,
445 811 591 846 transfugae
601 819 615 838 a
631 812 759 847 religione
769 812 934 845 Christiana,

154 859 200 894 qui
213 858 372 885 auctoritate
392 858 518 892 deinceps
535 862 562 884 et
572 864 653 892 opera
677 865 726 885 sua
741 857 768 884 in
796 865 838 885 res
851 857 934 885 Euse-

154 905 296 932 bianorum
314 904 446 939 gerendas
460 903 591 931 incubuit.
609 903 779 931 Alexandriae
792 904 855 930 dum
873 911 934 930 ver-

151 955 276 978 sarentur
291 950 380 985 legati,
390 949 486 977 domus
498 949 637 984 victusque
646 949 830 984 quotidianam
848 949 935 976 socie-

152 1000 234 1023 tatem
254 996 372 1023 habuere
388 1003 449 1023 cum
466 999 622 1022 accusatore
633 995 753 1030 Ischyra.
764 994 796 1022 Et
804 993 853 1022 sub
865 994 933 1028 inec,

150 1042 296 1069 comitante
308 1041 455 1078 Philagrio,
473 1041 604 1069 militibus
617 1041 708 1076 stipati
737 1041 764 1068 in
786 1039 934 1068 Mareotem

149 1088 370 1122 proﬁciscuntur,
388 1088 534 1122 sedemque
546 1093 650 1122 ponunt
667 1087 694 1114 in
721 1087 805 1121 ipsius
818 1086 935 1122 Ischyraa

149 1134 240 1161 domo.
254 1133 302 1161 Hic
315 1138 488 1161 monumenta
504 1133 588 1165 edita,
608 1133 652 1160 hic
668 1132 877 1167 perquisitiones
891 1131 934 1158 fa-

150 1184 200 1207 cta:
212 1184 274 1207 sunt
286 1188 293 1206 :
311 1180 355 1207 hic
367 1179 454 1213 dolos,
466 1179 616 1210 machinas,
640 1183 737 1206 cuncta
762 1177 934 1205 veteratoria:

152 1226 219 1252 artis
241 1225 294 1252 tela
321 1229 524 1259 compararunt.
556 1224 753 1251 Animadversa
779 1222 932 1258 presbyteri

151 1270 326 1297 Alexandrini
339 1269 512 1297 etMareotici
538 1269 687 1302 legatorum
715 1269 835 1303 nequitia
851 1272 933 1303 atque

152 1317 270 1350 vafritie,
286 1317 408 1344 homines
421 1323 513 1343 coram
531 1315 685 1350 obiurgant,
712 1314 784 1349 quod
807 1313 856 1341 soli
871 1322 933 1341 cum

151 1367 321 1395 accusatore,
342 1369 388 1390 reo
413 1362 478 1397 Tyri
494 1361 619 1392 dimisso,
636 1361 799 1388 accederent
814 1371 819 1388 :
841 1365 934 1395 postu-

152 1408 208 1435 lant
221 1409 272 1435 sibi
292 1408 387 1435 saltem
401 1415 496 1435 eorum
511 1407 579 1434 actis
590 1411 617 1433 et
641 1406 829 1442 perquisitioni
847 1407 932 1433 inter-

151 1462 209 1482 esse
229 1455 330 1487 liceat;
349 1461 378 1482 se
390 1455 471 1482 totius
490 1454 589 1488 negotii
602 1458 630 1480 et
655 1461 748 1481 eorum
767 1459 827 1488 qua:
840 1451 934 1487 lsclty-

154 1509 209 1528 ram
223 1505 378 1536 spectarent
391 1507 452 1528 esse
471 1500 609 1532 conscios,
625 1507 724 1534 gnaros
743 1499 806 1526 item
823 1499 869 1533 qui
894 1502 933 1525 te-

150 1551 204 1574 stes
215 1554 335 1579 veraces,
347 1546 392 1581 qui
405 1551 500 1573 contra
510 1547 543 1573 ab
553 1546 628 1580 lschy
635 1553 662 1572 ra
670 1545 810 1572 subornati
823 1548 931 1572 essent:
946 1564 967 1593 ο

151 1600 265 1627 quorum
279 1593 377 1619 nedum
394 1592 511 1619 admissa
528 1591 674 1626 postulatio
695 1591 787 1623 fuerit,
806 1598 860 1618 non
873 1591 931 1618 sine

151 1640 175 1666 vi
193 1639 292 1674 repulsi
312 1643 341 1666 et
362 1638 493 1666 eliminati
522 1643 594 1665 sunt.
612 1637 744 1671 Quodque
761 1638 871 1670 mirum,
900 1644 932 1665 ac

151 1686 196 1712 tali
212 1692 321 1712 caterva
334 1685 534 1719 dignissimum,
550 1684 654 1710 exactis
669 1683 848 1719 presbyteris,
874 1682 933 1710 Phi-

151 1731 265 1767 lagrium
287 1732 439 1766 militesque
453 1731 575 1758 ethnicos
602 1731 769 1758 admiserunt
786 1731 819 1758 ad
842 1738 931 1758 rerum

151 1785 289 1804 sacrarum
304 1778 490 1812 quaestionem.
510 1777 660 1804 lntromissi
685 1777 718 1804 ad
745 1777 929 1804 testimonium

151 1822 300 1855 ferendum,
316 1830 368 1849 non
382 1822 487 1853 clerici,
502 1823 549 1849 sed
567 1822 766 1855 cateclmmeni,
779 1822 824 1856 qui
845 1823 932 1849 sacris

151 1876 288 1903 nunquam
306 1869 479 1896 interessent.
495 1868 551 1895 imo
563 1875 628 1896 vero
638 1869 740 1896 ethnici
755 1876 787 1895 ac
805 1867 890 1895 Judmi
904 1869 930 1896 in

150 1919 232 1942 testes
239 1914 359 1946 admissi,
370 1914 414 1941 ubi
423 1915 456 1942 de
464 1913 528 1941 conf
529 1920 602 1942 racto
609 1922 687 1942 sacro
695 1914 789 1946 calice.
797 1915 830 1942 de
840 1921 932 1942 mensa

149 1968 196 1988 seu
207 1961 284 1988 altari
296 1961 426 1988 subverso
435 1968 477 1988 res
490 1966 559 1992 erat;
575 1961 681 1995 quibus,
693 1965 786 1995 utpote
799 1960 931 1996 proianis,

150 2014 198 2034 nec
208 2007 332 2038 initiatis,
341 2015 374 2034 ne
381 2007 485 2034 obtueri
493 2007 600 2040 quidem
615 2013 659 2034 res
668 2005 819 2040 huiusmodi
830 2006 930 2033 licitum

149 2057 218 2080 erat.
231 2053 288 2080 Non
300 2061 330 2080 ea
346 2058 444 2085 mente,
456 2060 507 2080 non
524 2060 556 2080 eo
564 2053 679 2081 consilio
692 2053 931 2088 interrogabantur

151 2100 199 2135 (ὑ),
211 2106 240 2127 ut
256 2100 397 2127 veritatem
412 2100 559 2134 aperirent,
574 2100 620 2127 sed
635 2104 664 2126 ut
675 2104 739 2126 nutu
760 2099 930 2126 inimicorum

151 2146 301 2179 Athanasii,
324 2146 437 2173 crimina
453 2146 613 2180 proferrent.
630 2145 657 2172 Si
672 2147 734 2181 quis
752 2146 930 2172 Athanasium

151 2191 229 2218 illatae
238 2192 408 2219 contumeliae
419 2192 596 2223 insimularet,
610 2192 632 2219 is
644 2200 705 2219 mox
718 2191 873 2219 Catholicus
885 2199 932 2218 au-

987 260 1156 287 decubuisse.
1174 259 1231 287 Non
1250 261 1342 287 stabat
1359 261 1441 294 igitur
1453 262 1500 297 qui
1520 263 1706 298 decumberet,
1722 274 1773 294 nec

986 312 1069 332 sacra-
1089 304 1205 332 faciebat
1225 305 1272 339 qui
1297 306 1323 332 in
1348 305 1444 334 cellula
1467 312 1584 342 aegrotus
1600 308 1714 342 jaceret.
1730 311 1772 338 Ad

986 350 1044 377 haec
1059 350 1220 378 testiﬁcante
1237 350 1349 386 ischyra
1368 359 1383 378 a
1398 351 1517 380 Macario
1535 355 1674 383 ambustos
1689 357 1773 384 fuisse

986 395 1108 424 ecclesias
1120 396 1222 428 libros;
1245 398 1294 432 ipsi
1311 403 1400 427 tamen
1416 403 1510 431 testes,
1523 400 1629 428 etiamsi
1643 402 1770 430 submissi

986 446 1014 469 et
1035 442 1185 475 subornati,
1206 443 1270 471 fassi
1301 449 1366 472 sunt
1393 444 1460 472 nihil
1485 445 1640 481 huiusmodi
1665 452 1770 482 gestum

987 487 1083 520 fuisse,
1098 489 1147 516 sed
1167 489 1276 516 mentiri
1299 490 1450 526 Ischyram.
1463 491 1496 519 Et
1514 499 1645 527 perquam
1670 493 1770 521 mirum

987 533 1212 570 fuitconquestos
1226 535 1527 572 |ucifugas,occultatos
1542 538 1627 567 fuisse
1642 540 1676 566 ab
1687 540 1771 567 Atha-

986 580 1062 608 nasio
1076 588 1122 609 eos
1138 581 1184 617 qui
1212 583 1395 610 testimonium
1423 583 1495 611 ferre
1516 589 1643 620 possent,
1661 587 1770 614 eosdem

987 630 1076 654 tamen
1105 627 1192 662 palam
1208 628 1402 663 interrogasse.
1417 629 1485 656 Acta
1505 634 1594 657 autem
1616 630 1770 665 hujusmodi

985 680 1077 700 eorum
1094 673 1208 701 arbitrio
1222 679 1249 701 et
1264 675 1382 708 nutibus,
1393 677 1514 710 praefecti
1531 681 1642 709 terrore,
1655 678 1770 705 militum

987 717 1012 744 vi
1030 722 1112 753 atque
1135 718 1216 746 illatis
1230 719 1318 754 plagis
1342 721 1506 756 conscripta,
1526 726 1602 749 tanto
1619 723 1713 756 pudori
1729 724 1771 750 vel

987 765 1053 799 ipsis
1077 766 1233 794 auctoribus
1253 766 1345 799 fuere,
1359 772 1388 795 ut
1416 775 1448 796 ea
1468 776 1572 796 summa
1589 770 1772 798 sollicitudine

986 811 1126 844 abderent,
1146 813 1412 849 amanuensibusque
1421 813 1560 848 juberent,
1572 820 1601 842 ut
1614 823 1706 843 eorum
1721 824 1769 843 ne-

989 858 1054 885 mini
1072 859 1175 893 copiam
1193 860 1332 888 facerent:
1353 861 1400 888 sed
1419 862 1501 890 cessit
1518 869 1561 890 res
1579 867 1674 889 contra
1689 870 1770 897 quam

987 905 1036 931 rati
1052 910 1140 935 erant.
1150 905 1215 933 Nam
1229 906 1315 934 Rufus
1329 915 1423 934 eorum
1437 908 1536 940 scriba,
1553 909 1598 943 qui
1613 914 1705 944 postea
1721 910 1771 936 fuit

985 950 1013 976 in
1030 950 1223 985 Augustaliana
1239 951 1394 986 spiculator,
1411 953 1530 980 omnium
1545 960 1657 988 gnarus,
1677 954 1771 981 aderat

985 995 1030 1031 qui
1039 1001 1173 1031 gestorum
1180 996 1263 1024 ferret
1272 997 1463 1026 testimonium.
1473 998 1612 1026 Eusebiani
1621 999 1770 1035 quoque(c)

985 1042 1078 1076 paucis
1099 1046 1158 1076 post
1184 1042 1262 1070 annis
1287 1050 1318 1069 ea
1345 1050 1393 1077 per
1425 1047 1548 1070 oratores
1571 1051 1634 1071 suos
1658 1044 1770 1071 Romam
1790 1048 1799 1059 ‘

986 1088 1127 1122 miserunt,
1142 1089 1343 1123 Athanasioque
1353 1093 1416 1116 sunt
1429 1096 1461 1116 ea
1474 1089 1531 1124 ipsa
1542 1098 1590 1124 per
1601 1090 1700 1117 .lnlium
1714 1090 1770 1124 epi-

986 1141 1097 1168 scopum
1115 1134 1286 1161 transmissa.
1302 1134 1367 1168 Qua
1382 1142 1426 1162 res
1448 1134 1596 1162 sceleratos
1605 1135 1635 1162 .in
1650 1135 1771 1163 furorem

985 1184 1014 1207 et
1026 1180 1163 1208 vesaniam
1192 1179 1299 1215 agebat,
1312 1180 1384 1215 quod
1413 1180 1538 1208 videlicet
1552 1188 1612 1215 qua:
1624 1181 1728 1208 occulta
1743 1186 1770 1208 et

986 1225 1075 1260 ignota
1095 1232 1154 1253 esse
1173 1231 1363 1260 peroptarent,
1376 1233 1408 1255 ea
1426 1227 1590 1255 Athanasius
1609 1234 1665 1262 prae
1682 1228 1770 1255 mani-

985 1270 1035 1298 bus
1047 1271 1167 1303 haberet,
1185 1279 1217 1299 ea
1234 1271 1344 1305 legeret.

1019 1314 1063 1343 18.
1084 1314 1237 1351 Presbyteri
1253 1321 1343 1344 autem
1357 1321 1384 1344 et
1396 1316 1520 1350 diaconi,
1538 1325 1598 1345 cum
1611 1318 1771 1345 Alexandri-

985 1360 1022 1393 ni,
1035 1365 1090 1388 tum
1102 1361 1238 1389 Mareotici
1254 1362 1305 1397 (ά),
1317 1362 1354 1390 rei
1364 1363 1549 1398 indignitatem
1572 1371 1624 1391 non
1641 1364 1769 1398 ferentes,

985 1408 1116 1443 rescripta
1134 1407 1217 1435 edunt
1229 1417 1237 1440 ς
1247 1413 1433 1436 contestantur
1448 1417 1501 1437 non
1516 1416 1549 1437 ex
1568 1418 1645 1445 aquo
1659 1415 1687 1438 et
1699 1411 1770 1438 bono

984 1453 1204 1487 perquisitionem
1222 1454 1327 1481 haberi.
1347 1455 1379 1482 Et
1403 1455 1578 1483 Alexandrini
1591 1457 1710 1491 quidem,
1724 1457 1770 1484 lit-

985 1499 1049 1526 teris
1062 1499 1096 1527 ad
1114 1499 1216 1535 legatos
1239 1500 1339 1534 missis,
1352 1506 1501 1535 queruntur
1514 1508 1561 1529 reo
1572 1510 1624 1530 non
1638 1507 1771 1538 prasente

985 1545 1104 1572 habitam
1115 1546 1303 1580 quaestionem,
1317 1546 1369 1574 sibi
1384 1554 1474 1574 rerum
1492 1549 1585 1582 gnaris
1609 1549 1770 1583 denegatum

986 1592 1087 1619 aditum
1102 1600 1109 1623 :
1123 1596 1153 1619 ut
1163 1592 1228 1620 solis
1242 1593 1335 1620 liceret
1351 1601 1400 1627 pro
1415 1593 1525 1621 libidine
1539 1601 1594 1621 rem
1603 1601 1708 1629 gerere.
1717 1594 1770 1621 Da-

987 1645 1016 1665 re
1032 1645 1062 1665 se
1075 1638 1216 1673 epistolam
1234 1639 1324 1672 istam,
1343 1647 1405 1674 qua:
1421 1640 1447 1667 in
1461 1647 1525 1667 vera
1537 1643 1641 1676 synodo
1656 1641 1682 1668 in
1693 1641 1770 1668 testi-

987 1682 1104 1709 monium
1121 1682 1272 1711 aﬁ‘erretur.
1298 1683 1433 1712 Iareotici
1460 1692 1532 1715 vero.
1546 1685 1658 1719 epistola
1672 1685 1706 1712 ad
1724 1693 1769 1721 sy-

987 1728 1085 1755 nodum
1099 1728 1207 1763 Tyriam
1223 1729 1315 1761 missa,
1329 1729 1481 1763 signiﬁcant
1492 1730 1626 1766 lsehyram
1643 1739 1696 1759 non
1709 1739 1772 1760 vere

987 1774 1184 1810 presbyterum,
1200 1774 1260 1801 ﬁcta
1273 1775 1388 1802 crimina
1404 1776 1431 1803 in
1455 1775 1614 1809 Macarium,
1630 1777 1657 1804 id
1675 1777 1727 1805 sibi
1745 1777 1770 1804 in

987 1820 1081 1848 eodem
1098 1827 1163 1854 agro
1178 1821 1348 1849 versantibus
1362 1822 1446 1857 probe
1458 1828 1624 1858 compertum
1637 1831 1707 1855 esse,
1725 1825 1772 1859 qui

986 1866 1134 1893 Athanasio
1159 1865 1302 1894 Mareotica
1325 1867 1384 1895 loca
1411 1867 1584 1903 perlustranti
1604 1876 1712 1904 semper
1725 1871 1772 1898 ad-

986 1916 1092 1939 essent:
1105 1912 1266 1940 accedentes
1283 1920 1312 1940 se
1327 1918 1356 1940 ut
1365 1913 1588 1948 inquisitionibus
1599 1914 1770 1949 interessent,

986 1957 1059 1984 aditu
1075 1957 1247 1990 interclusos,
1268 1959 1402 1993 repulsam
1424 1959 1529 1994 tulisse,
1546 1965 1574 1988 et
1595 1969 1701 1989 summo
1711 1963 1773 1997 qui-

986 2002 1048 2030 dem
1064 2010 1145 2038 opere
1169 2009 1307 2039 exoptare,
1322 2009 1350 2032 ut
1371 2005 1473 2041 Tyrum
1492 2008 1636 2035 accedendi
1658 2008 1773 2036 facultas

986 2049 1032 2080 sit,
1046 2050 1068 2077 si
1082 2057 1133 2076 non
1148 2050 1289 2083 omnibus,
1310 2052 1404 2079 saltem
1420 2052 1580 2087 quibusdam
1592 2062 1607 2082 a
1622 2062 1652 2082 se
1668 2055 1773 2089 legatis.

986 2095 1086 2123 Eadem
1109 2095 1194 2124 ferme
1219 2097 1276 2132 ipsa
1299 2097 1454 2131 Mareotici,
1475 2098 1612 2135 Philagrio
1633 2101 1772 2136 praafecto,

986 2141 1106 2169 Palladio
1119 2142 1231 2170 Curioso
1249 2148 1277 2171 et
1292 2144 1410 2172 Antonio
1429 2151 1627 2174 commeatuum
1647 2147 1774 2182 praefecto

986 2187 1083 2215 litteris
1103 2189 1268 2221 renuntiant,
1284 2195 1432 2224 rogantque
1450 2196 1479 2218 ut
1493 2191 1603 2225 hujusce
1627 2193 1664 2220 rei
1679 2193 1773 2220 notitia

150 2236 248 2268 diebat,
259 2238 310 2264 etsi
326 2244 460 2272 nunquam
477 2237 656 2264 Christianam
678 2237 814 2272 professus
825 2237 931 2272 religio-
947 2243 971 2272 ι)
985 2234 1019 2260 ad
1040 2233 1229 2268 imperatorem
1252 2239 1280 2262 et
1300 2236 1333 2262 ad
1355 2236 1424 2263 ﬁlios
1452 2236 1510 2270 eius
1531 2237 1679 2265 deferatur.
1705 2238 1772 2266 Data

152 2289 222 2309 nem.
235 2282 288 2309 Nec
298 2284 365 2310 satis
373 2284 495 2310 consulto
506 2288 593 2311 tamen
605 2283 772 2310 concinnatae
785 2290 829 2310 res
841 2283 931 2314 luere;

152 2329 260 2363 suisque
274 2329 324 2364 ipsi
343 2329 489 2364 fraudibus,
508 2331 563 2358 suis
580 2331 803 2358 machinamentis
824 2331 933 2365 proditi,

152 2382 183 2402 ac
195 2376 261 2408 suis,
273 2379 302 2402 ut
324 2376 360 2402 ita
380 2376 479 2408 dicam,
495 2377 555 2404 telis
573 2377 690 2404 confossi
704 2380 777 2405 sunt.
793 2377 830 2404 De
849 2376 933 2404 sacris

152 2421 222 2447 enim
234 2422 410 2456 qtnestionem
428 2423 558 2450 habentes
570 2429 631 2450 cum
652 2422 751 2450 Judaeis
771 2428 798 2450 et
810 2422 935 2450 catechu-

153 2467 238 2494 menis
253 2476 259 2494 :
277 2466 403 2500 Ubinam,
419 2468 536 2500 aiebant,
550 2469 642 2500 eratis,
658 2468 766 2503 quando
780 2469 935 2502 irrumpens

152 2513 284 2541 Macarius
298 2521 418 2542 mensam
429 2515 527 2542 evertit
541 2515 553 2542 τ
566 2514 650 2547 lotus,
661 2514 796 2549 inquiunt,
810 2521 932 2541 eramus.

150 2559 230 2593 Atqui
254 2567 307 2586 non
333 2564 438 2595 poterat
454 2560 554 2588 oblatio
579 2565 635 2587 tum
660 2560 728 2593 ﬁeri,
755 2560 778 2587 si
804 2561 932 2587 catechu-

151 2606 221 2632 meni
233 2605 305 2633 intus
320 2611 408 2634 erant.
417 2606 517 2634 Etcum
533 2607 629 2635 litteris
642 2607 814 2642 evulgsssent
824 2607 932 2641 ubique,

150 2655 239 2679 stante
250 2651 357 2687 Ischyra
372 2656 400 2680 et
418 2660 495 2680 sacra
511 2652 757 2685 faciente,irruisse
772 2652 932 2686 Macarium,

149 2702 177 2724 et
189 2698 278 2724 omnia
291 2700 440 2731 evertisse;
457 2706 488 2726 ea
506 2707 612 2734 quoque
626 2700 658 2727 de
673 2706 702 2726 re
728 2704 932 2733 percontantur,

150 2740 258 2769 ubinam
272 2747 344 2771 esset
359 2743 490 2779 lschyras,
506 2752 559 2778 quo
579 2748 699 2779 tempore
712 2743 845 2771 Macarius
860 2744 932 2770 irru-

185 2813 222 2849 (α)
236 2815 335 2842 Athan.
357 2815 466 2850 Apolog.
486 2821 577 2843 contra
594 2816 698 2850 Arium,
715 2825 743 2843 n.
760 2815 804 2848 l5,
822 2815 868 2842 Η.

188 2850 225 2883 (b)
240 2850 338 2877 Athan.
354 2851 430 2883 ibid.,
449 2860 475 2878 ιι.
490 2851 534 2878 85.

189 2851 214 2883 (Ι)
240 2850 338 2877 Athan.
354 2851 418 2877 ibid.

189 2850 225 2920 (vi
243 2885 342 2912 Athan.
358 2886 422 2912 ibid.

268 2933 404 2964 ΡΑτιιοι..
429 2935 488 2965 (in.
514 2935 612 2965 XXV.

987 2279 1037 2307 fuit
1050 2280 1108 2308 haec
1124 2282 1236 2315 epistola
1253 2282 1296 2309 die
1309 2283 1412 2309 decima
1428 2283 1529 2310 mensis
1541 2283 1622 2315 Thot,
1636 2284 1662 2311 id
1674 2290 1715 2311 est
1731 2292 1774 2312 se-

987 2326 1068 2359 ptima
1082 2326 1257 2360 Septembris,
1266 2335 1337 2354 coss.
1350 2327 1422 2355 Julio
1433 2328 1594 2356 Constantio
1605 2329 1689 2357 lrtre
1702 2330 1775 2357 Con-

986 2373 1099 2400 stantini
1115 2374 1284 2408 imperatoris
1307 2378 1336 2400 et
1351 2374 1448 2401 ituﬁno
1468 2374 1576 2407 Albino,
1592 2383 1664 2403 anno
1681 2376 1773 2404 Domi-

987 2418 1014 2446 ni
1027 2419 1093 2446 555.

1022 2465 1065 2493 i9.
1086 2465 1125 2493 Ex
1142 2465 1261 2494 Mareote
1278 2467 1391 2501 profecti
1417 2467 1610 2495 Alexandriam
1627 2469 1681 2504 (ε),
1702 2469 1774 2496 indi-

985 2520 1038 2548 gna
1067 2513 1094 2540 in
1119 2512 1284 2546 Catholicos,
1297 2514 1324 2541 in
1348 2515 1477 2547 virgines,
1503 2515 1530 2542 in
1554 2515 1624 2550 frugi
1649 2516 1774 2543 homines

985 2558 1125 2585 Athanasii
1155 2563 1278 2586 amantes
1311 2563 1509 2593 perpetrarunt.
1538 2559 1639 2587 Eorum
1675 2561 1774 2595 quippe

983 2603 1059 2637 jussu
1071 2603 1170 2632 milites
1179 2609 1207 2631 et
1217 2604 1330 2638 gentiles
1342 2605 1445 2632 strictis
1452 2605 1547 2639 gladiis
1560 2606 1665 2638 obvios,
1674 2612 1702 2634 et
1715 2613 1774 2633 ma-

986 2649 1058 2677 xime
1067 2650 1183 2684 virgines
1196 2650 1334 2684 impetere,
1343 2658 1435 2678 earum
1446 2659 1522 2679 sacra
1534 2660 1647 2688 corpora
1661 2654 1773 2686 nudare,

986 2695 1100 2728 cadere,
1117 2696 1152 2722 ita
1171 2700 1200 2722 ut
1215 2696 1328 2730 pedibus
1345 2697 1414 2725 male
1429 2698 1548 2726 multata:
1576 2700 1772 2728 claudicarent.

987 2741 1092 2769 Ethnici
1117 2749 1181 2769 vero
1199 2749 1261 2769 aras
1282 2748 1309 2770 et
1332 2744 1466 2773 sacriﬁcia
1490 2745 1610 2774 minitari
1627 2755 1634 2781 ;
1653 2747 1720 2774 adeo
1746 2752 1774 2774 ut

1021 2813 1060 2850 (d)
1080 2815 1178 2842 Athan.
1194 2814 1273 2847 ibid.,
1287 2823 1314 2841 n.
1334 2815 1367 2841 '75

1021 2852 1057 2885 {ei
1076 2851 1176 2877 Athan.
1190 2850 1266 2883 ibid.,
1284 2858 1310 2877 ιι.
