2000 3045
225 148 323 168 LXXXVI

896 140 1162 170 PROLEGOMENA.

226 200 387 228 temerarius
402 200 509 235 quidam
529 201 618 233 homo,
632 199 709 234 quasi
730 204 864 234 potestate
879 201 913 228 ab
925 201 1008 236 impio
1022 203 1044 230 Λ
1059 199 1219 235 legati.lI:ec
1229 200 1405 228 conscelerati
1417 201 1541 229 homines
1551 201 1648 228 litteris
1658 200 1788 228 mandare
1797 208 1850 228 non

225 245 352 280 pra-fecto
364 246 389 272 in
405 246 590 280 episcoporum
604 245 718 280 gratiam
732 250 854 280 accepta,
873 247 1005 281 virginem

225 299 305 318 manu
317 291 453 326 abreptam
467 292 499 318 ad
512 291 597 318 altare
609 291 679 318 forte
694 291 802 319 obvium
817 295 1007 326 raptaret.vim

223 336 287 363 olim
307 336 468 363 Christianis
483 336 583 363 illatam
608 341 636 364 et
658 341 833 372 tyrannorum
851 338 1007 366 violentiam

224 382 373 410 armillatus.
390 382 461 409 Inter
482 382 539 410 lucc
562 383 682 410 facinora
703 383 796 411 videre
817 389 875 411 erat
891 384 1008 420 virgines

224 429 331 463 fugere,
358 433 386 455 et
413 429 535 456 ethnicos
563 428 710 456 Ecclesium
732 429 837 461 ridere,
853 434 879 456 et
901 431 1007 464 quidem

225 480 288 502 ante
298 475 369 510 ipsas
377 474 562 510 episcoporum
570 475 649 507 aedes,
663 482 721 509 quae
728 483 821 502 revera
837 481 915 502 erant
926 475 1008 503 0ῐίἰεὶ-

226 528 258 547 na
277 521 404 556 nequitia:
416 526 443 548 et
455 522 620 548 diversorum
633 521 804 556 ﬂagitiorum.
815 522 852 548 Ex
865 529 896 549 ea
909 523 1008 557 quippe

224 567 302 594 domo
328 567 424 602 gladiis
444 574 475 594 ac
490 567 554 594 telis
578 567 701 595 instructi
723 568 879 602 prodibant,
896 569 941 602 qui
954 569 1007 595 vim

221 618 249 640 et
263 613 332 640 mala
348 613 495 641 Catholicis
508 613 648 646 inferrent,
665 614 710 648 qui
735 614 852 649 virgines
866 614 939 641 nullo
954 622 1007 642 non

222 659 444 687 contumeliarum
457 667 554 695 genere
568 664 721 688 onerarent.
735 661 767 687 Et
780 661 836 687 haec
848 661 898 688 illae
910 660 1006 695 jejunii

221 710 343 740 tempore
365 713 378 732 a
400 706 528 732 militibus
545 705 784 733 contubernalibus
802 710 829 733 et
843 705 1008 740 compotori-

222 751 271 778 bus
290 751 477 786 episcoporum
501 758 633 785 perpessas
645 754 717 778 sunt.
736 750 801 784 Qua:
816 755 904 778 autem
919 755 1007 778 tanto-

222 805 281 823 rum
305 796 464 832 tlagitiorum
488 797 596 823 occasio
619 797 709 828 fuerit,
727 796 849 830 nuspiam
879 796 1005 825 traditur.

225 845 321 872 Verum
336 844 461 878 augurari
477 843 538 871 licet
556 851 588 870 eo
609 843 759 878 iniquitatis
775 848 802 871 et
819 843 952 870 violentiae
966 843 1005 869 le-

1058 245 1234 272 erubuerunt.
1250 245 1402 281 Presbyteri
1418 252 1507 274 autem
1534 245 1686 278 Mareotici,
1701 246 1746 280 qui
1757 245 1850 273 confu-

1059 292 1132 318 tandi
1148 290 1264 327 Ischyraa
1275 299 1356 319 causa
1378 297 1553 320 accesserunt
1570 292 1618 327 (c),
1635 299 1668 319 ne
1688 291 1772 319 auditi
1789 292 1850 326 qui-

1059 337 1131 368 dem,
1148 337 1247 372 repulsi
1274 342 1347 364 sunt.
1375 337 1451 364 Multi
1475 342 1564 365 tamen
1585 344 1618 364 ex
1643 337 1779 373 episcopis
1804 338 1849 370 qui

1058 382 1182 415 aderant,
1202 383 1295 417 iniquo
1315 383 1418 417 judicio
1433 391 1464 411 ac
1480 384 1560 411 rebus
1574 387 1669 410 contra
1687 384 1732 418 jus
1755 384 1850 418 fasque

1057 427 1143 462 gestis
1155 428 1266 456 minime
1285 429 1421 464 astipulati
1442 435 1515 457 sunt.
1540 429 1676 457 Maximus
1700 434 1789 456 autem
1805 429 1850 456 Je-

1058 471 1280 507 rosolymitanus,
1297 480 1357 500 cum
1385 474 1411 500 iu
1436 475 1515 501 turba
1541 474 1737 502 sceleratorum
1757 475 1849 501 cousi—

1058 522 1152 551 steret,
1175 517 1217 545 vir
1233 523 1320 546 tamen
1338 519 1399 554 pius
1421 524 1447 546 et
1472 520 1653 547 sanctimonia
1680 519 1805 554 insignis,
1821 525 1849 548 et

1056 563 1158 591 Christi
1177 563 1328 597 confessor,
1354 572 1369 591 a
1390 564 1546 600 Paphnutio
1569 565 1698 602 Egyptio
1722 567 1848 601 episcopo

1057 610 1159 644 pariter
1173 610 1340 644 confessore,
1363 611 1405 638 cui
1428 610 1542 639 effossus
1566 612 1660 640 oculus
1675 619 1724 647 pro
1745 613 1846 640 Christi

1058 656 1166 684 nomine
1191 656 1298 689 fuerat.
1315 665 1396 684 manu
1423 658 1538 685 eductus
1557 662 1599 686 est
1623 666 1656 686 ex
1679 659 1792 694 synodo,
1812 667 1847 686 ne

1056 710 1201 737 pravorum
1213 703 1314 736 judicio
1331 703 1534 738 astipularetur.
1548 703 1616 731 Sunt
1632 709 1720 732 autem
1735 705 1779 739 qui
1798 713 1848 732 au—

1057 752 1098 774 tea
1122 748 1147 775 in
1174 748 1233 783 ipso
1250 749 1345 784 synodi
1364 749 1481 776 decursu
1502 749 1528 776 id
1548 755 1654 785 gestum
1668 750 1845 778 arbitrentur.

1055 792 1100 819 Ait
1114 797 1203 820 autem
1223 793 1349 821 Socrates
1360 793 1565 829 (d),Maxiu;um
1575 795 1741 822 damnationi
1761 795 1847 822 Atha-

1056 840 1125 867 nasii
1137 839 1295 875 suffragium
1307 842 1476 876 ascripsisse.
1484 841 1583 868 Verum
1596 842 1748 870 accuratius
1762 842 1847 869 multo

221 895 298 923 gatos
322 895 349 917 et
368 890 523 925 praefectum
538 896 708 924 progressos,
726 889 786 923 quia
807 894 950 917 cernerent
961 897 1008 924 po-
1024 885 1045 914 Β
1060 885 1226 914 Sozomenus
1248 886 1294 922 (e),
1309 895 1390 922 quam
1415 888 1554 921 Socrates,
1570 895 1630 922 qua:
1647 887 1755 923 Tyriam
1785 895 1847 922 spe-

222 936 312 970 pulum
332 935 553 966 Alexandrinum,
569 936 739 969 maximeque
755 935 873 970 virgines
894 935 1006 961 horrere

223 983 294 1010 illam
314 982 482 1017 periniquam
506 986 598 1009 contra
615 981 789 1008 Athanasium
804 985 934 1009 structam
946 988 1007 1008 con-

222 1028 408 1063 spirationem,
425 1032 452 1054 et
465 1028 577 1054 fortasse
589 1027 737 1054 maledictis
754 1025 812 1060 ejus
833 1025 950 1053 artiﬁces
969 1026 1007 1053 in-

221 1074 309 1107 quui,
323 1080 384 1100 cum
398 1078 458 1107 post
470 1077 578 1107 peracta
595 1072 638 1099 illa
652 1072 753 1100 nefaria
769 1075 940 1099 monumenta
949 1079 1007 1107 pro-

221 1119 348 1146 cederent
363 1126 411 1153 per
425 1119 531 1146 urbem.

255 1164 301 1192 20.
321 1165 481 1191 Athanasius
499 1165 651 1191 damnatur.
668 1179 702 1183 —
724 1163 816 1198 Legati
836 1163 943 1191 demum
968 1171 1008 1190 rc-

221 1211 272 1238 bus
289 1211 418 1245 praeclare
433 1210 516 1245 gestis
532 1210 633 1244 Tyrum
658 1209 852 1244 remigraruut,
871 1217 931 1236 cum
948 1216 1007 1236 sese

219 1257 275 1292 jam
283 1257 446 1284 Athanasius
457 1257 667 1284 Eusebianorum
680 1255 763 1283 furori
772 1256 948 1290 proripuisset
957 1255 1005 1292 (α),

221 1303 268 1330 Ait
277 1311 342 1331 vero
358 1303 497 1336 Socrates,
509 1308 570 1337 post
581 1302 670 1338 fugam
685 1302 870 1334 Athanasium,
882 1302 1006 1330 declinati

219 1349 312 1385 judicii
337 1356 430 1381 causa,
447 1349 603 1376 damnatum
625 1348 730 1381 fuisse;
749 1352 889 1382 postquam
917 1351 1005 1374 autem

220 1400 279 1423 acta
296 1394 439 1422 Mareotica
457 1394 536 1420 allata
553 1398 624 1424 sunt,
638 1393 816 1420 abdicationis
828 1393 853 1420 in
869 1400 929 1419 eum
946 1400 1007 1419 sen-

221 1439 332 1466 tentiam
350 1438 441 1466 tulisse
451 1437 624 1465 Eusebianos.
641 1437 808 1465 Sozomenus
823 1444 885 1464 vero
900 1437 948 1473 (b),
961 1437 1007 1471 qui

221 1485 316 1520 Tyrias
328 1492 371 1513 res
392 1485 546 1512 accuratius
561 1491 642 1518 quam
658 1484 703 1510 alii
719 1488 851 1516 recenset,
867 1484 909 1511 his
923 1491 1007 1518 prope

220 1530 308 1558 verbis
321 1537 377 1557 rem
393 1535 511 1557 enarrat.
531 1529 656 1565 Synodus
673 1530 809 1557 absentem
829 1530 1005 1557 Athanasium

219 1577 358 1604 damnavit
384 1581 411 1604 et
445 1577 601 1611 episcopatu
634 1576 785 1608 abdicavit;
811 1576 1006 1611 interdixitque

219 1624 292 1650 aditu
307 1623 487 1656 Alexandriae,
503 1630 536 1650 ne
556 1622 716 1649 tumultuum
739 1624 932 1658 turbarumque
958 1631 1006 1650 au-

218 1675 278 1698 ctor
289 1675 372 1698 esset.
386 1669 515 1698 Joannem
531 1677 595 1697 vero
609 1675 636 1697 et
651 1669 780 1703 aSset-las,
795 1674 923 1704 tanquam
936 1669 1005 1703 inju-

219 1717 258 1744 ria
275 1717 367 1751 pulsos
381 1721 408 1744 et
421 1716 489 1743 male
503 1721 639 1751 acceptos.
655 1716 688 1743 ad
707 1716 905 1743 communionis
921 1717 1007 1744 socie-

219 1767 300 1790 tatem
323 1763 450 1796 admittit,
467 1763 634 1798 singulisque
654 1770 732 1790 suum
748 1763 774 1790 iu
797 1763 872 1791 clero
893 1764 1004 1798 gradum

220 1809 346 1837 restituit.
368 1809 436 1836 Hinc
458 1809 556 1836 litteris
579 1810 737 1844 imperatori
754 1814 829 1844 gesta
844 1818 891 1837 sua
906 1809 1006 1844 signifi-

219 1861 282 1883 cant
294 1856 438 1883 Eusebiani
448 1875 456 1888 ,
471 1856 650 1890 epistulasque
663 1856 789 1883 omnibus
805 1856 904 1891 ubique
918 1861 1004 1883 terra-

218 1910 279 1929 rum
294 1902 452 1936 prarsulibus
465 1902 585 1933 mittunt,
601 1901 678 1936 queis
691 1902 833 1929 hortantur
843 1907 872 1928 ut
888 1910 922 1929 ne
936 1902 1003 1929 ultra

220 1947 359 1975 Athanasii
380 1947 563 1974 communioni
587 1947 642 1974 sint
671 1947 808 1983 adjuncti,
832 1956 881 1975 neu
908 1949 1005 1976 litteris

220 1993 291 2020 ultro
303 1993 426 2027 citroque
440 1993 530 2020 missis
547 1992 694 2019 amicitiam
718 2000 779 2020 cum
805 1993 850 2020 illo
876 1993 1003 2027 foveant;

219 2040 362 2067 scelestum
386 2044 528 2070 vocantes.
543 2046 618 2065 reum
642 2037 785 2066 multorum
807 2039 949 2066 criminum
961 2040 1006 2068 de-

219 2087 401 2122 prehensum,
425 2085 485 2123 fuga
505 2085 624 2120 elapsum
649 2084 801 2119 iudicibus,
818 2086 888 2118 quod
906 2094 1004 2114 novum

219 2133 369 2160 facinorum
387 2135 460 2159 esset
478 2135 677 2166 argumentum.
695 2130 751 2157 Hac
768 2138 850 2164 porro
869 2131 902 2157 de
919 2138 1002 2158 causa

219 2178 334 2206 inflictas
348 2178 373 2206 ei
390 2184 484 2212 poenas
508 2183 578 2208 eSse,
604 2176 674 2210 quod
698 2183 760 2202 cum
785 2182 857 2202 anno
882 2176 1004 2210 proximo

1020 1559 1040 1588 ϐ

1056 936 1131 959 ctant
1146 932 1277 968 synodum
1293 935 1477 967 pertractavit.
1492 933 1547 962 Nec
1565 934 1624 968 plus
1636 933 1718 961 habet
1729 934 1845 961 ﬁrmita-

1057 979 1101 1012 tis,
1117 979 1188 1013 quod
1213 979 1251 1005 ait
1273 979 1331 1013 ipse
1352 979 1478 1007 Socrates
1500 979 1545 1015 (Γ),
1561 979 1704 1006 Arseuium
1725 979 1846 1007 Subscri-

1056 1026 1141 1061 psisse
1154 1025 1294 1054 Athanasii
1313 1026 1485 1054 abdicationi.
1508 1026 1573 1053 Nam
1591 1025 1711 1072 {Egyplii
1725 1025 1844 1060 episcopi

1057 1079 1128 1098 anno
1142 1071 1205 1103 540,
1220 1076 1409 1099 contestantur
1420 1071 1470 1099 sibi
1483 1071 1626 1099 Arsenium
1649 1073 1766 1104 haerere;
1786 1077 1813 1099 et
1828 1080 1843 1099 a

1056 1124 1121 1144 vero
1142 1117 1222 1144 simili
1243 1117 1383 1151 abhorret,
1402 1117 1566 1150 Arsenium,
1582 1118 1627 1152 qui
1652 1123 1773 1152 tempore
1796 1125 1842 1154 sy-

1057 1163 1121 1190 nodi
1132 1170 1165 1190 ex
1181 1163 1302 1196 partibus
1319 1163 1407 1191 stabat
1423 1163 1612 1194 Athanasii,ut
1626 1163 1843 1191 criminationem

1057 1209 1245 1244 propulsaret,
1261 1209 1479 1236 condemnationi
1500 1214 1594 1244 postea
1612 1209 1671 1243 ejus
1687 1209 1843 1244 suffragium

1057 1255 1172 1282 dedisse.
1201 1253 1345 1290 Ignoratur
1368 1262 1449 1290 porro
1465 1255 1575 1290 quinam
1594 1255 1714 1290 episcopi
1729 1255 1842 1283 abdica-

1058 1301 1122 1328 tioni
1139 1301 1282 1328 Athanasii
1295 1301 1464 1328 subscrihere
1479 1302 1638 1329 renuerint:
1654 1310 1724 1329 unus
1738 1306 1842 1329 tantum

1057 1351 1223 1375 memoratur
1249 1347 1392 1374 Marcellus
1421 1348 1596 1383 Aucyranus,
1618 1348 1696 1383 cujus
1722 1356 1843 1383 persaepe

1057 1393 1158 1420 mentio
1170 1392 1293 1420 inferius.

1091 1439 1136 1466 2i.
1151 1438 1276 1474 Itcltyras
1297 1439 1430 1474 episcopus
1452 1440 1630 1466 constituitur.
1642 1455 1677 1460 —
1691 1439 1778 1468 Unum
1799 1448 1844 1468 re-

1057 1486 1194 1517 stabat,ut
1212 1486 1316 1513 scilicet
1340 1487 1456 1521 Ischyrae
1482 1487 1654 1522 sycophantae
1673 1492 1778 1521 pactam
1798 1494 1843 1514 ca-

1057 1531 1165 1560 lumnia:
1194 1534 1347 1560 mercedem
1365 1533 1510 1560 Eusebiani
1534 1533 1680 1561 solverent.
1699 1533 1791 1568 Itaque
1814 1540 1843 1560 ut

1057 1579 1156 1613 optatis
1166 1579 1282 1606 hominis
1295 1579 1371 1606 fieret
1381 1579 1448 1606 satis
1460 1578 1508 1614 (ς),
1520 1587 1592 1612 eum,
1605 1580 1710 1608 tametsi
1725 1581 1842 1607 nondum

1056 1625 1254 1660 presbyterum,
1272 1625 1299 1652 in
1320 1625 1378 1652 vico
1393 1625 1476 1659 ipsius
1492 1626 1610 1652 omnium
1635 1626 1842 1654 Mareoticorum

1057 1671 1171 1698 minimo
1183 1671 1339 1705 episcopum
1350 1672 1557 1698 constituerunt.
1572 1671 1665 1705 Neque
1685 1676 1775 1699 tamen
1790 1679 1842 1699 nou

1057 1717 1244 1753 intelligebant
1254 1717 1290 1744 illi
1305 1722 1361 1744 rem
1385 1717 1578 1751 perabsurdum
1591 1725 1693 1752 perque
1706 1718 1843 1753 indignam

1057 1771 1128 1797 esse,
1143 1769 1224 1799 atque
1243 1763 1433 1791 ecclesiastica:
1457 1764 1596 1791 traditioni
1621 1765 1770 1791 adversari.
1790 1764 1842 1790 Sed

1057 1811 1182 1845 pactione
1197 1817 1244 1837 sua
1260 1809 1285 1836 id
1301 1817 1382 1844 agere
1400 1808 1531 1843 'compulsi
1546 1814 1624 1841 sunt;
1642 1817 1675 1836 ne
1696 1810 1717 1836 si
1738 1809 1844 1843 ingrate

1056 1864 1117 1884 cum
1134 1856 1343 1884 sceleratissimo
1366 1856 1475 1883 homine
1499 1861 1634 1890 ageretur,
1660 1855 1778 1883 fabulam
1798 1856 1843 1882 ille

1057 1907 1139 1930 totam
1159 1903 1339 1930 denuntiaret.
1354 1901 1510 1936 Imperatori
1524 1902 1605 1937 igitur
1620 1907 1743 1929 auctores
1755 1902 1842 1934 fuere,

1056 1954 1086 1975 ut
1100 1948 1197 1975 litteris
1211 1948 1243 1975 ad
1267 1948 1433 1975 Catholicqu
1450 1954 1496 1974 seu
1513 1946 1722 1974 Thesaurarium
1742 1948 1841 1980 missis,

1053 1994 1162 2030 juberet
1178 1993 1321 2021 ecclesiam
1335 1993 1452 2029 Iscbyraa
1462 1993 1589 2020 tedificari
1602 1994 1628 2020 in
1647 1994 1705 2021 loco
1719 1993 1774 2021 Pax
1793 1994 1842 2022 Se-

1056 2040 1192 2067 contaruri
1217 2040 1298 2071 dicto,
1324 2046 1357 2066 eo
1386 2039 1493 2072 quidem
1521 2039 1632 2066 consilio
1648 2045 1678 2066 ut
1701 2039 1842 2074 episcopus

1056 2094 1116 2114 cum
1132 2091 1204 2114 esset
1219 2091 1299 2119 atque
1320 2085 1434 2113 ecclesia
1451 2076 1567 2120 potitus,
1580 2086 1631 2113 fide
1649 2086 1744 2121 dignus
1760 2087 1843 2113 habe-

1057 2137 1130 2159 retur
1141 2140 1201 2160 cum
1216 2133 1249 2159 de
1260 2132 1346 2159 calice
1360 2136 1386 2158 et
1400 2131 1433 2158 de
1448 2139 1540 2158 mensa
1552 2131 1635 2158 ferret
1647 2132 1840 2159 testimonium.

1056 2178 1164 2206 Nuilum
1179 2179 1251 2206 euitn
1280 2185 1397 2213 unquam
1416 2182 1514 2205 nactus
1536 2177 1624 2205 fuerat
1647 2177 1842 2212 obsequentem

218 2225 351 2260 synodum
369 2223 510 2251 Athanasii
531 2229 611 2250 causa
627 2221 757 2249 celebrari
772 2221 902 2248 edixisset
919 2223 1004 2256 impe-
1019 2236 1042 2263 Ι)
1058 2224 1193 2260 populum,
1216 2231 1249 2251 ne
1269 2229 1398 2258 cognatos
1412 2223 1520 2258 quidem
1541 2227 1568 2250 et
1583 2222 1676 2250 aﬂiues
1695 2231 1758 2250 suos
1774 2231 1781 2255 ;
1795 2224 1842 2250 sed

219 2275 303 2303 ratur,
322 2271 497 2297 detrectasset
521 2268 565 2295 ille
584 2268 635 2296 iter
661 2267 814 2301 instituere,
830 2268 935 2295 tametsi
953 2268 1003 2295 ad-

218 2322 329 2344 ventum
341 2316 425 2350 ipsius
445 2319 634 2347 exspectantes
656 2314 730 2341 multi
743 2313 1004 2349 praesules,diutur-

218 2371 281 2391 num
310 2362 442 2391 Caesareae
466 2365 570 2395 tempus
599 2365 796 2394 extraxerant;
812 2360 908 2387 deinde
932 2361 1002 2395 quod

219 2417 280 2437 cum
304 2407 412 2444 plurimi
429 2408 616 2442 episcoporutn
639 2407 704 2442 Tyri
731 2407 932 2439 convenissent,
956 2407 1004 2434 ille

219 2456 389 2484 multitudine
399 2455 515 2489 stipatus
525 2453 663 2487 accedens,
674 2454 761 2481 turbis
772 2454 1003 2489 seditionibusque

218 2502 369 2530 excitandis
390 2505 514 2528 uavasset
537 2507 659 2535 operam,
681 2500 760 2528 modo
778 2500 868 2527 oblata
886 2500 1001 2528 crimina

217 2547 352 2584 depellere
366 2546 495 2577 abnuens,
511 2545 590 2572 modo
611 2545 732 2580 singulos
753 2546 895 2580 episcopos
909 2546 1003 2574 convi-

218 2594 267 2622 ciis
281 2598 307 2621 et
320 2592 426 2627 probris
440 2599 568 2624 onerans,
583 2591 717 2618 interdum
729 2592 832 2619 accitus
844 2600 896 2619 non
907 2599 1003 2627 gerens

219 2648 332 2668 morem.
353 2638 489 2667 Coufracti
506 2644 596 2666 autem
619 2638 722 2673 mystici
736 2637 827 2673 poculi
852 2638 1002 2665 convictum

219 2687 302 2714 fuisse
313 2686 483 2719 denuntiant,
496 2686 574 2720 cujus
589 2685 627 2712 rei
649 2689 731 2713 testes
750 2689 843 2712 essent
862 2683 1001 2711 Mareotici

253 2743 293 2778 (α)
314 2741 422 2778 Socrat.
434 2741 485 2778 lib.
502 2749 521 2773 ι,
535 2748 594 2774 cap.
611 2740 660 2778 28‘.

253 2775 291 2812 (οἱ
311 2777 418 2804 Sozam.
434 2776 527 2812 lib.ru,
546 2782 605 2808 cap.
616 2775 660 2812 25.

252 2809 288 2847 (ο)
311 2813 408 2847 Athan.
425 2811 609 2847 Apolzcuntra
625 2811 727 2842 Arion,
741 2817 767 2836 n.
783 2809 826 2835 I7.

254 2849 292 2884 (ά)
388 2854 416 2876 ιι,
430 2853 488 2879 cap.

254 2880 289 2920 (ej
310 2881 368 2909 Lib.
383 2889 422 2913 tu,
435 2888 494 2915 cap.
511 2880 527 2906 6

1057 2270 1222 2305 sycophanta
1236 2269 1362 2296 audiebat
1374 2270 1443 2304 apud
1454 2275 1558 2300 omnes,
1574 2274 1612 2301 et,
1629 2272 1658 2295 ut
1668 2268 1706 2295 ait
1721 2268 1843 2295 Athana-

1056 2316 1123 2350 sius,
1136 2316 1212 2350 quasi
1227 2315 1302 2343 canis
1327 2315 1478 2350 pellebatur
1494 2315 1603 2350 ubique.
1621 2314 1779 2342 Catholicus
1793 2322 1841 2341 au-

1057 2366 1111 2388 tem
1129 2361 1271 2395 epistolam
1288 2361 1362 2388 tuisit
1373 2361 1407 2388 ad
1424 2365 1580 2388 exactorem
1596 2359 1732 2392 Mareotae,
1745 2359 1843 2393 jubens

1056 2407 1198 2435 ecclesiam
1218 2407 1243 2434 in
1261 2406 1413 2441 huiusmodi
1430 2406 1490 2433 vico
1506 2405 1619 2433 excitari
1636 2414 1643 2432 :
1662 2407 1732 2440 quod
1753 2410 1843 2433 tamen

1057 2454 1168 2481 minime
1190 2458 1328 2489 peractum
1341 2453 1403 2485 fuit,
1417 2452 1464 2480 sed
1482 2459 1595 2479 vacuam
1610 2451 1655 2478 ille
1672 2455 1699 2478 et
1721 2451 1842 2478 inutilem

1057 2499 1176 2527 servavit
1195 2499 1349 2534 epistolam,
1362 2505 1444 2534 quam
1459 2497 1494 2526 ad
1508 2497 1620 2525 verbum
1632 2496 1712 2525 aﬂ'ert
1724 2497 1844 2525 Athana-

1055 2553 1122 2574 eius.

1091 2592 1135 2619 22.
1154 2591 1278 2627 Episcopi
1300 2591 1372 2626 Tyrii
1387 2599 1403 2618 a
1420 2589 1591 2618 Constantino
1609 2593 1753 2618 evocantur
1768 2589 1846 2616 lera-

1055 2638 1192 2672 aolymam.
1229 2637 1355 2672 Synodua
1388 2636 1625 2671 Ierosolymitana.
1641 2651 1677 2657 —
1698 2635 1844 2663 Eusebiani

1055 2683 1204 2710 Athanasio
1216 2683 1346 2710 damnato
1355 2683 1405 2718 (It),
1416 2683 1530 2710 necdum
1544 2687 1633 2710 tamen
1649 2681 1780 2710 confectis
1799 2688 1843 2709 re—

1092 2739 1125 2773 (Ῑ)
1144 2739 1204 2766 Lib.
1224 2747 1245 2771 I,
1259 2747 1318 2774 cap.
1334 2740 1380 2767 5‘2.

1093 2775 1132 2809 ('g)
1152 2774 1260 2809 Apolug.
1275 2780 1366 2801 contra
1382 2775 1509 2807 Arianae,
1527 2783 1555 2802 n.
1569 2775 1613 2802 85.

1093 2810 1133 2845 (ἡ)
1153 2809 1259 2836 Socrat.
1280 2810 1326 2836 lib.
1342 2817 1362 2840 I,
1375 2817 1436 2843 cap.
1453 2811 1505 2842 55;
1520 2811 1628 2838 Sozom.
1648 2810 1704 2841 LII,
1721 2808 1843 2843 cap.26;

1057 2845 1155 2872 Euseb.
1174 2845 1217 2872 lib.
1234 2852 1258 2871 1v
1275 2845 1312 2871 De
1326 2846 1378 2872 vita
1392 2845 1569 2877 Constantini,
1583 2853 1608 2873 c.
1623 2845 1658 2872 45
1675 2851 1703 2872 et
1716 2850 1842 2879 scqueut.
