2000 3045
829 133 908 160 VITA
928 132 957 160 S.
980 131 1175 159 ATHANASII.

1692 138 1800 158 LXXXVII

177 191 226 218 bus
247 191 310 226 (una
324 190 422 224 quippe
442 192 594 224 supererat,
609 187 685 222 cujus
708 187 795 223 gratia
813 192 889 215 tanta
907 196 962 215 mo-
977 189 1000 218 Α
1015 186 1058 213 ubi
1069 185 1196 220 perlectis
1208 193 1301 214 eorum
1312 185 1510 218 monumentis,
1525 185 1665 213 abdicatus
1682 187 1801 214 Athana-

177 237 280 269 lituina,
294 240 396 262 tantam
412 235 580 269 negotiorum
596 233 659 265 vim,
677 238 780 260 tantum
802 233 854 261 iter
873 240 966 261 susce-

175 287 281 319 perant,
292 289 389 316 nempe
400 285 428 307 ιιι
444 281 536 307 Arium
552 280 721 314 Arianosque
733 279 759 306 in
775 279 965 307 ecclesiasticae

177 326 375 355 communionis
398 325 555 352 so«:ietatem
577 323 773 357 admitterent),
790 331 846 350 rettt
868 330 966 358 prope-

177 373 248 400 diem
267 371 367 402 acturi,
380 370 562 404 imperatoriis
576 369 674 396 litteris
685 373 833 396 evocantur
842 367 968 396 Hieroso-

178 417 287 452 lymam.
301 415 440 443 tabellario
452 414 584 449 praeclaro
597 414 715 448 quodam
731 413 800 445 viro,
820 413 965 448 imperato-

179 463 217 490 ris
231 462 346 494 notario,
361 462 403 489 cui
420 467 517 488 nomen
530 460 677 487 Marianus.
693 459 833 487 Exstructa
850 466 967 494 namque

181 510 207 536 in
220 509 351 537 Culvariae
365 508 425 536 loco
447 508 575 539 ecclesia,
588 515 648 542 quae
662 514 788 543 magnum
804 507 966 542 martyrium

180 555 306 590 deinceps
330 558 484 589 nuncupata
509 558 562 585 est,
585 554 713 581 encasniis
736 558 820 581 totam
836 552 966 588 synodum

182 603 314 631 interesse
341 601 509 629 celebritatis
537 608 618 628 causa
645 601 731 628 voluit
759 599 965 628 Constantinus.

181 649 284 676 Mature
298 649 379 683 igitur
393 655 426 674 ex
448 647 562 682 Augusti
584 651 645 674 voto
664 654 697 674 eo
717 653 746 674 se
762 646 900 673 contulere
910 646 968 681 epi-

182 695 268 729 scopi,
285 700 313 721 nt
327 694 396 721 alios
413 701 445 720 ex
461 699 517 720 toto
547 698 677 720 terrarum
694 692 760 720 orbe
774 697 884 720 coactos
904 699 968 719 con-

183 742 315 768 venirent.
340 740 419 767 Tanti
445 745 533 767 castus
556 739 776 774 amplitudinem,
792 738 966 774 dignitatem,

181 788 310 823 pietatem
324 786 466 821 magnifice
478 785 610 813 describit
626 785 760 813 Eusebius
778 784 967 817 Caesariensis;

181 833 226 862 citi
252 833 374 860 fortassis
400 832 477 859 fidem
493 831 594 859 habere
618 831 713 866 religio
727 830 820 863 fuerit,
834 838 897 858 cum
921 837 969 858 eos

1016 231 1072 259 sius
1087 236 1138 259 est.
1155 230 1212 259 Sub
1237 231 1304 264 haec,
1316 237 1445 259 evocante
1459 231 1652 262 Constantino.
1666 229 1803 267 Jerosoly—

1017 285 1087 305 mam
1101 278 1276 306 contendunt.
1296 277 1383 305 Minus
1401 284 1464 304 vero
1480 277 1560 312 spatii
1576 282 1603 304 et
1619 278 1748 312 temporis
1763 282 1804 304 est

1017 331 1031 351 a
1052 324 1155 351 decima
1176 323 1342 359 Septembris
1356 325 1390 352 ad
1413 324 1547 351 decimam
1570 323 1687 355 tertiam,
1702 322 1744 350 vel
1759 322 1805 349 de-

1017 370 1114 397 cimam
1136 370 1288 405 septintant,
1307 377 1388 405 quam
1405 375 1434 397 ut
1451 378 1465 397 a
1482 377 1627 398 numeroso
1646 374 1720 397 cuitu
1744 374 1805 396 tan-

1019 421 1075 444 tum
1098 417 1203 444 itineris
1222 417 1258 444 sit
1279 423 1430 444 emensum.
1447 417 1575 451 Adeoque
1599 421 1646 443 aut
1668 423 1747 444 error
1770 415 1806 443 sit

1017 468 1123 498 oportet
1138 464 1165 491 in
1182 463 1296 495 epistola
1306 462 1376 490 Cleri
1392 463 1542 495 Mareotici,
1552 463 1625 498 quod
1641 463 1728 490 minus
1743 469 1805 497 pro-

1018 508 1125 541 babile;
1140 515 1187 537 aut
1198 508 1286 537 Graeci
1301 510 1421 537 encaenia
1438 510 1560 537 ecclesiae
1574 509 1805 546 Jerosolymitame

1017 562 1070 582 non
1084 554 1224 583 celebrant
1246 562 1277 582 ea
1294 555 1351 590 ipsa
1366 562 1418 589 qua
1440 556 1611 591 contigerunt
1630 556 1682 583 die.

1051 601 1095 628 24.
1114 601 1193 628 Arius
1208 601 1358 628 admittitur
1378 601 1411 628 ad
1429 602 1689 628 communionem.-—
1703 600 1808 629 Secun-

1017 645 1080 673 dum
1099 646 1156 673 haec
1168 645 1310 674 Eusebiani
1331 645 1417 680 palam
1439 645 1561 674 fecerunt
1581 654 1633 681 quo
1653 652 1807 681 spectarent

1018 693 1061 720 illa
1079 697 1150 720 tanta
1162 693 1189 720 in
1197 693 1371 721 Athanasium
1385 693 1520 721 molimina
1529 693 1579 730 (a),
1588 694 1700 729 quoillae
1709 694 1808 723 circui-

1018 739 1114 772 tiones,
1123 739 1346 774 conspirationes,
1355 740 1510 773 calumnia;
1526 741 1686 769 concinnata
1701 742 1808 770 scilicet

1018 783 1078 810 haec
1097 784 1188 811 omnia
1207 783 1303 818 fuisse,
1316 790 1345 812 ut
1367 785 1456 815 aditus
1479 791 1622 821 pararetur
1643 787 1753 815 Arianis
1775 787 1810 814 ad

1020 828 1149 857 Ecclesiae
1171 831 1401 858 communionem.
1415 831 1535 859 Tentata:
1553 831 1633 867 igitur
1643 832 1677 860 ab
1690 832 1754 860 Ario
1767 840 1811 861 re-

183 887 292 916 quoque
314 879 436 906 laudibus
452 883 566 906 exornet
586 878 632 913 qui
656 885 706 905 nec
726 878 841 905 obscure
860 876 971 904 Arianis
986 869 1008 897 Β
1021 875 1093 903 ditus
1102 875 1231 908 vite,cum
1244 884 1297 904 non
1308 884 1341 904 ex
1354 884 1404 904 suo
1420 884 1588 912 suorumque
1599 883 1661 906 voto
1677 878 1810 907 hactenus

185 926 266 954 rebus
282 925 382 953 dabant
399 932 522 960 operam,
534 924 602 951 alios
617 924 710 951 itidem
723 923 841 951 celebret
857 929 971 951 sexcen-

185 973 220 1001 tis
241 972 386 1000 sceleribus
394 970 536 999 obnoxios.
553 969 649 998 Tacito
665 974 756 998 autem
773 969 903 1005 cujusque
922 977 971 998 no-

185 1019 268 1052 mine,
282 1018 408 1046 indicatis
422 1017 508 1046 solum
519 1016 676 1053 provinciis,
691 1016 725 1045 de
739 1016 875 1052 episcopis
890 1016 971 1044 verba

184 1066 259 1094 facit.
272 1064 323 1099 Qui
341 1063 506 1092 Macedonia
525 1063 627 1099 primas
640 1062 741 1092 dicitur
760 1062 914 1090 Alexander
930 1065 972 1089 est

183 1109 444 1142 Thessalonicensis,
461 1108 503 1136 vir
525 1115 592 1136 sane
603 1106 686 1142 frugi,
708 1107 815 1135 insidiis
839 1111 928 1134 tamen
944 1112 973 1134 et

186 1156 413 1186 machinamentis
432 1155 595 1183 Arianorum
614 1153 825 1187 circumventus,
840 1160 873 1181 eo
886 1152 973 1181 addu-

185 1209 246 1231 ctus
256 1207 297 1231 est
308 1207 338 1230 ut
352 1203 378 1230 in
390 1209 485 1230 eorum
506 1200 629 1237 partibus
644 1199 815 1228 consisteret.
829 1199 911 1228 Lecta
928 1199 973 1227 illa

187 1249 329 1277 Pannoniae
346 1253 374 1276 et
401 1247 504 1276 ltissim
524 1247 661 1282 juventus.
680 1245 699 1273 ii
721 1245 934 1280 sunt.Ursacius
947 1250 976 1274 et

188 1295 295 1329 Valens,
313 1295 404 1323 multis
422 1294 530 1330 ﬂagitiis
545 1293 696 1326 nobilitati,
713 1293 771 1322 Arii
799 1294 952 1329 magisterio
965 1313 973 1327 ,

186 1343 329 1377 studioque
349 1341 539 1377 promovendae
560 1341 696 1368 haereseos
714 1340 843 1376 insignes.
866 1341 976 1376 Episco-

188 1396 237 1424 pus
250 1393 339 1415 autem
353 1387 495 1415 Persarum
507 1390 674 1413 memoratus
687 1385 721 1413 ab
738 1384 853 1413 Eusebio
868 1390 976 1419 putatur

186 1442 246 1463 esse
261 1434 357 1466 Ililles,
373 1433 420 1468 qui
438 1437 528 1468 postea
541 1431 641 1459 Christi
657 1438 739 1459 causa
759 1432 878 1459 cervices
893 1432 975 1459 dedit.

186 1480 282 1509 Cilices
299 1479 419 1515 episcopi
440 1484 518 1507 erant
540 1478 682 1507 Narcissus
701 1478 860 1507 Neroniadis
872 1483 898 1506 et
922 1478 977 1505 Ma-

186 1526 320 1574 cedonius
329 1526 530 1574 Mopsuestenus
539 1526 653 1574 lAriKanis
670 1524 976 1574 dedit‘issi_mi._l_..ong_um
991 1545 1013 1574 ε

187 1576 258 1599 esset
274 1571 392 1606 reliquos
405 1578 438 1598 ex
448 1569 573 1604 Thracia,
586 1571 721 1607 Bithynia,
735 1570 825 1606 Syria,
838 1570 977 1603 thuice.

189 1616 343 1649 Palaestina,
360 1617 518 1651 cazterisque
533 1617 688 1653 regionibus
703 1617 978 1654 commemorare/Ex

189 1661 307 1698 ὥρῃ)ιο
327 1667 418 1689 autem
435 1661 572 1690 Thebaide
591 1668 672 1698 atque
695 1662 780 1699 Libya
797 1663 910 1690 aderant
923 1662 979 1691 Me-

190 1707 283 1736 letiani
305 1708 422 1742 episcopi
442 1716 450 1735 :
471 1709 518 1743 qui
540 1714 601 1743 post
621 1709 716 1736 initam
737 1715 799 1736 cum
818 1707 978 1737 Eusebianis

190 1753 346 1781 societatem
368 1760 462 1781 eorum
485 1758 575 1782 cintus
588 1754 664 1782 adire
688 1761 741 1781 non
759 1753 868 1789 impigri
887 1758 976 1781 erant.

190 1799 275 1827 Penes
285 1799 451 1827 Eusebianos
470 1807 575 1828 summa
591 1807 680 1828 rerum
694 1804 771 1833 erat;
788 1805 815 1828 et
825 1800 847 1828 si
861 1800 906 1834 qui
921 1800 979 1827 fue-

191 1851 254 1872 runt
265 1845 292 1872 in
307 1850 378 1873 coetu
394 1850 466 1872 tanto
477 1846 546 1880 aequi
565 1845 682 1881 bonique
694 1846 820 1878 studiosi,
833 1845 852 1873 ii
868 1845 928 1873 dolo
938 1850 979 1872 at-

190 1900 244 1927 que
260 1891 405 1919 mendaciis
422 1891 528 1919 illorum
553 1899 568 1919 a
583 1894 668 1928 probo
694 1892 806 1920 consilio
829 1892 937 1920 abducti
951 1897 979 1920 et

192 1938 370 1966 circumventi
381 1943 455 1965 sunt.
472 1937 596 1965 Interfuit
608 1938 689 1965 etiam
713 1937 855 1965 Marcellus
869 1937 979 1965 Arianis

194 1984 398 2017 infestissimus,
418 1983 452 2012 de
468 1991 521 2019 quo
534 1991 595 2012 mox
612 1984 737 2019 plurima.

227 2029 272 2057 23.
293 2029 351 2056 Non
375 2033 418 2057 est
440 2029 553 2056 instituti
583 2029 667 2056 nostri
694 2036 727 2056 ea
747 2035 904 2062 recensere,
918 2036 980 2064 quas

193 2077 315 2104 ineundae
328 2083 390 2104 cum
404 2075 512 2104 Arianis
535 2076 628 2111 gratia:
646 2083 726 2103 causa
746 2075 826 2103 affert
847 2076 980 2104 Eusebius

194 2123 227 2151 de
238 2122 467 2158 Jerosolymitante
479 2123 573 2159 synodi
587 2123 728 2158 dignitate,
743 2123 779 2150 ita
792 2127 822 2150 ut
835 2122 906 2150 ausit
920 2129 979 2149 eam

195 2177 254 2197 cum
270 2169 387 2200 Nicaena,
405 2169 497 2197 decem
511 2173 574 2196 ante
587 2176 673 2196 annos
687 2168 834 2201 celebrata,
845 2168 978 2196 conferre.

1021 921 1176 955 cessissent,
1191 922 1246 956 jam
1259 922 1367 951 Eusebii
1384 927 1412 951 et
1429 923 1592 952 asseclarum
1612 932 1694 960 opera
1710 930 1811 960 apertae

1022 968 1183 1003 munitaeque
1195 968 1278 997 fuere.
1298 969 1395 997 Iisdem
1417 970 1502 1004 enim,
1523 975 1554 998 ut
1568 975 1678 1006 putatur
1693 972 1810 1000 auctori-

1022 1015 1081 1048 bus,
1097 1015 1195 1043 litteris
1204 1015 1398 1044 Constantinus
1409 1015 1666 1052 Jerosolymitanam
1678 1018 1810 1053 synodum

1022 1062 1189 1096 cohortatur,
1209 1067 1240 1090 ut
1256 1062 1350 1090 Arium
1381 1068 1408 1091 et
1431 1070 1565 1098 sequaces
1590 1064 1725 1097 admittat,
1743 1071 1812 1099 quos

1024 1109 1089 1138 nulli
1109 1118 1163 1138 non
1178 1111 1249 1139 bono
1267 1110 1363 1139 infesta
1381 1111 1481 1139 invidia
1505 1111 1550 1139 diu
1575 1111 1643 1140 foris
1660 1111 1812 1141 Ecclesiam

1024 1155 1191 1184 detinuisset.
1203 1155 1304 1183 Sanam
1316 1164 1410 1184 eorum
1426 1156 1506 1185 fidem
1521 1156 1586 1192 ipsis
1596 1163 1688 1185 coram
1701 1158 1813 1193 loquen-

1025 1201 1096 1229 tibus
1112 1205 1139 1229 et
1158 1201 1193 1230 ad
1213 1202 1379 1237 interrogata
1396 1202 1622 1238 respondentibus
1636 1204 1812 1238 comperisse,

1025 1254 1107 1284 atque
1119 1256 1212 1277 eorum
1234 1249 1296 1277 ﬁdei
1313 1249 1456 1277 formulam
1473 1249 1593 1284 epistolae
1609 1257 1665 1278 sua:
1684 1250 1812 1284 adjicere.

1025 1295 1108 1330 Cujus
1118 1294 1242 1323 formula
1257 1300 1446 1331 argumentum
1462 1297 1586 1331 superius
1601 1297 1636 1325 ad
1649 1305 1750 1326 annum
1760 1297 1814 1326 329

1026 1347 1174 1376 expensum
1192 1346 1244 1370 est.

1062 1387 1110 1415 25.
1123 1387 1259 1422 Ejusmodi
1271 1393 1383 1423 accepta
1407 1388 1580 1424 imperatoris
1596 1391 1710 1426 epistola
1726 1390 1815 1418 Eusec

1028 1433 1113 1465 biani,
1136 1434 1209 1461 haud
1225 1434 1339 1470 impigre
1351 1435 1410 1470 ejus
1424 1436 1530 1470 placitis
1548 1436 1757 1471 obtemperant;
1775 1441 1814 1469 et.

1030 1486 1088 1506 rem
1100 1478 1205 1507 scilicet
1214 1478 1319 1514 jamdiu
1333 1486 1457 1515 paratam
1483 1481 1706 1517 meditatamque,
1720 1482 1814 1510 Arium

1029 1530 1056 1552 et
1080 1525 1197 1553 Arianos
1223 1526 1372 1554 admittunt
1396 1527 1429 1554 ad
1461 1528 1680 1555 communionem
1697 1535 1817 1562 :resque

1029 1574 1119 1603 gestas
1142 1569 1233 1597 missis
1256 1570 1356 1599 litteris
1373 1572 1474 1606 ubique
1492 1576 1626 1600 terrarum
1649 1572 1816 1608 signiﬁcant,

1029 1619 1153 1650 receptos
1171 1616 1288 1644 Arianos
1304 1617 1454 1652 evulgant;
1470 1618 1551 1652 idque
1561 1618 1732 1652 imperatoris
1752 1619 1817 1647 hor-

1030 1665 1099 1692 tatu,
1119 1668 1150 1688 ac
1164 1661 1260 1696 synodi
1276 1661 1400 1690 decreto.
1415 1661 1475 1689 Non
1493 1663 1592 1690 desunt
1608 1668 1696 1690 tamen
1715 1671 1748 1691 ex
1771 1671 1817 1692 re-

1029 1706 1216 1739 centioribus,
1244 1707 1291 1742 qui
1316 1712 1438 1742 tetnpore
1465 1709 1561 1744 synodi
1583 1708 1819 1745 Jerosolymitanat

1026 1752 1082 1787 jam
1098 1759 1211 1780 mortem
1223 1753 1324 1780 obiisse
1334 1753 1430 1781 Arium
1438 1754 1615 1787 arbitrentur,
1625 1762 1712 1790 neque
1721 1756 1817 1784 Arium

1030 1799 1129 1833 ipsum,
1146 1800 1194 1827 sed
1213 1799 1274 1834 ejus
1296 1807 1428 1834 sequaces
1449 1801 1593 1829 admissos.
1609 1801 1696 1835 Quam
1709 1803 1823 1843 sentem;

1030 1845 1094 1872 tiam
1109 1844 1177 1873 alias
1192 1846 1402 1874 confutavintus.

1064 1890 1108 1917 26.
1126 1890 1270 1918 Eusebiani
1295 1891 1456 1920 Marcellum
1486 1893 1652 1928 Ancyramtm
1677 1895 1818 1928 impetum.

1029 1952 1064 1957 —
1079 1937 1116 1965 Ut
1129 1944 1173 1965 res
1185 1944 1246 1966 sese
1262 1945 1391 1973 prospere
1410 1939 1519 1973 dabant,
1541 1939 1574 1967 ad
1589 1940 1746 1968 Marcellum
1760 1941 1818 1968 Att-

1030 1991 1160 2019 cyranum
1174 1983 1308 2013 ittfensum
1322 1985 1373 2012 sibi
1386 1986 1527 2020 praesulem
1544 1986 1742 2014 deturbandum
1761 1994 1819 2014 ver-

1031 2034 1090 2057 tuttt
1101 2035 1226 2058 conatum
1234 2030 1376 2059 Eusebiani
1393 2032 1441 2067 (ὁ).
1456 2032 1505 2065 Qui
1524 2032 1675 2065 Marcellus,
1691 2033 1819 2067 quoniam

1030 2075 1227 2108 calamitatum,
1241 2081 1279 2107 et,
1291 2081 1319 2104 ut
1333 2076 1370 2104 ita
1385 2078 1483 2110 dicam,
1498 2077 1668 2105 fortunarum
1678 2078 1820 2105 Athanasii

1031 2128 1144 2149 consors
1161 2121 1223 2154 fuit,
1235 2121 1313 2156 jubet
1323 2123 1430 2150 anintus
1441 2130 1485 2151 res
1495 2132 1555 2151 eunt
1568 2129 1723 2158 spectantes
1737 2123 1819 2150 altius

1031 2168 1127 2195 ordiri.
1147 2169 1272 2196 Asterius
1296 2169 1405 2203 quidam
1432 2170 1458 2196 in
1488 2170 1657 2204 Cappadocia
1685 2169 1818 2204 sophista,

195 2215 320 2244 Ecclesia:
329 2216 409 2251 igitur
418 2223 433 2243 a
441 2215 617 2243 Constantino
627 2219 770 2243 exstructa
780 2215 892 2250 ejusque
903 2214 981 2242 donis
996 2216 1019 2244 D
1033 2214 1242 2249 sophisticaeque
1251 2214 1317 2241 artis
1334 2215 1474 2250 magister,
1482 2216 1664 2243 Christianam
1677 2215 1818 2250 amplexus

195 2268 280 2289 auctae
298 2261 418 2290 encaania
429 2262 548 2296 episcopi
560 2261 708 2289 celebrant.
723 2259 878 2288 Orationem
889 2267 920 2287 ea
936 2260 980 2287 die

196 2308 343 2337 solemnem
369 2309 462 2335 habuit
486 2307 616 2335 Eusebius
639 2306 813 2334 Caesariensis
836 2306 869 2333 ad
895 2310 978 2332 totum

194 2355 380 2390 episcoporum
399 2357 425 2380 et
437 2352 586 2380 aulicorum
598 2356 708 2380 emtum.
727 2351 803 2378 Diem
826 2350 978 2379 celebritati

194 2401 313 2436 assignat
324 2399 477 2427 Chronicon
494 2399 705 2427 Alexandrinum
721 2405 778 2425 xvtt
798 2397 978 2433 Septembris,

193 2447 279 2476 Graeci
293 2447 456 2474 recentiores
469 2446 600 2473 decimam
616 2445 722 2472 tertiam
736 2443 854 2478 ejusdem
866 2443 978 2471 mensis.

194 2494 259 2526 Quae
271 2493 342 2521 ratio
362 2491 491 2527 temporis
504 2491 549 2518 vix
563 2498 595 2518 ac
613 2498 647 2518 tte
666 2491 711 2518 vix
728 2490 836 2525 quidem
847 2491 982 2525 quadrare

156 2544 159 2545 '
195 2544 282 2575 potest
294 2547 356 2567 cum
378 2539 491 2573 epistola
513 2538 579 2566 cieri
594 2537 741 2570 Hareotici,
753 2545 812 2572 quae
826 2537 925 2565 dicitur
938 2537 982 2564 die

195 2587 297 2614 decima
313 2586 416 2615 mensis
425 2585 497 2613 Thot
516 2585 686 2619 conscripta,
700 2585 727 2612 id
742 2589 784 2612 est
800 2584 913 2620 septima
934 2584 981 2611 Se-

195 2633 396 2668 ptembris,quo
406 2636 527 2666 tempore
540 2633 567 2659 in
575 2631 692 2667 Egypto
707 2632 885 2660 versabantur
896 2630 985 2658 Theo-

1033 2265 1074 2287 est
1097 2260 1188 2288 ﬁdem.
1207 2261 1262 2288 Sub
1278 2261 1336 2288 huic
1355 2267 1445 2288 autem
1468 2261 1502 2288 ad
1525 2261 1652 2288 Arianant
1676 2261 1818 2295 perfidiam

1033 2307 1155 2340 descivit,
1172 2307 1285 2342 ejusque
1301 2306 1500 2342 propugnandaa
1513 2307 1601 2342 gratia
1624 2308 1708 2335 libros
1722 2308 1823 2335 edidit.‘

1032 2353 1098 2386 Quae
1114 2361 1196 2381 causa
1211 2357 1254 2380 est
1265 2358 1294 2380 ut
1313 2352 1346 2380 ab
1357 2353 1506 2380 Athanasio
1522 2353 1663 2387 multiceps
1676 2353 1795 2387 sophista
1808 2372 1816 2385 ,

1031 2399 1250 2435 Arianorumque
1258 2404 1351 2426 orator
1363 2399 1522 2434 appelletur.
1539 2398 1703 2426 Versabatur
1717 2398 1739 2425 is
1750 2399 1818 2426 assi-

1033 2446 1085 2473 due
1104 2452 1165 2473 cum
1191 2446 1333 2481 episcopis,
1355 2449 1382 2473 et
1407 2453 1467 2473 cum
1491 2445 1585 2479 primis
1604 2445 1661 2484 Arii
1678 2445 1789 2472 asseclis
1808 2453 1815 2471 :

1032 2491 1160 2527 frequens
1174 2492 1291 2527 synodos
1306 2492 1410 2524 adibat,
1424 2492 1572 2519 observans
1585 2498 1648 2518 num
1664 2498 1744 2525 quain
1756 2498 1820 2526 pos-

1033 2543 1077 2565 set
1086 2538 1265 2573 episcopalem
1282 2538 1373 2566 sedem
1386 2538 1525 2571 invadere,
1541 2546 1556 2565 a
1573 2546 1627 2574 qua
1644 2543 1732 2566 tamen
1752 2546 1819 2574 spe,

1033 2585 1162 2612 sacriﬁcii
1181 2585 1233 2613 diis
1247 2585 1330 2613 oblati
1341 2592 1434 2618 causa,
1455 2585 1546 2620 lapsus
1561 2590 1613 2612 est.
1637 2586 1736 2620 Aitque
1754 2585 1823 2613 Phi;

1033 2629 1180 2666 lostorgius
1191 2631 1297 2666 lapsum
1313 2630 1462 2662 Asterium,
1474 2618 1508 2658 ad
1523 2618 1709 2664 paenitentiam
1725 2618 1839 2673 Lucium:

196 2679 254 2713 suis
276 2679 421 2713 ceterique
442 2677 522 2712 legati
542 2677 575 2705 ad
595 2676 753 2706 Mareotem.
775 2676 839 2704 inde
862 2683 926 2704 vero
949 2675 988 2704 illi
1037 2677 1066 2706 ni
1081 2678 1209 2713 martyris
1221 2677 1333 2705 monitis
1348 2681 1515 2708 revocatum,
1535 2675 1612 2710 cujus
1630 2676 1693 2703 item
1708 2675 1826 2704 Lucian‘t

197 2730 256 2761 post
277 2729 416 2761 peractam
432 2723 656 2759 perquisitiouem
683 2723 785 2760 Tyrum
809 2730 989 2757 concessere.
1041 2723 1189 2759 discipulus
1213 2722 1297 2752 fuisse
1319 2723 1428 2751 dicitur.
1454 2722 1478 2751 Is
1500 2729 1566 2758 ergo
1592 2721 1716 2750 Asterius
1741 2719 1821 2749 urbes

234 2805 272 2837 ia)
291 2806 392 2832 Athan.
408 2804 484 2839 Apol.
501 2810 592 2832 contra
606 2805 709 2834 Arium.
727 2813 754 2833 n.
770 2805 816 2832 84.

233 2843 272 2876 ιιι)
289 2842 395 2868 Socrat.
413 2841 461 2869 lib.
483 2848 502 2873 ι,
527 2849 586 2875 cap.
605 2841 661 2874 36;
682 2841 781 2868 Athan.
799 2841 837 2868 De
859 2841 965 2876 synodi;
977 2861 984 2874 ,
1005 2848 1032 2868 n.
1049 2841 1091 2868 18.
