2000 3045
210 163 242 182 LX
248 161 328 182 ιινηι

891 142 1159 171 PROLEGOMENA.

211 213 297 248 Syriae
315 215 460 246 peragrans
471 206 577 235 libellos
592 206 617 233 in
628 204 726 239 vulgus
739 202 883 238 spargebat
897 209 904 227 ε
924 201 989 232 imo,
1004 202 1027 230 Α
1042 200 1214 230 ltenderetur,
1240 205 1255 224 a
1279 196 1344 225 solis
1360 195 1486 224 factionis
1508 202 1563 222 suae
1578 193 1746 228 principibus
1769 201 1824 221 rem

209 246 262 293 qua
278 262 336 284 erat
349 255 510 286 temeritate,
526 253 552 280 in
569 255 706 286 suggestu,
720 249 791 285 quod
805 248 866 275 unis
888 246 989 274 licitum

209 303 396 331 sacerdotibus
412 305 464 332 est,
483 299 572 334 legere
586 296 751 324 multitudini
763 303 816 323 non
832 295 989 325 verebatur,

209 350 236 377 in
260 355 341 383 grave
364 345 529 374 audientium
558 343 761 383 detrimentum.
786 341 825 369 Re
840 344 989 375 comperta,

210 379 353 422 Marcellus
379 392 477 419 librutn
493 388 577 418 edidit
590 379 745 416 conftitandi
761 394 842 415 causa
861 386 990 417 hominis,

210 442 248 469 De
276 439 437 474 subjeclione
464 437 570 464 Domini
596 435 773 470 inscriptum,
803 440 857 468 quo
879 436 991 466 strenue

209 486 381 514 Asterianam
396 484 472 518 juxta
491 487 572 516 atque
594 480 722 508 Arianam
739 479 888 506 doctrinam
904 477 988 511 impu-

209 532 320 568 gnabat,
338 532 459 559 invectus
473 530 572 559 acriter
589 528 616 555 in
632 527 729 554 multos
743 530 901 553 novatorum
917 524 992 559 prin-

211 579 294 613 cipes,
305 577 452 605 Eusebium
461 574 703 605 Nicomediensem,
718 572 870 604 Paulinum,
886 575 911 598 et
925 570 992 597 Nar-

209 624 320 651 cissum.
337 623 402 656 Quae
418 629 462 649 res
477 628 537 648 cum
557 619 745 654 impotentium
763 617 901 645 hominum
919 616 988 643 iram

210 669 410 701 inflammasset,
438 669 574 696 excubant
592 665 690 694 exinde
714 666 742 692 in
760 663 917 691 occasiones
937 661 988 689 viri

209 716 389 752 opprimendi.
409 716 509 743 Coacta
529 721 610 749 porro
632 710 854 746 Jerosolymiuna
882 709 988 744 synodo

210 764 254 790 ubi
275 769 434 798 quocunque
457 761 618 789 inclinarent
639 757 783 785 Eusebiani
796 776 804 788 ,
820 763 853 783 eo
868 754 992 783 omnium

210 816 324 836 concors
333 808 440 835 animus
452 807 612 838 accedebat,
625 808 740 833 evocant
750 801 905 830 Marcellum
929 808 992 828 cau-

209 861 267 881 sam
279 852 475 881 dicturum.Ait
489 852 615 879 Socrates
631 849 826 885 deprehensum
842 847 869 874 in
888 845 992 881 synodo

211 900 295 927 fuisse
314 899 469 926 Marcellum
483 898 558 926 Pauli
574 895 744 925 Samosateni
758 901 850 922 errore
868 892 989 928 implica~

211 950 266 972 tum
290 952 360 977 esse,
384 945 545 979 iussumque
568 947 599 970 ut
625 950 640 969 a
668 940 802 969 sententia
832 937 991 970 decederet;

212 992 286 1019 illum
311 998 375 1018 vero
388 991 490 1025 pudore
502 988 626 1016 affectum
640 987 786 1022 pollicitum
802 991 863 1013 esse
878 990 908 1011 se
918 983 994 1010 tiam-

212 1037 263 1064 mis
277 1037 403 1064 daturum
425 1035 525 1070 scripta
536 1041 595 1061 sua.
613 1032 723 1060 Evocati
737 1036 828 1058 autem
848 1030 919 1057 inter
936 1029 993 1056 haec

212 1081 354 1109 Eusebiaui
373 1089 386 1108 a
402 1080 593 1111 Constantino,
608 1085 717 1106 causam
727 1076 843 1105 Marcelli
859 1075 994 1103 intermito

212 1133 270 1155 tere
284 1128 370 1155 eoacti
387 1131 459 1154 sunt.

250 1174 296 1201 27.
315 1174 475 1200 Athanasius
489 1172 690 1200 Constantinum
717 1171 783 1198 adit.
806 1169 993 1196 Constantinus

212 1224 299 1248 evocat
314 1219 549 1254 Jerosolymitanot
560 1217 695 1252 prmities.
704 1215 779 1244 Nova
794 1215 926 1242 calumnia
939 1213 995 1240 Eu-

212 1266 389 1293 sebianorum.
405 1265 568 1292 Athanasius
582 1265 609 1290 in
621 1262 722 1290 Gallias
743 1262 884 1298 relegatur.
900 1274 936 1281 —-
950 1260 993 1287 ln-

214 1317 287 1339 terea
306 1311 471 1339 Athanasius
488 1310 559 1346 Tyro
589 1309 761 1345 imperatoris
780 1307 894 1336 adeundi
914 1312 994 1334 causa

213 1358 356 1394 profugus,
371 1356 637 1391 Constantinopolim
653 1355 787 1390 pervenit,
809 1359 890 1388 atque
906 1353 995 1388 ingre-

213 1404 296 1431 dienti
311 1404 337 1430 in
353 1403 446 1430 urbem
459 1402 636 1430 Constantino
647 1408 716 1436 equo
739 1399 864 1428 insidenti
879 1400 935 1434 la),
947 1399 994 1426 de-

214 1454 326 1486 repente
337 1449 422 1477 media
440 1450 466 1476 in
484 1450 528 1476 via
544 1456 606 1476 cum
622 1447 786 1483 quibusdam
816 1453 846 1473 se
866 1445 996 1473 comitan-

215 1498 286 1524 tibus
300 1497 336 1523 ita
350 1497 551 1530 inexspectatus
568 1494 700 1526 occurrit,
718 1498 747 1520 ut
763 1497 900 1527 stuporem
924 1496 996 1518 attu-

1041 246 1111 282 apud
1131 245 1322 280 imperatorem
1348 242 1480 277 agendam
1509 240 1669 268 decernunt.
1695 239 1778 266 Erant
1807 240 1825 266 ii

1042 292 1173 320 Eusebius
1185 289 1410 321 Nicomediensis,
1425 287 1537 323 gentilis
1560 286 1619 321 ejus
1640 286 1826 318 Caesariensis,

1041 337 1206 372 Theognius,
1227 334 1408 370 Patrophilns,
1442 331 1569 360 Ursacius
1594 337 1621 358 et
1648 330 1759 358 Valens.
1777 330 1827 363 Qui

1041 383 1091 411 soli
1111 379 1368 414 Constantinopolim
1390 378 1528 406 advolant.
1545 377 1608 405 :Ubi
1637 377 1826 411 imperatorem

1042 431 1236 459 convenerunt,
1257 426 1329 453 nulla
1343 425 1457 452 ulterius
1468 423 1518 451 fuit
1531 423 1565 450 de
1580 421 1664 449 calice
1678 421 1777 453 fracto,
1794 420 1828 447 de

1041 480 1137 504 euecto
1153 474 1269 502 Arsenio
1281 471 1409 500 memoria
1427 480 1434 498 :
1455 470 1502 498 sed
1529 468 1625 496 callide
1652 474 1751 495 novum
1772 466 1828 493 cri-

1042 530 1104 551 men
1117 521 1369 552 comminiscuntur,
1386 516 1543 552 imperatori
1563 514 1756 543 eommovendo
1768 521 1829 548 per-

1042 572 1232 604 opportunum.
1261 565 1472 596 Comminatus,
1497 563 1639 597 inquiunt,
1664 559 1828 588 Athanasius

1043 620 1094 647 est,
1109 616 1327 642 secommeatum
1348 610 1475 638 frumenti
1493 607 1640 644 quotannis
1665 606 1828 634 Alexandria

1044 658 1303 693 Constantinopolim
1323 656 1460 684 transvehi
1475 654 1585 683 solitum
1607 652 1827 680 interclusurum.

1047 707 1096 734 Rei
1115 705 1258 733 insolentia
1272 703 1428 737 indignatus
1442 700 1646 731 Constantinus,
1666 697 1828 732 plenusirm,

1043 752 1118 779 vultu
1139 757 1258 784 voceque
1281 747 1422 779 terribilis,
1444 745 1621 782 gravissimas
1640 743 1828 771 eii‘ertutinas.

1043 798 1229 831 inexspectata
1242 792 1375 821 calumnia
1388 796 1415 818 et
1429 790 1597 818 Constantini
1613 789 1705 816 furore
1712 787 1829 822 stupefa-

1044 848 1104 870 ctus
1117 841 1291 873 Athanasius,
1301 846 1361 874 qua
1373 845 1424 865 una
1432 840 1574 872 supererat
1587 835 1716 863 adversus
1727 838 1829 861 tantum

1043 889 1211 924 iniquitatem
1222 885 1386 914 defensionis
1395 883 1475 916 ratio,
1486 881 1676 917 ingemiscere,
1687 879 1828 912 obtestari,

1042 935 1176 962 aliirtnare
1203 932 1298 960 falsam
1312 929 1546 960 criminationem,
1568 933 1617 954 nec
1632 932 1713 961 posse
1730 924 1828 953 virum.

1042 981 1084 1009 cui
1097 986 1190 1008 tenues
1197 985 1263 1014 opes
1275 983 1302 1006 et
1312 977 1392 1005 nulla
1403 975 1546 1003 facultates
1561 977 1654 1002 essent
1662 973 1710 1007 (ι),
1728 975 1829 998 tantam

1043 1027 1152 1063 aggredi
1167 1033 1234 1054 rem.
1253 1026 1288 1052 At
1307 1023 1450 1056 Eusebius,
1465 1022 1511 1057 qui
1526 1020 1636 1056 quando
1651 1017 1734 1046 semel
1752 1024 1830 1044 vere-

1043 1074 1147 1102 cundiae
1164 1072 1232 1099 lines
1249 1071 1411 1101 transierat,
1432 1069 1501 1096 bene
1519 1071 1548 1094 et
1566 1066 1671 1093 naviter
1690 1064 1831 1099 impudens

1043 1124 1113 1152 erat,
1128 1118 1236 1153 juratus
1250 1115 1363 1144 afﬁrmat
1380 1114 1490 1142 divitem
1502 1119 1534 1140 ac
1544 1115 1737 1147 praepotentem
1748 1108 1831 1135 Atha-

1044 1166 1161 1197 nasium,
1174 1168 1311 1198 penesque
1327 1161 1402 1188 illum
1422 1167 1484 1187 esse
1503 1158 1567 1185 talia
1583 1156 1683 1189 moliri,
1701 1155 1723 1182 si
1738 1155 1829 1182 vellet.

1044 1209 1111 1237 Tum
1120 1207 1322 1237 Constantinus.
1329 1205 1375 1240 qni
1387 1203 1473 1233 amori
1481 1211 1531 1231 suo
1538 1210 1599 1238 erga
1609 1201 1733 1236 patriam,
1743 1200 1779 1227 ita
1790 1208 1833 1226 vo-

1043 1252 1400 1287 cabatConstantinopoltm,
1412 1251 1471 1285 plus
1479 1257 1550 1284 saepe
1560 1249 1673 1283 largitus
1683 1253 1741 1275 erat
1750 1254 1830 1282 quant

1044 1299 1204 1330 concederet
1212 1298 1336 1333 aequitas,
1356 1303 1410 1323 non
1421 1299 1577 1330 exspectata
1589 1294 1649 1328 ejus
1660 1293 1830 1323 defensioue.

1044 1349 1133 1376 virum
1148 1345 1279 1381 relegavit
1293 1344 1319 1371 in
1337 1343 1452 1371 Gallias.
1466 1341 1589 1369 Aderant
1607 1348 1667 1368 cum
1683 1339 1832 1367 Athanasio

1045 1393 1162 1429 Ευριῆ
1184 1391 1303 1427 episcopi
1324 1396 1437 1417 numero
1461 1389 1591 1423 quinque.
1612 1387 1658 1423 qui
1684 1387 1722 1414 rei
1748 1391 1832 1414 testes

1045 1439 1131 1470 fuere,
1153 1436 1332 1465 Adamantius
1345 1442 1453 1469 nempe,
1469 1433 1606 1465 Anubion,
1620 1432 1830 1467 Agatltamtuon.

1045 1483 1192 1512 Arbethion
1210 1486 1237 1508 et
1257 1480 1352 1508 Petrus
1368 1489 1374 1512 ;
1403 1484 1530 1514 erratque
1551 1478 1679 1505 Socrates
1696 1476 1742 1511 qui
1765 1483 1833 1510 pra:-

212 1542 284 1569 ierit.
302 1542 429 1577 Etprimo
443 1541 551 1576 quidem
569 1541 668 1568 intuitu
685 1540 830 1574 imperator
846 1537 933 1565 virum
946 1544 993 1564 non

1050 1530 1123 1559 sules
1140 1529 1206 1556 istos
1222 1531 1298 1562 putat
1311 1526 1452 1554 Athanasii
1477 1529 1648 1553 accusatores
1662 1523 1730 1558 apud
1748 1523 1833 1556 impc-

214 1588 324 1623 agnovit
340 1596 346 1614 :
363 1588 410 1615 sed
424 1587 577 1615 sciscitatus
587 1587 698 1620 aulicos,
714 1591 741 1613 et
751 1586 797 1621 qui
817 1589 887 1613 esset
899 1589 926 1612 et
935 1584 996 1618 qui-

213 1635 263 1662 bus
289 1633 401 1661 allectus
416 1633 521 1668 injuriis
531 1633 652 1660 edidicit.
665 1632 764 1659 Verum
775 1638 807 1659 ex
823 1630 995 1666 pmjudicata

213 1680 339 1714 opinione
357 1684 385 1706 et
403 1683 534 1712 occupato
556 1678 770 1705 Eusebianorum
798 1675 995 1703 criminationi-

213 1723 263 1752 bus
278 1725 378 1756 animo,
404 1731 440 1751 ne
464 1722 573 1758 quidem
589 1722 684 1749 audire
710 1721 846 1756 hominem
867 1720 994 1753 volebat;

212 1770 418 1804 proximumque
433 1773 533 1797 eratut
552 1768 671 1796 amoveri
689 1768 854 1803 praeciperet.
874 1767 919 1794 Ait
931 1766 996 1801 Epi-

213 1815 376 1851 pltanius(b)
394 1816 583 1848 Athanasium,
596 1822 657 1842 cum
679 1814 811 1850 repulsam
830 1813 864 1840 ab
879 1813 996 1846 impera-

215 1865 272 1887 tore
292 1861 397 1892 ferret,
421 1865 597 1895 conquestum
630 1860 687 1887 haec
714 1859 887 1887 vociferatum
912 1865 994 1885 esse:

215 1905 342 1933 Dominus
357 1907 406 1932 mei
420 1906 508 1940 tuique
523 1906 607 1940 judea:
619 1906 687 1938 erit,
708 1906 813 1940 quando
828 1912 919 1931 eorum
934 1912 996 1938 par-

214 1952 283 1979 tibus
297 1953 449 1987 adjungeris
463 1953 508 1987 qui
526 1960 566 1979 me
587 1951 727 1979 calumniis
752 1951 911 1985 opprimunt.
937 1950 994 1978 Ab-

216 2002 316 2025 ttuente
327 2002 416 2024 autent
427 1997 607 2024 Constantino
621 1997 662 2024 vel
676 1996 798 2023 auditutn
816 1995 899 2028 ferre,
911 1996 996 2023 libere

215 2044 298 2072 ittSlat
310 2043 482 2076 Athanasius,
498 2043 653 2078 maioreque
666 2043 726 2070 cum
743 2042 850 2075 fiducia,
876 2042 943 2069 nihil
966 2049 996 2070 se

216 2089 353 2125 postulare
379 2089 425 2120 ait,
450 2095 531 2122 quam
554 2092 584 2114 ut
607 2091 753 2114 evocentur
777 2085 995 2122 Jerosolymitani

216 2135 353 2170 praesules,
370 2142 423 2169 quo
436 2139 524 2168 posset
539 2140 629 2160 coram
645 2133 678 2160 de
689 2132 769 2160 illatis
781 2131 859 2159 tttalis
876 2136 903 2158 et
927 2131 995 2166 inju-

215 2182 264 2209 riis
274 2180 414 2215 conqueri.
427 2180 548 2215 Ilogabat
559 2180 621 2206 item
637 2183 666 2206 ut
682 2179 829 2212 imperator
845 2177 993 2212 legitimam

1046 1581 1162 1604 ratorent
1179 1573 1272 1606 fuisse,
1286 1573 1414 1607 deceptus
1424 1571 1530 1598 scilicet
1541 1569 1706 1597 obscuritate
1721 1572 1832 1595 senten—

1046 1622 1089 1650 tias
1104 1619 1243 1655 cujusdam
1256 1619 1282 1645 in
1298 1617 1411 1652 epistola
1420 1616 1610 1652 [Egyptiorum
1627 1615 1769 1650 praesulutn
1781 1613 1831 1649 (d).

1044 1667 1143 1695 Narrat
1155 1673 1236 1702 porro
1254 1664 1422 1692 Sosomenus
1443 1663 1656 1697 redintegratam
1673 1668 1764 1688 coram
1779 1660 1832 1687 itu—

1045 1718 1170 1749 peratore
1183 1712 1267 1738 fuisse
1278 1710 1495 1738 criminationem
1513 1709 1546 1736 de
1562 1707 1647 1735 calice
1660 1707 1757 1740 fracto,
1772 1714 1833 1741 qua:

1045 1765 1128 1787 causa
1155 1757 1237 1784 fuerit
1250 1760 1279 1783 ut
1293 1755 1320 1782 in
1346 1755 1470 1782 exsilium
1486 1753 1615 1781 Treviros
1637 1752 1831 1780 amandaretur

1045 1804 1219 1833 Athanasius.
1235 1801 1288 1830 Sed
1300 1801 1447 1829 reclamant
1461 1801 1518 1835 ipse
1534 1799 1698 1826 Athanasius
1710 1803 1738 1825 et.
1751 1797 1834 1833 :Egy-

1045 1851 1094 1886 ptii
1116 1849 1246 1884 episcopi,
1261 1849 1306 1884 qui
1323 1848 1422 1875 diserte
1443 1847 1537 1878 aiunt,
1556 1845 1722 1873 Eusebianos
1741 1851 1833 1872 coram

1046 1896 1211 1929 imperatore
1225 1901 1259 1920 tte
1275 1892 1415 1920 minimam
1432 1891 1541 1926 quidem
1556 1890 1590 1918 de
1607 1889 1693 1917 calice
1708 1889 1793 1917 fracto
1806 1893 1834 1916 et

1046 1941 1079 1969 de
1089 1940 1196 1968 Arsenii
1212 1946 1278 1966 nece
1294 1937 1391 1965 fecisse
1406 1936 1583 1964 mentionem.

1079 1995 1124 2023 28.
1141 1995 1291 2024 Permirum
1305 2001 1379 2026 sane,
1390 1998 1462 2020 tattta
1475 1993 1575 2027 pietate
1585 1997 1612 2019 et
1622 1992 1748 2027 aequitate
1758 1991 1832 2026 prin-

1045 2042 1132 2076 cipem
1148 2048 1181 2068 eo
1198 2040 1342 2067 calumniis
1364 2038 1557 2065 maledicorum
1577 2038 1738 2069 adductum,
1755 2039 1786 2062 ut
1799 2044 1833 2063 tte

1045 2087 1154 2122 quidem
1170 2089 1327 2120 exspectata
1349 2083 1507 2112 defensione
1529 2083 1663 2110 insontem
1679 2082 1765 2109 virum
1777 2082 1834 2116 pei-

1045 2133 1114 2160 Ieret
1128 2131 1155 2159 in
1169 2130 1306 2158 exsilium.
1332 2129 1429 2157 Verum
1445 2128 1568 2156 criminis
1580 2128 1781 2163 opportunitate
1795 2128 1833 2154 ita

1045 2176 1216 2213 imperatoris
1226 2176 1346 2203 animum
1359 2175 1501 2209 occupavit
1513 2174 1655 2207 Eusebius,
1663 2178 1692 2200 ut
1704 2181 1833 2208 perquam

215 2228 272 2263 cogi
292 2227 424 2262 synodum
440 2229 558 2258 curaret,
575 2229 621 2252 aut
637 2224 694 2259 ipse
707 2231 768 2251 sese
787 2223 912 2258 purganti
925 2230 995 2259 pne-
1011 2216 1033 2243 Ῑ)
1048 2224 1162 2252 diiiicilis
1179 2223 1269 2250 aditus
1281 2221 1388 2249 veritati
1401 2221 1598 2256 relinqueretur
1607 2220 1653 2255 (ε).
1664 2220 1691 2247 id
1702 2227 1763 2246 eutn
1779 2226 1832 2246 tton

216 2273 292 2300 beret
303 2278 407 2298 aurem.
420 2269 539 2305 (Equum
562 2269 725 2305 postulatum
739 2268 933 2296 Constantinus
945 2269 995 2296 ad-

215 2317 314 2350 mittit;
329 2317 472 2351 missisque
486 2323 547 2343 mox
560 2314 670 2347 litteris,
688 2318 785 2342 evocat
805 2314 948 2349 episcopos
968 2313 995 2340 itt

214 2364 319 2399 synodo
333 2367 451 2395 coaetos,
467 2362 545 2397 jubet
562 2359 822 2395 Constantinopolim
845 2361 994 2393 accedere,

214 2413 351 2437 maturare
364 2407 513 2443 profectum
524 2411 600 2441 gesta
613 2406 772 2434 defensuros
784 2405 932 2445 gobiurgat
947 2405 997 2432 bo-

215 2457 301 2484 mittes
320 2461 349 2483 ut
369 2455 508 2482 turbarum
530 2461 562 2481 ac
586 2453 747 2481 tumultuum
769 2457 893 2480 auctores
908 2457 934 2479 et
948 2459 996 2487 op-

213 2510 354 2538 pressores
368 2503 434 2530 veri.
447 2501 584 2537 Ejusmodi
599 2500 695 2529 litteris
708 2500 827 2534 acceptis
840 2499 994 2532 Eusebiaui,

214 2549 350 2583 perterriti
361 2549 492 2576 scelerum
504 2547 685 2579 conscientia,
702 2554 763 2575 cum
778 2546 934 2581 propediem
952 2543 996 2572 fu-

214 2598 304 2621 turum
320 2599 393 2622 esset
403 2599 432 2622 ut
454 2595 543 2630 palam
563 2601 655 2622 eorum
665 2593 779 2621 consilia
793 2597 820 2619 et
830 2591 920 2619 studia
935 2598 996 2618 eva-

214 2640 368 2673 derenttad
386 2640 573 2668 veteratoriam
587 2645 672 2668 artem
687 2640 721 2667 de
735 2646 809 2666 more
819 2637 993 2675 confugiunt;

215 2685 373 2720 caaterisque
404 2686 537 2720 episcopis
564 2684 861 2719 Constantinopolitano
896 2683 994 2710 itinere

215 2731 378 2763 interclusis,
396 2739 430 2759 ne
444 2732 476 2759 iis
490 2731 604 2760 testibus
621 2731 660 2759 rei
676 2735 758 2766 gesta:
782 2730 882 2758 veritas
899 2729 993 2763 depre-

250 2800 289 2836 (a)
308 2801 404 2836 Athan.
421 2801 496 2835 Apol.
514 2807 603 2828 contra
614 2802 755 2832 Arian.,n.
772 2801 816 2828 86.

251 2835 288 2871 (ιι)
308 2835 407 2862 Ilwres.
424 2844 498 2863 LXtX.

252 2877 287 2907 (cy
308 2871 409 2898 Atinati.
423 2872 499 2905 Apol.
513 2876 603 2898 contra
622 2871 725 2903 Arium,
737 2870 797 2898 ωε).

1047 2270 1169 2306 supplicii
1179 2276 1262 2297 causa
1281 2269 1377 2296 fecisse
1398 2267 1515 2295 afﬁrmat
1527 2267 1722 2295 Constantinus
1729 2265 1832 2301 junior,

1046 2318 1093 2344 sed
1108 2323 1162 2351 quo
1173 2316 1261 2343 virum
1279 2315 1397 2349 eriperet
1410 2314 1526 2341 inimicis
1543 2320 1705 2348 magnopere
1719 2311 1832 2339 saevien-

1047 2363 1129 2390 tibus.
1156 2363 1191 2390 At
1213 2362 1275 2389 licet
1295 2360 1463 2389 Coustatttini
1483 2360 1614 2387 facilitate
1640 2365 1832 2393 nonnunquam

1048 2408 1181 2436 Eusebius
1201 2408 1234 2435 ad
1251 2407 1387 2435 libidittem
1413 2409 1588 2438 abuteretur,
1605 2413 1657 2433 non
1674 2410 1761 2433 tanien
1776 2404 1834 2437 ejus

1050 2456 1156 2482 animus
1170 2462 1203 2482 eo
1227 2462 1313 2489 usque
1335 2454 1442 2482 Eusebii
1462 2453 1569 2488 placitis
1585 2452 1692 2480 deditus
1709 2456 1767 2479 erat
1786 2450 1833 2486 (1‘),

1049 2505 1079 2527 ut
1093 2501 1119 2528 itt
1139 2500 1198 2534 ejus
1224 2500 1349 2536 gratiam,
1365 2506 1444 2534 quem
1468 2499 1616 2526 aestimaret
1630 2499 1775 2529 insontem,
1790 2505 1834 2525 so-

1048 2547 1104 2574 lum
1116 2553 1222 2574 vertere
1229 2546 1346 2581 juheret.
1362 2545 1438 2579 Quod
1459 2553 1524 2573 sane
1541 2545 1712 2580 perspicuum
1729 2552 1762 2571 ex
1777 2544 1835 2578 ejus

1048 2593 1082 2621 ad
1096 2594 1236 2629 episcopos
1248 2592 1372 2628 epistola.
1383 2592 1426 2620 ubi
1441 2593 1542 2620 acriter
1552 2593 1679 2628 obiurgat
1693 2592 1753 2619 illos
1764 2593 1834 2626 quod

1047 2639 1226 2667 Athanasium
1247 2638 1429 2666 abdicassent.
1448 2638 1482 2665 Et
1500 2645 1629 2673 perquam
1649 2643 1721 2665 tutus
1738 2637 1835 2664 fuisset

1046 2684 1216 2712 Alexandriae
1227 2684 1405 2716 Athanasius,
1419 2684 1441 2711 si
1460 2692 1494 2711 ex
1509 2683 1680 2718 imperatoris
1692 2683 1790 2718 placito
1801 2689 1834 2710 eo

1047 2737 1171 2757 reversus
1188 2729 1301 2763 fuisset;
1317 2737 1368 2757 nec
1386 2730 1533 2764 quidquam
1545 2729 1597 2764 ipsi
1614 2728 1766 2756 formidinis
1777 2727 1832 2755 bte-

1084 2800 1123 2835 (d)
1144 2799 1254 2827 Sozom.
1272 2800 1319 2827 lib.
1336 2807 1367 2832 tt,
1381 2807 1442 2834 cap.
1455 2800 1502 2828 28.

1084 2835 1119 2868 (e)
1139 2836 1237 2862 Atitatt.
1251 2835 1327 2868 Apol.
1340 2841 1430 2861 contra
1442 2835 1546 2868 Arian.,
1565 2843 1590 2862 ιι.
1603 2834 1630 2862 9.

1083 2870 1119 2905 (ί)
1139 2871 1238 2898 Alban.
1252 2871 1333 2902 ibitL,
1353 2878 1380 2898 ll.
1396 2870 1441 2899 87.
