2000 3045
829 192 910 220 V'lTA
930 192 959 221 S.
979 189 1175 219 ATIIANASII.

1694 194 1794 214 ιιιιλικ

166 255 246 284 sisset
260 255 286 281 in
302 253 389 289 patria
405 261 453 282 sua
470 253 504 279 ab
525 252 632 280 Eusebii
650 252 770 287 potentia
784 258 811 280 et
829 252 954 286 maligni-
970 255 994 284 Α
1007 251 1175 280 conferimus
1191 250 1218 277 in
1244 248 1386 276 exordium
1403 247 1468 275 anni
1487 246 1550 280 556.
1573 245 1650 280 cujus
1667 246 1796 280 temporis

166 307 229 328 tate.
263 301 449 334 Quamobrem
479 306 543 326 vero
564 298 679 326 similius
705 299 870 325 arbitramur
901 298 958 324 haec

165 347 269 375 dixisse
290 345 499 373 Constantinum
514 345 661 379 juniorem,
677 349 705 370 ut
720 344 806 378 patris
822 343 959 370 memoria:

164 392 329 424 consuleret,
344 397 426 426 atque
445 391 513 426 pulsi
531 390 673 417 Athanasii
695 390 864 424 iniquitatem
875 394 902 416 et
914 389 956 416 in-

165 440 263 467 vidium
276 439 399 466 minuere
414 438 509 464 saltem
523 442 623 472 posset.
635 436 680 464 Nat
690 437 725 463 ita
741 437 766 463 in
780 436 957 464 Athanasium

165 489 355 519 exasperatum
376 484 547 511 Constantini
564 483 686 510 animum
705 487 816 510 narrant
837 481 957 518 [Egyptii

165 532 305 566 praesules,
320 534 348 556 ut
363 538 396 558 ex
405 530 462 557 sola
480 529 598 556 numinis
610 529 779 564 providentia
796 528 897 555 factum
909 535 957 563 pu-

166 581 235 609 tent,
251 576 321 611 quod
337 576 433 604 exsilio
458 581 574 608 tantum,
591 583 643 603 non
661 576 763 610 capite,
780 575 868 602 virum
889 574 958 602 mul-

167 626 246 650 taret.

199 667 244 696 29.
260 667 449 696 Constantinus
470 672 537 694 velat
553 667 635 694 alium
652 667 712 701 eligi
728 667 755 694 in
772 666 859 693 locant
876 666 957 694 Atha-

167 715 245 742 nasii.
269 714 412 741 Marcellus
425 714 620 740 damnatur.—
635 713 662 740 In
676 713 816 740 Athanasii
840 712 909 747 pulsi
929 718 957 740 et

165 758 243 794 eiecti
254 758 353 790 locum,
365 758 444 785 alium
457 757 584 785 factionis
597 766 651 785 sua:
668 758 823 793 episcopum
839 758 957 793 deligere

165 804 298 839 parabant
314 804 456 831 Eusebiani
476 809 503 831 et
519 804 623 831 Ariani.
643 805 744 832 Verum
759 805 956 833 Constantinus

166 851 314 878 sceleratos
336 858 350 877 a
368 851 412 877 tali
433 857 501 877 ausu
520 851 700 886 coercuil(a),
717 851 779 885 quia
802 850 954 878 oblatorum

167 896 231 932 Tyri
249 897 391 923 criminum
403 896 542 924 convictus
555 905 608 923 non
622 896 716 924 fuisset
731 897 895 924 Athanasius
905 896 953 932 (b).

167 928 260 976 Neque
276 947 363 969 tamen
376 941 424 974 illi.
434 950 486 976 qua
498 947 576 969 erant
592 942 743 976 pervicacia
754 946 781 970 et
795 928 954 975 temeritate,
972 928 996 959 Β

169 987 250 1015 liuent
267 987 401 1015 faciebant
417 989 473 1015 haec
489 987 628 1020 moliendi,
649 989 735 1015 donec
758 988 897 1015 intentatis
912 987 958 1014 tui-

169 1033 211 1060 nis
235 1033 391 1068 imperator,
406 1033 559 1068 petulantes
580 1034 703 1061 homines
717 1042 731 1060 a
747 1037 836 1068 empto
849 1038 875 1060 et
892 1040 956 1067 pro-

169 1081 258 1115 posito
269 1080 428 1108 deterreret.
451 1079 507 1107 Sub
530 1081 599 1107 idem
618 1079 704 1107 ferme
720 1084 827 1114 tempus
847 1079 958 1114 presby-

168 1127 218 1154 teri
235 1131 353 1161 quatuor
374 1127 563 1159 Aierandrini,
580 1127 652 1162 quod
671 1126 799 1161 episcopo
822 1133 871 1153 suo
890 1133 956 1154 con-

165 1171 331 1205 junctissimi
356 1177 465 1204 essent,
491 1171 559 1207 pulsi
588 1171 690 1206 pariter
721 1175 748 1198 et
780 1171 807 1198 in
834 1171 956 1198 exsilium

169 1219 222 1244 acti
251 1223 329 1251 sunt;
345 1225 461 1253 quorum
488 1218 545 1245 haec
564 1218 689 1249 nomina,
712 1217 822 1250 Paulus,
837 1217 956 1250 Piution,

170 1263 321 1297 Aplilonius
338 1269 364 1291 et
378 1263 476 1291 Paulus
497 1263 637 1298 Capitonis
650 1263 722 1291 ﬁlius
733 1263 782 1299 (ι).

205 1309 248 1336 50.
269 1310 413 1336 Eusebiani
441 1317 572 1345 prospero
589 1317 678 1337 rerum
694 1316 791 1337 eventu
815 1309 887 1343 laeti,
901 1309 958 1345 jam

167 1361 230 1381 cum
243 1359 364 1389 potestas
381 1359 451 1386 erat,
473 1354 637 1382 adversariis
658 1355 715 1382 suis
737 1355 884 1389 perniciem
901 1363 959 1382 ma-

168 1400 326 1428 chinantur.
344 1401 527 1434 Quamobrem
549 1401 682 1436 synodum
705 1400 958 1436 Constantinopoli,

169 1451 340 1482 repugnante
355 1447 417 1474 licet
425 1446 579 1474 Alexandro
592 1446 670 1474 istius
685 1446 760 1474 urbis
774 1447 957 1483 episcopo(¢l),

168 1493 330 1525 celebrant;
348 1497 375 1520 et
390 1493 460 1527 quod
477 1494 503 1520 in
523 1493 591 1521 votis
605 1497 674 1525 erat.
687 1493 805 1521 Marcelli
823 1500 902 1521 causa
918 1493 959 1521 af-

169 1540 258 1566 fertur
275 1539 301 1566 iu
325 1539 454 1568 medimn.
473 1539 497 1566 Is
518 1539 616 1567 librum
640 1547 732 1572 suum,
751 1540 823 1574 quod
847 1545 910 1568 ante
925 1540 959 1575 (si

169 1584 277 1611 Socrati
306 1583 384 1618 ﬁdes)
407 1584 581 1618 promiserat,
609 1583 724 1611 flammis
751 1584 817 1611 dare
839 1588 958 1612 recusat.

169 1629 352 1663 Quamobrem
378 1629 502 1657 abdicato
528 1629 583 1662 illo,
615 1630 728 1657 Basilius
746 1630 772 1657 in
797 1630 856 1664 ejus
869 1629 962 1663 deligi-

170 1681 217 1702 tur
231 1675 330 1702 locum.
346 1674 426 1703 Vetat
439 1680 529 1703 autem
541 1676 704 1710 synodorum
719 1675 849 1703 Romanae
859 1680 887 1702 et
899 1675 963 1702 Sar-

170 1721 290 1748 dicensis
300 1721 459 1754 auctoritas,
476 1729 510 1748 ne
525 1726 651 1756 putemus
661 1729 783 1749 errorem
801 1722 826 1748 in
844 1720 962 1748 Marcelli

169 1766 282 1801 scriptis
296 1767 445 1796 exstitisse.
463 1767 529 1795 Nam
544 1769 671 1802 expensis
685 1767 745 1794 istic
761 1767 878 1794 Marcelli
888 1767 962 1794 clau-

170 1813 250 1845 sulis,
266 1821 381 1848 quarum
405 1821 487 1842 causa
506 1815 652 1841 datnnatus
669 1818 696 1841 et
711 1814 775 1841 sede
794 1813 887 1849 pulsus
905 1812 963 1840 fue-

171 1863 226 1891 rat,
242 1859 439 1893 deprehensum
450 1863 490 1887 est
501 1859 588 1886 virum
610 1863 682 1886 recte
697 1860 809 1891 sentire,
824 1863 852 1886 et
864 1859 962 1893 injuria

170 1902 257 1930 fuisse
272 1904 436 1931 abdicatum.
452 1903 582 1931 Eusebius
594 1911 674 1938 porro
688 1904 863 1931 Caesariensis
874 1904 962 1939 jussu,

170 1953 203 1975 ut
214 1953 328 1976 testatur
346 1949 422 1985 ipse,
438 1950 745 1984 Constantinopolitanae
768 1950 875 1985 synodi,
892 1950 964 1977 Mar-

171 1994 234 2023 celli
247 1995 344 2022 librum
362 1995 522 2030 confutavit,
536 2004 617 2031 quem
633 1994 788 2024 Marcellum
805 1997 830 2023 in
845 1997 903 2031 ipso
921 1998 963 2024 sui

171 2041 264 2076 operis
288 2042 399 2069 exordio
416 2041 523 2070 invidia:
542 2050 575 2070 ac
601 2041 694 2070 livoris
713 2047 824 2070 acCusat
846 2042 888 2069 his
904 2050 964 2070 ver-

171 2087 216 2114 bis
235 2096 243 2114 :
266 2086 299 2114 'ﬂ
315 2087 442 2120 ὑπόθεσις
463 2087 538 2123 αὐτῷ
561 2088 611 2123 τῆς
629 2087 739 2124 γραφῆς
761 2089 778 2124 ἡ
801 2088 964 2124 μισαδελφια

172 2132 293 2168 κατέστη
307 2141 314 2148 ·
325 2133 355 2160 τὸ
369 2133 397 2160 δὲ
411 2133 513 2169 ταύτης
525 2133 611 2160 αἴτιον
624 2133 703 2170 ζῆλος
722 2134 769 2161 καὶ
782 2134 886 2169 φθόνος.
900 2134 965 2169 Ejus

173 2186 240 2206 vero
258 2178 411 2206 doctrinam
437 2179 529 2207 multis
552 2179 706 2207 nominibus
732 2180 834 2215 culpat.
854 2180 963 2213 Verum,

179 2230 209 2251 ut
223 2225 291 2252 alias
315 2230 558 2253 commonstratuin
576 2230 627 2257 est,
643 2227 748 2253 detorta
767 2234 885 2261 persaepe
912 2227 963 2253 viri

1011 298 1079 326 ratio
1094 297 1216 332 pluribus
1232 294 1345 322 inferius
1357 293 1510 329 indaganda
1529 293 1629 321 veniet.

1042 343 1070 371 2.
1089 344 1167 370 Arius
1191 341 1354 369 Alexandria
1376 340 1468 373 pulsus
1495 339 1747 374 Constantinopolim
1770 347 1796 366 se

1007 389 1120 423 confert.
1135 402 1170 409 -—
1181 387 1253 414 Inter
1268 386 1325 414 haec
1339 385 1485 413 Eusebiani
1497 392 1596 413 nervos
1610 391 1705 412 omnes
1719 384 1797 411 indu-

1007 435 1081 462 stria:
1092 433 1304 468 contendebant,
1315 437 1344 459 ut
1360 437 1441 459 tantae
1458 432 1537 459 molis
1552 439 1621 463 rem,
1632 431 1690 458 Arii
1701 429 1797 458 videli-

1007 487 1050 509 cet
1074 482 1100 508 in
1126 480 1276 508 Ecclesium
1304 480 1462 507 admittendi
1483 478 1797 514 propositum.perlice-

1008 532 1068 555 rent
1079 528 1128 563 (g).
1141 527 1166 554 Is
1180 525 1347 562 Jerosolyma
1362 525 1553 554 Alexandriam
1578 525 1716 560 profectus
1726 529 1795 558 erat,

1007 579 1037 601 ut
1050 574 1126 608 jussu
1143 573 1238 609 synodi
1259 575 1292 600 ad
1314 573 1519 600 Catholicorum
1540 571 1670 599 collectas
1685 573 1796 598 accede-

1007 625 1058 648 ret.
1075 620 1174 647 Verum
1200 619 1376 646 Alexandrini
1405 619 1514 653 indigne
1532 618 1649 646 ferentes
1661 618 1796 652 impurum

1007 667 1142 695 hominem
1161 665 1363 694 Catholicorum
1380 672 1441 693 sese
1458 665 1538 692 rebus
1555 665 1720 697 immiscere,
1733 662 1797 691 elle-

1008 713 1058 740 rati
1076 713 1140 741 item
1153 713 1248 740 nuntio
1261 711 1390 739 antistitis
1403 711 1445 740 sui
1462 711 1587 738 artiﬁciis
1604 715 1632 738 et
1652 710 1796 737 fraudibus

1007 759 1197 787 haereticorum
1212 760 1275 786 sede
1289 763 1316 786 et
1328 758 1414 793 patria
1431 758 1512 792 pulsi,
1529 758 1556 785 in
1569 757 1733 785 sceleratum
1753 757 1798 783 ho-

1006 805 1106 832 minem
1136 805 1282 836 commoti,
1299 805 1392 832 turbas
1417 811 1450 832 ac
1481 803 1612 831 tumultus
1641 803 1796 834 concitant,

1007 851 1182 887 futurumque
1196 856 1256 878 erat
1272 856 1301 878 ut
1320 856 1376 878 tota
1389 851 1486 878 civitas
1500 850 1634 877 seditione
1649 848 1799 883 conﬂagra-

1007 903 1059 931 ret,
1085 898 1136 925 nisi
1164 898 1371 929 Constantinus,
1394 901 1535 932 postquam
1560 903 1719 931 perversam
1738 888 1798 922 Arii

1009 948 1126 971 mentem
1142 949 1321 979 compererat,
1339 951 1400 971 eum
1426 950 1522 975 rursus
1537 941 1798 976 Constantinopolim

1007 993 1158 1020 evocasset,
1179 989 1310 1015 rationem
1334 993 1456 1015 motuum
1484 987 1666 1018 redditurum.
1681 993 1797 1020 quorum

1007 1042 1057 1062 nec
1074 1034 1189 1062 obscure
1205 1040 1302 1061 auctor
1316 1033 1361 1061 ille
1376 1033 1479 1060 fuisset.
1488 1033 1620 1060 Eusebius
1635 1037 1722 1059 tamen
1733 1038 1800 1066 quo-

1006 1081 1068 1106 dam
1085 1079 1144 1106 loco
1157 1079 1205 1111 ait,
1222 1083 1317 1114 rogatu
1327 1085 1387 1110 suo,
1403 1082 1571 1113 repugnante
1588 1077 1651 1104 licet
1665 1084 1698 1104 ac
1712 1077 1799 1103 invito

1007 1125 1172 1157 Alexandro,
1188 1125 1305 1152 accitum
1321 1124 1414 1151 Arium
1431 1125 1465 1151 ab
1479 1124 1641 1158 imperatore
1650 1123 1734 1150 fuisse
1746 1122 1798 1158 (It).

1008 1172 1157 1199 Evocatum
1182 1171 1276 1199 Arium
1294 1170 1426 1198 Eusebius
1441 1174 1470 1198 et
1489 1169 1610 1203 asseciaa,
1629 1169 1717 1197 solitis
1731 1169 1799 1195 arti-

1007 1219 1058 1246 bus
1083 1226 1115 1246 ac
1135 1225 1185 1252 pro
1203 1218 1296 1245 innata
1323 1217 1446 1250 vafritie,
1461 1217 1595 1244 curabant
1620 1216 1647 1242 in
1672 1214 1800 1243 Ecclesiae

1007 1263 1314 1298 Constantinopolitanae
1339 1267 1489 1290 conventus
1505 1260 1722 1294 admitti.Quam
1743 1267 1798 1287 rem

1009 1315 1038 1338 at
1050 1309 1220 1345 imperatoris
1232 1309 1394 1337 auctoritate
1410 1308 1546 1336 conﬁcere
1557 1311 1678 1343 possent,
1690 1307 1724 1334 de
1739 1306 1800 1335 ﬁdei

1009 1356 1123 1385 formula
1141 1355 1319 1383 Constantino
1343 1354 1479 1382 olierenda
1496 1361 1549 1381 una
1572 1361 1668 1381 omnes
1691 1353 1799 1387 prospi-

1009 1402 1094 1435 aiunt,
1104 1406 1312 1437 praecaventque
1324 1408 1357 1428 ne
1369 1401 1434 1436 quid
1445 1400 1472 1428 in
1484 1400 1528 1427 illa
1540 1399 1698 1428 olfensionis
1708 1407 1803 1427 occur-

1009 1453 1062 1476 rat.
1073 1447 1223 1482 Ingressum
1235 1452 1296 1482 post
1306 1447 1364 1474 hate
1373 1446 1468 1474 Arium
1481 1446 1629 1481 interrogat
1642 1446 1801 1480 imperator,

1010 1502 1075 1522 num
1100 1494 1228 1522 Ecclesia:
1241 1493 1381 1522 catholicae
1393 1497 1483 1520 teneat
1498 1493 1588 1520 ﬁdem.
1607 1493 1663 1525 Ille,
1680 1493 1722 1520 cui
1738 1499 1800 1526 per-

1010 1539 1072 1567 inde
1085 1543 1145 1567 erat
1159 1540 1192 1566 ad
1205 1538 1353 1574 perjurium
1368 1543 1451 1572 atque.
1461 1538 1494 1565 ad
1507 1537 1676 1566 mendacium
1686 1537 1799 1564 accede-

1014 1594 1054 1618 re,
1066 1593 1095 1613 se
1105 1591 1178 1613 recte
1189 1585 1289 1612 sentire
1302 1584 1456 1620 juramento
1469 1585 1624 1616 conﬁrmat,
1636 1591 1669 1610 ac
1681 1582 1799 1610 libellum

1012 1632 1092 1659 οἴει-ι
1103 1631 1175 1663 ﬁdei,
1189 1631 1233 1658 ubi
1249 1630 1384 1658 occultato
1398 1630 1532 1657 haereseos
1545 1636 1661 1662 veneno,
1676 1628 1800 1663 Scriptu-

1014 1686 1050 1706 rze
1071 1685 1150 1705 voces
1174 1677 1266 1704 dolose
1292 1676 1452 1710 usurpabat.
1478 1675 1546 1702 Tum
1576 1675 1749 1710 imperator:
1772 1675 1800 1702 Si

1012 1732 1091 1758 sana,
1101 1724 1198 1759 inquit,
1212 1728 1254 1751 est
1270 1723 1336 1750 ﬁdes
1350 1727 1407 1754 tua,
1421 1723 1503 1756 probe
1515 1721 1613 1756 jurasti
1628 1730 1636 1754 ;
1652 1721 1694 1748 sin
1707 1721 1800 1755 impia,

1013 1776 1039 1800 et
1057 1777 1147 1798 tamen
1168 1769 1277 1804 jurasli,
1287 1770 1320 1796 de
1332 1768 1424 1803 juratu
1444 1768 1514 1795 Deus
1532 1771 1623 1795 sumat
1640 1774 1744 1802 pinnas.
1759 1767 1802 1793 Di-

1013 1817 1097 1844 misso
1111 1817 1145 1844 ab
1161 1817 1322 1850 imperatore
1336 1816 1402 1843 Ario
1417 1814 1550 1842 Eusebius
1574 1818 1603 1841 et
1625 1813 1693 1841 socii
1720 1813 1800 1840 solita

1014 1863 1053 1890 usi
1064 1862 1210 1898 petulantia
1226 1862 1250 1888 in
1271 1861 1416 1889 ecclesiam
1430 1861 1530 1888 aditum
1545 1861 1635 1888 facere
1649 1859 1801 1887 tentabant.

1012 1909 1131 1937 Jacobus
1146 1913 1236 1936 autem
1252 1907 1402 1936 Nisibensis
1416 1908 1570 1943 episcopus,
1586 1907 1688 1942 pietate
1706 1906 1749 1934 vir
1770 1913 1802 1933 ac

1014 1954 1153 1983 miraculis
1177 1954 1289 1986 clarus,
1311 1954 1458 1982 Catholicis
1482 1959 1576 1981 attctor
1599 1953 1650 1981 fuit
1673 1959 1703 1981 ut
1719 1957 1802 1980 tanta:

1013 2000 1176 2029 calamitatis
1203 2000 1373 2028 declinanda;
1387 2007 1470 2028 causa
1484 2007 1578 2035 preces
1592 2000 1625 2027 ad
1645 2000 1728 2027 Deum
1742 1999 1803 2027 fun-

1013 2048 1118 2075 derent.
1137 2045 1293 2074 Obsistebat
1309 2047 1373 2074 item
1394 2045 1711 2080 Constantinopolitanus
1738 2053 1804 2080 prae-

1013 2093 1065 2127 sul,
1081 2100 1134 2120 non
1147 2093 1245 2121 debere
1259 2094 1335 2121 aiens
1350 2093 1486 2121 haereseos
1500 2097 1650 2124 auctorem,
1666 2092 1754 2119 locum
1774 2092 1801 2118 in

1013 2140 1130 2167 ecclesia
1149 2147 1295 2175 occupare.
1321 2140 1356 2167 At
1377 2138 1534 2171 Eusebiani,
1548 2138 1661 2172 jactatis
1682 2138 1803 2164 intermi-

1014 2185 1180 2219 nationibus,
1195 2186 1254 2214 haec
1268 2186 1439 2221 impudenter
1453 2185 1504 2213 fari
1517 2193 1524 2211 :
1542 2184 1576 2212 Ut
1591 2184 1802 2219 repngnantlius

1014 2232 1078 2260 licet
1095 2232 1385 2267 vobisimpetravimus
1407 2232 1516 2260 evocari
1536 2231 1570 2258 ab
1587 2231 1749 2265 imperatore
1764 2229 1803 2256 vi-

174 2270 308 2297 sententia
322 2290 330 2303 ,
347 2276 429 2305 atque
443 2272 476 2298 ad
494 2279 605 2306 pravam
630 2272 783 2306 opinioncnt
808 2272 833 2299 vi
852 2272 960 2299 ratioci-

1012 2287 1086 2312 rutn;
1103 2279 1139 2306 ita
1163 2279 1205 2306 die
1231 2279 1366 2309 crastina,
1392 2282 1418 2305 te
1445 2277 1509 2305 licet
1536 2276 1637 2308 invito,
1662 2275 1802 2302 nobiscum

174 2316 213 2343 nii
226 2316 350 2350 deducta,
363 2322 392 2345 ut
403 2318 486 2346 etiam
502 2322 618 2345 testatur
629 2316 715 2345 Julius
728 2317 800 2353 Papa
813 2319 839 2345 in
850 2319 963 2354 epistola

175 2364 209 2390 ad
226 2363 377 2391 Orientales
392 2364 438 2400 (e).

213 2410 289 2437 Anno
306 2410 368 2437 556.
388 2425 424 2430 -
442 2411 466 2437 1.
484 2410 645 2438 Athanasius
661 2410 781 2438 Treviros
799 2412 964 2439 concedit.—

176 2455 344 2484 Athanasius
362 2456 449 2484 solum
465 2462 573 2497 vertere
588 2463 709 2490 coactus,
730 2458 857 2486 Treviros
872 2459 960 2487 exsilii

177 2502 265 2530 locum
276 2503 416 2531 contendit
428 2511 476 2531 :eo
489 2511 550 2532 cum
563 2505 741 2539 pervenisset,
752 2511 768 2532 a
783 2505 861 2532 beato
877 2505 962 2532 Maxi-

177 2549 252 2576 mino
269 2554 325 2576 tum
341 2550 470 2585 episcopo
487 2551 690 2586 perhumaniter
715 2556 843 2587 exceptus
862 2557 904 2580 est
918 2552 962 2587 (f).

177 2593 297 2623 Treviris
305 2596 467 2623 versabatur
481 2597 544 2623 item
559 2596 753 2625 Constantinus
765 2597 871 2632 junior;
887 2606 965 2632 aquo

177 2642 280 2676 pariter
296 2642 446 2670 honoriﬁce
467 2643 585 2677 habitus,
608 2644 786 2678 omnibusque
812 2644 846 2672 ad
864 2645 964 2672 victum

178 2687 377 2724 honestumque
393 2689 495 2717 cultum
516 2691 676 2719 necessariis
692 2691 798 2719 abunde
819 2692 965 2719 instructus

178 2735 240 2764 fuit.
249 2735 313 2771 Ejus
325 2743 407 2772 porro
419 2736 549 2765 Treviros
561 2738 707 2765 adventum
718 2745 780 2765 cum
798 2737 864 2765 viris
878 2737 968 2765 doetis

231 2826 256 2862 ιι)
276 2826 385 2861 Apolog.
397 2831 488 2853 contra
503 2826 606 2862 Arium.
620 2834 648 2854 η.
662 2826 708 2854 29.

231 2861 255 2896 l1)
275 2862 375 2890 Athan.
389 2862 501 2894 ibid.,n.
511 2861 556 2889 50.

219 2896 254 2930 (c)
276 2897 376 2924 Athan.
391 2897 469 2928 ibid...
485 2905 512 2924 n.
523 2897 568 2924 40.

220 2933 258 2967 (d)
278 2932 385 2960 Socrat.
396 2931 444 2960 lib.
459 2940 480 2966 ι,
493 2932 613 2967 eap.37;
629 2932 735 2962 Sozom.
752 2932 788 2961 lib
803 2939 833 2966 υ,
852 2932 966 2967 capuli).

1017 2326 1097 2352 Arius
1128 2325 1154 2352 in
1189 2325 1240 2352 hac
1273 2324 1388 2352 ecclesia
1417 2323 1504 2351 aderit
1536 2321 1691 2350 conventui.
1721 2321 1803 2355 Queis

1016 2371 1170 2399 Alexander
1188 2370 1296 2403 auditis,
1312 2370 1406 2405 grandi
1424 2377 1541 2398 mmrore
1556 2368 1692 2403 perfusus,
1702 2367 1803 2401 ingres-

1015 2425 1061 2444 sus
1084 2422 1125 2444 est
1153 2417 1180 2444 in
1200 2416 1342 2444 ecclesiam
1372 2415 1447 2443 Irene
1479 2415 1695 2450 cognominatam
1718 2420 1803 2447 ;snp-

1015 2463 1152 2498 plicesque
1177 2469 1273 2489 manus
1290 2462 1322 2489 ad
1349 2462 1432 2489 Deum
1461 2462 1584 2493 tendens,
1605 2460 1804 2494 coiiacrymans

1016 2508 1043 2535 in
1053 2507 1154 2535 vultum
1166 2508 1281 2542 procidit
1291 2508 1359 2534 intra
1369 2507 1519 2534 sacrarium
1534 2515 1542 2538 ;
1557 2506 1684 2541 humique
1696 2505 1803 2540 jacens,

1017 2554 1123 2581 auditus
1139 2562 1154 2581 a
1167 2553 1286 2581 Macario
1298 2553 1458 2589 presbytero
1474 2558 1516 2580 est
1531 2553 1612 2580 hasce
1634 2555 1745 2579 incestas
1769 2550 1806 2578 ef-

1018 2599 1130 2627 fundere
1142 2607 1233 2628 voces.
1247 2599 1278 2627 Si
1297 2599 1376 2626 Arius
1394 2599 1512 2626 crastina
1525 2598 1569 2625 die
1589 2597 1626 2624 ad
1650 2601 1804 2624 conventum

1017 2646 1130 2676 accedet,
1148 2653 1190 2672 me
1201 2653 1303 2672 servum
1318 2651 1392 2672 tuum
1406 2653 1438 2672 ea:
1448 2645 1498 2671 hac
1513 2644 1570 2671 luce
1580 2644 1705 2670 dimittito
1716 2663 1724 2676 ,
1735 2648 1759 2670 et
1772 2650 1804 2670 ne

1017 2690 1088 2717 sinas
1095 2697 1155 2716 cum
1170 2691 1252 2724 impio
1267 2690 1340 2723 pium
1356 2690 1517 2716 commisceri
1528 2693 1553 2716 et
1564 2697 1618 2716 una
1631 2689 1746 2716 interire.
1756 2686 1804 2715 Sin

1017 2735 1164 2763 Ecclesium
1180 2736 1313 2762 miserari;
1333 2740 1416 2768 tuam,
1431 2741 1455 2762 et
1469 2735 1574 2770 quidem
1590 2735 1723 2762 miserari.
1733 2754 1741 2766 ,
1754 2733 1803 2760 hoc

1057 2826 1092 2860 (ε)
1111 2825 1209 2853 Athan.
1228 2825 1302 2857 Apol.
1320 2829 1412 2852 contra
1434 2823 1527 2852 Arian.
1554 2833 1581 2852 n.
1594 2824 1629 2851 5'2

1057 2861 1090 2895 (Ῑ)
1110 2861 1210 2888 Athan.
1225 2861 1301 2892 ibid.,
1314 2869 1341 2887 tt.
1359 2860 1404 2888 87.

1057 2893 1094 2930 (ῃ)
1115 2897 1222 2923 Socrat.
1233 2896 1278 2922 lib.
1293 2904 1378 2930 t,cap.
1391 2894 1425 2923 57
1441 2903 1448 2927 ;
1468 2895 1575 2922 Sozom.
1588 2895 1633 2921 Iilt.
1646 2902 1740 2929 tt,c:tp.
1756 2893 1802 2921 ‘29.

1057 2899 1083 2930 (ῃ
1115 2899 1222 2923 δοεηιι.
1233 2899 1278 2922 lib.
1293 2904 1378 2930 t,cap.
1391 2899 1424 2923 57
1441 2903 1448 2927 ;
1468 2899 1575 2922 Sozom.
1588 2899 1623 2921 lii.

1057 2899 1097 2967 (It;
1115 2931 1214 2959 Athan.
1233 2931 1319 2966 Ejnu.
1335 2935 1367 2959 de
1378 2937 1458 2958 morte
1469 2931 1537 2963 Arii,
1557 2939 1583 2958 n.
1599 2931 1626 2957 2.
