  <div class='ocr_page' id='page_1' title='image "/cluster/home/n/w/nwhite01/storage/ocr_20150623/25/njp.32101010944591/095.png"; bbox 0 0 2000 3045; ppageno 0'>
   <div class='ocr_carea' id='block_1_1' title="bbox 203 174 1167 222">
    <p class='ocr_par' dir='ltr' id='par_1_1' title="bbox 203 174 1167 222">
     <span class='ocr_line' id='line_1_1' title="bbox 203 174 1167 222; baseline -0.012 -2"><span class='ocrx_word' id='word_1_1' title='bbox 203 201 236 220; x_wconf 85' lang='lat' dir='ltr'><strong><em>xc</em></strong></span> <span class='ocrx_word' id='word_1_2' title='bbox 861 179 863 182; x_wconf 82' lang='lat'>&#39;</span> <span class='ocrx_word' id='word_1_3' title='bbox 893 174 1167 222; x_wconf 37' lang='lat' dir='ltr'><strong><em>puomcounuag</em></strong></span> 
     </span>
    </p>
   </div>
   <div class='ocr_carea' id='block_1_2' title="bbox 205 231 1815 281">
    <p class='ocr_par' dir='ltr' id='par_1_2' title="bbox 205 231 1815 281">
     <span class='ocr_line' id='line_1_2' title="bbox 205 231 1815 281; baseline -0.012 -3"><span class='ocrx_word' id='word_1_4' title='bbox 205 251 266 278; x_wconf 75' lang='lat' dir='ltr'><strong><em>bene</em></strong></span> <span class='ocrx_word' id='word_1_5' title='bbox 278 250 349 281; x_wconf 79' lang='lat' dir='ltr'><strong><em>novi,</em></strong></span> <span class='ocrx_word' id='word_1_6' title='bbox 365 248 541 276; x_wconf 80' lang='lat' dir='ltr'><strong><em>animadverte</em></strong></span> <span class='ocrx_word' id='word_1_7' title='bbox 556 246 663 274; x_wconf 79' lang='lat' dir='ltr'><strong><em>Eusebii</em></strong></span> <span class='ocrx_word' id='word_1_8' title='bbox 677 251 700 273; x_wconf 92' lang='lat' dir='ltr'><strong><em>et</em></strong></span> <span class='ocrx_word' id='word_1_9' title='bbox 713 246 844 272; x_wconf 76' lang='lat' dir='ltr'><strong><em>sociorum</em></strong></span> <span class='ocrx_word' id='word_1_10' title='bbox 860 245 946 274; x_wconf 76' lang='lat' dir='ltr'><strong><em>verba.</em></strong></span> <span class='ocrx_word' id='word_1_11' title='bbox 961 249 984 270; x_wconf 85' lang='lat' dir='ltr'><strong><em>et</em></strong></span> <span class='ocrx_word' id='word_1_12' title='bbox 1000 245 1020 272; x_wconf 77' lang='grc' dir='ltr'>Α</span> <span class='ocrx_word' id='word_1_13' title='bbox 1037 231 1152 268; x_wconf 78' lang='lat' dir='ltr'><strong><em>hominis</em></strong></span> <span class='ocrx_word' id='word_1_14' title='bbox 1166 239 1269 266; x_wconf 87' lang='lat' dir='ltr'><strong><em>animos</em></strong></span> <span class='ocrx_word' id='word_1_15' title='bbox 1286 237 1396 270; x_wconf 86' lang='lat' dir='ltr'><strong><em>fecit,ut</em></strong></span> <span class='ocrx_word' id='word_1_16' title='bbox 1408 235 1656 270; x_wconf 80' lang='lat' dir='ltr'><strong><em>impensiusveram</em></strong></span> <span class='ocrx_word' id='word_1_17' title='bbox 1666 232 1815 260; x_wconf 84' lang='lat' dir='ltr'><strong><em>doctrinam</em></strong></span> 
     </span>
    </p>
   </div>
   <div class='ocr_carea' id='block_1_3' title="bbox 205 290 984 325">
    <p class='ocr_par' dir='ltr' id='par_1_3' title="bbox 205 290 984 325">
     <span class='ocr_line' id='line_1_3' title="bbox 205 290 984 325; baseline -0.009 -3"><span class='ocrx_word' id='word_1_18' title='bbox 205 304 237 322; x_wconf 85' lang='lat' dir='ltr'><strong><em>ne</em></strong></span> <span class='ocrx_word' id='word_1_19' title='bbox 251 295 353 322; x_wconf 76' lang='lat' dir='ltr'><strong><em>dederis</em></strong></span> <span class='ocrx_word' id='word_1_20' title='bbox 366 294 394 321; x_wconf 82' lang='lat' dir='ltr'><strong><em>in</em></strong></span> <span class='ocrx_word' id='word_1_21' title='bbox 409 294 517 321; x_wconf 67' lang='lat' dir='ltr'><strong><em>exitium</em></strong></span> <span class='ocrx_word' id='word_1_22' title='bbox 532 298 554 320; x_wconf 91' lang='lat' dir='ltr'><strong><em>et</em></strong></span> <span class='ocrx_word' id='word_1_23' title='bbox 568 294 595 318; x_wconf 89' lang='lat' dir='ltr'><strong><em>in</em></strong></span> <span class='ocrx_word' id='word_1_24' title='bbox 613 292 780 325; x_wconf 81' lang='lat' dir='ltr'><strong><em>opprobrium</em></strong></span> <span class='ocrx_word' id='word_1_25' title='bbox 805 290 984 317; x_wconf 62' lang='lat' dir='ltr'><strong><em>[nereditatem</em></strong></span> 
     </span>
    </p>
   </div>
   <div class='ocr_carea' id='block_1_4' title="bbox 204 336 983 374">
    <p class='ocr_par' dir='ltr' id='par_1_4' title="bbox 204 336 983 374">
     <span class='ocr_line' id='line_1_4' title="bbox 204 336 983 374; baseline -0.01 -5"><span class='ocrx_word' id='word_1_26' title='bbox 204 348 286 374; x_wconf 87' lang='lat' dir='ltr'><strong><em>tuam,</em></strong></span> <span class='ocrx_word' id='word_1_27' title='bbox 295 350 326 368; x_wconf 83' lang='lat' dir='ltr'><strong><em>ac</em></strong></span> <span class='ocrx_word' id='word_1_28' title='bbox 337 340 398 367; x_wconf 83' lang='lat' dir='ltr'><strong><em>tolle</em></strong></span> <span class='ocrx_word' id='word_1_29' title='bbox 410 340 512 371; x_wconf 76' lang='lat' dir='ltr'><strong><em>Arium,</em></strong></span> <span class='ocrx_word' id='word_1_30' title='bbox 524 347 554 365; x_wconf 85' lang='lat' dir='ltr'><strong><em>ne</em></strong></span> <span class='ocrx_word' id='word_1_31' title='bbox 566 338 726 373; x_wconf 83' lang='lat' dir='ltr'><strong><em>ingrediente</em></strong></span> <span class='ocrx_word' id='word_1_32' title='bbox 742 337 787 363; x_wconf 86' lang='lat' dir='ltr'><strong><em>illo</em></strong></span> <span class='ocrx_word' id='word_1_33' title='bbox 800 337 827 363; x_wconf 84' lang='lat' dir='ltr'><strong><em>in</em></strong></span> <span class='ocrx_word' id='word_1_34' title='bbox 839 336 983 367; x_wconf 70' lang='lat' dir='ltr'><strong><em>ecclesiam,</em></strong></span> 
     </span>
    </p>
   </div>
   <div class='ocr_carea' id='block_1_5' title="bbox 205 381 985 417">
    <p class='ocr_par' dir='ltr' id='par_1_5' title="bbox 205 381 985 417">
     <span class='ocr_line' id='line_1_5' title="bbox 205 381 985 417; baseline -0.009 -2"><span class='ocrx_word' id='word_1_35' title='bbox 205 389 309 414; x_wconf 69' lang='lat' dir='ltr'><strong><em>haeresis</em></strong></span> <span class='ocrx_word' id='word_1_36' title='bbox 325 394 379 413; x_wconf 86' lang='lat' dir='ltr'><strong><em>una</em></strong></span> <span class='ocrx_word' id='word_1_37' title='bbox 401 384 509 411; x_wconf 86' lang='lat' dir='ltr'><strong><em>introire</em></strong></span> <span class='ocrx_word' id='word_1_38' title='bbox 522 384 649 416; x_wconf 80' lang='lat' dir='ltr'><strong><em>uideatur,</em></strong></span> <span class='ocrx_word' id='word_1_39' title='bbox 666 391 716 410; x_wconf 83' lang='lat' dir='ltr'><strong><em>neu</em></strong></span> <span class='ocrx_word' id='word_1_40' title='bbox 731 382 850 417; x_wconf 74' lang='lat' dir='ltr'><strong><em>deinceps</em></strong></span> <span class='ocrx_word' id='word_1_41' title='bbox 866 381 985 415; x_wconf 73' lang='lat' dir='ltr'><strong><em>impietas</em></strong></span> 
     </span>
    </p>
   </div>
   <div class='ocr_carea' id='block_1_6' title="bbox 203 431 533 467">
    <p class='ocr_par' dir='ltr' id='par_1_6' title="bbox 203 431 533 467">
     <span class='ocr_line' id='line_1_6' title="bbox 203 431 533 467; baseline -0.012 -7"><span class='ocrx_word' id='word_1_42' title='bbox 203 433 308 467; x_wconf 77' lang='lat' dir='ltr'><strong><em>pietatis</em></strong></span> <span class='ocrx_word' id='word_1_43' title='bbox 325 433 380 459; x_wconf 83' lang='lat' dir='ltr'><strong><em>loco</em></strong></span> <span class='ocrx_word' id='word_1_44' title='bbox 399 431 533 458; x_wconf 76' lang='lat' dir='ltr'><strong><em>habeatur.</em></strong></span> 
     </span>
    </p>
   </div>
   <div class='ocr_carea' id='block_1_7' title="bbox 240 471 986 509">
    <p class='ocr_par' dir='ltr' id='par_1_7' title="bbox 240 471 986 509">
     <span class='ocr_line' id='line_1_7' title="bbox 240 471 986 509; baseline -0.008 -5"><span class='ocrx_word' id='word_1_45' title='bbox 240 479 267 504; x_wconf 81' lang='grc'><strong><em>5.</em></strong></span> <span class='ocrx_word' id='word_1_46' title='bbox 288 477 360 504; x_wconf 76' lang='lat' dir='ltr'><strong><em>Mors</em></strong></span> <span class='ocrx_word' id='word_1_47' title='bbox 374 477 441 503; x_wconf 85' lang='lat' dir='ltr'><strong><em>Arii.</em></strong></span> <span class='ocrx_word' id='word_1_48' title='bbox 455 491 490 496; x_wconf 94' lang='lat'><strong>—</strong></span> <span class='ocrx_word' id='word_1_49' title='bbox 502 475 565 502; x_wconf 60' lang='lat' dir='ltr'><strong><em>Haec</em></strong></span> <span class='ocrx_word' id='word_1_50' title='bbox 578 473 696 501; x_wconf 85' lang='lat' dir='ltr'><strong><em>Sabbato</em></strong></span> <span class='ocrx_word' id='word_1_51' title='bbox 708 472 899 509; x_wconf 85' lang='lat' dir='ltr'><strong><em>pomeridianis</em></strong></span> <span class='ocrx_word' id='word_1_52' title='bbox 911 471 986 499; x_wconf 83' lang='lat' dir='ltr'><strong><em>horis</em></strong></span> 
     </span>
    </p>
   </div>
   <div class='ocr_carea' id='block_1_8' title="bbox 203 518 987 560">
    <p class='ocr_par' dir='ltr' id='par_1_8' title="bbox 203 518 987 560">
     <span class='ocr_line' id='line_1_8' title="bbox 203 518 987 560; baseline -0.008 -8"><span class='ocrx_word' id='word_1_53' title='bbox 203 524 364 560; x_wconf 73' lang='lat' dir='ltr'><strong><em>precabatur</em></strong></span> <span class='ocrx_word' id='word_1_54' title='bbox 390 523 523 555; x_wconf 85' lang='lat' dir='ltr'><strong><em>antistes,</em></strong></span> <span class='ocrx_word' id='word_1_55' title='bbox 546 527 575 549; x_wconf 90' lang='lat' dir='ltr'><strong><em>et</em></strong></span> <span class='ocrx_word' id='word_1_56' title='bbox 598 521 650 548; x_wconf 86' lang='lat' dir='ltr'><strong><em>sub</em></strong></span> <span class='ocrx_word' id='word_1_57' title='bbox 668 521 726 548; x_wconf 63' lang='lat' dir='ltr'><strong><em>haec</em></strong></span> <span class='ocrx_word' id='word_1_58' title='bbox 752 520 865 546; x_wconf 91' lang='lat' dir='ltr'><strong><em>multum</em></strong></span> <span class='ocrx_word' id='word_1_59' title='bbox 890 518 987 546; x_wconf 87' lang='lat' dir='ltr'><strong><em>anxius</em></strong></span> 
     </span>
    </p>
   </div>
   <div class='ocr_carea' id='block_1_9' title="bbox 204 563 986 605">
    <p class='ocr_par' dir='ltr' id='par_1_9' title="bbox 204 563 986 605">
     <span class='ocr_line' id='line_1_9' title="bbox 204 563 986 605; baseline -0.009 -8"><span class='ocrx_word' id='word_1_60' title='bbox 204 570 364 605; x_wconf 76' lang='lat' dir='ltr'><strong><em>digreditur.</em></strong></span> <span class='ocrx_word' id='word_1_61' title='bbox 381 568 418 595; x_wconf 87' lang='lat' dir='ltr'><strong><em>Ea</em></strong></span> <span class='ocrx_word' id='word_1_62' title='bbox 444 575 509 595; x_wconf 91' lang='lat' dir='ltr'><strong><em>vero</em></strong></span> <span class='ocrx_word' id='word_1_63' title='bbox 533 568 591 602; x_wconf 87' lang='lat' dir='ltr'><strong><em>ipsa</em></strong></span> <span class='ocrx_word' id='word_1_64' title='bbox 612 567 687 597; x_wconf 91' lang='lat' dir='ltr'><strong><em>hora,</em></strong></span> <span class='ocrx_word' id='word_1_65' title='bbox 709 573 833 601; x_wconf 80' lang='lat' dir='ltr'><strong><em>egressus</em></strong></span> <span class='ocrx_word' id='word_1_66' title='bbox 856 563 986 599; x_wconf 84' lang='lat' dir='ltr'><strong><em>imperiali</em></strong></span> 
     </span>
    </p>
   </div>
   <div class='ocr_carea' id='block_1_10' title="bbox 205 610 988 652">
    <p class='ocr_par' dir='ltr' id='par_1_10' title="bbox 205 610 988 652">
     <span class='ocr_line' id='line_1_10' title="bbox 205 610 988 652; baseline -0.01 -8"><span class='ocrx_word' id='word_1_67' title='bbox 205 616 305 652; x_wconf 88' lang='lat' dir='ltr'><strong><em>palatio</em></strong></span> <span class='ocrx_word' id='word_1_68' title='bbox 333 616 414 643; x_wconf 84' lang='lat' dir='ltr'><strong><em>Arius</em></strong></span> <span class='ocrx_word' id='word_1_69' title='bbox 446 614 511 648; x_wconf 79' lang='grc' dir='ltr'><strong><em>(α),</em></strong></span> <span class='ocrx_word' id='word_1_70' title='bbox 538 612 699 640; x_wconf 86' lang='lat' dir='ltr'><strong><em>Eusebianis</em></strong></span> <span class='ocrx_word' id='word_1_71' title='bbox 729 611 874 638; x_wconf 75' lang='lat' dir='ltr'><strong><em>satellitum</em></strong></span> <span class='ocrx_word' id='word_1_72' title='bbox 902 610 988 637; x_wconf 91' lang='lat' dir='ltr'><strong><em>instar</em></strong></span> 
     </span>
    </p>
   </div>
   <div class='ocr_carea' id='block_1_11' title="bbox 204 655 988 696">
    <p class='ocr_par' dir='ltr' id='par_1_11' title="bbox 204 655 988 696">
     <span class='ocr_line' id='line_1_11' title="bbox 204 655 988 696; baseline -0.01 -7"><span class='ocrx_word' id='word_1_73' title='bbox 204 661 378 696; x_wconf 88' lang='lat' dir='ltr'><strong><em>stipantibus,</em></strong></span> <span class='ocrx_word' id='word_1_74' title='bbox 402 667 450 695; x_wconf 86' lang='lat' dir='ltr'><strong><em>per</em></strong></span> <span class='ocrx_word' id='word_1_75' title='bbox 474 658 592 686; x_wconf 84' lang='lat' dir='ltr'><strong><em>civitatis</em></strong></span> <span class='ocrx_word' id='word_1_76' title='bbox 617 657 734 684; x_wconf 87' lang='lat' dir='ltr'><strong><em>medium</em></strong></span> <span class='ocrx_word' id='word_1_77' title='bbox 758 655 899 690; x_wconf 83' lang='lat' dir='ltr'><strong><em>magniﬁce</em></strong></span> <span class='ocrx_word' id='word_1_78' title='bbox 917 655 988 682; x_wconf 90' lang='lat' dir='ltr'><strong><em>ince-</em></strong></span> 
     </span>
    </p>
   </div>
   <div class='ocr_carea' id='block_1_12' title="bbox 204 702 988 741">
    <p class='ocr_par' dir='ltr' id='par_1_12' title="bbox 204 702 988 741">
     <span class='ocr_line' id='line_1_12' title="bbox 204 702 988 741; baseline -0.009 -6"><span class='ocrx_word' id='word_1_79' title='bbox 204 709 271 735; x_wconf 87' lang='lat' dir='ltr'><strong><em>dens</em></strong></span> <span class='ocrx_word' id='word_1_80' title='bbox 288 714 319 734; x_wconf 90' lang='lat' dir='ltr'><strong><em>ac</em></strong></span> <span class='ocrx_word' id='word_1_81' title='bbox 346 706 464 741; x_wconf 76' lang='lat' dir='ltr'><strong><em>gestiens</em></strong></span> <span class='ocrx_word' id='word_1_82' title='bbox 488 705 594 739; x_wconf 82' lang='lat' dir='ltr'><strong><em>gaudio,</em></strong></span> <span class='ocrx_word' id='word_1_83' title='bbox 618 702 703 730; x_wconf 80' lang='lat' dir='ltr'><strong><em>iutilia</em></strong></span> <span class='ocrx_word' id='word_1_84' title='bbox 722 702 846 739; x_wconf 78' lang='lat' dir='ltr'><strong><em>loquens,</em></strong></span> <span class='ocrx_word' id='word_1_85' title='bbox 869 702 988 729; x_wconf 89' lang='lat' dir='ltr'><strong><em>omnium</em></strong></span> 
     </span>
    </p>
   </div>
   <div class='ocr_carea' id='block_1_13' title="bbox 205 745 988 782">
    <p class='ocr_par' dir='ltr' id='par_1_13' title="bbox 205 745 988 782">
     <span class='ocr_line' id='line_1_13' title="bbox 205 745 988 782; baseline -0.01 -2"><span class='ocrx_word' id='word_1_86' title='bbox 205 753 233 780; x_wconf 91' lang='lat' dir='ltr'><strong><em>in</em></strong></span> <span class='ocrx_word' id='word_1_87' title='bbox 263 760 292 780; x_wconf 85' lang='lat' dir='ltr'><strong><em>se</em></strong></span> <span class='ocrx_word' id='word_1_88' title='bbox 320 752 443 779; x_wconf 84' lang='lat' dir='ltr'><strong><em>movebat</em></strong></span> <span class='ocrx_word' id='word_1_89' title='bbox 477 749 580 777; x_wconf 88' lang='lat' dir='ltr'><strong><em>oculos.</em></strong></span> <span class='ocrx_word' id='word_1_90' title='bbox 613 749 734 782; x_wconf 80' lang='lat' dir='ltr'><strong><em>Cumque</em></strong></span> <span class='ocrx_word' id='word_1_91' title='bbox 761 747 928 781; x_wconf 82' lang='lat' dir='ltr'><strong><em>pervenisset</em></strong></span> <span class='ocrx_word' id='word_1_92' title='bbox 954 745 988 773; x_wconf 86' lang='lat' dir='ltr'><strong><em>ad</em></strong></span> 
     </span>
    </p>
   </div>
   <div class='ocr_carea' id='block_1_14' title="bbox 204 793 990 828">
    <p class='ocr_par' dir='ltr' id='par_1_14' title="bbox 204 793 990 828">
     <span class='ocr_line' id='line_1_14' title="bbox 204 793 990 828; baseline -0.01 -2"><span class='ocrx_word' id='word_1_93' title='bbox 204 799 294 827; x_wconf 81' lang='lat' dir='ltr'><strong><em>forum</em></strong></span> <span class='ocrx_word' id='word_1_94' title='bbox 311 797 476 826; x_wconf 87' lang='lat' dir='ltr'><strong><em>Constantini</em></strong></span> <span class='ocrx_word' id='word_1_95' title='bbox 494 797 607 828; x_wconf 88' lang='lat' dir='ltr'><strong><em>dictum,</em></strong></span> <span class='ocrx_word' id='word_1_96' title='bbox 635 801 686 828; x_wconf 89' lang='lat' dir='ltr'><strong><em>quo</em></strong></span> <span class='ocrx_word' id='word_1_97' title='bbox 710 794 737 821; x_wconf 92' lang='lat' dir='ltr'><strong><em>in</em></strong></span> <span class='ocrx_word' id='word_1_98' title='bbox 752 793 811 821; x_wconf 89' lang='lat' dir='ltr'><strong><em>loco</em></strong></span> <span class='ocrx_word' id='word_1_99' title='bbox 829 797 916 820; x_wconf 87' lang='lat' dir='ltr'><strong><em>statua</em></strong></span> <span class='ocrx_word' id='word_1_100' title='bbox 928 799 990 827; x_wconf 88' lang='lat' dir='ltr'><strong><em>por-</em></strong></span> 
     </span>
    </p>
   </div>
   <div class='ocr_carea' id='block_1_15' title="bbox 204 839 989 880">
    <p class='ocr_par' dir='ltr' id='par_1_15' title="bbox 204 839 989 880">
     <span class='ocr_line' id='line_1_15' title="bbox 204 839 989 880; baseline -0.008 -9"><span class='ocrx_word' id='word_1_101' title='bbox 204 841 343 880; x_wconf 82' lang='lat' dir='ltr'><strong><em>phyretica</em></strong></span> <span class='ocrx_word' id='word_1_102' title='bbox 372 843 459 878; x_wconf 88' lang='lat' dir='ltr'><strong><em>posita</em></strong></span> <span class='ocrx_word' id='word_1_103' title='bbox 484 846 552 873; x_wconf 82' lang='lat' dir='ltr'><strong><em>erat,</em></strong></span> <span class='ocrx_word' id='word_1_104' title='bbox 579 845 607 868; x_wconf 89' lang='lat' dir='ltr'><strong><em>ut</em></strong></span> <span class='ocrx_word' id='word_1_105' title='bbox 630 841 667 867; x_wconf 84' lang='lat' dir='ltr'><strong><em>ait</em></strong></span> <span class='ocrx_word' id='word_1_106' title='bbox 684 839 826 871; x_wconf 82' lang='lat' dir='ltr'><strong><em>Socrates,</em></strong></span> <span class='ocrx_word' id='word_1_107' title='bbox 850 839 989 866; x_wconf 85' lang='lat' dir='ltr'><strong><em>conscien-</em></strong></span> 
     </span>
    </p>
   </div>
   <div class='ocr_carea' id='block_1_16' title="bbox 205 885 990 919">
    <p class='ocr_par' dir='ltr' id='par_1_16' title="bbox 205 885 990 919">
     <span class='ocr_line' id='line_1_16' title="bbox 205 885 990 919; baseline -0.01 -1"><span class='ocrx_word' id='word_1_108' title='bbox 205 891 242 918; x_wconf 89' lang='lat' dir='ltr'><strong><em>tia</em></strong></span> <span class='ocrx_word' id='word_1_109' title='bbox 258 890 389 917; x_wconf 88' lang='lat' dir='ltr'><strong><em>scelerum</em></strong></span> <span class='ocrx_word' id='word_1_110' title='bbox 405 888 609 919; x_wconf 81' lang='lat' dir='ltr'><strong><em>exhorrescens,</em></strong></span> <span class='ocrx_word' id='word_1_111' title='bbox 630 885 664 914; x_wconf 92' lang='lat' dir='ltr'><strong><em>ad</em></strong></span> <span class='ocrx_word' id='word_1_112' title='bbox 679 885 731 913; x_wconf 88' lang='lat' dir='ltr'><strong><em>alvi</em></strong></span> <span class='ocrx_word' id='word_1_113' title='bbox 743 885 920 912; x_wconf 65' lang='lat' dir='ltr'><strong><em>exonerandas</em></strong></span> <span class='ocrx_word' id='word_1_114' title='bbox 942 891 990 911; x_wconf 89' lang='lat' dir='ltr'><strong><em>ne-</em></strong></span> 
     </span>
    </p>
   </div>
   <div class='ocr_carea' id='block_1_17' title="bbox 205 929 987 971">
    <p class='ocr_par' dir='ltr' id='par_1_17' title="bbox 205 929 987 971">
     <span class='ocr_line' id='line_1_17' title="bbox 205 929 987 971; baseline -0.009 -8"><span class='ocrx_word' id='word_1_115' title='bbox 205 936 358 964; x_wconf 82' lang='lat' dir='ltr'><strong><em>cessitatem</em></strong></span> <span class='ocrx_word' id='word_1_116' title='bbox 368 933 531 969; x_wconf 86' lang='lat' dir='ltr'><strong><em>compulsus.</em></strong></span> <span class='ocrx_word' id='word_1_117' title='bbox 552 934 805 971; x_wconf 65' lang='lat' dir='ltr'><strong><em>percontaturmum</em></strong></span> <span class='ocrx_word' id='word_1_118' title='bbox 823 931 849 958; x_wconf 93' lang='lat' dir='ltr'><strong><em>in</em></strong></span> <span class='ocrx_word' id='word_1_119' title='bbox 866 929 987 965; x_wconf 90' lang='lat' dir='ltr'><strong><em>proximo</em></strong></span> 
     </span>
    </p>
   </div>
   <div class='ocr_carea' id='block_1_18' title="bbox 205 976 987 1015">
    <p class='ocr_par' dir='ltr' id='par_1_18' title="bbox 205 976 987 1015">
     <span class='ocr_line' id='line_1_18' title="bbox 205 976 987 1015; baseline -0.009 -6"><span class='ocrx_word' id='word_1_120' title='bbox 205 981 320 1008; x_wconf 62' lang='lat' dir='ltr'><strong><em>latrinae.</em></strong></span> <span class='ocrx_word' id='word_1_121' title='bbox 331 980 397 1008; x_wconf 89' lang='lat' dir='ltr'><strong><em>Cum</em></strong></span> <span class='ocrx_word' id='word_1_122' title='bbox 411 986 479 1015; x_wconf 90' lang='lat' dir='ltr'><strong><em>pone</em></strong></span> <span class='ocrx_word' id='word_1_123' title='bbox 492 977 660 1006; x_wconf 84' lang='lat' dir='ltr'><strong><em>Constantini</em></strong></span> <span class='ocrx_word' id='word_1_124' title='bbox 671 977 757 1003; x_wconf 86' lang='lat' dir='ltr'><strong><em>forum</em></strong></span> <span class='ocrx_word' id='word_1_125' title='bbox 769 983 828 1004; x_wconf 88' lang='lat' dir='ltr'><strong><em>esse</em></strong></span> <span class='ocrx_word' id='word_1_126' title='bbox 840 976 987 1008; x_wconf 84' lang='lat' dir='ltr'><strong><em>didicisset,</em></strong></span> 
     </span>
    </p>
   </div>
   <div class='ocr_carea' id='block_1_19' title="bbox 205 1023 986 1062">
    <p class='ocr_par' dir='ltr' id='par_1_19' title="bbox 205 1023 986 1062">
     <span class='ocr_line' id='line_1_19' title="bbox 205 1023 986 1062; baseline -0.008 -8"><span class='ocrx_word' id='word_1_127' title='bbox 205 1034 238 1055; x_wconf 90' lang='lat' dir='ltr'><strong><em>eo</em></strong></span> <span class='ocrx_word' id='word_1_128' title='bbox 254 1026 356 1062; x_wconf 84' lang='lat' dir='ltr'><strong><em>pergit;</em></strong></span> <span class='ocrx_word' id='word_1_129' title='bbox 373 1033 404 1053; x_wconf 84' lang='lat' dir='ltr'><strong><em>ac</em></strong></span> <span class='ocrx_word' id='word_1_130' title='bbox 420 1026 565 1060; x_wconf 86' lang='lat' dir='ltr'><strong><em>derepente</em></strong></span> <span class='ocrx_word' id='word_1_131' title='bbox 582 1024 673 1051; x_wconf 86' lang='lat' dir='ltr'><strong><em>animo</em></strong></span> <span class='ocrx_word' id='word_1_132' title='bbox 687 1023 788 1056; x_wconf 82' lang='lat' dir='ltr'><strong><em>deﬁcit,</em></strong></span> <span class='ocrx_word' id='word_1_133' title='bbox 810 1026 838 1049; x_wconf 89' lang='lat' dir='ltr'><strong><em>et</em></strong></span> <span class='ocrx_word' id='word_1_134' title='bbox 856 1029 908 1049; x_wconf 86' lang='lat' dir='ltr'><strong><em>una</em></strong></span> <span class='ocrx_word' id='word_1_135' title='bbox 926 1029 986 1048; x_wconf 92' lang='lat' dir='ltr'><strong><em>cum</em></strong></span> 
     </span>
    </p>
   </div>
   <div class='ocr_carea' id='block_1_20' title="bbox 204 1067 988 1104">
    <p class='ocr_par' dir='ltr' id='par_1_20' title="bbox 204 1067 988 1104">
     <span class='ocr_line' id='line_1_20' title="bbox 204 1067 988 1104; baseline -0.006 -5"><span class='ocrx_word' id='word_1_136' title='bbox 204 1071 387 1104; x_wconf 77' lang='lat' dir='ltr'><strong><em>excrementis</em></strong></span> <span class='ocrx_word' id='word_1_137' title='bbox 404 1070 560 1098; x_wconf 89' lang='lat' dir='ltr'><strong><em>dilabuntur</em></strong></span> <span class='ocrx_word' id='word_1_138' title='bbox 575 1068 702 1096; x_wconf 88' lang='lat' dir='ltr'><strong><em>intestina</em></strong></span> <span class='ocrx_word' id='word_1_139' title='bbox 717 1076 778 1096; x_wconf 91' lang='lat' dir='ltr'><strong><em>cum</em></strong></span> <span class='ocrx_word' id='word_1_140' title='bbox 793 1067 885 1102; x_wconf 83' lang='lat' dir='ltr'><strong><em>splene</em></strong></span> <span class='ocrx_word' id='word_1_141' title='bbox 905 1073 937 1093; x_wconf 84' lang='lat' dir='ltr'><strong><em>ac</em></strong></span> <span class='ocrx_word' id='word_1_142' title='bbox 947 1067 988 1100; x_wconf 84' lang='lat' dir='ltr'><strong><em>je-</em></strong></span> 
     </span>
    </p>
   </div>
   <div class='ocr_carea' id='block_1_21' title="bbox 205 1112 989 1149">
    <p class='ocr_par' dir='ltr' id='par_1_21' title="bbox 205 1112 989 1149">
     <span class='ocr_line' id='line_1_21' title="bbox 205 1112 989 1149; baseline -0.006 -5"><span class='ocrx_word' id='word_1_143' title='bbox 205 1124 283 1149; x_wconf 87' lang='lat' dir='ltr'><strong><em>core;</em></strong></span> <span class='ocrx_word' id='word_1_144' title='bbox 304 1121 342 1149; x_wconf 89' lang='lat' dir='ltr'><strong><em>et,</em></strong></span> <span class='ocrx_word' id='word_1_145' title='bbox 359 1116 381 1143; x_wconf 90' lang='lat' dir='ltr'><strong><em>si</em></strong></span> <span class='ocrx_word' id='word_1_146' title='bbox 398 1115 538 1143; x_wconf 84' lang='lat' dir='ltr'><strong><em>Athanasii</em></strong></span> <span class='ocrx_word' id='word_1_147' title='bbox 557 1115 637 1142; x_wconf 89' lang='lat' dir='ltr'><strong><em>verba</em></strong></span> <span class='ocrx_word' id='word_1_148' title='bbox 660 1118 723 1141; x_wconf 90' lang='lat' dir='ltr'><strong><em>sunt</em></strong></span> <span class='ocrx_word' id='word_1_149' title='bbox 738 1114 770 1140; x_wconf 87' lang='lat' dir='ltr'><strong><em>ad</em></strong></span> <span class='ocrx_word' id='word_1_150' title='bbox 782 1114 900 1141; x_wconf 86' lang='lat' dir='ltr'><strong><em>litteram</em></strong></span> <span class='ocrx_word' id='word_1_151' title='bbox 916 1112 989 1140; x_wconf 88' lang='lat' dir='ltr'><strong><em>accl-</em></strong></span> 
     </span>
    </p>
   </div>
   <div class='ocr_carea' id='block_1_22' title="bbox 205 1159 986 1198">
    <p class='ocr_par' dir='ltr' id='par_1_22' title="bbox 205 1159 986 1198">
     <span class='ocr_line' id='line_1_22' title="bbox 205 1159 986 1198; baseline -0.005 -8"><span class='ocrx_word' id='word_1_152' title='bbox 205 1163 312 1198; x_wconf 87' lang='lat' dir='ltr'><strong><em>pienda,</em></strong></span> <span class='ocrx_word' id='word_1_153' title='bbox 329 1162 432 1197; x_wconf 86' lang='lat' dir='ltr'><strong><em>crepuit</em></strong></span> <span class='ocrx_word' id='word_1_154' title='bbox 446 1161 490 1188; x_wconf 92' lang='lat' dir='ltr'><strong><em>ille</em></strong></span> <span class='ocrx_word' id='word_1_155' title='bbox 515 1161 618 1188; x_wconf 91' lang='lat' dir='ltr'><strong><em>medius</em></strong></span> <span class='ocrx_word' id='word_1_156' title='bbox 634 1160 706 1188; x_wconf 87' lang='lat' dir='ltr'><strong><em>velut</em></strong></span> <span class='ocrx_word' id='word_1_157' title='bbox 724 1160 791 1187; x_wconf 88' lang='lat' dir='ltr'><strong><em>alter</em></strong></span> <span class='ocrx_word' id='word_1_158' title='bbox 811 1159 986 1191; x_wconf 87' lang='lat' dir='ltr'><strong><em>lschariotes;</em></strong></span> 
     </span>
    </p>
   </div>
   <div class='ocr_carea' id='block_1_23' title="bbox 205 1205 988 1242">
    <p class='ocr_par' dir='ltr' id='par_1_23' title="bbox 205 1205 988 1242">
     <span class='ocr_line' id='line_1_23' title="bbox 205 1205 988 1242; baseline -0.008 -5"><span class='ocrx_word' id='word_1_159' title='bbox 205 1213 234 1237; x_wconf 81' lang='lat' dir='ltr'><strong><em>ot</em></strong></span> <span class='ocrx_word' id='word_1_160' title='bbox 247 1209 285 1236; x_wconf 91' lang='lat' dir='ltr'><strong><em>ita</em></strong></span> <span class='ocrx_word' id='word_1_161' title='bbox 297 1208 382 1236; x_wconf 88' lang='lat' dir='ltr'><strong><em>multo</em></strong></span> <span class='ocrx_word' id='word_1_162' title='bbox 396 1207 478 1235; x_wconf 85' lang='lat' dir='ltr'><strong><em>vitam</em></strong></span> <span class='ocrx_word' id='word_1_163' title='bbox 492 1214 552 1234; x_wconf 93' lang='lat' dir='ltr'><strong><em>cum</em></strong></span> <span class='ocrx_word' id='word_1_164' title='bbox 563 1206 694 1242; x_wconf 74' lang='lat' dir='ltr'><strong><em>sanguine</em></strong></span> <span class='ocrx_word' id='word_1_165' title='bbox 709 1205 787 1233; x_wconf 91' lang='lat' dir='ltr'><strong><em>fudit.</em></strong></span> <span class='ocrx_word' id='word_1_166' title='bbox 803 1205 924 1240; x_wconf 86' lang='lat' dir='ltr'><strong><em>Cumque</em></strong></span> <span class='ocrx_word' id='word_1_167' title='bbox 933 1205 988 1232; x_wconf 86' lang='lat' dir='ltr'><strong><em>ela-</em></strong></span> 
     </span>
    </p>
   </div>
   <div class='ocr_carea' id='block_1_24' title="bbox 205 1250 988 1290">
    <p class='ocr_par' dir='ltr' id='par_1_24' title="bbox 205 1250 988 1290">
     <span class='ocr_line' id='line_1_24' title="bbox 205 1250 988 1290; baseline -0.008 -7"><span class='ocrx_word' id='word_1_168' title='bbox 205 1262 254 1290; x_wconf 89' lang='lat' dir='ltr'><strong><em>pso</em></strong></span> <span class='ocrx_word' id='word_1_169' title='bbox 267 1255 383 1289; x_wconf 84' lang='lat' dir='ltr'><strong><em>quodam</em></strong></span> <span class='ocrx_word' id='word_1_170' title='bbox 408 1252 535 1288; x_wconf 90' lang='lat' dir='ltr'><strong><em>temporis</em></strong></span> <span class='ocrx_word' id='word_1_171' title='bbox 550 1252 637 1288; x_wconf 88' lang='lat' dir='ltr'><strong><em>spatio</em></strong></span> <span class='ocrx_word' id='word_1_172' title='bbox 659 1259 711 1280; x_wconf 92' lang='lat' dir='ltr'><strong><em>non</em></strong></span> <span class='ocrx_word' id='word_1_173' title='bbox 730 1252 926 1286; x_wconf 82' lang='lat' dir='ltr'><strong><em>regrederetur,</em></strong></span> <span class='ocrx_word' id='word_1_174' title='bbox 942 1250 988 1286; x_wconf 86' lang='lat' dir='ltr'><strong><em>qui</em></strong></span> 
     </span>
    </p>
   </div>
   <div class='ocr_carea' id='block_1_25' title="bbox 206 1297 988 1334">
    <p class='ocr_par' dir='ltr' id='par_1_25' title="bbox 206 1297 988 1334">
     <span class='ocr_line' id='line_1_25' title="bbox 206 1297 988 1334; baseline -0.006 -6"><span class='ocrx_word' id='word_1_175' title='bbox 206 1301 274 1328; x_wconf 90' lang='lat' dir='ltr'><strong><em>foris</em></strong></span> <span class='ocrx_word' id='word_1_176' title='bbox 288 1301 423 1328; x_wconf 87' lang='lat' dir='ltr'><strong><em>hominem</em></strong></span> <span class='ocrx_word' id='word_1_177' title='bbox 447 1300 670 1334; x_wconf 64' lang='lat' dir='ltr'><strong><em>prmstolabantur</em></strong></span> <span class='ocrx_word' id='word_1_178' title='bbox 693 1298 864 1333; x_wconf 85' lang='lat' dir='ltr'><strong><em>introgressi,</em></strong></span> <span class='ocrx_word' id='word_1_179' title='bbox 885 1297 988 1324; x_wconf 89' lang='lat' dir='ltr'><strong><em>exstin-</em></strong></span> 
     </span>
    </p>
   </div>
   <div class='ocr_carea' id='block_1_26' title="bbox 205 1342 988 1379">
    <p class='ocr_par' dir='ltr' id='par_1_26' title="bbox 205 1342 988 1379">
     <span class='ocr_line' id='line_1_26' title="bbox 205 1342 988 1379; baseline -0.006 -5"><span class='ocrx_word' id='word_1_180' title='bbox 205 1352 278 1374; x_wconf 88' lang='lat' dir='ltr'><strong><em>ctum</em></strong></span> <span class='ocrx_word' id='word_1_181' title='bbox 291 1347 317 1373; x_wconf 93' lang='lat' dir='ltr'><strong><em>in</em></strong></span> <span class='ocrx_word' id='word_1_182' title='bbox 332 1345 395 1373; x_wconf 85' lang='lat' dir='ltr'><strong><em>sella</em></strong></span> <span class='ocrx_word' id='word_1_183' title='bbox 405 1344 539 1379; x_wconf 87' lang='lat' dir='ltr'><strong><em>jacentem</em></strong></span> <span class='ocrx_word' id='word_1_184' title='bbox 553 1344 702 1371; x_wconf 86' lang='lat' dir='ltr'><strong><em>inveniunt.</em></strong></span> <span class='ocrx_word' id='word_1_185' title='bbox 714 1343 851 1378; x_wconf 75' lang='lat' dir='ltr'><strong><em>Ejusmodi</em></strong></span> <span class='ocrx_word' id='word_1_186' title='bbox 866 1343 917 1370; x_wconf 90' lang='lat' dir='ltr'><strong><em>fuit</em></strong></span> <span class='ocrx_word' id='word_1_187' title='bbox 930 1342 988 1369; x_wconf 89' lang='lat' dir='ltr'><strong><em>Arii</em></strong></span> 
     </span>
    </p>
   </div>
   <div class='ocr_carea' id='block_1_27' title="bbox 206 1388 990 1425">
    <p class='ocr_par' dir='ltr' id='par_1_27' title="bbox 206 1388 990 1425">
     <span class='ocr_line' id='line_1_27' title="bbox 206 1388 990 1425; baseline -0.008 -5"><span class='ocrx_word' id='word_1_188' title='bbox 206 1393 305 1420; x_wconf 79' lang='lat' dir='ltr'><strong><em>exitus.</em></strong></span> <span class='ocrx_word' id='word_1_189' title='bbox 321 1392 358 1419; x_wconf 90' lang='lat' dir='ltr'><strong><em>Eo</em></strong></span> <span class='ocrx_word' id='word_1_190' title='bbox 376 1390 521 1418; x_wconf 85' lang='lat' dir='ltr'><strong><em>Euscbiani</em></strong></span> <span class='ocrx_word' id='word_1_191' title='bbox 537 1389 689 1424; x_wconf 86' lang='lat' dir='ltr'><strong><em>spectaculo</em></strong></span> <span class='ocrx_word' id='word_1_192' title='bbox 706 1389 852 1425; x_wconf 80' lang='lat' dir='ltr'><strong><em>pudefacti.</em></strong></span> <span class='ocrx_word' id='word_1_193' title='bbox 871 1388 990 1423; x_wconf 88' lang='lat' dir='ltr'><strong><em>sociique</em></strong></span> 
     </span>
    </p>
   </div>
   <div class='ocr_carea' id='block_1_28' title="bbox 206 1434 990 1473">
    <p class='ocr_par' dir='ltr' id='par_1_28' title="bbox 206 1434 990 1473">
     <span class='ocr_line' id='line_1_28' title="bbox 206 1434 990 1473; baseline -0.006 -7"><span class='ocrx_word' id='word_1_194' title='bbox 206 1439 290 1468; x_wconf 77' lang='lat' dir='ltr'><strong><em>exitio</em></strong></span> <span class='ocrx_word' id='word_1_195' title='bbox 301 1438 448 1473; x_wconf 88' lang='lat' dir='ltr'><strong><em>perterriti,</em></strong></span> <span class='ocrx_word' id='word_1_196' title='bbox 462 1436 581 1464; x_wconf 80' lang='lat' dir='ltr'><strong><em>defuncti</em></strong></span> <span class='ocrx_word' id='word_1_197' title='bbox 594 1443 691 1471; x_wconf 84' lang='lat' dir='ltr'><strong><em>corpus</em></strong></span> <span class='ocrx_word' id='word_1_198' title='bbox 704 1435 861 1463; x_wconf 88' lang='lat' dir='ltr'><strong><em>humaruut.</em></strong></span> <span class='ocrx_word' id='word_1_199' title='bbox 878 1435 912 1461; x_wconf 90' lang='lat' dir='ltr'><strong><em>At</em></strong></span> <span class='ocrx_word' id='word_1_200' title='bbox 928 1434 990 1462; x_wconf 86' lang='lat' dir='ltr'><strong><em>bea-</em></strong></span> 
     </span>
    </p>
   </div>
   <div class='ocr_carea' id='block_1_29' title="bbox 206 1479 989 1517">
    <p class='ocr_par' dir='ltr' id='par_1_29' title="bbox 206 1479 989 1517">
     <span class='ocr_line' id='line_1_29' title="bbox 206 1479 989 1517; baseline -0.008 -5"><span class='ocrx_word' id='word_1_201' title='bbox 206 1489 241 1512; x_wconf 67' lang='lat' dir='ltr'><strong><em>ta!</em></strong></span> <span class='ocrx_word' id='word_1_202' title='bbox 256 1485 296 1511; x_wconf 92' lang='lat' dir='ltr'><strong><em>vir</em></strong></span> <span class='ocrx_word' id='word_1_203' title='bbox 307 1484 442 1512; x_wconf 68' lang='lat' dir='ltr'><strong><em>memoria:</em></strong></span> <span class='ocrx_word' id='word_1_204' title='bbox 454 1483 605 1513; x_wconf 70' lang='lat' dir='ltr'><strong><em>Alexander</em></strong></span> <span class='ocrx_word' id='word_1_205' title='bbox 618 1483 768 1517; x_wconf 83' lang='lat' dir='ltr'><strong><em>episcopus,</em></strong></span> <span class='ocrx_word' id='word_1_206' title='bbox 784 1481 851 1509; x_wconf 63' lang='lat' dir='ltr'><strong><em>laetis</em></strong></span> <span class='ocrx_word' id='word_1_207' title='bbox 869 1479 989 1508; x_wconf 75' lang='lat' dir='ltr'><strong><em>Catholi-</em></strong></span> 
     </span>
    </p>
   </div>
   <div class='ocr_carea' id='block_1_30' title="bbox 205 1525 990 1563">
    <p class='ocr_par' dir='ltr' id='par_1_30' title="bbox 205 1525 990 1563">
     <span class='ocr_line' id='line_1_30' title="bbox 205 1525 990 1563; baseline -0.005 -6"><span class='ocrx_word' id='word_1_208' title='bbox 205 1537 300 1558; x_wconf 84' lang='lat' dir='ltr'><strong><em>corum</em></strong></span> <span class='ocrx_word' id='word_1_209' title='bbox 328 1529 437 1563; x_wconf 86' lang='lat' dir='ltr'><strong><em>animis,</em></strong></span> <span class='ocrx_word' id='word_1_210' title='bbox 467 1528 726 1562; x_wconf 88' lang='lat' dir='ltr'><strong><em>accurrentibusque</em></strong></span> <span class='ocrx_word' id='word_1_211' title='bbox 747 1526 869 1555; x_wconf 84' lang='lat' dir='ltr'><strong><em>beneficii</em></strong></span> <span class='ocrx_word' id='word_1_212' title='bbox 890 1525 990 1561; x_wconf 87' lang='lat' dir='ltr'><strong><em>accepti</em></strong></span> 
     </span>
    </p>
   </div>
   <div class='ocr_carea' id='block_1_31' title="bbox 205 1571 992 1610">
    <p class='ocr_par' dir='ltr' id='par_1_31' title="bbox 205 1571 992 1610">
     <span class='ocr_line' id='line_1_31' title="bbox 205 1571 992 1610; baseline -0.006 -7"><span class='ocrx_word' id='word_1_213' title='bbox 205 1582 286 1603; x_wconf 86' lang='lat' dir='ltr'><strong><em>causa</em></strong></span> <span class='ocrx_word' id='word_1_214' title='bbox 307 1574 447 1608; x_wconf 79' lang='lat' dir='ltr'><strong><em>fratribus,</em></strong></span> <span class='ocrx_word' id='word_1_215' title='bbox 466 1574 581 1610; x_wconf 78' lang='lat' dir='ltr'><strong><em>synaxin</em></strong></span> <span class='ocrx_word' id='word_1_216' title='bbox 607 1572 762 1600; x_wconf 86' lang='lat' dir='ltr'><strong><em>celebravit.</em></strong></span> <span class='ocrx_word' id='word_1_217' title='bbox 777 1571 846 1601; x_wconf 81' lang='lat' dir='ltr'><strong><em>Tum</em></strong></span> <span class='ocrx_word' id='word_1_218' title='bbox 864 1578 992 1599; x_wconf 85' lang='lat' dir='ltr'><strong><em>resonare</em></strong></span> 
     </span>
    </p>
   </div>
   <div class='ocr_carea' id='block_1_32' title="bbox 205 1616 993 1655">
    <p class='ocr_par' dir='ltr' id='par_1_32' title="bbox 205 1616 993 1655">
     <span class='ocr_line' id='line_1_32' title="bbox 205 1616 993 1655; baseline -0.005 -7"><span class='ocrx_word' id='word_1_219' title='bbox 205 1621 296 1649; x_wconf 85' lang='lat' dir='ltr'><strong><em>omnia</em></strong></span> <span class='ocrx_word' id='word_1_220' title='bbox 313 1621 447 1654; x_wconf 83' lang='lat' dir='ltr'><strong><em>laudibus,</em></strong></span> <span class='ocrx_word' id='word_1_221' title='bbox 462 1625 489 1648; x_wconf 90' lang='lat' dir='ltr'><strong><em>et</em></strong></span> <span class='ocrx_word' id='word_1_222' title='bbox 508 1620 658 1655; x_wconf 72' lang='lat' dir='ltr'><strong><em>gratiarum</em></strong></span> <span class='ocrx_word' id='word_1_223' title='bbox 683 1618 837 1648; x_wconf 86' lang='lat' dir='ltr'><strong><em>actionibus</em></strong></span> <span class='ocrx_word' id='word_1_224' title='bbox 853 1616 993 1646; x_wconf 87' lang='lat' dir='ltr'><strong><em>celebrare</em></strong></span> 
     </span>
    </p>
   </div>
   <div class='ocr_carea' id='block_1_33' title="bbox 205 1663 992 1701">
    <p class='ocr_par' dir='ltr' id='par_1_33' title="bbox 205 1663 992 1701">
     <span class='ocr_line' id='line_1_33' title="bbox 205 1663 992 1701; baseline -0.006 -7"><span class='ocrx_word' id='word_1_225' title='bbox 205 1674 300 1695; x_wconf 89' lang='lat' dir='ltr'><strong><em>omnes</em></strong></span> <span class='ocrx_word' id='word_1_226' title='bbox 315 1666 360 1694; x_wconf 87' lang='lat' dir='ltr'><strong><em>Dei</em></strong></span> <span class='ocrx_word' id='word_1_227' title='bbox 373 1666 581 1701; x_wconf 77' lang='lat' dir='ltr'><strong><em>providentiam,</em></strong></span> <span class='ocrx_word' id='word_1_228' title='bbox 599 1672 659 1700; x_wconf 75' lang='lat' dir='ltr'><strong><em>quae</em></strong></span> <span class='ocrx_word' id='word_1_229' title='bbox 671 1667 744 1693; x_wconf 84' lang='lat' dir='ltr'><strong><em>tanta</em></strong></span> <span class='ocrx_word' id='word_1_230' title='bbox 756 1671 822 1692; x_wconf 90' lang='lat' dir='ltr'><strong><em>cura</em></strong></span> <span class='ocrx_word' id='word_1_231' title='bbox 836 1663 917 1692; x_wconf 88' lang='lat' dir='ltr'><strong><em>rebus</em></strong></span> <span class='ocrx_word' id='word_1_232' title='bbox 931 1669 992 1698; x_wconf 88' lang='lat' dir='ltr'><strong><em>pro-</em></strong></span> 
     </span>
    </p>
   </div>
   <div class='ocr_carea' id='block_1_34' title="bbox 206 1707 992 1746">
    <p class='ocr_par' dir='ltr' id='par_1_34' title="bbox 206 1707 992 1746">
     <span class='ocr_line' id='line_1_34' title="bbox 206 1707 992 1746; baseline -0.006 -6"><span class='ocrx_word' id='word_1_233' title='bbox 206 1711 286 1746; x_wconf 87' lang='lat' dir='ltr'><strong><em>spicit</em></strong></span> <span class='ocrx_word' id='word_1_234' title='bbox 300 1712 511 1746; x_wconf 85' lang='lat' dir='ltr'><strong><em>ecclesiasticis;</em></strong></span> <span class='ocrx_word' id='word_1_235' title='bbox 541 1718 594 1738; x_wconf 92' lang='lat' dir='ltr'><strong><em>nou</em></strong></span> <span class='ocrx_word' id='word_1_236' title='bbox 617 1718 671 1745; x_wconf 85' lang='lat' dir='ltr'><strong><em>quo</em></strong></span> <span class='ocrx_word' id='word_1_237' title='bbox 698 1709 846 1745; x_wconf 73' lang='lat' dir='ltr'><strong><em>gauderent</em></strong></span> <span class='ocrx_word' id='word_1_238' title='bbox 864 1708 899 1737; x_wconf 82' lang='lat' dir='ltr'><strong><em>de</em></strong></span> <span class='ocrx_word' id='word_1_239' title='bbox 917 1707 992 1742; x_wconf 84' lang='lat' dir='ltr'><strong><em>impii</em></strong></span> 
     </span>
    </p>
   </div>
   <div class='ocr_carea' id='block_1_35' title="bbox 207 1752 993 1792">
    <p class='ocr_par' dir='ltr' id='par_1_35' title="bbox 207 1752 993 1792">
     <span class='ocr_line' id='line_1_35' title="bbox 207 1752 993 1792; baseline -0.006 -7"><span class='ocrx_word' id='word_1_240' title='bbox 207 1757 325 1787; x_wconf 82' lang='lat' dir='ltr'><strong><em>hominis</em></strong></span> <span class='ocrx_word' id='word_1_241' title='bbox 339 1758 461 1790; x_wconf 81' lang='lat' dir='ltr'><strong><em>interitu,</em></strong></span> <span class='ocrx_word' id='word_1_242' title='bbox 478 1757 524 1785; x_wconf 87' lang='lat' dir='ltr'><strong><em>sed</em></strong></span> <span class='ocrx_word' id='word_1_243' title='bbox 540 1755 612 1792; x_wconf 87' lang='lat' dir='ltr'><strong><em>quod</em></strong></span> <span class='ocrx_word' id='word_1_244' title='bbox 627 1763 659 1783; x_wconf 85' lang='lat' dir='ltr'><strong><em>ea</em></strong></span> <span class='ocrx_word' id='word_1_245' title='bbox 673 1762 716 1783; x_wconf 90' lang='lat' dir='ltr'><strong><em>res</em></strong></span> <span class='ocrx_word' id='word_1_246' title='bbox 733 1762 767 1782; x_wconf 86' lang='lat' dir='ltr'><strong><em>ex</em></strong></span> <span class='ocrx_word' id='word_1_247' title='bbox 786 1753 916 1789; x_wconf 74' lang='lat' dir='ltr'><strong><em>singulari</em></strong></span> <span class='ocrx_word' id='word_1_248' title='bbox 936 1752 993 1780; x_wconf 83' lang='lat' dir='ltr'><strong><em>Nu-</em></strong></span> 
     </span>
    </p>
   </div>
   <div class='ocr_carea' id='block_1_36' title="bbox 207 1799 991 1838">
    <p class='ocr_par' dir='ltr' id='par_1_36' title="bbox 207 1799 991 1838">
     <span class='ocr_line' id='line_1_36' title="bbox 207 1799 991 1838; baseline -0.005 -8"><span class='ocrx_word' id='word_1_249' title='bbox 207 1803 288 1831; x_wconf 89' lang='lat' dir='ltr'><strong><em>minis</em></strong></span> <span class='ocrx_word' id='word_1_250' title='bbox 299 1804 466 1838; x_wconf 84' lang='lat' dir='ltr'><strong><em>providentia</em></strong></span> <span class='ocrx_word' id='word_1_251' title='bbox 477 1808 575 1837; x_wconf 56' lang='lat' dir='ltr'><strong><em>praeter</em></strong></span> <span class='ocrx_word' id='word_1_252' title='bbox 586 1802 734 1831; x_wconf 88' lang='lat' dir='ltr'><strong><em>humanum</em></strong></span> <span class='ocrx_word' id='word_1_253' title='bbox 749 1808 827 1828; x_wconf 90' lang='lat' dir='ltr'><strong><em>usum</em></strong></span> <span class='ocrx_word' id='word_1_254' title='bbox 839 1799 991 1828; x_wconf 87' lang='lat' dir='ltr'><strong><em>accidisset.</em></strong></span> 
     </span>
    </p>
   </div>
   <div class='ocr_carea' id='block_1_37' title="bbox 206 1846 994 1884">
    <p class='ocr_par' dir='ltr' id='par_1_37' title="bbox 206 1846 994 1884">
     <span class='ocr_line' id='line_1_37' title="bbox 206 1846 994 1884; baseline -0.005 -8"><span class='ocrx_word' id='word_1_255' title='bbox 206 1847 333 1877; x_wconf 86' lang='lat' dir='ltr'><strong><em>Latrinas</em></strong></span> <span class='ocrx_word' id='word_1_256' title='bbox 347 1856 429 1884; x_wconf 86' lang='lat' dir='ltr'><strong><em>porro</em></strong></span> <span class='ocrx_word' id='word_1_257' title='bbox 441 1849 500 1876; x_wconf 86' lang='lat' dir='ltr'><strong><em>illas</em></strong></span> <span class='ocrx_word' id='word_1_258' title='bbox 513 1849 551 1875; x_wconf 86' lang='lat' dir='ltr'><strong><em>ait</em></strong></span> <span class='ocrx_word' id='word_1_259' title='bbox 564 1847 691 1875; x_wconf 90' lang='lat' dir='ltr'><strong><em>Socrates</em></strong></span> <span class='ocrx_word' id='word_1_260' title='bbox 707 1846 785 1882; x_wconf 87' lang='lat' dir='ltr'><strong><em>longo</em></strong></span> <span class='ocrx_word' id='word_1_261' title='bbox 798 1851 860 1881; x_wconf 84' lang='lat' dir='ltr'><strong><em>post</em></strong></span> <span class='ocrx_word' id='word_1_262' title='bbox 874 1849 994 1880; x_wconf 89' lang='lat' dir='ltr'><strong><em>tempore</em></strong></span> 
     </span>
    </p>
   </div>
   <div class='ocr_carea' id='block_1_38' title="bbox 206 1890 993 1928">
    <p class='ocr_par' dir='ltr' id='par_1_38' title="bbox 206 1890 993 1928">
     <span class='ocr_line' id='line_1_38' title="bbox 206 1890 993 1928; baseline -0.006 -6"><span class='ocrx_word' id='word_1_263' title='bbox 206 1894 386 1928; x_wconf 73' lang='lat' dir='ltr'><strong><em>superfuisse;</em></strong></span> <span class='ocrx_word' id='word_1_264' title='bbox 412 1894 458 1922; x_wconf 89' lang='lat' dir='ltr'><strong><em>sed</em></strong></span> <span class='ocrx_word' id='word_1_265' title='bbox 476 1893 642 1926; x_wconf 83' lang='lat' dir='ltr'><strong><em>Sozomenus</em></strong></span> <span class='ocrx_word' id='word_1_266' title='bbox 656 1893 694 1928; x_wconf 74' lang='lat' dir='ltr'><strong><em>(lt)</em></strong></span> <span class='ocrx_word' id='word_1_267' title='bbox 721 1892 758 1919; x_wconf 89' lang='lat' dir='ltr'><strong><em>ita</em></strong></span> <span class='ocrx_word' id='word_1_268' title='bbox 774 1892 856 1919; x_wconf 85' lang='lat' dir='ltr'><strong><em>habet</em></strong></span> <span class='ocrx_word' id='word_1_269' title='bbox 877 1890 993 1921; x_wconf 85' lang='lat' dir='ltr'><strong><em>:Fertur</em></strong></span> 
     </span>
    </p>
   </div>
   <div class='ocr_carea' id='block_1_39' title="bbox 207 1936 992 1974">
    <p class='ocr_par' dir='ltr' id='par_1_39' title="bbox 207 1936 992 1974">
     <span class='ocr_line' id='line_1_39' title="bbox 207 1936 992 1974; baseline -0.005 -8"><span class='ocrx_word' id='word_1_270' title='bbox 207 1946 289 1972; x_wconf 84' lang='lat' dir='ltr'><strong><em>porro</em></strong></span> <span class='ocrx_word' id='word_1_271' title='bbox 311 1940 438 1967; x_wconf 88' lang='lat' dir='ltr'><strong><em>diuturno</em></strong></span> <span class='ocrx_word' id='word_1_272' title='bbox 455 1944 575 1974; x_wconf 87' lang='lat' dir='ltr'><strong><em>tempore</em></strong></span> <span class='ocrx_word' id='word_1_273' title='bbox 602 1939 738 1966; x_wconf 82' lang='lat' dir='ltr'><strong><em>neminem</em></strong></span> <span class='ocrx_word' id='word_1_274' title='bbox 761 1944 792 1965; x_wconf 87' lang='lat' dir='ltr'><strong><em>ea</em></strong></span> <span class='ocrx_word' id='word_1_275' title='bbox 815 1936 880 1964; x_wconf 85' lang='lat' dir='ltr'><strong><em>sella</em></strong></span> <span class='ocrx_word' id='word_1_276' title='bbox 904 1943 992 1963; x_wconf 89' lang='lat' dir='ltr'><strong><em>usum.</em></strong></span> 
     </span>
    </p>
   </div>
   <div class='ocr_carea' id='block_1_40' title="bbox 207 1981 993 2019">
    <p class='ocr_par' dir='ltr' id='par_1_40' title="bbox 207 1981 993 2019">
     <span class='ocr_line' id='line_1_40' title="bbox 207 1981 993 2019; baseline -0.006 -7"><span class='ocrx_word' id='word_1_277' title='bbox 207 1984 287 2019; x_wconf 72' lang='lat' dir='ltr'><strong><em>Nam,</em></strong></span> <span class='ocrx_word' id='word_1_278' title='bbox 303 1992 363 2012; x_wconf 91' lang='lat' dir='ltr'><strong><em>cum</em></strong></span> <span class='ocrx_word' id='word_1_279' title='bbox 380 1985 455 2012; x_wconf 93' lang='lat' dir='ltr'><strong><em>multi</em></strong></span> <span class='ocrx_word' id='word_1_280' title='bbox 468 1985 584 2019; x_wconf 84' lang='lat' dir='ltr'><strong><em>pellente</em></strong></span> <span class='ocrx_word' id='word_1_281' title='bbox 602 1984 764 2012; x_wconf 87' lang='lat' dir='ltr'><strong><em>necessitate</em></strong></span> <span class='ocrx_word' id='word_1_282' title='bbox 785 1989 846 2009; x_wconf 90' lang='lat' dir='ltr'><strong><em>eum</em></strong></span> <span class='ocrx_word' id='word_1_283' title='bbox 862 1981 887 2008; x_wconf 91' lang='lat' dir='ltr'><strong><em>in</em></strong></span> <span class='ocrx_word' id='word_1_284' title='bbox 906 1981 993 2008; x_wconf 89' lang='lat' dir='ltr'><strong><em>locum</em></strong></span> 
     </span>
    </p>
   </div>
   <div class='ocr_carea' id='block_1_41' title="bbox 205 2027 996 2064">
    <p class='ocr_par' dir='ltr' id='par_1_41' title="bbox 205 2027 996 2064">
     <span class='ocr_line' id='line_1_41' title="bbox 205 2027 996 2064; baseline -0.006 -6"><span class='ocrx_word' id='word_1_285' title='bbox 205 2030 384 2064; x_wconf 82' lang='lat' dir='ltr'><strong><em>conﬂuerent,</em></strong></span> <span class='ocrx_word' id='word_1_286' title='bbox 399 2030 443 2057; x_wconf 90' lang='lat' dir='ltr'><strong><em>alii</em></strong></span> <span class='ocrx_word' id='word_1_287' title='bbox 457 2030 523 2057; x_wconf 87' lang='lat' dir='ltr'><strong><em>alios</em></strong></span> <span class='ocrx_word' id='word_1_288' title='bbox 544 2029 689 2058; x_wconf 86' lang='lat' dir='ltr'><strong><em>monebant</em></strong></span> <span class='ocrx_word' id='word_1_289' title='bbox 705 2032 734 2055; x_wconf 88' lang='lat' dir='ltr'><strong><em>ut</em></strong></span> <span class='ocrx_word' id='word_1_290' title='bbox 752 2035 811 2055; x_wconf 85' lang='lat' dir='ltr'><strong><em>eam</em></strong></span> <span class='ocrx_word' id='word_1_291' title='bbox 827 2027 996 2056; x_wconf 84' lang='lat' dir='ltr'><strong><em>declinarent</em></strong></span> 
     </span>
    </p>
   </div>
   <div class='ocr_carea' id='block_1_42' title="bbox 209 2073 994 2111">
    <p class='ocr_par' dir='ltr' id='par_1_42' title="bbox 209 2073 994 2111">
     <span class='ocr_line' id='line_1_42' title="bbox 209 2073 994 2111; baseline -0.006 -7"><span class='ocrx_word' id='word_1_292' title='bbox 209 2077 316 2111; x_wconf 85' lang='lat' dir='ltr'><strong><em>sellaml</em></strong></span> <span class='ocrx_word' id='word_1_293' title='bbox 332 2077 419 2111; x_wconf 71' lang='lat' dir='ltr'><strong><em>inqua</em></strong></span> <span class='ocrx_word' id='word_1_294' title='bbox 434 2076 516 2103; x_wconf 87' lang='lat' dir='ltr'><strong><em>Arius</em></strong></span> <span class='ocrx_word' id='word_1_295' title='bbox 529 2075 675 2111; x_wconf 84' lang='lat' dir='ltr'><strong><em>impietatis</em></strong></span> <span class='ocrx_word' id='word_1_296' title='bbox 687 2081 782 2109; x_wconf 79' lang='lat' dir='ltr'><strong><em>ptenas</em></strong></span> <span class='ocrx_word' id='word_1_297' title='bbox 797 2073 931 2105; x_wconf 85' lang='lat' dir='ltr'><strong><em>dedisset;</em></strong></span> <span class='ocrx_word' id='word_1_298' title='bbox 952 2077 994 2099; x_wconf 91' lang='lat' dir='ltr'><strong><em>at-</em></strong></span> 
     </span>
    </p>
   </div>
   <div class='ocr_carea' id='block_1_43' title="bbox 207 2119 996 2158">
    <p class='ocr_par' dir='ltr' id='par_1_43' title="bbox 207 2119 996 2158">
     <span class='ocr_line' id='line_1_43' title="bbox 207 2119 996 2158; baseline -0.005 -8"><span class='ocrx_word' id='word_1_299' title='bbox 207 2131 260 2158; x_wconf 91' lang='lat' dir='ltr'><strong><em>que</em></strong></span> <span class='ocrx_word' id='word_1_300' title='bbox 272 2124 378 2153; x_wconf 87' lang='lat' dir='ltr'><strong><em>demum</em></strong></span> <span class='ocrx_word' id='word_1_301' title='bbox 395 2122 573 2156; x_wconf 80' lang='lat' dir='ltr'><strong><em>exsecratiuni</em></strong></span> <span class='ocrx_word' id='word_1_302' title='bbox 598 2122 652 2149; x_wconf 90' lang='lat' dir='ltr'><strong><em>fuit</em></strong></span> <span class='ocrx_word' id='word_1_303' title='bbox 673 2121 758 2149; x_wconf 90' lang='lat' dir='ltr'><strong><em>locus.</em></strong></span> <span class='ocrx_word' id='word_1_304' title='bbox 776 2119 920 2154; x_wconf 83' lang='lat' dir='ltr'><strong><em>Aliquanto</em></strong></span> <span class='ocrx_word' id='word_1_305' title='bbox 936 2124 996 2154; x_wconf 85' lang='lat' dir='ltr'><strong><em>post</em></strong></span> 
     </span>
    </p>
   </div>
   <div class='ocr_carea' id='block_1_44' title="bbox 207 2165 994 2204">
    <p class='ocr_par' dir='ltr' id='par_1_44' title="bbox 207 2165 994 2204">
     <span class='ocr_line' id='line_1_44' title="bbox 207 2165 994 2204; baseline -0.006 -7"><span class='ocrx_word' id='word_1_306' title='bbox 207 2169 326 2198; x_wconf 86' lang='lat' dir='ltr'><strong><em>Arianus</em></strong></span> <span class='ocrx_word' id='word_1_307' title='bbox 338 2169 446 2204; x_wconf 87' lang='lat' dir='ltr'><strong><em>quidam</em></strong></span> <span class='ocrx_word' id='word_1_308' title='bbox 462 2168 593 2203; x_wconf 60' lang='lat' dir='ltr'><strong><em>praedives</em></strong></span> <span class='ocrx_word' id='word_1_309' title='bbox 607 2172 633 2195; x_wconf 91' lang='lat' dir='ltr'><strong><em>et</em></strong></span> <span class='ocrx_word' id='word_1_310' title='bbox 651 2166 793 2202; x_wconf 90' lang='lat' dir='ltr'><strong><em>opulentus</em></strong></span> <span class='ocrx_word' id='word_1_311' title='bbox 810 2165 897 2193; x_wconf 94' lang='lat' dir='ltr'><strong><em>locum</em></strong></span> <span class='ocrx_word' id='word_1_312' title='bbox 909 2166 975 2192; x_wconf 87' lang='lat' dir='ltr'><strong><em>ctuit</em></strong></span> <span class='ocrx_word' id='word_1_313' title='bbox 987 2174 994 2192; x_wconf 92' lang='lat'><strong>:</strong></span> 
     </span>
    </p>
   </div>
   <div class='ocr_carea' id='block_1_45' title="bbox 206 2211 995 2249">
    <p class='ocr_par' dir='ltr' id='par_1_45' title="bbox 206 2211 995 2249">
     <span class='ocr_line' id='line_1_45' title="bbox 206 2211 995 2249; baseline -0.003 -6"><span class='ocrx_word' id='word_1_314' title='bbox 206 2220 233 2243; x_wconf 81' lang='lat' dir='ltr'><strong><em>et</em></strong></span> <span class='ocrx_word' id='word_1_315' title='bbox 246 2220 408 2243; x_wconf 89' lang='lat' dir='ltr'><strong><em>commutata</em></strong></span> <span class='ocrx_word' id='word_1_316' title='bbox 421 2215 510 2249; x_wconf 88' lang='lat' dir='ltr'><strong><em>priore</em></strong></span> <span class='ocrx_word' id='word_1_317' title='bbox 521 2213 626 2241; x_wconf 62' lang='lat' dir='ltr'><strong><em>aedificii</em></strong></span> <span class='ocrx_word' id='word_1_318' title='bbox 643 2212 730 2240; x_wconf 90' lang='lat' dir='ltr'><strong><em>forma</em></strong></span> <span class='ocrx_word' id='word_1_319' title='bbox 745 2212 854 2240; x_wconf 91' lang='lat' dir='ltr'><strong><em>domum</em></strong></span> <span class='ocrx_word' id='word_1_320' title='bbox 873 2211 927 2239; x_wconf 89' lang='lat' dir='ltr'><strong><em>illic</em></strong></span> <span class='ocrx_word' id='word_1_321' title='bbox 951 2218 995 2241; x_wconf 80' lang='lat' dir='ltr'><strong><em>ex-</em></strong></span> 
     </span>
    </p>
   </div>
   <div class='ocr_carea' id='block_1_46' title="bbox 207 2257 901 2295">
    <p class='ocr_par' dir='ltr' id='par_1_46' title="bbox 207 2257 901 2295">
     <span class='ocr_line' id='line_1_46' title="bbox 207 2257 901 2295; baseline -0.004 -8"><span class='ocrx_word' id='word_1_322' title='bbox 207 2261 311 2292; x_wconf 69' lang='lat' dir='ltr'><strong><em>citavit,</em></strong></span> <span class='ocrx_word' id='word_1_323' title='bbox 325 2265 410 2287; x_wconf 89' lang='lat' dir='ltr'><strong><em>utres</em></strong></span> <span class='ocrx_word' id='word_1_324' title='bbox 423 2259 550 2295; x_wconf 84' lang='lat' dir='ltr'><strong><em>paulatim</em></strong></span> <span class='ocrx_word' id='word_1_325' title='bbox 565 2259 591 2286; x_wconf 91' lang='lat' dir='ltr'><strong><em>in</em></strong></span> <span class='ocrx_word' id='word_1_326' title='bbox 609 2258 771 2286; x_wconf 79' lang='lat' dir='ltr'><strong><em>oblivionem</em></strong></span> <span class='ocrx_word' id='word_1_327' title='bbox 786 2257 901 2286; x_wconf 86' lang='lat' dir='ltr'><strong><em>veniret.</em></strong></span> 
     </span>
    </p>
   </div>
   <div class='ocr_carea' id='block_1_47' title="bbox 241 2302 993 2341">
    <p class='ocr_par' dir='ltr' id='par_1_47' title="bbox 241 2302 993 2341">
     <span class='ocr_line' id='line_1_47' title="bbox 241 2302 993 2341; baseline -0.004 -8"><span class='ocrx_word' id='word_1_328' title='bbox 241 2306 269 2339; x_wconf 69' lang='grc'><strong><em>4.</em></strong></span> <span class='ocrx_word' id='word_1_329' title='bbox 285 2306 430 2341; x_wconf 83' lang='lat' dir='ltr'><strong><em>Postqnam</em></strong></span> <span class='ocrx_word' id='word_1_330' title='bbox 455 2312 563 2332; x_wconf 90' lang='lat' dir='ltr'><strong><em>rumore</em></strong></span> <span class='ocrx_word' id='word_1_331' title='bbox 584 2305 679 2332; x_wconf 84' lang='lat' dir='ltr'><strong><em>nuntio</em></strong></span> <span class='ocrx_word' id='word_1_332' title='bbox 698 2303 822 2339; x_wconf 78' lang='lat' dir='ltr'><strong><em>evulgata</em></strong></span> <span class='ocrx_word' id='word_1_333' title='bbox 850 2310 923 2330; x_wconf 88' lang='lat' dir='ltr'><strong><em>mors</em></strong></span> <span class='ocrx_word' id='word_1_334' title='bbox 936 2302 993 2330; x_wconf 89' lang='lat' dir='ltr'><strong><em>Arii</em></strong></span> 
     </span>
    </p>
   </div>
   <div class='ocr_carea' id='block_1_48' title="bbox 207 2349 994 2386">
    <p class='ocr_par' dir='ltr' id='par_1_48' title="bbox 207 2349 994 2386">
     <span class='ocr_line' id='line_1_48' title="bbox 207 2349 994 2386; baseline -0.004 -7"><span class='ocrx_word' id='word_1_335' title='bbox 207 2352 267 2386; x_wconf 76' lang='lat' dir='ltr'><strong><em>fuit,</em></strong></span> <span class='ocrx_word' id='word_1_336' title='bbox 286 2360 338 2379; x_wconf 90' lang='lat' dir='ltr'><strong><em>non</em></strong></span> <span class='ocrx_word' id='word_1_337' title='bbox 364 2359 415 2381; x_wconf 90' lang='lat' dir='ltr'><strong><em>una</em></strong></span> <span class='ocrx_word' id='word_1_338' title='bbox 434 2351 553 2383; x_wconf 84' lang='lat' dir='ltr'><strong><em>omnium</em></strong></span> <span class='ocrx_word' id='word_1_339' title='bbox 572 2350 631 2383; x_wconf 91' lang='lat' dir='ltr'><strong><em>fuit,</em></strong></span> <span class='ocrx_word' id='word_1_340' title='bbox 645 2355 675 2377; x_wconf 93' lang='lat' dir='ltr'><strong><em>ut</em></strong></span> <span class='ocrx_word' id='word_1_341' title='bbox 690 2350 800 2379; x_wconf 89' lang='lat' dir='ltr'><strong><em>evenire</em></strong></span> <span class='ocrx_word' id='word_1_342' title='bbox 817 2349 894 2382; x_wconf 87' lang='lat' dir='ltr'><strong><em>solet,</em></strong></span> <span class='ocrx_word' id='word_1_343' title='bbox 917 2350 950 2381; x_wconf 88' lang='lat' dir='ltr'><strong><em>de</em></strong></span> <span class='ocrx_word' id='word_1_344' title='bbox 965 2356 994 2378; x_wconf 90' lang='lat' dir='ltr'><strong><em>re</em></strong></span> 
     </span>
    </p>
   </div>
   <div class='ocr_carea' id='block_1_49' title="bbox 208 2396 994 2433">
    <p class='ocr_par' dir='ltr' id='par_1_49' title="bbox 208 2396 994 2433">
     <span class='ocr_line' id='line_1_49' title="bbox 208 2396 994 2433; baseline -0.001 -9"><span class='ocrx_word' id='word_1_345' title='bbox 208 2404 263 2432; x_wconf 83' lang='lat' dir='ltr'><strong><em>tam</em></strong></span> <span class='ocrx_word' id='word_1_346' title='bbox 293 2398 414 2429; x_wconf 87' lang='lat' dir='ltr'><strong><em>insolenti</em></strong></span> <span class='ocrx_word' id='word_1_347' title='bbox 430 2398 531 2433; x_wconf 82' lang='lat' dir='ltr'><strong><em>Opinio.</em></strong></span> <span class='ocrx_word' id='word_1_348' title='bbox 548 2397 677 2428; x_wconf 81' lang='lat' dir='ltr'><strong><em>Putarunt</em></strong></span> <span class='ocrx_word' id='word_1_349' title='bbox 690 2397 733 2424; x_wconf 88' lang='lat' dir='ltr'><strong><em>alii</em></strong></span> <span class='ocrx_word' id='word_1_350' title='bbox 745 2396 884 2432; x_wconf 78' lang='lat' dir='ltr'><strong><em>repentino</em></strong></span> <span class='ocrx_word' id='word_1_351' title='bbox 900 2396 994 2423; x_wconf 88' lang='lat' dir='ltr'><strong><em>morbo</em></strong></span> 
     </span>
    </p>
   </div>
   <div class='ocr_carea' id='block_1_50' title="bbox 205 2441 993 2479">
    <p class='ocr_par' dir='ltr' id='par_1_50' title="bbox 205 2441 993 2479">
     <span class='ocr_line' id='line_1_50' title="bbox 205 2441 993 2479; baseline -0.004 -9"><span class='ocrx_word' id='word_1_352' title='bbox 205 2450 376 2479; x_wconf 84' lang='lat' dir='ltr'><strong><em>oppressum,</em></strong></span> <span class='ocrx_word' id='word_1_353' title='bbox 386 2448 431 2470; x_wconf 92' lang='lat' dir='ltr'><strong><em>aut</em></strong></span> <span class='ocrx_word' id='word_1_354' title='bbox 443 2443 542 2478; x_wconf 75' lang='lat' dir='ltr'><strong><em>ingenti</em></strong></span> <span class='ocrx_word' id='word_1_355' title='bbox 557 2443 660 2473; x_wconf 76' lang='lat' dir='ltr'><strong><em>laetitia;</em></strong></span> <span class='ocrx_word' id='word_1_356' title='bbox 674 2442 744 2476; x_wconf 89' lang='lat' dir='ltr'><strong><em>quod</em></strong></span> <span class='ocrx_word' id='word_1_357' title='bbox 753 2449 796 2469; x_wconf 88' lang='lat' dir='ltr'><strong><em>res</em></strong></span> <span class='ocrx_word' id='word_1_358' title='bbox 805 2441 948 2469; x_wconf 82' lang='lat' dir='ltr'><strong><em>cecidisset</em></strong></span> <span class='ocrx_word' id='word_1_359' title='bbox 961 2447 993 2468; x_wconf 85' lang='lat' dir='ltr'><strong><em>ex</em></strong></span> 
     </span>
    </p>
   </div>
   <div class='ocr_carea' id='block_1_51' title="bbox 209 2487 995 2524">
    <p class='ocr_par' dir='ltr' id='par_1_51' title="bbox 209 2487 995 2524">
     <span class='ocr_line' id='line_1_51' title="bbox 209 2487 995 2524; baseline -0.003 -8"><span class='ocrx_word' id='word_1_360' title='bbox 209 2495 282 2523; x_wconf 87' lang='lat' dir='ltr'><strong><em>voto,</em></strong></span> <span class='ocrx_word' id='word_1_361' title='bbox 298 2495 457 2524; x_wconf 86' lang='lat' dir='ltr'><strong><em>occupatum</em></strong></span> <span class='ocrx_word' id='word_1_362' title='bbox 476 2490 630 2522; x_wconf 85' lang='lat' dir='ltr'><strong><em>interiisse;</em></strong></span> <span class='ocrx_word' id='word_1_363' title='bbox 646 2488 690 2516; x_wconf 89' lang='lat' dir='ltr'><strong><em>alii</em></strong></span> <span class='ocrx_word' id='word_1_364' title='bbox 715 2488 846 2516; x_wconf 88' lang='lat' dir='ltr'><strong><em>scelerum</em></strong></span> <span class='ocrx_word' id='word_1_365' title='bbox 864 2491 891 2515; x_wconf 91' lang='lat' dir='ltr'><strong><em>et</em></strong></span> <span class='ocrx_word' id='word_1_366' title='bbox 901 2487 995 2522; x_wconf 88' lang='lat' dir='ltr'><strong><em>impie-</em></strong></span> 
     </span>
    </p>
   </div>
   <div class='ocr_carea' id='block_1_52' title="bbox 207 2532 995 2572">
    <p class='ocr_par' dir='ltr' id='par_1_52' title="bbox 207 2532 995 2572">
     <span class='ocr_line' id='line_1_52' title="bbox 207 2532 995 2572; baseline -0.004 -9"><span class='ocrx_word' id='word_1_367' title='bbox 207 2537 270 2564; x_wconf 80' lang='lat' dir='ltr'><strong><em>tatis</em></strong></span> <span class='ocrx_word' id='word_1_368' title='bbox 287 2543 381 2572; x_wconf 67' lang='lat' dir='ltr'><strong><em>poenas</em></strong></span> <span class='ocrx_word' id='word_1_369' title='bbox 396 2536 487 2565; x_wconf 91' lang='lat' dir='ltr'><strong><em>luisse.</em></strong></span> <span class='ocrx_word' id='word_1_370' title='bbox 506 2535 574 2568; x_wconf 83' lang='lat' dir='ltr'><strong><em>Pars</em></strong></span> <span class='ocrx_word' id='word_1_371' title='bbox 600 2539 663 2562; x_wconf 88' lang='lat' dir='ltr'><strong><em>ante</em></strong></span> <span class='ocrx_word' id='word_1_372' title='bbox 686 2533 744 2568; x_wconf 87' lang='lat' dir='ltr'><strong><em>ejus</em></strong></span> <span class='ocrx_word' id='word_1_373' title='bbox 763 2533 872 2566; x_wconf 86' lang='lat' dir='ltr'><strong><em>factioni</em></strong></span> <span class='ocrx_word' id='word_1_374' title='bbox 893 2532 995 2567; x_wconf 70' lang='lat' dir='ltr'><strong><em>dediti,</em></strong></span> 
     </span>
    </p>
   </div>
   <div class='ocr_carea' id='block_1_53' title="bbox 206 2580 994 2615">
    <p class='ocr_par' dir='ltr' id='par_1_53' title="bbox 206 2580 994 2615">
     <span class='ocr_line' id='line_1_53' title="bbox 206 2580 994 2615; baseline -0.003 -6"><span class='ocrx_word' id='word_1_375' title='bbox 206 2583 298 2611; x_wconf 86' lang='lat' dir='ltr'><strong><em>audito</em></strong></span> <span class='ocrx_word' id='word_1_376' title='bbox 323 2583 464 2615; x_wconf 86' lang='lat' dir='ltr'><strong><em>subitaneo</em></strong></span> <span class='ocrx_word' id='word_1_377' title='bbox 492 2590 568 2614; x_wconf 89' lang='lat' dir='ltr'><strong><em>casu,</em></strong></span> <span class='ocrx_word' id='word_1_378' title='bbox 591 2581 625 2609; x_wconf 91' lang='lat' dir='ltr'><strong><em>ab</em></strong></span> <span class='ocrx_word' id='word_1_379' title='bbox 642 2580 751 2608; x_wconf 90' lang='lat' dir='ltr'><strong><em>Arianis</em></strong></span> <span class='ocrx_word' id='word_1_380' title='bbox 774 2581 895 2615; x_wconf 89' lang='lat' dir='ltr'><strong><em>partibus</em></strong></span> <span class='ocrx_word' id='word_1_381' title='bbox 907 2580 994 2608; x_wconf 86' lang='lat' dir='ltr'><strong><em>desci-</em></strong></span> 
     </span>
    </p>
   </div>
   <div class='ocr_carea' id='block_1_54' title="bbox 207 2627 995 2660">
    <p class='ocr_par' dir='ltr' id='par_1_54' title="bbox 207 2627 995 2660">
     <span class='ocr_line' id='line_1_54' title="bbox 207 2627 995 2660; baseline -0.004 -4"><span class='ocrx_word' id='word_1_382' title='bbox 207 2634 296 2657; x_wconf 87' lang='lat' dir='ltr'><strong><em>scunt.</em></strong></span> <span class='ocrx_word' id='word_1_383' title='bbox 319 2629 370 2657; x_wconf 82' lang='lat' dir='ltr'><strong><em>Alii</em></strong></span> <span class='ocrx_word' id='word_1_384' title='bbox 389 2636 511 2656; x_wconf 90' lang='lat' dir='ltr'><strong><em>errorum</em></strong></span> <span class='ocrx_word' id='word_1_385' title='bbox 525 2627 727 2656; x_wconf 88' lang='lat' dir='ltr'><strong><em>retinentissimi</em></strong></span> <span class='ocrx_word' id='word_1_386' title='bbox 744 2627 872 2660; x_wconf 74' lang='lat' dir='ltr'><strong><em>maleficia</em></strong></span> <span class='ocrx_word' id='word_1_387' title='bbox 891 2627 995 2654; x_wconf 88' lang='lat' dir='ltr'><strong><em>artibus</em></strong></span> 
     </span>
    </p>
   </div>
   <div class='ocr_carea' id='block_1_55' title="bbox 207 2673 992 2708">
    <p class='ocr_par' dir='ltr' id='par_1_55' title="bbox 207 2673 992 2708">
     <span class='ocr_line' id='line_1_55' title="bbox 207 2673 992 2708; baseline -0.005 -5"><span class='ocrx_word' id='word_1_388' title='bbox 207 2680 330 2703; x_wconf 88' lang='lat' dir='ltr'><strong><em>enectum</em></strong></span> <span class='ocrx_word' id='word_1_389' title='bbox 341 2676 489 2703; x_wconf 85' lang='lat' dir='ltr'><strong><em>clamitant.</em></strong></span> <span class='ocrx_word' id='word_1_390' title='bbox 505 2675 697 2703; x_wconf 86' lang='lat' dir='ltr'><strong><em>Constantinus</em></strong></span> <span class='ocrx_word' id='word_1_391' title='bbox 708 2678 818 2708; x_wconf 86' lang='lat' dir='ltr'><strong><em>accepto</em></strong></span> <span class='ocrx_word' id='word_1_392' title='bbox 829 2673 886 2700; x_wconf 89' lang='lat' dir='ltr'><strong><em>Arii</em></strong></span> <span class='ocrx_word' id='word_1_393' title='bbox 900 2673 992 2706; x_wconf 83' lang='lat' dir='ltr'><strong><em>interi-</em></strong></span> 
     </span>
    </p>
   </div>
   <div class='ocr_carea' id='block_1_56' title="bbox 209 2719 993 2756">
    <p class='ocr_par' dir='ltr' id='par_1_56' title="bbox 209 2719 993 2756">
     <span class='ocr_line' id='line_1_56' title="bbox 209 2719 993 2756; baseline 0 -9"><span class='ocrx_word' id='word_1_394' title='bbox 209 2727 248 2753; x_wconf 84' lang='lat' dir='ltr'><strong><em>tu,</em></strong></span> <span class='ocrx_word' id='word_1_395' title='bbox 273 2728 334 2748; x_wconf 90' lang='lat' dir='ltr'><strong><em>eum</em></strong></span> <span class='ocrx_word' id='word_1_396' title='bbox 347 2726 377 2748; x_wconf 89' lang='lat' dir='ltr'><strong><em>ut</em></strong></span> <span class='ocrx_word' id='word_1_397' title='bbox 394 2721 528 2756; x_wconf 89' lang='lat' dir='ltr'><strong><em>perjurum</em></strong></span> <span class='ocrx_word' id='word_1_398' title='bbox 547 2721 640 2751; x_wconf 88' lang='lat' dir='ltr'><strong><em>habuit</em></strong></span> <span class='ocrx_word' id='word_1_399' title='bbox 653 2727 733 2756; x_wconf 84' lang='lat' dir='ltr'><strong><em>atque</em></strong></span> <span class='ocrx_word' id='word_1_400' title='bbox 748 2719 915 2751; x_wconf 64' lang='lat' dir='ltr'><strong><em>haereticum.</em></strong></span> <span class='ocrx_word' id='word_1_401' title='bbox 930 2726 993 2754; x_wconf 90' lang='lat' dir='ltr'><strong><em>pro-</em></strong></span> 
     </span>
    </p>
   </div>
   <div class='ocr_carea' id='block_1_57' title="bbox 208 2765 993 2802">
    <p class='ocr_par' dir='ltr' id='par_1_57' title="bbox 208 2765 993 2802">
     <span class='ocr_line' id='line_1_57' title="bbox 208 2765 993 2802; baseline -0.004 -7"><span class='ocrx_word' id='word_1_402' title='bbox 208 2767 306 2796; x_wconf 86' lang='lat' dir='ltr'><strong><em>tucrito</em></strong></span> <span class='ocrx_word' id='word_1_403' title='bbox 322 2767 454 2802; x_wconf 90' lang='lat' dir='ltr'><strong><em>supplicio</em></strong></span> <span class='ocrx_word' id='word_1_404' title='bbox 483 2768 611 2796; x_wconf 91' lang='lat' dir='ltr'><strong><em>divinitus</em></strong></span> <span class='ocrx_word' id='word_1_405' title='bbox 638 2768 780 2799; x_wconf 72' lang='lat' dir='ltr'><strong><em>affectum;</em></strong></span> <span class='ocrx_word' id='word_1_406' title='bbox 806 2765 993 2801; x_wconf 89' lang='lat' dir='ltr'><strong><em>perniciesquc</em></strong></span> 
     </span>
    </p>
   </div>
   <div class='ocr_carea' id='block_1_58' title="bbox 243 2833 993 2869">
    <p class='ocr_par' dir='ltr' id='par_1_58' title="bbox 243 2833 993 2869">
     <span class='ocr_line' id='line_1_58' title="bbox 243 2833 993 2869; baseline -0.001 -9"><span class='ocrx_word' id='word_1_407' title='bbox 243 2834 282 2867; x_wconf 72' lang='lat' dir='ltr'><strong><em>(tt)</em></strong></span> <span class='ocrx_word' id='word_1_408' title='bbox 303 2834 408 2862; x_wconf 83' lang='lat' dir='ltr'><strong><em>Socrat.</em></strong></span> <span class='ocrx_word' id='word_1_409' title='bbox 422 2835 467 2862; x_wconf 88' lang='lat' dir='ltr'><strong><em>lib.</em></strong></span> <span class='ocrx_word' id='word_1_410' title='bbox 486 2843 573 2869; x_wconf 54' lang='grc' dir='ltr'><strong><em>μαψ.</em></strong></span> <span class='ocrx_word' id='word_1_411' title='bbox 588 2836 622 2863; x_wconf 77' lang='lat'><strong><em>&#39;58</em></strong></span> <span class='ocrx_word' id='word_1_412' title='bbox 636 2844 643 2868; x_wconf 88' lang='lat'><strong>;</strong></span> <span class='ocrx_word' id='word_1_413' title='bbox 658 2836 766 2863; x_wconf 72' lang='lat'><strong><em>501.0&quot;).</em></strong></span> <span class='ocrx_word' id='word_1_414' title='bbox 778 2835 813 2862; x_wconf 89' lang='lat' dir='ltr'><strong><em>lib</em></strong></span> <span class='ocrx_word' id='word_1_415' title='bbox 836 2842 866 2865; x_wconf 82' lang='lat' dir='ltr'><strong><em>ll.</em></strong></span> <span class='ocrx_word' id='word_1_416' title='bbox 880 2842 939 2869; x_wconf 80' lang='lat' dir='ltr'><strong><em>cap.</em></strong></span> <span class='ocrx_word' id='word_1_417' title='bbox 950 2833 993 2860; x_wconf 81' lang='lat'><strong><em>50.</em></strong></span> 
     </span>
    </p>
   </div>
   <div class='ocr_carea' id='block_1_59' title="bbox 244 2870 724 2902">
    <p class='ocr_par' dir='ltr' id='par_1_59' title="bbox 244 2870 724 2902">
     <span class='ocr_line' id='line_1_59' title="bbox 244 2870 724 2902; baseline 0.006 -8"><span class='ocrx_word' id='word_1_418' title='bbox 244 2871 281 2902; x_wconf 77' lang='grc' dir='ltr'><strong><em>(ιι)</em></strong></span> <span class='ocrx_word' id='word_1_419' title='bbox 296 2872 401 2896; x_wconf 80' lang='lat' dir='ltr'><strong><em>Socrat.</em></strong></span> <span class='ocrx_word' id='word_1_420' title='bbox 418 2870 481 2897; x_wconf 83' lang='lat' dir='ltr'><strong><em>ibid.</em></strong></span> <span class='ocrx_word' id='word_1_421' title='bbox 496 2880 502 2899; x_wconf 83' lang='lat'><strong>:</strong></span> <span class='ocrx_word' id='word_1_422' title='bbox 534 2870 640 2899; x_wconf 86' lang='lat' dir='ltr'><strong><em>Sozom.</em></strong></span> <span class='ocrx_word' id='word_1_423' title='bbox 659 2871 724 2898; x_wconf 88' lang='lat' dir='ltr'><strong><em>ibid.</em></strong></span> 
     </span>
    </p>
   </div>
   <div class='ocr_carea' id='block_1_60' title="bbox 244 2904 517 2941">
    <p class='ocr_par' dir='ltr' id='par_1_60' title="bbox 244 2904 517 2941">
     <span class='ocr_line' id='line_1_60' title="bbox 244 2904 517 2941; baseline 0.011 -11"><span class='ocrx_word' id='word_1_424' title='bbox 244 2905 279 2939; x_wconf 73' lang='grc' dir='ltr'><strong><em>(τ)</em></strong></span> <span class='ocrx_word' id='word_1_425' title='bbox 297 2904 354 2933; x_wconf 87' lang='lat' dir='ltr'><strong><em>Lib.</em></strong></span> <span class='ocrx_word' id='word_1_426' title='bbox 368 2913 388 2939; x_wconf 82' lang='grc' dir='ltr'><strong><em>ι,</em></strong></span> <span class='ocrx_word' id='word_1_427' title='bbox 402 2913 459 2941; x_wconf 85' lang='lat' dir='ltr'><strong><em>cap.</em></strong></span> <span class='ocrx_word' id='word_1_428' title='bbox 473 2906 517 2935; x_wconf 78' lang='grc'><strong><em>15.</em></strong></span> 
     </span>
    </p>
   </div>
   <div class='ocr_carea' id='block_1_61' title="bbox 1034 278 1815 320">
    <p class='ocr_par' dir='ltr' id='par_1_61' title="bbox 1034 278 1815 320">
     <span class='ocr_line' id='line_1_61' title="bbox 1034 278 1815 320; baseline -0.012 -6"><span class='ocrx_word' id='word_1_429' title='bbox 1034 287 1196 318; x_wconf 88' lang='lat' dir='ltr'><strong><em>vindicaret,</em></strong></span> <span class='ocrx_word' id='word_1_430' title='bbox 1209 285 1273 320; x_wconf 89' lang='lat' dir='ltr'><strong><em>quia</em></strong></span> <span class='ocrx_word' id='word_1_431' title='bbox 1289 283 1404 311; x_wconf 48' lang='lat' dir='ltr'><strong><em>Nicaeus:</em></strong></span> <span class='ocrx_word' id='word_1_432' title='bbox 1420 282 1478 308; x_wconf 85' lang='lat' dir='ltr'><strong><em>fidei</em></strong></span> <span class='ocrx_word' id='word_1_433' title='bbox 1494 281 1634 308; x_wconf 83' lang='lat' dir='ltr'><strong><em>veritatem</em></strong></span> <span class='ocrx_word' id='word_1_434' title='bbox 1653 280 1679 306; x_wconf 86' lang='lat' dir='ltr'><strong><em>vi</em></strong></span> <span class='ocrx_word' id='word_1_435' title='bbox 1694 278 1815 307; x_wconf 88' lang='lat' dir='ltr'><strong><em>miraculi</em></strong></span> 
     </span>
    </p>
   </div>
   <div class='ocr_carea' id='block_1_62' title="bbox 1034 325 1816 364">
    <p class='ocr_par' dir='ltr' id='par_1_62' title="bbox 1034 325 1816 364">
     <span class='ocr_line' id='line_1_62' title="bbox 1034 325 1816 364; baseline -0.013 -3"><span class='ocrx_word' id='word_1_436' title='bbox 1034 333 1221 361; x_wconf 78' lang='lat' dir='ltr'><strong><em>confirmatam</em></strong></span> <span class='ocrx_word' id='word_1_437' title='bbox 1234 329 1403 364; x_wconf 83' lang='lat' dir='ltr'><strong><em>intelligeret.</em></strong></span> <span class='ocrx_word' id='word_1_438' title='bbox 1417 327 1470 354; x_wconf 83' lang='lat' dir='ltr'><strong><em>Nec</em></strong></span> <span class='ocrx_word' id='word_1_439' title='bbox 1482 326 1628 354; x_wconf 89' lang='lat' dir='ltr'><strong><em>audiendus</em></strong></span> <span class='ocrx_word' id='word_1_440' title='bbox 1641 325 1754 353; x_wconf 80' lang='lat' dir='ltr'><strong><em>Rutlnus</em></strong></span> <span class='ocrx_word' id='word_1_441' title='bbox 1767 325 1816 361; x_wconf 77' lang='grc' dir='ltr'><strong><em>(ε),</em></strong></span> 
     </span>
    </p>
   </div>
   <div class='ocr_carea' id='block_1_63' title="bbox 1034 372 1817 414">
    <p class='ocr_par' dir='ltr' id='par_1_63' title="bbox 1034 372 1817 414">
     <span class='ocr_line' id='line_1_63' title="bbox 1034 372 1817 414; baseline -0.013 -7"><span class='ocrx_word' id='word_1_442' title='bbox 1034 379 1079 414; x_wconf 90' lang='lat' dir='ltr'><strong><em>qui</em></strong></span> <span class='ocrx_word' id='word_1_443' title='bbox 1095 382 1188 406; x_wconf 90' lang='lat' dir='ltr'><strong><em>contra</em></strong></span> <span class='ocrx_word' id='word_1_444' title='bbox 1206 376 1367 411; x_wconf 89' lang='lat' dir='ltr'><strong><em>scriptorum</em></strong></span> <span class='ocrx_word' id='word_1_445' title='bbox 1381 373 1501 401; x_wconf 91' lang='lat' dir='ltr'><strong><em>omnium</em></strong></span> <span class='ocrx_word' id='word_1_446' title='bbox 1518 372 1596 399; x_wconf 81' lang='lat' dir='ltr'><strong><em>ﬁdem</em></strong></span> <span class='ocrx_word' id='word_1_447' title='bbox 1620 377 1648 399; x_wconf 91' lang='lat' dir='ltr'><strong><em>et</em></strong></span> <span class='ocrx_word' id='word_1_448' title='bbox 1672 373 1817 398; x_wconf 79' lang='lat' dir='ltr'><strong><em>auctorita-</em></strong></span> 
     </span>
    </p>
   </div>
   <div class='ocr_carea' id='block_1_64' title="bbox 1037 417 1815 457">
    <p class='ocr_par' dir='ltr' id='par_1_64' title="bbox 1037 417 1815 457">
     <span class='ocr_line' id='line_1_64' title="bbox 1037 417 1815 457; baseline -0.013 -5"><span class='ocrx_word' id='word_1_449' title='bbox 1037 430 1102 457; x_wconf 91' lang='lat' dir='ltr'><strong><em>tem,</em></strong></span> <span class='ocrx_word' id='word_1_450' title='bbox 1123 426 1218 450; x_wconf 90' lang='lat' dir='ltr'><strong><em>narrat</em></strong></span> <span class='ocrx_word' id='word_1_451' title='bbox 1235 421 1336 449; x_wconf 87' lang='lat' dir='ltr'><strong><em>obitum</em></strong></span> <span class='ocrx_word' id='word_1_452' title='bbox 1352 420 1408 447; x_wconf 82' lang='lat' dir='ltr'><strong><em>Arii</em></strong></span> <span class='ocrx_word' id='word_1_453' title='bbox 1424 419 1474 447; x_wconf 90' lang='lat' dir='ltr'><strong><em>sub</em></strong></span> <span class='ocrx_word' id='word_1_454' title='bbox 1498 418 1656 446; x_wconf 86' lang='lat' dir='ltr'><strong><em>Constantio</em></strong></span> <span class='ocrx_word' id='word_1_455' title='bbox 1673 417 1815 448; x_wconf 89' lang='lat' dir='ltr'><strong><em>accidisse,</em></strong></span> 
     </span>
    </p>
   </div>
   <div class='ocr_carea' id='block_1_65' title="bbox 1036 466 1817 505">
    <p class='ocr_par' dir='ltr' id='par_1_65' title="bbox 1036 466 1817 505">
     <span class='ocr_line' id='line_1_65' title="bbox 1036 466 1817 505; baseline -0.012 -7"><span class='ocrx_word' id='word_1_456' title='bbox 1036 470 1145 505; x_wconf 89' lang='lat' dir='ltr'><strong><em>aliaque</em></strong></span> <span class='ocrx_word' id='word_1_457' title='bbox 1166 468 1298 496; x_wconf 84' lang='lat' dir='ltr'><strong><em>immiscet</em></strong></span> <span class='ocrx_word' id='word_1_458' title='bbox 1321 466 1435 501; x_wconf 83' lang='lat' dir='ltr'><strong><em>plurima</em></strong></span> <span class='ocrx_word' id='word_1_459' title='bbox 1459 473 1523 493; x_wconf 91' lang='lat' dir='ltr'><strong><em>vero</em></strong></span> <span class='ocrx_word' id='word_1_460' title='bbox 1545 467 1642 500; x_wconf 67' lang='lat' dir='ltr'><strong><em>aperte,</em></strong></span> <span class='ocrx_word' id='word_1_461' title='bbox 1666 471 1817 498; x_wconf 86' lang='lat' dir='ltr'><strong><em>repugnan-</em></strong></span> 
     </span>
    </p>
   </div>
   <div class='ocr_carea' id='block_1_66' title="bbox 1036 516 1083 544">
    <p class='ocr_par' dir='ltr' id='par_1_66' title="bbox 1036 516 1083 544">
     <span class='ocr_line' id='line_1_66' title="bbox 1036 516 1083 544; baseline -0.043 0"><span class='ocrx_word' id='word_1_462' title='bbox 1036 516 1083 544; x_wconf 89' lang='lat' dir='ltr'><strong><em>tia.</em></strong></span> 
     </span>
    </p>
   </div>
   <div class='ocr_carea' id='block_1_67' title="bbox 1073 555 1818 593">
    <p class='ocr_par' dir='ltr' id='par_1_67' title="bbox 1073 555 1818 593">
     <span class='ocr_line' id='line_1_67' title="bbox 1073 555 1818 593; baseline -0.008 -5"><span class='ocrx_word' id='word_1_463' title='bbox 1073 561 1100 588; x_wconf 84' lang='lat'><strong><em>5.</em></strong></span> <span class='ocrx_word' id='word_1_464' title='bbox 1117 560 1246 588; x_wconf 76' lang='lat' dir='ltr'><strong><em>Antonius</em></strong></span> <span class='ocrx_word' id='word_1_465' title='bbox 1270 566 1319 593; x_wconf 81' lang='lat' dir='ltr'><strong><em>pro</em></strong></span> <span class='ocrx_word' id='word_1_466' title='bbox 1336 557 1479 584; x_wconf 77' lang='lat' dir='ltr'><strong><em>Athanasio</em></strong></span> <span class='ocrx_word' id='word_1_467' title='bbox 1500 556 1589 583; x_wconf 76' lang='lat' dir='ltr'><strong><em>scribit</em></strong></span> <span class='ocrx_word' id='word_1_468' title='bbox 1611 555 1645 582; x_wconf 83' lang='lat' dir='ltr'><strong><em>ad</em></strong></span> <span class='ocrx_word' id='word_1_469' title='bbox 1668 555 1818 583; x_wconf 81' lang='lat' dir='ltr'><strong><em>Constanti-</em></strong></span> 
     </span>
    </p>
   </div>
   <div class='ocr_carea' id='block_1_68' title="bbox 1037 600 1817 636">
    <p class='ocr_par' dir='ltr' id='par_1_68' title="bbox 1037 600 1817 636">
     <span class='ocr_line' id='line_1_68' title="bbox 1037 600 1817 636; baseline -0.009 -2"><span class='ocrx_word' id='word_1_470' title='bbox 1037 614 1110 634; x_wconf 82' lang='lat' dir='ltr'><strong><em>num.</em></strong></span> <span class='ocrx_word' id='word_1_471' title='bbox 1127 621 1162 626; x_wconf 95' lang='lat'><strong>—</strong></span> <span class='ocrx_word' id='word_1_472' title='bbox 1180 605 1311 632; x_wconf 66' lang='lat' dir='ltr'><strong><em>Caeterum</em></strong></span> <span class='ocrx_word' id='word_1_473' title='bbox 1334 602 1461 630; x_wconf 84' lang='lat' dir='ltr'><strong><em>defuncto</em></strong></span> <span class='ocrx_word' id='word_1_474' title='bbox 1477 601 1542 628; x_wconf 88' lang='lat' dir='ltr'><strong><em>Ario</em></strong></span> <span class='ocrx_word' id='word_1_475' title='bbox 1569 600 1618 636; x_wconf 83' lang='lat' dir='ltr'><strong><em>(d),</em></strong></span> <span class='ocrx_word' id='word_1_476' title='bbox 1648 608 1817 634; x_wconf 79' lang='lat' dir='ltr'><strong><em>nequaquam</em></strong></span> 
     </span>
    </p>
   </div>
   <div class='ocr_carea' id='block_1_69' title="bbox 1037 645 1817 682">
    <p class='ocr_par' dir='ltr' id='par_1_69' title="bbox 1037 645 1817 682">
     <span class='ocr_line' id='line_1_69' title="bbox 1037 645 1817 682; baseline -0.01 -3"><span class='ocrx_word' id='word_1_477' title='bbox 1037 652 1129 680; x_wconf 84' lang='lat' dir='ltr'><strong><em>sedata</em></strong></span> <span class='ocrx_word' id='word_1_478' title='bbox 1142 649 1328 679; x_wconf 83' lang='lat' dir='ltr'><strong><em>controversia</em></strong></span> <span class='ocrx_word' id='word_1_479' title='bbox 1343 648 1395 675; x_wconf 87' lang='lat' dir='ltr'><strong><em>fuit</em></strong></span> <span class='ocrx_word' id='word_1_480' title='bbox 1411 648 1444 675; x_wconf 87' lang='lat' dir='ltr'><strong><em>de</em></strong></span> <span class='ocrx_word' id='word_1_481' title='bbox 1455 646 1622 682; x_wconf 86' lang='lat' dir='ltr'><strong><em>dogmatibus</em></strong></span> <span class='ocrx_word' id='word_1_482' title='bbox 1638 645 1696 681; x_wconf 84' lang='lat' dir='ltr'><strong><em>ejus</em></strong></span> <span class='ocrx_word' id='word_1_483' title='bbox 1710 646 1817 678; x_wconf 87' lang='lat' dir='ltr'><strong><em>oborta,</em></strong></span> 
     </span>
    </p>
   </div>
   <div class='ocr_carea' id='block_1_70' title="bbox 1037 691 1817 732">
    <p class='ocr_par' dir='ltr' id='par_1_70' title="bbox 1037 691 1817 732">
     <span class='ocr_line' id='line_1_70' title="bbox 1037 691 1817 732; baseline -0.009 -8"><span class='ocrx_word' id='word_1_484' title='bbox 1037 704 1124 732; x_wconf 89' lang='lat' dir='ltr'><strong><em>neque</em></strong></span> <span class='ocrx_word' id='word_1_485' title='bbox 1143 700 1291 724; x_wconf 87' lang='lat' dir='ltr'><strong><em>sectatores</em></strong></span> <span class='ocrx_word' id='word_1_486' title='bbox 1315 694 1375 730; x_wconf 85' lang='lat' dir='ltr'><strong><em>ejus</em></strong></span> <span class='ocrx_word' id='word_1_487' title='bbox 1400 693 1557 721; x_wconf 81' lang='lat' dir='ltr'><strong><em>insidiarum</em></strong></span> <span class='ocrx_word' id='word_1_488' title='bbox 1582 691 1661 719; x_wconf 84' lang='lat' dir='ltr'><strong><em>ﬁnem</em></strong></span> <span class='ocrx_word' id='word_1_489' title='bbox 1685 691 1817 725; x_wconf 81' lang='lat' dir='ltr'><strong><em>fecerunt,</em></strong></span> 
     </span>
    </p>
   </div>
   <div class='ocr_carea' id='block_1_71' title="bbox 1038 737 1818 770">
    <p class='ocr_par' dir='ltr' id='par_1_71' title="bbox 1038 737 1818 770">
     <span class='ocr_line' id='line_1_71' title="bbox 1038 737 1818 770; baseline -0.008 -1"><span class='ocrx_word' id='word_1_490' title='bbox 1038 750 1089 770; x_wconf 87' lang='lat' dir='ltr'><strong><em>nec</em></strong></span> <span class='ocrx_word' id='word_1_491' title='bbox 1100 742 1199 769; x_wconf 68' lang='lat' dir='ltr'><strong><em>attrita:</em></strong></span> <span class='ocrx_word' id='word_1_492' title='bbox 1211 749 1255 769; x_wconf 89' lang='lat' dir='ltr'><strong><em>res</em></strong></span> <span class='ocrx_word' id='word_1_493' title='bbox 1273 748 1365 768; x_wconf 92' lang='lat' dir='ltr'><strong><em>eorum</em></strong></span> <span class='ocrx_word' id='word_1_494' title='bbox 1381 739 1457 767; x_wconf 87' lang='lat' dir='ltr'><strong><em>ducis</em></strong></span> <span class='ocrx_word' id='word_1_495' title='bbox 1471 746 1534 766; x_wconf 82' lang='lat' dir='ltr'><strong><em>casu</em></strong></span> <span class='ocrx_word' id='word_1_496' title='bbox 1548 742 1576 765; x_wconf 91' lang='lat' dir='ltr'><strong><em>et</em></strong></span> <span class='ocrx_word' id='word_1_497' title='bbox 1594 737 1676 765; x_wconf 83' lang='lat' dir='ltr'><strong><em>exitio</em></strong></span> <span class='ocrx_word' id='word_1_498' title='bbox 1692 737 1818 764; x_wconf 88' lang='lat' dir='ltr'><strong><em>videban-</em></strong></span> 
     </span>
    </p>
   </div>
   <div class='ocr_carea' id='block_1_72' title="bbox 1039 783 1818 819">
    <p class='ocr_par' dir='ltr' id='par_1_72' title="bbox 1039 783 1818 819">
     <span class='ocr_line' id='line_1_72' title="bbox 1039 783 1818 819; baseline -0.005 -6"><span class='ocrx_word' id='word_1_499' title='bbox 1039 790 1093 813; x_wconf 88' lang='lat' dir='ltr'><strong><em>tur.</em></strong></span> <span class='ocrx_word' id='word_1_500' title='bbox 1129 785 1200 812; x_wconf 87' lang='lat' dir='ltr'><strong><em>Sane</em></strong></span> <span class='ocrx_word' id='word_1_501' title='bbox 1230 792 1291 812; x_wconf 91' lang='lat' dir='ltr'><strong><em>cum</em></strong></span> <span class='ocrx_word' id='word_1_502' title='bbox 1317 784 1430 819; x_wconf 88' lang='lat' dir='ltr'><strong><em>populus</em></strong></span> <span class='ocrx_word' id='word_1_503' title='bbox 1454 783 1653 810; x_wconf 85' lang='lat' dir='ltr'><strong><em>Alexandrinus</em></strong></span> <span class='ocrx_word' id='word_1_504' title='bbox 1683 783 1818 817; x_wconf 82' lang='lat' dir='ltr'><strong><em>precibus,</em></strong></span> 
     </span>
    </p>
   </div>
   <div class='ocr_carea' id='block_1_73' title="bbox 1040 829 1818 865">
    <p class='ocr_par' dir='ltr' id='par_1_73' title="bbox 1040 829 1818 865">
     <span class='ocr_line' id='line_1_73' title="bbox 1040 829 1818 865; baseline -0.005 -6"><span class='ocrx_word' id='word_1_505' title='bbox 1040 831 1181 864; x_wconf 85' lang='lat' dir='ltr'><strong><em>clamore,</em></strong></span> <span class='ocrx_word' id='word_1_506' title='bbox 1209 830 1445 865; x_wconf 82' lang='lat' dir='ltr'><strong><em>conquestionibus</em></strong></span> <span class='ocrx_word' id='word_1_507' title='bbox 1484 830 1517 857; x_wconf 89' lang='lat' dir='ltr'><strong><em>de</em></strong></span> <span class='ocrx_word' id='word_1_508' title='bbox 1552 829 1700 856; x_wconf 82' lang='lat' dir='ltr'><strong><em>revocando</em></strong></span> <span class='ocrx_word' id='word_1_509' title='bbox 1732 829 1818 855; x_wconf 57' lang='lat' dir='ltr'><strong><em>Albae</em></strong></span> 
     </span>
    </p>
   </div>
   <div class='ocr_carea' id='block_1_74' title="bbox 1039 875 1819 912">
    <p class='ocr_par' dir='ltr' id='par_1_74' title="bbox 1039 875 1819 912">
     <span class='ocr_line' id='line_1_74' title="bbox 1039 875 1819 912; baseline -0.004 -7"><span class='ocrx_word' id='word_1_510' title='bbox 1039 877 1116 905; x_wconf 88' lang='lat' dir='ltr'><strong><em>nasio</em></strong></span> <span class='ocrx_word' id='word_1_511' title='bbox 1127 880 1220 912; x_wconf 86' lang='lat' dir='ltr'><strong><em>ageret</em></strong></span> <span class='ocrx_word' id='word_1_512' title='bbox 1231 876 1350 908; x_wconf 87' lang='lat' dir='ltr'><strong><em>assidue,</em></strong></span> <span class='ocrx_word' id='word_1_513' title='bbox 1364 883 1531 911; x_wconf 86' lang='lat' dir='ltr'><strong><em>magnusque</em></strong></span> <span class='ocrx_word' id='word_1_514' title='bbox 1546 876 1678 903; x_wconf 84' lang='lat' dir='ltr'><strong><em>Antonius</em></strong></span> <span class='ocrx_word' id='word_1_515' title='bbox 1692 875 1819 909; x_wconf 85' lang='lat' dir='ltr'><strong><em>frequens</em></strong></span> 
     </span>
    </p>
   </div>
   <div class='ocr_carea' id='block_1_75' title="bbox 1003 919 1818 956">
    <p class='ocr_par' dir='ltr' id='par_1_75' title="bbox 1003 919 1818 956">
     <span class='ocr_line' id='line_1_75' title="bbox 1003 919 1818 956; baseline -0.004 -5"><span class='ocrx_word' id='word_1_516' title='bbox 1003 919 1026 950; x_wconf 81' lang='grc' dir='ltr'><em>Β</em></span> <span class='ocrx_word' id='word_1_517' title='bbox 1039 923 1143 951; x_wconf 86' lang='lat' dir='ltr'><strong><em>litteras</em></strong></span> <span class='ocrx_word' id='word_1_518' title='bbox 1154 923 1271 950; x_wconf 88' lang='lat' dir='ltr'><strong><em>mitteret</em></strong></span> <span class='ocrx_word' id='word_1_519' title='bbox 1281 922 1314 949; x_wconf 90' lang='lat' dir='ltr'><strong><em>ad</em></strong></span> <span class='ocrx_word' id='word_1_520' title='bbox 1323 921 1521 956; x_wconf 87' lang='lat' dir='ltr'><strong><em>imperatorem,</em></strong></span> <span class='ocrx_word' id='word_1_521' title='bbox 1533 922 1609 956; x_wconf 88' lang='lat' dir='ltr'><strong><em>queis</em></strong></span> <span class='ocrx_word' id='word_1_522' title='bbox 1622 921 1717 948; x_wconf 90' lang='lat' dir='ltr'><strong><em>malam</em></strong></span> <span class='ocrx_word' id='word_1_523' title='bbox 1730 922 1818 954; x_wconf 87' lang='lat' dir='ltr'><strong><em>fidem,</em></strong></span> 
     </span>
    </p>
   </div>
   <div class='ocr_carea' id='block_1_76' title="bbox 1040 967 1819 1002">
    <p class='ocr_par' dir='ltr' id='par_1_76' title="bbox 1040 967 1819 1002">
     <span class='ocr_line' id='line_1_76' title="bbox 1040 967 1819 1002; baseline -0.004 -5"><span class='ocrx_word' id='word_1_524' title='bbox 1040 968 1138 998; x_wconf 87' lang='lat' dir='ltr'><strong><em>malam</em></strong></span> <span class='ocrx_word' id='word_1_525' title='bbox 1154 973 1271 996; x_wconf 85' lang='lat' dir='ltr'><strong><em>mentem</em></strong></span> <span class='ocrx_word' id='word_1_526' title='bbox 1285 967 1487 995; x_wconf 80' lang='lat' dir='ltr'><strong><em>Meletianorum</em></strong></span> <span class='ocrx_word' id='word_1_527' title='bbox 1510 968 1655 1002; x_wconf 82' lang='lat' dir='ltr'><strong><em>aperiebat,</em></strong></span> <span class='ocrx_word' id='word_1_528' title='bbox 1679 969 1819 995; x_wconf 90' lang='lat' dir='ltr'><strong><em>monebat-</em></strong></span> 
     </span>
    </p>
   </div>
   <div class='ocr_carea' id='block_1_77' title="bbox 1040 1014 1819 1049">
    <p class='ocr_par' dir='ltr' id='par_1_77' title="bbox 1040 1014 1819 1049">
     <span class='ocr_line' id='line_1_77' title="bbox 1040 1014 1819 1049; baseline -0.003 -7"><span class='ocrx_word' id='word_1_529' title='bbox 1040 1022 1092 1049; x_wconf 90' lang='lat' dir='ltr'><strong><em>que</em></strong></span> <span class='ocrx_word' id='word_1_530' title='bbox 1102 1022 1134 1041; x_wconf 89' lang='lat' dir='ltr'><strong><em>ne</em></strong></span> <span class='ocrx_word' id='word_1_531' title='bbox 1141 1015 1264 1042; x_wconf 88' lang='lat' dir='ltr'><strong><em>crederet</em></strong></span> <span class='ocrx_word' id='word_1_532' title='bbox 1276 1014 1436 1041; x_wconf 88' lang='lat' dir='ltr'><strong><em>nebulonum</em></strong></span> <span class='ocrx_word' id='word_1_533' title='bbox 1445 1014 1692 1046; x_wconf 88' lang='lat' dir='ltr'><strong><em>criminationibus;</em></strong></span> <span class='ocrx_word' id='word_1_534' title='bbox 1701 1014 1819 1041; x_wconf 84' lang='lat' dir='ltr'><strong><em>Alexan-</em></strong></span> 
     </span>
    </p>
   </div>
   <div class='ocr_carea' id='block_1_78' title="bbox 1040 1059 1820 1094">
    <p class='ocr_par' dir='ltr' id='par_1_78' title="bbox 1040 1059 1820 1094">
     <span class='ocr_line' id='line_1_78' title="bbox 1040 1059 1820 1094; baseline -0.001 -6"><span class='ocrx_word' id='word_1_535' title='bbox 1040 1061 1124 1088; x_wconf 88' lang='lat' dir='ltr'><strong><em>drinis</em></strong></span> <span class='ocrx_word' id='word_1_536' title='bbox 1138 1060 1329 1088; x_wconf 87' lang='lat' dir='ltr'><strong><em>Constantinus</em></strong></span> <span class='ocrx_word' id='word_1_537' title='bbox 1345 1059 1518 1094; x_wconf 88' lang='lat' dir='ltr'><strong><em>petulantiam</em></strong></span> <span class='ocrx_word' id='word_1_538' title='bbox 1533 1064 1560 1086; x_wconf 90' lang='lat' dir='ltr'><strong><em>et</em></strong></span> <span class='ocrx_word' id='word_1_539' title='bbox 1574 1059 1750 1086; x_wconf 87' lang='lat' dir='ltr'><strong><em>temeritatem</em></strong></span> <span class='ocrx_word' id='word_1_540' title='bbox 1772 1068 1820 1087; x_wconf 89' lang='lat' dir='ltr'><strong><em>ex-</em></strong></span> 
     </span>
    </p>
   </div>
   <div class='ocr_carea' id='block_1_79' title="bbox 1040 1105 1821 1141">
    <p class='ocr_par' dir='ltr' id='par_1_79' title="bbox 1040 1105 1821 1141">
     <span class='ocr_line' id='line_1_79' title="bbox 1040 1105 1821 1141; baseline -0.001 -8"><span class='ocrx_word' id='word_1_541' title='bbox 1040 1106 1194 1141; x_wconf 88' lang='lat' dir='ltr'><strong><em>probravit,</em></strong></span> <span class='ocrx_word' id='word_1_542' title='bbox 1220 1105 1328 1133; x_wconf 89' lang='lat' dir='ltr'><strong><em>clericis</em></strong></span> <span class='ocrx_word' id='word_1_543' title='bbox 1352 1110 1380 1132; x_wconf 90' lang='lat' dir='ltr'><strong><em>et</em></strong></span> <span class='ocrx_word' id='word_1_544' title='bbox 1404 1105 1552 1140; x_wconf 77' lang='lat' dir='ltr'><strong><em>virginibus</em></strong></span> <span class='ocrx_word' id='word_1_545' title='bbox 1579 1109 1608 1132; x_wconf 85' lang='lat' dir='ltr'><strong><em>ut</em></strong></span> <span class='ocrx_word' id='word_1_546' title='bbox 1650 1106 1821 1140; x_wconf 86' lang='lat' dir='ltr'><strong><em>quiescerent</em></strong></span> 
     </span>
    </p>
   </div>
   <div class='ocr_carea' id='block_1_80' title="bbox 1041 1151 1820 1186">
    <p class='ocr_par' dir='ltr' id='par_1_80' title="bbox 1041 1151 1820 1186">
     <span class='ocr_line' id='line_1_80' title="bbox 1041 1151 1820 1186; baseline -0.001 -6"><span class='ocrx_word' id='word_1_547' title='bbox 1041 1152 1135 1185; x_wconf 78' lang='lat' dir='ltr'><strong><em>edixit,</em></strong></span> <span class='ocrx_word' id='word_1_548' title='bbox 1150 1159 1203 1179; x_wconf 93' lang='lat' dir='ltr'><strong><em>non</em></strong></span> <span class='ocrx_word' id='word_1_549' title='bbox 1210 1158 1289 1186; x_wconf 83' lang='lat' dir='ltr'><strong><em>posse</em></strong></span> <span class='ocrx_word' id='word_1_550' title='bbox 1303 1151 1378 1179; x_wconf 88' lang='lat' dir='ltr'><strong><em>aiens</em></strong></span> <span class='ocrx_word' id='word_1_551' title='bbox 1386 1151 1562 1178; x_wconf 81' lang='lat' dir='ltr'><strong><em>Athanasium</em></strong></span> <span class='ocrx_word' id='word_1_552' title='bbox 1574 1152 1820 1184; x_wconf 83' lang='lat' dir='ltr'><strong><em>revocari,seditio-</em></strong></span> 
     </span>
    </p>
   </div>
   <div class='ocr_carea' id='block_1_81' title="bbox 1040 1197 1819 1232">
    <p class='ocr_par' dir='ltr' id='par_1_81' title="bbox 1040 1197 1819 1232">
     <span class='ocr_line' id='line_1_81' title="bbox 1040 1197 1819 1232; baseline 0.003 -8"><span class='ocrx_word' id='word_1_553' title='bbox 1040 1204 1099 1225; x_wconf 80' lang='lat' dir='ltr'><strong><em>sum</em></strong></span> <span class='ocrx_word' id='word_1_554' title='bbox 1113 1197 1247 1225; x_wconf 88' lang='lat' dir='ltr'><strong><em>hominem</em></strong></span> <span class='ocrx_word' id='word_1_555' title='bbox 1260 1201 1288 1225; x_wconf 92' lang='lat' dir='ltr'><strong><em>et</em></strong></span> <span class='ocrx_word' id='word_1_556' title='bbox 1299 1197 1481 1225; x_wconf 80' lang='lat' dir='ltr'><strong><em>ecclesiastico</em></strong></span> <span class='ocrx_word' id='word_1_557' title='bbox 1491 1197 1592 1232; x_wconf 87' lang='lat' dir='ltr'><strong><em>judicio</em></strong></span> <span class='ocrx_word' id='word_1_558' title='bbox 1605 1199 1819 1227; x_wconf 79' lang='lat' dir='ltr'><strong><em>condemnatum.</em></strong></span> 
     </span>
    </p>
   </div>
   <div class='ocr_carea' id='block_1_82' title="bbox 1041 1243 1820 1278">
    <p class='ocr_par' dir='ltr' id='par_1_82' title="bbox 1041 1243 1820 1278">
     <span class='ocr_line' id='line_1_82' title="bbox 1041 1243 1820 1278; baseline 0 -7"><span class='ocrx_word' id='word_1_559' title='bbox 1041 1244 1157 1271; x_wconf 86' lang='lat' dir='ltr'><strong><em>Antonio</em></strong></span> <span class='ocrx_word' id='word_1_560' title='bbox 1170 1249 1258 1271; x_wconf 87' lang='lat' dir='ltr'><strong><em>autem</em></strong></span> <span class='ocrx_word' id='word_1_561' title='bbox 1269 1243 1420 1278; x_wconf 82' lang='lat' dir='ltr'><strong><em>rescripsit,</em></strong></span> <span class='ocrx_word' id='word_1_562' title='bbox 1435 1251 1487 1271; x_wconf 92' lang='lat' dir='ltr'><strong><em>non</em></strong></span> <span class='ocrx_word' id='word_1_563' title='bbox 1502 1244 1583 1271; x_wconf 88' lang='lat' dir='ltr'><strong><em>licere</em></strong></span> <span class='ocrx_word' id='word_1_564' title='bbox 1595 1244 1646 1271; x_wconf 90' lang='lat' dir='ltr'><strong><em>sibi</em></strong></span> <span class='ocrx_word' id='word_1_565' title='bbox 1661 1245 1820 1272; x_wconf 85' lang='lat' dir='ltr'><strong><em>sententiam</em></strong></span> 
     </span>
    </p>
   </div>
   <div class='ocr_carea' id='block_1_83' title="bbox 1041 1289 1823 1325">
    <p class='ocr_par' dir='ltr' id='par_1_83' title="bbox 1041 1289 1823 1325">
     <span class='ocr_line' id='line_1_83' title="bbox 1041 1289 1823 1325; baseline 0 -7"><span class='ocrx_word' id='word_1_566' title='bbox 1041 1289 1134 1325; x_wconf 85' lang='lat' dir='ltr'><strong><em>synodi</em></strong></span> <span class='ocrx_word' id='word_1_567' title='bbox 1159 1290 1297 1325; x_wconf 87' lang='lat' dir='ltr'><strong><em>despicere</em></strong></span> <span class='ocrx_word' id='word_1_568' title='bbox 1310 1299 1316 1317; x_wconf 93' lang='lat'>:</span> <span class='ocrx_word' id='word_1_569' title='bbox 1328 1290 1450 1325; x_wconf 87' lang='lat' dir='ltr'><strong><em>quamvis</em></strong></span> <span class='ocrx_word' id='word_1_570' title='bbox 1474 1290 1546 1318; x_wconf 92' lang='lat' dir='ltr'><strong><em>enim</em></strong></span> <span class='ocrx_word' id='word_1_571' title='bbox 1565 1290 1682 1318; x_wconf 88' lang='lat' dir='ltr'><strong><em>nonnulli</em></strong></span> <span class='ocrx_word' id='word_1_572' title='bbox 1698 1295 1745 1318; x_wconf 90' lang='lat' dir='ltr'><strong><em>aut</em></strong></span> <span class='ocrx_word' id='word_1_573' title='bbox 1760 1291 1823 1319; x_wconf 75' lang='lat' dir='ltr'><strong><em>odio</em></strong></span> 
     </span>
    </p>
   </div>
   <div class='ocr_carea' id='block_1_84' title="bbox 1041 1336 1822 1372">
    <p class='ocr_par' dir='ltr' id='par_1_84' title="bbox 1041 1336 1822 1372">
     <span class='ocr_line' id='line_1_84' title="bbox 1041 1336 1822 1372; baseline 0 -8"><span class='ocrx_word' id='word_1_574' title='bbox 1041 1341 1089 1364; x_wconf 87' lang='lat' dir='ltr'><strong><em>aut</em></strong></span> <span class='ocrx_word' id='word_1_575' title='bbox 1103 1337 1189 1372; x_wconf 87' lang='lat' dir='ltr'><strong><em>gratia</em></strong></span> <span class='ocrx_word' id='word_1_576' title='bbox 1204 1336 1318 1371; x_wconf 88' lang='lat' dir='ltr'><strong><em>permoti</em></strong></span> <span class='ocrx_word' id='word_1_577' title='bbox 1336 1336 1362 1363; x_wconf 89' lang='lat' dir='ltr'><strong><em>in</em></strong></span> <span class='ocrx_word' id='word_1_578' title='bbox 1378 1336 1423 1362; x_wconf 89' lang='lat' dir='ltr'><strong><em>tali</em></strong></span> <span class='ocrx_word' id='word_1_579' title='bbox 1435 1336 1537 1370; x_wconf 88' lang='lat' dir='ltr'><strong><em>judicio</em></strong></span> <span class='ocrx_word' id='word_1_580' title='bbox 1553 1336 1677 1369; x_wconf 84' lang='lat' dir='ltr'><strong><em>fuissent,</em></strong></span> <span class='ocrx_word' id='word_1_581' title='bbox 1700 1336 1757 1372; x_wconf 87' lang='lat' dir='ltr'><strong><em>pari</em></strong></span> <span class='ocrx_word' id='word_1_582' title='bbox 1781 1341 1822 1364; x_wconf 83' lang='lat' dir='ltr'><strong><em>ta-</em></strong></span> 
     </span>
    </p>
   </div>
   <div class='ocr_carea' id='block_1_85' title="bbox 1043 1383 1824 1419">
    <p class='ocr_par' dir='ltr' id='par_1_85' title="bbox 1043 1383 1824 1419">
     <span class='ocr_line' id='line_1_85' title="bbox 1043 1383 1824 1419; baseline -0.001 -8"><span class='ocrx_word' id='word_1_583' title='bbox 1043 1391 1103 1411; x_wconf 91' lang='lat' dir='ltr'><strong><em>men</em></strong></span> <span class='ocrx_word' id='word_1_584' title='bbox 1114 1384 1193 1411; x_wconf 92' lang='lat' dir='ltr'><strong><em>modo</em></strong></span> <span class='ocrx_word' id='word_1_585' title='bbox 1204 1383 1326 1410; x_wconf 75' lang='lat' dir='ltr'><strong><em>affectam</em></strong></span> <span class='ocrx_word' id='word_1_586' title='bbox 1341 1386 1440 1409; x_wconf 87' lang='lat' dir='ltr'><strong><em>tantam</em></strong></span> <span class='ocrx_word' id='word_1_587' title='bbox 1452 1383 1611 1418; x_wconf 88' lang='lat' dir='ltr'><strong><em>prudentum</em></strong></span> <span class='ocrx_word' id='word_1_588' title='bbox 1622 1383 1824 1419; x_wconf 84' lang='lat' dir='ltr'><strong><em>proborumque</em></strong></span> 
     </span>
    </p>
   </div>
   <div class='ocr_carea' id='block_1_86' title="bbox 1042 1429 1822 1464">
    <p class='ocr_par' dir='ltr' id='par_1_86' title="bbox 1042 1429 1822 1464">
     <span class='ocr_line' id='line_1_86' title="bbox 1042 1429 1822 1464; baseline 0 -7"><span class='ocrx_word' id='word_1_589' title='bbox 1042 1430 1229 1464; x_wconf 88' lang='lat' dir='ltr'><strong><em>episcoporum</em></strong></span> <span class='ocrx_word' id='word_1_590' title='bbox 1265 1429 1463 1456; x_wconf 83' lang='lat' dir='ltr'><strong><em>multitudinem</em></strong></span> <span class='ocrx_word' id='word_1_591' title='bbox 1494 1429 1622 1456; x_wconf 88' lang='lat' dir='ltr'><strong><em>credibile</em></strong></span> <span class='ocrx_word' id='word_1_592' title='bbox 1655 1436 1707 1456; x_wconf 92' lang='lat' dir='ltr'><strong><em>non</em></strong></span> <span class='ocrx_word' id='word_1_593' title='bbox 1741 1437 1822 1463; x_wconf 86' lang='lat' dir='ltr'><strong><em>esse;</em></strong></span> 
     </span>
    </p>
   </div>
   <div class='ocr_carea' id='block_1_87' title="bbox 1042 1474 1823 1509">
    <p class='ocr_par' dir='ltr' id='par_1_87' title="bbox 1042 1474 1823 1509">
     <span class='ocr_line' id='line_1_87' title="bbox 1042 1474 1823 1509; baseline 0.001 -7"><span class='ocrx_word' id='word_1_594' title='bbox 1042 1475 1221 1503; x_wconf 86' lang='lat' dir='ltr'><strong><em>Athanasium</em></strong></span> <span class='ocrx_word' id='word_1_595' title='bbox 1238 1475 1375 1502; x_wconf 89' lang='lat' dir='ltr'><strong><em>hominem</em></strong></span> <span class='ocrx_word' id='word_1_596' title='bbox 1393 1481 1454 1502; x_wconf 85' lang='lat' dir='ltr'><strong><em>esse</em></strong></span> <span class='ocrx_word' id='word_1_597' title='bbox 1473 1474 1628 1509; x_wconf 85' lang='lat' dir='ltr'><strong><em>superbum,</em></strong></span> <span class='ocrx_word' id='word_1_598' title='bbox 1646 1476 1823 1503; x_wconf 88' lang='lat' dir='ltr'><strong><em>contumelio-</em></strong></span> 
     </span>
    </p>
   </div>
   <div class='ocr_carea' id='block_1_88' title="bbox 1044 1521 1823 1556">
    <p class='ocr_par' dir='ltr' id='par_1_88' title="bbox 1044 1521 1823 1556">
     <span class='ocr_line' id='line_1_88' title="bbox 1044 1521 1823 1556; baseline 0.001 -8"><span class='ocrx_word' id='word_1_599' title='bbox 1044 1528 1116 1553; x_wconf 91' lang='lat' dir='ltr'><strong><em>sum,</em></strong></span> <span class='ocrx_word' id='word_1_600' title='bbox 1133 1528 1165 1547; x_wconf 90' lang='lat' dir='ltr'><strong><em>ac</em></strong></span> <span class='ocrx_word' id='word_1_601' title='bbox 1180 1521 1321 1549; x_wconf 72' lang='lat' dir='ltr'><strong><em>discordias</em></strong></span> <span class='ocrx_word' id='word_1_602' title='bbox 1348 1525 1496 1548; x_wconf 83' lang='lat' dir='ltr'><strong><em>auctorem.</em></strong></span> <span class='ocrx_word' id='word_1_603' title='bbox 1521 1521 1634 1549; x_wconf 89' lang='lat' dir='ltr'><strong><em>Tantum</em></strong></span> <span class='ocrx_word' id='word_1_604' title='bbox 1649 1522 1823 1556; x_wconf 71' lang='lat' dir='ltr'><strong><em>praejudicata</em></strong></span> 
     </span>
    </p>
   </div>
   <div class='ocr_carea' id='block_1_89' title="bbox 1043 1565 1824 1602">
    <p class='ocr_par' dir='ltr' id='par_1_89' title="bbox 1043 1565 1824 1602">
     <span class='ocr_line' id='line_1_89' title="bbox 1043 1565 1824 1602; baseline 0.003 -8"><span class='ocrx_word' id='word_1_605' title='bbox 1043 1565 1214 1594; x_wconf 89' lang='lat' dir='ltr'><strong><em>Constantini</em></strong></span> <span class='ocrx_word' id='word_1_606' title='bbox 1239 1567 1331 1602; x_wconf 81' lang='lat' dir='ltr'><strong><em>Opinio</em></strong></span> <span class='ocrx_word' id='word_1_607' title='bbox 1351 1567 1445 1599; x_wconf 86' lang='lat' dir='ltr'><strong><em>valuit,</em></strong></span> <span class='ocrx_word' id='word_1_608' title='bbox 1474 1571 1578 1596; x_wconf 83' lang='lat' dir='ltr'><strong><em>tantum</em></strong></span> <span class='ocrx_word' id='word_1_609' title='bbox 1614 1567 1824 1596; x_wconf 87' lang='lat' dir='ltr'><strong><em>Eusebianorum</em></strong></span> 
     </span>
    </p>
   </div>
   <div class='ocr_carea' id='block_1_90' title="bbox 1043 1612 1826 1649">
    <p class='ocr_par' dir='ltr' id='par_1_90' title="bbox 1043 1612 1826 1649">
     <span class='ocr_line' id='line_1_90' title="bbox 1043 1612 1826 1649; baseline 0.004 -10"><span class='ocrx_word' id='word_1_610' title='bbox 1043 1612 1175 1640; x_wconf 68' lang='lat' dir='ltr'><strong><em>machinae</em></strong></span> <span class='ocrx_word' id='word_1_611' title='bbox 1192 1617 1346 1647; x_wconf 89' lang='lat' dir='ltr'><strong><em>potuerunt.</em></strong></span> <span class='ocrx_word' id='word_1_612' title='bbox 1361 1612 1408 1641; x_wconf 73' lang='lat' dir='ltr'><strong><em>Na:</em></strong></span> <span class='ocrx_word' id='word_1_613' title='bbox 1424 1613 1473 1647; x_wconf 88' lang='lat' dir='ltr'><strong><em>illi,</em></strong></span> <span class='ocrx_word' id='word_1_614' title='bbox 1499 1614 1575 1649; x_wconf 86' lang='lat' dir='ltr'><strong><em>gnari</em></strong></span> <span class='ocrx_word' id='word_1_615' title='bbox 1596 1614 1664 1642; x_wconf 92' lang='lat' dir='ltr'><strong><em>mire</em></strong></span> <span class='ocrx_word' id='word_1_616' title='bbox 1679 1614 1826 1643; x_wconf 85' lang='lat' dir='ltr'><strong><em>abhorrere</em></strong></span> 
     </span>
    </p>
   </div>
   <div class='ocr_carea' id='block_1_91' title="bbox 1043 1657 1827 1694">
    <p class='ocr_par' dir='ltr' id='par_1_91' title="bbox 1043 1657 1827 1694">
     <span class='ocr_line' id='line_1_91' title="bbox 1043 1657 1827 1694; baseline 0.004 -9"><span class='ocrx_word' id='word_1_617' title='bbox 1043 1657 1235 1694; x_wconf 86' lang='lat' dir='ltr'><strong><em>imperatorem</em></strong></span> <span class='ocrx_word' id='word_1_618' title='bbox 1261 1666 1276 1686; x_wconf 83' lang='lat' dir='ltr'><strong><em>a</em></strong></span> <span class='ocrx_word' id='word_1_619' title='bbox 1297 1661 1543 1688; x_wconf 83' lang='lat' dir='ltr'><strong><em>controversiarum</em></strong></span> <span class='ocrx_word' id='word_1_620' title='bbox 1559 1665 1587 1688; x_wconf 89' lang='lat' dir='ltr'><strong><em>et</em></strong></span> <span class='ocrx_word' id='word_1_621' title='bbox 1602 1665 1722 1688; x_wconf 90' lang='lat' dir='ltr'><strong><em>motuum</em></strong></span> <span class='ocrx_word' id='word_1_622' title='bbox 1733 1667 1827 1688; x_wconf 88' lang='lat' dir='ltr'><strong><em>aucto-</em></strong></span> 
     </span>
    </p>
   </div>
   <div class='ocr_carea' id='block_1_92' title="bbox 1043 1703 1826 1741">
    <p class='ocr_par' dir='ltr' id='par_1_92' title="bbox 1043 1703 1826 1741">
     <span class='ocr_line' id='line_1_92' title="bbox 1043 1703 1826 1741; baseline 0.005 -10"><span class='ocrx_word' id='word_1_623' title='bbox 1043 1703 1130 1738; x_wconf 84' lang='lat' dir='ltr'><strong><em>ribus,</em></strong></span> <span class='ocrx_word' id='word_1_624' title='bbox 1160 1703 1291 1738; x_wconf 87' lang='lat' dir='ltr'><strong><em>ejusmodi</em></strong></span> <span class='ocrx_word' id='word_1_625' title='bbox 1316 1704 1430 1732; x_wconf 89' lang='lat' dir='ltr'><strong><em>crimina</em></strong></span> <span class='ocrx_word' id='word_1_626' title='bbox 1453 1711 1604 1741; x_wconf 88' lang='lat' dir='ltr'><strong><em>opportuna</em></strong></span> <span class='ocrx_word' id='word_1_627' title='bbox 1620 1706 1724 1735; x_wconf 85' lang='lat' dir='ltr'><strong><em>scilicet</em></strong></span> <span class='ocrx_word' id='word_1_628' title='bbox 1744 1708 1826 1735; x_wconf 87' lang='lat' dir='ltr'><strong><em>rebus</em></strong></span> 
     </span>
    </p>
   </div>
   <div class='ocr_carea' id='block_1_93' title="bbox 1043 1749 1826 1787">
    <p class='ocr_par' dir='ltr' id='par_1_93' title="bbox 1043 1749 1826 1787">
     <span class='ocr_line' id='line_1_93' title="bbox 1043 1749 1826 1787; baseline 0.005 -10"><span class='ocrx_word' id='word_1_629' title='bbox 1043 1749 1099 1777; x_wconf 87' lang='lat' dir='ltr'><strong><em>suis</em></strong></span> <span class='ocrx_word' id='word_1_630' title='bbox 1110 1749 1261 1778; x_wconf 77' lang='lat' dir='ltr'><strong><em>oﬂ‘erebant</em></strong></span> <span class='ocrx_word' id='word_1_631' title='bbox 1275 1750 1301 1778; x_wconf 92' lang='lat' dir='ltr'><strong><em>in</em></strong></span> <span class='ocrx_word' id='word_1_632' title='bbox 1314 1751 1502 1779; x_wconf 85' lang='lat' dir='ltr'><strong><em>Athanasium.</em></strong></span> <span class='ocrx_word' id='word_1_633' title='bbox 1514 1751 1604 1787; x_wconf 83' lang='lat' dir='ltr'><strong><em>Neque</em></strong></span> <span class='ocrx_word' id='word_1_634' title='bbox 1615 1757 1705 1780; x_wconf 87' lang='lat' dir='ltr'><strong><em>tamen</em></strong></span> <span class='ocrx_word' id='word_1_635' title='bbox 1717 1753 1826 1781; x_wconf 89' lang='lat' dir='ltr'><strong><em>omnino</em></strong></span> 
     </span>
    </p>
   </div>
   <div class='ocr_carea' id='block_1_94' title="bbox 1043 1795 1827 1827">
    <p class='ocr_par' dir='ltr' id='par_1_94' title="bbox 1043 1795 1827 1827">
     <span class='ocr_line' id='line_1_94' title="bbox 1043 1795 1827 1827; baseline 0.006 -5"><span class='ocrx_word' id='word_1_636' title='bbox 1043 1802 1088 1823; x_wconf 87' lang='lat' dir='ltr'><strong><em>res</em></strong></span> <span class='ocrx_word' id='word_1_637' title='bbox 1101 1795 1182 1823; x_wconf 89' lang='lat' dir='ltr'><strong><em>cessit</em></strong></span> <span class='ocrx_word' id='word_1_638' title='bbox 1193 1803 1226 1823; x_wconf 87' lang='lat' dir='ltr'><strong><em>ex</em></strong></span> <span class='ocrx_word' id='word_1_639' title='bbox 1242 1800 1304 1823; x_wconf 86' lang='lat' dir='ltr'><strong><em>voto</em></strong></span> <span class='ocrx_word' id='word_1_640' title='bbox 1318 1796 1490 1825; x_wconf 83' lang='lat' dir='ltr'><strong><em>Arianorum.</em></strong></span> <span class='ocrx_word' id='word_1_641' title='bbox 1508 1797 1576 1825; x_wconf 86' lang='lat' dir='ltr'><strong><em>Nam</em></strong></span> <span class='ocrx_word' id='word_1_642' title='bbox 1595 1806 1655 1826; x_wconf 91' lang='lat' dir='ltr'><strong><em>cum</em></strong></span> <span class='ocrx_word' id='word_1_643' title='bbox 1672 1798 1827 1827; x_wconf 81' lang='lat' dir='ltr'><strong><em>Constanti—</em></strong></span> 
     </span>
    </p>
   </div>
   <div class='ocr_carea' id='block_1_95' title="bbox 1043 1841 1826 1877">
    <p class='ocr_par' dir='ltr' id='par_1_95' title="bbox 1043 1841 1826 1877">
     <span class='ocr_line' id='line_1_95' title="bbox 1043 1841 1826 1877; baseline 0.005 -8"><span class='ocrx_word' id='word_1_644' title='bbox 1043 1849 1096 1870; x_wconf 87' lang='lat' dir='ltr'><strong><em>nus</em></strong></span> <span class='ocrx_word' id='word_1_645' title='bbox 1110 1841 1178 1870; x_wconf 90' lang='lat' dir='ltr'><strong><em>duas</em></strong></span> <span class='ocrx_word' id='word_1_646' title='bbox 1195 1841 1222 1870; x_wconf 89' lang='lat' dir='ltr'><strong><em>in</em></strong></span> <span class='ocrx_word' id='word_1_647' title='bbox 1234 1847 1325 1877; x_wconf 87' lang='lat' dir='ltr'><strong><em>partes</em></strong></span> <span class='ocrx_word' id='word_1_648' title='bbox 1339 1843 1495 1871; x_wconf 70' lang='lat' dir='ltr'><strong><em>distractae:</em></strong></span> <span class='ocrx_word' id='word_1_649' title='bbox 1504 1843 1652 1872; x_wconf 86' lang='lat' dir='ltr'><strong><em>Ecclesiam</em></strong></span> <span class='ocrx_word' id='word_1_650' title='bbox 1664 1845 1826 1873; x_wconf 88' lang='lat' dir='ltr'><strong><em>Alexandri-</em></strong></span> 
     </span>
    </p>
   </div>
   <div class='ocr_carea' id='block_1_96' title="bbox 1042 1888 1827 1924">
    <p class='ocr_par' dir='ltr' id='par_1_96' title="bbox 1042 1888 1827 1924">
     <span class='ocr_line' id='line_1_96' title="bbox 1042 1888 1827 1924; baseline 0.005 -10"><span class='ocrx_word' id='word_1_651' title='bbox 1042 1894 1105 1914; x_wconf 90' lang='lat' dir='ltr'><strong><em>nam</em></strong></span> <span class='ocrx_word' id='word_1_652' title='bbox 1126 1895 1186 1915; x_wconf 88' lang='lat' dir='ltr'><strong><em>esse</em></strong></span> <span class='ocrx_word' id='word_1_653' title='bbox 1211 1888 1368 1924; x_wconf 80' lang='lat' dir='ltr'><strong><em>accepisset,</em></strong></span> <span class='ocrx_word' id='word_1_654' title='bbox 1392 1893 1420 1916; x_wconf 91' lang='lat' dir='ltr'><strong><em>et</em></strong></span> <span class='ocrx_word' id='word_1_655' title='bbox 1437 1889 1503 1917; x_wconf 89' lang='lat' dir='ltr'><strong><em>alios</em></strong></span> <span class='ocrx_word' id='word_1_656' title='bbox 1525 1890 1631 1924; x_wconf 90' lang='lat' dir='ltr'><strong><em>quidem</em></strong></span> <span class='ocrx_word' id='word_1_657' title='bbox 1650 1891 1827 1918; x_wconf 83' lang='lat' dir='ltr'><strong><em>Athanasium</em></strong></span> 
     </span>
    </p>
   </div>
   <div class='ocr_carea' id='block_1_97' title="bbox 1044 1933 1827 1968">
    <p class='ocr_par' dir='ltr' id='par_1_97' title="bbox 1044 1933 1827 1968">
     <span class='ocr_line' id='line_1_97' title="bbox 1044 1933 1827 1968; baseline 0.001 -5"><span class='ocrx_word' id='word_1_658' title='bbox 1044 1933 1145 1966; x_wconf 77' lang='lat' dir='ltr'><strong><em>fovere,</em></strong></span> <span class='ocrx_word' id='word_1_659' title='bbox 1173 1934 1240 1962; x_wconf 89' lang='lat' dir='ltr'><strong><em>alios</em></strong></span> <span class='ocrx_word' id='word_1_660' title='bbox 1264 1934 1394 1963; x_wconf 81' lang='lat' dir='ltr'><strong><em>Joannem</em></strong></span> <span class='ocrx_word' id='word_1_661' title='bbox 1417 1935 1607 1968; x_wconf 83' lang='lat' dir='ltr'><strong><em>Meletianum;</em></strong></span> <span class='ocrx_word' id='word_1_662' title='bbox 1640 1936 1666 1963; x_wconf 93' lang='lat' dir='ltr'><strong><em>in</em></strong></span> <span class='ocrx_word' id='word_1_663' title='bbox 1696 1935 1827 1964; x_wconf 81' lang='lat' dir='ltr'><strong><em>Joannem</em></strong></span> 
     </span>
    </p>
   </div>
   <div class='ocr_carea' id='block_1_98' title="bbox 1042 1978 1826 2016">
    <p class='ocr_par' dir='ltr' id='par_1_98' title="bbox 1042 1978 1826 2016">
     <span class='ocr_line' id='line_1_98' title="bbox 1042 1978 1826 2016; baseline 0.006 -11"><span class='ocrx_word' id='word_1_664' title='bbox 1042 1978 1117 2013; x_wconf 86' lang='lat' dir='ltr'><strong><em>juxta</em></strong></span> <span class='ocrx_word' id='word_1_665' title='bbox 1149 1983 1229 2014; x_wconf 87' lang='lat' dir='ltr'><strong><em>atque</em></strong></span> <span class='ocrx_word' id='word_1_666' title='bbox 1253 1979 1280 2007; x_wconf 91' lang='lat' dir='ltr'><strong><em>in</em></strong></span> <span class='ocrx_word' id='word_1_667' title='bbox 1302 1980 1477 2008; x_wconf 86' lang='lat' dir='ltr'><strong><em>Athanasium</em></strong></span> <span class='ocrx_word' id='word_1_668' title='bbox 1500 1981 1666 2016; x_wconf 86' lang='lat' dir='ltr'><strong><em>indignatus,</em></strong></span> <span class='ocrx_word' id='word_1_669' title='bbox 1692 1982 1826 2010; x_wconf 87' lang='lat' dir='ltr'><strong><em>hominem</em></strong></span> 
     </span>
    </p>
   </div>
   <div class='ocr_carea' id='block_1_99' title="bbox 1045 2025 1826 2064">
    <p class='ocr_par' dir='ltr' id='par_1_99' title="bbox 1045 2025 1826 2064">
     <span class='ocr_line' id='line_1_99' title="bbox 1045 2025 1826 2064; baseline 0.005 -12"><span class='ocrx_word' id='word_1_670' title='bbox 1045 2025 1185 2054; x_wconf 90' lang='lat' dir='ltr'><strong><em>mulctavit</em></strong></span> <span class='ocrx_word' id='word_1_671' title='bbox 1209 2025 1320 2059; x_wconf 87' lang='lat' dir='ltr'><strong><em>exsilio;</em></strong></span> <span class='ocrx_word' id='word_1_672' title='bbox 1349 2034 1399 2054; x_wconf 90' lang='lat' dir='ltr'><strong><em>nec</em></strong></span> <span class='ocrx_word' id='word_1_673' title='bbox 1419 2027 1470 2062; x_wconf 88' lang='lat' dir='ltr'><strong><em>ipsi</em></strong></span> <span class='ocrx_word' id='word_1_674' title='bbox 1488 2028 1614 2062; x_wconf 85' lang='lat' dir='ltr'><strong><em>profuere</em></strong></span> <span class='ocrx_word' id='word_1_675' title='bbox 1628 2028 1715 2064; x_wconf 71' lang='lat' dir='ltr'><strong><em>Tyriae</em></strong></span> <span class='ocrx_word' id='word_1_676' title='bbox 1732 2029 1826 2064; x_wconf 85' lang='lat' dir='ltr'><strong><em>synodi</em></strong></span> 
     </span>
    </p>
   </div>
   <div class='ocr_carea' id='block_1_100' title="bbox 1045 2069 1828 2105">
    <p class='ocr_par' dir='ltr' id='par_1_100' title="bbox 1045 2069 1828 2105">
     <span class='ocr_line' id='line_1_100' title="bbox 1045 2069 1828 2105; baseline 0.004 -8"><span class='ocrx_word' id='word_1_677' title='bbox 1045 2069 1166 2104; x_wconf 85' lang='lat' dir='ltr'><strong><em>decreta,</em></strong></span> <span class='ocrx_word' id='word_1_678' title='bbox 1180 2071 1277 2105; x_wconf 90' lang='lat' dir='ltr'><strong><em>quibus</em></strong></span> <span class='ocrx_word' id='word_1_679' title='bbox 1287 2074 1376 2098; x_wconf 90' lang='lat' dir='ltr'><strong><em>luerat</em></strong></span> <span class='ocrx_word' id='word_1_680' title='bbox 1388 2072 1421 2099; x_wconf 78' lang='lat' dir='ltr'><strong><em>ad</em></strong></span> <span class='ocrx_word' id='word_1_681' title='bbox 1437 2072 1647 2100; x_wconf 86' lang='lat' dir='ltr'><strong><em>ecclesiasticam</em></strong></span> <span class='ocrx_word' id='word_1_682' title='bbox 1661 2074 1828 2101; x_wconf 86' lang='lat' dir='ltr'><strong><em>communio-</em></strong></span> 
     </span>
    </p>
   </div>
   <div class='ocr_carea' id='block_1_101' title="bbox 1045 2116 1261 2145">
    <p class='ocr_par' dir='ltr' id='par_1_101' title="bbox 1045 2116 1261 2145">
     <span class='ocr_line' id='line_1_101' title="bbox 1045 2116 1261 2145; baseline 0.009 -2"><span class='ocrx_word' id='word_1_683' title='bbox 1045 2123 1106 2144; x_wconf 92' lang='lat' dir='ltr'><strong><em>nem</em></strong></span> <span class='ocrx_word' id='word_1_684' title='bbox 1120 2116 1261 2145; x_wconf 80' lang='lat' dir='ltr'><strong><em>admissus.</em></strong></span> 
     </span>
    </p>
   </div>
   <div class='ocr_carea' id='block_1_102' title="bbox 1082 2161 1828 2198">
    <p class='ocr_par' dir='ltr' id='par_1_102' title="bbox 1082 2161 1828 2198">
     <span class='ocr_line' id='line_1_102' title="bbox 1082 2161 1828 2198; baseline 0.004 -10"><span class='ocrx_word' id='word_1_685' title='bbox 1082 2161 1109 2188; x_wconf 91' lang='lat'><strong><em>6.</em></strong></span> <span class='ocrx_word' id='word_1_686' title='bbox 1122 2161 1264 2191; x_wconf 88' lang='lat' dir='ltr'><strong><em>Interdixit</em></strong></span> <span class='ocrx_word' id='word_1_687' title='bbox 1279 2166 1409 2197; x_wconf 59' lang='lat' dir='ltr'><strong><em>praeterea</em></strong></span> <span class='ocrx_word' id='word_1_688' title='bbox 1423 2161 1616 2191; x_wconf 87' lang='lat' dir='ltr'><strong><em>Constantinus</em></strong></span> <span class='ocrx_word' id='word_1_689' title='bbox 1630 2163 1676 2198; x_wconf 88' lang='lat' dir='ltr'><strong><em>(e),</em></strong></span> <span class='ocrx_word' id='word_1_690' title='bbox 1704 2170 1738 2191; x_wconf 89' lang='lat' dir='ltr'><strong><em>ne</em></strong></span> <span class='ocrx_word' id='word_1_691' title='bbox 1751 2168 1828 2191; x_wconf 85' lang='lat' dir='ltr'><strong><em>extra</em></strong></span> 
     </span>
    </p>
   </div>
   <div class='ocr_carea' id='block_1_103' title="bbox 1045 2207 1828 2243">
    <p class='ocr_par' dir='ltr' id='par_1_103' title="bbox 1045 2207 1828 2243">
     <span class='ocr_line' id='line_1_103' title="bbox 1045 2207 1828 2243; baseline 0.003 -9"><span class='ocrx_word' id='word_1_692' title='bbox 1045 2207 1221 2235; x_wconf 85' lang='lat' dir='ltr'><strong><em>ecclesiarum</em></strong></span> <span class='ocrx_word' id='word_1_693' title='bbox 1232 2211 1319 2242; x_wconf 86' lang='lat' dir='ltr'><strong><em>septa,</em></strong></span> <span class='ocrx_word' id='word_1_694' title='bbox 1340 2212 1388 2236; x_wconf 91' lang='lat' dir='ltr'><strong><em>aut</em></strong></span> <span class='ocrx_word' id='word_1_695' title='bbox 1402 2208 1526 2242; x_wconf 88' lang='lat' dir='ltr'><strong><em>privatim</em></strong></span> <span class='ocrx_word' id='word_1_696' title='bbox 1542 2213 1588 2235; x_wconf 86' lang='lat' dir='ltr'><strong><em>aut</em></strong></span> <span class='ocrx_word' id='word_1_697' title='bbox 1600 2208 1688 2243; x_wconf 85' lang='lat' dir='ltr'><strong><em>palam</em></strong></span> <span class='ocrx_word' id='word_1_698' title='bbox 1709 2208 1828 2237; x_wconf 74' lang='lat' dir='ltr'><strong><em>haeretici</em></strong></span> 
     </span>
    </p>
   </div>
   <div class='ocr_carea' id='block_1_104' title="bbox 1047 2253 1829 2290">
    <p class='ocr_par' dir='ltr' id='par_1_104' title="bbox 1047 2253 1829 2290">
     <span class='ocr_line' id='line_1_104' title="bbox 1047 2253 1829 2290; baseline 0.004 -10"><span class='ocrx_word' id='word_1_699' title='bbox 1047 2253 1234 2286; x_wconf 82' lang='lat' dir='ltr'><strong><em>convenirent,</em></strong></span> <span class='ocrx_word' id='word_1_700' title='bbox 1252 2253 1299 2281; x_wconf 90' lang='lat' dir='ltr'><strong><em>sed</em></strong></span> <span class='ocrx_word' id='word_1_701' title='bbox 1311 2253 1393 2287; x_wconf 90' lang='lat' dir='ltr'><strong><em>jussit</em></strong></span> <span class='ocrx_word' id='word_1_702' title='bbox 1409 2257 1439 2280; x_wconf 89' lang='lat' dir='ltr'><strong><em>ut</em></strong></span> <span class='ocrx_word' id='word_1_703' title='bbox 1459 2260 1490 2283; x_wconf 83' lang='lat' dir='ltr'><strong><em>se</em></strong></span> <span class='ocrx_word' id='word_1_704' title='bbox 1508 2253 1707 2282; x_wconf 88' lang='lat' dir='ltr'><strong><em>Catholicorum</em></strong></span> <span class='ocrx_word' id='word_1_705' title='bbox 1731 2255 1829 2290; x_wconf 78' lang='lat' dir='ltr'><strong><em>junge—</em></strong></span> 
     </span>
    </p>
   </div>
   <div class='ocr_carea' id='block_1_105' title="bbox 1048 2299 1830 2331">
    <p class='ocr_par' dir='ltr' id='par_1_105' title="bbox 1048 2299 1830 2331">
     <span class='ocr_line' id='line_1_105' title="bbox 1048 2299 1830 2331; baseline 0 -4"><span class='ocrx_word' id='word_1_706' title='bbox 1048 2299 1248 2331; x_wconf 70' lang='lat' dir='ltr'><strong><em>rentetetibus.</em></strong></span> <span class='ocrx_word' id='word_1_707' title='bbox 1262 2299 1382 2328; x_wconf 83' lang='lat' dir='ltr'><strong><em>Necdum</em></strong></span> <span class='ocrx_word' id='word_1_708' title='bbox 1403 2300 1474 2326; x_wconf 89' lang='lat' dir='ltr'><strong><em>enim</em></strong></span> <span class='ocrx_word' id='word_1_709' title='bbox 1500 2300 1593 2328; x_wconf 87' lang='lat' dir='ltr'><strong><em>Ariani</em></strong></span> <span class='ocrx_word' id='word_1_710' title='bbox 1615 2300 1641 2327; x_wconf 92' lang='lat' dir='ltr'><strong><em>in</em></strong></span> <span class='ocrx_word' id='word_1_711' title='bbox 1658 2305 1759 2327; x_wconf 89' lang='lat' dir='ltr'><strong><em>sectam</em></strong></span> <span class='ocrx_word' id='word_1_712' title='bbox 1782 2301 1830 2327; x_wconf 87' lang='lat' dir='ltr'><strong><em>ali-</em></strong></span> 
     </span>
    </p>
   </div>
   <div class='ocr_carea' id='block_1_106' title="bbox 1047 2345 1830 2381">
    <p class='ocr_par' dir='ltr' id='par_1_106' title="bbox 1047 2345 1830 2381">
     <span class='ocr_line' id='line_1_106' title="bbox 1047 2345 1830 2381; baseline 0.001 -9"><span class='ocrx_word' id='word_1_713' title='bbox 1047 2353 1127 2381; x_wconf 91' lang='lat' dir='ltr'><strong><em>quam</em></strong></span> <span class='ocrx_word' id='word_1_714' title='bbox 1154 2346 1188 2373; x_wconf 90' lang='lat' dir='ltr'><strong><em>ab</em></strong></span> <span class='ocrx_word' id='word_1_715' title='bbox 1206 2345 1266 2373; x_wconf 89' lang='lat' dir='ltr'><strong><em>aliis</em></strong></span> <span class='ocrx_word' id='word_1_716' title='bbox 1280 2345 1416 2374; x_wconf 67' lang='lat' dir='ltr'><strong><em>haereticis</em></strong></span> <span class='ocrx_word' id='word_1_717' title='bbox 1428 2345 1582 2373; x_wconf 88' lang='lat' dir='ltr'><strong><em>distinctam</em></strong></span> <span class='ocrx_word' id='word_1_718' title='bbox 1604 2345 1662 2374; x_wconf 89' lang='lat' dir='ltr'><strong><em>loco</em></strong></span> <span class='ocrx_word' id='word_1_719' title='bbox 1675 2346 1778 2374; x_wconf 88' lang='lat' dir='ltr'><strong><em>scilicet</em></strong></span> <span class='ocrx_word' id='word_1_720' title='bbox 1802 2351 1830 2373; x_wconf 86' lang='lat' dir='ltr'><strong><em>et</em></strong></span> 
     </span>
    </p>
   </div>
   <div class='ocr_carea' id='block_1_107' title="bbox 1047 2391 1830 2427">
    <p class='ocr_par' dir='ltr' id='par_1_107' title="bbox 1047 2391 1830 2427">
     <span class='ocr_line' id='line_1_107' title="bbox 1047 2391 1830 2427; baseline 0.001 -9"><span class='ocrx_word' id='word_1_721' title='bbox 1047 2392 1244 2424; x_wconf 82' lang='lat' dir='ltr'><strong><em>conventibus,</em></strong></span> <span class='ocrx_word' id='word_1_722' title='bbox 1270 2391 1409 2424; x_wconf 88' lang='lat' dir='ltr'><strong><em>abierant;</em></strong></span> <span class='ocrx_word' id='word_1_723' title='bbox 1439 2392 1486 2419; x_wconf 88' lang='lat' dir='ltr'><strong><em>sed</em></strong></span> <span class='ocrx_word' id='word_1_724' title='bbox 1515 2393 1635 2427; x_wconf 85' lang='lat' dir='ltr'><strong><em>exceptis</em></strong></span> <span class='ocrx_word' id='word_1_725' title='bbox 1663 2392 1830 2426; x_wconf 82' lang='lat' dir='ltr'><strong><em>Novatiauis,</em></strong></span> 
     </span>
    </p>
   </div>
   <div class='ocr_carea' id='block_1_108' title="bbox 1047 2437 1830 2480">
    <p class='ocr_par' dir='ltr' id='par_1_108' title="bbox 1047 2437 1830 2480">
     <span class='ocr_line' id='line_1_108' title="bbox 1047 2437 1830 2480; baseline 0.003 -16"><span class='ocrx_word' id='word_1_726' title='bbox 1047 2437 1196 2473; x_wconf 84' lang='lat' dir='ltr'><strong><em>Phrygibus</em></strong></span> <span class='ocrx_word' id='word_1_727' title='bbox 1214 2457 1222 2470; x_wconf 93' lang='lat'><strong><em>,</em></strong></span> <span class='ocrx_word' id='word_1_728' title='bbox 1253 2437 1466 2471; x_wconf 74' lang='lat' dir='ltr'><strong><em>Valentinianus,</em></strong></span> <span class='ocrx_word' id='word_1_729' title='bbox 1498 2437 1663 2466; x_wconf 87' lang='lat' dir='ltr'><strong><em>Marcionitis</em></strong></span> <span class='ocrx_word' id='word_1_730' title='bbox 1683 2443 1713 2480; x_wconf 60' lang='lat' dir='ltr'><strong><em>et</em></strong></span> <span class='ocrx_word' id='word_1_731' title='bbox 1726 2439 1830 2466; x_wconf 80' lang='lat' dir='ltr'><strong><em>Paulis-</em></strong></span> 
     </span>
    </p>
   </div>
   <div class='ocr_carea' id='block_1_109' title="bbox 1047 2483 1830 2517">
    <p class='ocr_par' dir='ltr' id='par_1_109' title="bbox 1047 2483 1830 2517">
     <span class='ocr_line' id='line_1_109' title="bbox 1047 2483 1830 2517; baseline 0.003 -6"><span class='ocrx_word' id='word_1_732' title='bbox 1047 2484 1100 2517; x_wconf 88' lang='lat' dir='ltr'><strong><em>nis,</em></strong></span> <span class='ocrx_word' id='word_1_733' title='bbox 1117 2484 1231 2512; x_wconf 86' lang='lat' dir='ltr'><strong><em>aliorum</em></strong></span> <span class='ocrx_word' id='word_1_734' title='bbox 1247 2483 1480 2511; x_wconf 82' lang='lat' dir='ltr'><strong><em>iudiscriminatim</em></strong></span> <span class='ocrx_word' id='word_1_735' title='bbox 1493 2484 1680 2513; x_wconf 64' lang='lat' dir='ltr'><strong><em>haereticorum</em></strong></span> <span class='ocrx_word' id='word_1_736' title='bbox 1692 2486 1830 2513; x_wconf 90' lang='lat' dir='ltr'><strong><em>conventi-</em></strong></span> 
     </span>
    </p>
   </div>
   <div class='ocr_carea' id='block_1_110' title="bbox 1047 2521 1873 2564">
    <p class='ocr_par' dir='ltr' id='par_1_110' title="bbox 1047 2521 1873 2564">
     <span class='ocr_line' id='line_1_110' title="bbox 1047 2521 1873 2564; baseline 0.002 -6"><span class='ocrx_word' id='word_1_737' title='bbox 1047 2530 1099 2558; x_wconf 89' lang='lat' dir='ltr'><strong><em>bus</em></strong></span> <span class='ocrx_word' id='word_1_738' title='bbox 1115 2530 1276 2560; x_wconf 86' lang='lat' dir='ltr'><strong><em>intererant.</em></strong></span> <span class='ocrx_word' id='word_1_739' title='bbox 1292 2530 1354 2558; x_wconf 71' lang='lat' dir='ltr'><strong><em>Haee</em></strong></span> <span class='ocrx_word' id='word_1_740' title='bbox 1372 2530 1477 2558; x_wconf 84' lang='lat' dir='ltr'><strong><em>scilicet</em></strong></span> <span class='ocrx_word' id='word_1_741' title='bbox 1489 2531 1667 2564; x_wconf 72' lang='lat' dir='ltr'><strong><em>Sozomenus,</em></strong></span> <span class='ocrx_word' id='word_1_742' title='bbox 1686 2532 1727 2559; x_wconf 89' lang='lat' dir='ltr'><strong><em>cui</em></strong></span> <span class='ocrx_word' id='word_1_743' title='bbox 1743 2533 1768 2560; x_wconf 95' lang='lat' dir='ltr'><strong><em>in</em></strong></span> <span class='ocrx_word' id='word_1_744' title='bbox 1779 2532 1831 2560; x_wconf 90' lang='lat' dir='ltr'><strong><em>hoc</em></strong></span> <span class='ocrx_word' id='word_1_745' title='bbox 1869 2521 1873 2525; x_wconf 54' lang='grc'><em>’</em></span> 
     </span>
    </p>
   </div>
   <div class='ocr_carea' id='block_1_111' title="bbox 1047 2576 1830 2612">
    <p class='ocr_par' dir='ltr' id='par_1_111' title="bbox 1047 2576 1830 2612">
     <span class='ocr_line' id='line_1_111' title="bbox 1047 2576 1830 2612; baseline 0.003 -9"><span class='ocrx_word' id='word_1_746' title='bbox 1047 2576 1174 2606; x_wconf 88' lang='lat' dir='ltr'><strong><em>reclamat</em></strong></span> <span class='ocrx_word' id='word_1_747' title='bbox 1183 2576 1333 2604; x_wconf 84' lang='lat' dir='ltr'><strong><em>Alexander</em></strong></span> <span class='ocrx_word' id='word_1_748' title='bbox 1345 2576 1542 2605; x_wconf 84' lang='lat' dir='ltr'><strong><em>Alexandrinus</em></strong></span> <span class='ocrx_word' id='word_1_749' title='bbox 1557 2584 1637 2612; x_wconf 90' lang='lat' dir='ltr'><strong><em>supra</em></strong></span> <span class='ocrx_word' id='word_1_750' title='bbox 1651 2585 1678 2612; x_wconf 88' lang='lat' dir='ltr'><strong><em>p.</em></strong></span> <span class='ocrx_word' id='word_1_751' title='bbox 1694 2586 1768 2610; x_wconf 79' lang='lat' dir='ltr'><strong><em>thv,</em></strong></span> <span class='ocrx_word' id='word_1_752' title='bbox 1786 2578 1830 2605; x_wconf 90' lang='lat' dir='ltr'><strong><em>ubi</em></strong></span> 
     </span>
    </p>
   </div>
   <div class='ocr_carea' id='block_1_112' title="bbox 1047 2622 1830 2659">
    <p class='ocr_par' dir='ltr' id='par_1_112' title="bbox 1047 2622 1830 2659">
     <span class='ocr_line' id='line_1_112' title="bbox 1047 2622 1830 2659; baseline 0.003 -10"><span class='ocrx_word' id='word_1_753' title='bbox 1047 2623 1096 2654; x_wconf 92' lang='lat' dir='ltr'><strong><em>ait,</em></strong></span> <span class='ocrx_word' id='word_1_754' title='bbox 1109 2622 1297 2652; x_wconf 87' lang='lat' dir='ltr'><strong><em>Colluthianos</em></strong></span> <span class='ocrx_word' id='word_1_755' title='bbox 1312 2628 1393 2658; x_wconf 89' lang='lat' dir='ltr'><strong><em>atque</em></strong></span> <span class='ocrx_word' id='word_1_756' title='bbox 1406 2631 1500 2652; x_wconf 88' lang='lat' dir='ltr'><strong><em>eorum</em></strong></span> <span class='ocrx_word' id='word_1_757' title='bbox 1520 2624 1644 2659; x_wconf 89' lang='lat' dir='ltr'><strong><em>exemplo</em></strong></span> <span class='ocrx_word' id='word_1_758' title='bbox 1665 2625 1780 2654; x_wconf 82' lang='lat' dir='ltr'><strong><em>Arianos</em></strong></span> <span class='ocrx_word' id='word_1_759' title='bbox 1805 2625 1830 2651; x_wconf 93' lang='lat' dir='ltr'><strong><em>in</em></strong></span> 
     </span>
    </p>
   </div>
   <div class='ocr_carea' id='block_1_113' title="bbox 1046 2668 1830 2704">
    <p class='ocr_par' dir='ltr' id='par_1_113' title="bbox 1046 2668 1830 2704">
     <span class='ocr_line' id='line_1_113' title="bbox 1046 2668 1830 2704; baseline 0.001 -9"><span class='ocrx_word' id='word_1_760' title='bbox 1046 2668 1179 2703; x_wconf 87' lang='lat' dir='ltr'><strong><em>separatis</em></strong></span> <span class='ocrx_word' id='word_1_761' title='bbox 1191 2668 1257 2696; x_wconf 88' lang='lat' dir='ltr'><strong><em>locis</em></strong></span> <span class='ocrx_word' id='word_1_762' title='bbox 1275 2675 1424 2697; x_wconf 82' lang='lat' dir='ltr'><strong><em>conventus</em></strong></span> <span class='ocrx_word' id='word_1_763' title='bbox 1437 2677 1526 2704; x_wconf 78' lang='lat' dir='ltr'><strong><em>agere.</em></strong></span> <span class='ocrx_word' id='word_1_764' title='bbox 1548 2669 1586 2699; x_wconf 81' lang='lat' dir='ltr'><strong><em>Ex</em></strong></span> <span class='ocrx_word' id='word_1_765' title='bbox 1604 2669 1730 2704; x_wconf 61' lang='lat' dir='ltr'><strong><em>praedicta</em></strong></span> <span class='ocrx_word' id='word_1_766' title='bbox 1748 2669 1830 2704; x_wconf 77' lang='lat' dir='ltr'><strong><em>impe-</em></strong></span> 
     </span>
    </p>
   </div>
   <div class='ocr_carea' id='block_1_114' title="bbox 1047 2713 1829 2752">
    <p class='ocr_par' dir='ltr' id='par_1_114' title="bbox 1047 2713 1829 2752">
     <span class='ocr_line' id='line_1_114' title="bbox 1047 2713 1829 2752; baseline 0.001 -12"><span class='ocrx_word' id='word_1_767' title='bbox 1047 2714 1146 2745; x_wconf 83' lang='lat' dir='ltr'><strong><em>ratoris</em></strong></span> <span class='ocrx_word' id='word_1_768' title='bbox 1162 2713 1221 2752; x_wconf 86' lang='lat' dir='ltr'><strong><em>lege</em></strong></span> <span class='ocrx_word' id='word_1_769' title='bbox 1234 2714 1347 2747; x_wconf 87' lang='lat' dir='ltr'><strong><em>factum,</em></strong></span> <span class='ocrx_word' id='word_1_770' title='bbox 1374 2720 1403 2743; x_wconf 90' lang='lat' dir='ltr'><strong><em>ut</em></strong></span> <span class='ocrx_word' id='word_1_771' title='bbox 1426 2723 1520 2744; x_wconf 85' lang='lat' dir='ltr'><strong><em>earum</em></strong></span> <span class='ocrx_word' id='word_1_772' title='bbox 1544 2716 1676 2745; x_wconf 65' lang='lat' dir='ltr'><strong><em>haeresum</em></strong></span> <span class='ocrx_word' id='word_1_773' title='bbox 1702 2715 1829 2744; x_wconf 70' lang='lat' dir='ltr'><strong><em>memoria</em></strong></span> 
     </span>
    </p>
   </div>
   <div class='ocr_carea' id='block_1_115' title="bbox 1047 2761 1512 2797">
    <p class='ocr_par' dir='ltr' id='par_1_115' title="bbox 1047 2761 1512 2797">
     <span class='ocr_line' id='line_1_115' title="bbox 1047 2761 1512 2797; baseline 0.004 -9"><span class='ocrx_word' id='word_1_774' title='bbox 1047 2768 1144 2797; x_wconf 82' lang='lat' dir='ltr'><strong><em>magna</em></strong></span> <span class='ocrx_word' id='word_1_775' title='bbox 1160 2768 1192 2788; x_wconf 84' lang='lat' dir='ltr'><strong><em>ex</em></strong></span> <span class='ocrx_word' id='word_1_776' title='bbox 1208 2766 1285 2796; x_wconf 88' lang='lat' dir='ltr'><strong><em>parte</em></strong></span> <span class='ocrx_word' id='word_1_777' title='bbox 1298 2761 1450 2790; x_wconf 82' lang='lat' dir='ltr'><strong><em>oblitterata</em></strong></span> <span class='ocrx_word' id='word_1_778' title='bbox 1466 2762 1512 2790; x_wconf 87' lang='lat' dir='ltr'><strong><em>sit.</em></strong></span> 
     </span>
    </p>
   </div>
   <div class='ocr_carea' id='block_1_116' title="bbox 1083 2831 1483 2866">
    <p class='ocr_par' dir='ltr' id='par_1_116' title="bbox 1083 2831 1483 2866">
     <span class='ocr_line' id='line_1_116' title="bbox 1083 2831 1483 2866; baseline 0.003 -8"><span class='ocrx_word' id='word_1_779' title='bbox 1083 2832 1123 2864; x_wconf 68' lang='lat' dir='ltr'><strong><em>id)</em></strong></span> <span class='ocrx_word' id='word_1_780' title='bbox 1138 2831 1246 2858; x_wconf 83' lang='lat' dir='ltr'><strong><em>Sozom.</em></strong></span> <span class='ocrx_word' id='word_1_781' title='bbox 1259 2831 1306 2857; x_wconf 90' lang='lat' dir='ltr'><strong><em>lib.</em></strong></span> <span class='ocrx_word' id='word_1_782' title='bbox 1322 2839 1353 2862; x_wconf 83' lang='lat' dir='ltr'><strong><em>tt,</em></strong></span> <span class='ocrx_word' id='word_1_783' title='bbox 1366 2839 1426 2866; x_wconf 87' lang='lat' dir='ltr'><strong><em>cap.</em></strong></span> <span class='ocrx_word' id='word_1_784' title='bbox 1440 2833 1483 2859; x_wconf 72' lang='grc'><strong><em>52.</em></strong></span> 
     </span>
    </p>
   </div>
   <div class='ocr_carea' id='block_1_117' title="bbox 1085 2866 1466 2903">
    <p class='ocr_par' dir='ltr' id='par_1_117' title="bbox 1085 2866 1466 2903">
     <span class='ocr_line' id='line_1_117' title="bbox 1085 2866 1466 2903; baseline -0.003 -8"><span class='ocrx_word' id='word_1_785' title='bbox 1085 2867 1120 2903; x_wconf 89' lang='lat' dir='ltr'><strong><em>(e)</em></strong></span> <span class='ocrx_word' id='word_1_786' title='bbox 1133 2866 1240 2895; x_wconf 87' lang='lat' dir='ltr'><strong><em>Sozont.</em></strong></span> <span class='ocrx_word' id='word_1_787' title='bbox 1259 2866 1335 2898; x_wconf 87' lang='lat' dir='ltr'><strong><em>ibid..</em></strong></span> <span class='ocrx_word' id='word_1_788' title='bbox 1353 2875 1411 2902; x_wconf 84' lang='lat' dir='ltr'><strong><em>cap.</em></strong></span> <span class='ocrx_word' id='word_1_789' title='bbox 1421 2867 1466 2894; x_wconf 71' lang='lat'><strong><em>33.</em></strong></span> 
     </span>
    </p>
   </div>
  </div>
