2000 3045
851 138 932 167 νιτΑ
951 139 980 168 S.
1001 137 1196 166 ATIIANASII.
1779 145 1821 164 xct

227 195 255 223 'l.
274 195 402 222 Eusebius
415 198 439 222 et
458 195 608 230 Theognius
621 195 684 230 fidei
700 195 842 230 formulam
853 196 944 223 edunt.
955 210 990 215 —
1004 196 1025 224 A
1040 193 1216 222 Constantius
1234 201 1289 229 prae
1308 192 1412 221 caneris
1438 193 1552 221 dilectus
1565 193 1616 222 sibi
1631 193 1702 222 illius
1719 197 1820 223 adven-

194 242 294 269 Eodem
318 240 406 269 ferme
424 246 546 276 tempore
570 241 703 269 Eusebius
725 241 937 269 Nicomediensis
955 246 983 268 et

192 288 347 323 Theognius
367 287 512 320 Nicaenus,
538 287 679 315 turbarum
699 295 731 315 ac
750 293 870 315 motuum
888 295 982 322 percu-

192 335 259 370 pidi,
277 342 376 362 novam
391 334 452 363 iidei
470 334 613 362 formulam
624 334 743 367 edidere,
757 341 810 369 qua
827 333 874 360 τοῦ
889 334 982 369 ὁμοθυ-

193 379 253 406 σῖου
266 386 360 407 vocem
373 387 427 407 non
442 379 586 415 repudiare
599 379 708 414 quidem
722 384 793 406 metu
811 379 982 413 imperatoris

194 425 308 452 Nicaeus:
334 425 396 453 ﬁdei
420 426 595 458 deditissimi,
619 426 665 454 sed
687 425 848 460 quibusdam
860 427 892 453 ad
905 433 980 453 suam

193 471 331 499 libidinem
358 472 627 507 interpretationibus
656 472 794 498 inﬁrmare
826 477 890 499 sunt
911 472 978 499 ausi.

194 519 284 552 Atque
298 518 360 546 inde
372 526 503 546 novarum
512 519 692 553 quaestionum
703 522 731 545 et
742 517 980 553 discerptationum

194 566 280 600 origo.

230 611 255 639 8.
271 611 414 638 Alexandri
437 611 720 645 Constantinopolitani
740 619 820 638 mors.
838 609 939 638 Paulus
953 611 981 638 in

194 659 250 693 ejus
257 660 342 685 locum
349 660 554 693 subrogatur.—~
562 658 715 686 Alexander
723 658 829 686 interim
839 658 981 693 episcopus

194 703 520 739 Constantinopolitauus,
527 705 658 739 nequeita
668 705 753 732 multo
761 709 822 739 post
831 703 980 739 relegatum

194 750 221 777 in
239 750 344 777 Gallias
359 750 554 783 Athanasium,
575 755 646 778 totos
659 754 714 778 tres
730 758 811 785 supra
824 750 916 784 viginti
933 757 981 776 an-

194 804 243 823 nos
256 796 404 831 episcopali
426 804 537 824 munere
552 804 612 824 cum
627 797 705 823 laude
728 796 896 831 perfunctus,
910 796 980 823 diem

194 841 262 867 obiit
280 846 431 868 extremum
444 840 494 876 (ιι),
508 848 594 868 annos
607 845 688 868 natus
702 840 846 875 nonaginta
864 845 891 877 et
907 844 978 867 octo.

195 885 231 913 Ut
253 892 315 913 ante
332 886 503 914 Constantini
517 887 620 914 obitum
637 886 696 921 ejus
714 891 828 914 mortem
856 886 981 913 confera-

195 940 266 965 inus,
281 933 377 960 suadet
389 932 565 966 Athanasius,
581 933 626 967 qui
639 939 826 961 successorem
839 932 897 966 ejus
911 932 980 968 Pau-

193 977 248 1004 lum
264 979 356 1005 eodem
375 979 527 1014 imperante
551 981 639 1014 patrio
663 979 720 1007 solo
743 978 859 1012 ejectum
876 983 979 1006 narrat.

192 1022 272 1050 Errat
286 1023 483 1057 Theodoretus,
497 1025 540 1052 ubi
553 1024 699 1052 Eusebium
712 1024 777 1052 dicit
793 1029 853 1059 post
867 1029 980 1052 tuortetn

191 1068 341 1095 Alexandri
358 1076 418 1096 eam
433 1069 525 1097 sedem
542 1069 685 1098 invasisse.
699 1068 754 1097 Nec
769 1070 858 1097 minus
870 1069 923 1097 labi
937 1069 980 1096 vi-

191 1114 290 1140 dentur
305 1113 434 1141 Socrates
451 1119 479 1141 et
492 1114 671 1147 Sozomenus,
687 1114 732 1148 qui
749 1114 850 1141 obitum
862 1113 920 1148 ejus
937 1122 980 1142 re-

193 1158 283 1185 ferunt
297 1159 323 1186 in
339 1159 492 1186 Constantii
505 1160 658 1194 imperium.
680 1160 794 1187 Praestat
815 1167 880 1187 sane
897 1159 980 1186 Atha—

193 1205 271 1233 nasio
288 1205 389 1233 habere
404 1206 496 1238 fidem,
512 1207 557 1241 qui
573 1207 679 1234 duobus
694 1211 757 1241 post
772 1206 919 1234 Alexandri
933 1206 980 1234 de-

195 1258 299 1279 cessum
314 1252 393 1279 annis
412 1252 645 1287 Constantinopoli
661 1260 753 1288 agens,
767 1260 815 1287 per
830 1260 937 1279 moram
952 1257 981 1280 et

193 1300 312 1334 quietem
338 1300 488 1328 intermissi
513 1300 619 1328 itineris
644 1300 720 1328 testis
746 1299 796 1327 fuit
821 1299 924 1327 iteratae
953 1298 979 1326 in

190 1346 303 1374 Paulum
320 1347 530 1380 criminationis,
554 1354 637 1382 quam
658 1346 764 1374 caeteris
788 1346 978 1381 scriptoribus,

191 1392 238 1426 qui
264 1396 327 1425 post
347 1391 468 1427 elapsum
488 1392 615 1419 saeculum
639 1392 696 1419 haec
719 1391 919 1426 conscripsere.
950 1389 979 1417 In

191 1437 341 1465 Alexandri
368 1444 434 1471 ergo
460 1438 548 1465 locum
570 1441 714 1472 cooptatus
728 1436 828 1464 Paulus
843 1435 904 1462 fuit.
926 1435 978 1469 Qui

191 1483 347 1511 Alexander
360 1483 479 1510 instante
505 1483 580 1510 obitu
610 1483 768 1517 rogantibus
788 1482 906 1515 clericis,
922 1482 979 1509 cui-

189 1537 253 1556 nam
271 1528 416 1557 deferenda
430 1529 510 1557 sedes
526 1534 619 1558 esset:
635 1530 663 1557 Si
679 1529 780 1562 virum,
805 1529 903 1564 inquit,
921 1529 978 1564 ple-
991 1548 1012 1578 ο

191 1580 249 1602 tate
268 1579 296 1602 et
319 1575 445 1603 doctrina
469 1575 603 1610 insignem
620 1575 754 1610 quaeritis,
769 1575 846 1602 adest
857 1574 975 1608 Paulus;

188 1620 232 1647 sin
260 1620 398 1648 hominem
424 1627 486 1648 eum
511 1621 638 1656 gerendis
653 1621 734 1649 rebus
754 1625 977 1656 peracrem,tum

187 1665 362 1700 colloquendi
377 1673 439 1694 cum
453 1665 592 1700 judicibus
603 1667 730 1701 peritum,
745 1667 882 1699 mavultis,
903 1675 978 1694 com-

188 1712 296 1739 rnodior
309 1711 492 1739 Macedonius.
509 1712 567 1739 Non
586 1712 729 1745 intactum,
743 1720 830 1748 neque
841 1713 909 1740 dolis
921 1714 977 1740 suis

188 1758 350 1793 insidiisque
371 1764 509 1794 expertem
531 1758 643 1786 Paulum
667 1759 789 1786 siverunt
814 1759 918 1792 Ariani,
938 1759 978 1786 vi-

187 1812 251 1832 rum
265 1805 372 1833 scilicet
393 1805 505 1840 pietatis
528 1805 581 1832 sibi
607 1810 633 1833 et
656 1805 769 1841 integra:
789 1805 851 1832 fidei
868 1805 977 1833 nomine

185 1858 316 1886 perosum
333 1861 341 1886 ;
359 1852 418 1883 sed,
434 1859 495 1886 qua;
517 1851 643 1887 expedita
662 1851 715 1879 illis
732 1855 896 1885 assuetaque
918 1856 977 1878 erat

187 1897 337 1931 perniciem
364 1896 539 1924 machinandi
565 1896 619 1928 via,
645 1895 761 1923 crimina
786 1896 886 1923 insonti
911 1895 976 1923 olfe-

185 1947 262 1975 runt,
294 1943 438 1978 ipsumque
459 1950 535 1970 reum
565 1946 650 1978 agunt
675 1942 745 1977 apud
772 1942 974 1977 imperatorem.

185 1988 394 2020 Constantinus,
410 1989 507 2016 iterum
521 1988 724 2016 circumventus
738 1988 856 2015 artiﬁcio
871 1993 976 2016 vetera-

186 2040 288 2068 torum,
307 2035 418 2062 Paulum
435 2035 538 2070 relegat
559 2035 585 2062 in
599 2035 727 2062 Pontum.
752 2035 788 2062 At
801 2042 854 2061 non
868 2034 975 2063 diutur-

185 2088 251 2108 num
266 2080 390 2108 exsilium
405 2080 465 2108 luit.
495 2080 628 2108 Defuncto
645 2088 762 2115 namque
784 2080 973 2115 Constantino,

187 2125 216 2154 in
232 2126 324 2153 sedem
340 2131 370 2153 ut
383 2126 429 2153 alii
442 2126 550 2154 exsules
564 2133 689 2154 reversus
702 2131 754 2154 est.

222 2172 297 2199 Auno
312 2172 375 2199 357.
394 2187 430 2192 —
449 2172 475 2198 i.
493 2171 583 2199 Julius
606 2172 635 2198 in
658 2168 805 2199 Romanum
824 2173 974 2207 pontiﬁcem

1037 245 1118 273 taret,
1144 244 1335 268 testamentum
1369 244 1477 267 mature
1500 240 1551 274 ipsi
1580 240 1711 268 traderet.
1726 241 1822 276 ,Νεωο

1036 288 1109 318 enim
1123 294 1193 314 unus
1206 286 1322 314 ﬁliorum
1336 286 1447 314 obeunti
1460 286 1530 321 patri
1543 286 1640 314 adfuit.
1655 286 1694 315 Re
1707 288 1745 315 sic
1761 296 1823 316 con-

1036 333 1143 366 stituta,
1161 333 1259 368 exiguo
1274 332 1434 368 interposito
1452 333 1556 360 dierum
1575 333 1673 367 spatio,
1687 333 1743 361 vita
1764 334 1822 362 fun-

1035 384 1095 406 ctus
1111 383 1162 406 est.
1180 378 1279 406 Fertur
1294 379 1320 406 in
1336 378 1451 413 epistola
1467 378 1638 406 Constantini
1649 378 1778 413 junioris,
1794 380 1821 407 id

1035 425 1117 452 animi
1137 424 1222 452 fuisse
1237 424 1318 460 patri,
1336 430 1366 452 ut
1389 424 1567 452 Athanasium
1585 429 1725 452 revocaret
1739 426 1766 452 in
1777 433 1822 454 se-

1035 471 1095 497 dem
1121 478 1208 503 suam,
1235 470 1282 498 sed
1305 470 1361 498 fato
1385 476 1601 506 praaoccupatum
1622 479 1676 499 non
1701 472 1821 507 potuisse

1034 520 1156 550 optatum
1175 517 1297 552 exsequi.
1320 516 1393 544 Obiit
1409 517 1454 544 ille
1469 517 1512 544 die
1526 521 1621 545 sancto
1634 517 1819 550 Pentecostes,

1035 562 1163 589 vicesima
1178 562 1238 589 Maii
1253 570 1323 590 coss.
1337 562 1474 591 Feliciauo
1489 569 1515 591 et
1527 564 1642 591 Titiano.

1069 607 1096 634 2.
1124 607 1296 635 Constantius
1321 614 1447 644 cognatos
1475 611 1600 637 trucidat.
1627 626 1662 631 —
1688 611 1819 639 Defuncto

1033 653 1223 688 Constantino,
1244 655 1389 690 imperium
1413 655 1590 685 Constantius
1612 658 1684 685 caede
1705 665 1819 686 consan-

1034 700 1196 734 guineorum
1217 705 1259 728 est
1281 701 1449 736 auspicatus.
1463 701 1530 730 Nam
1547 702 1604 730 sive
1615 702 1685 730 clam
1704 703 1770 738 jussi
1785 703 1819 731 ab

1033 753 1067 774 eo
1080 746 1190 781 milites,
1208 747 1266 775 sive
1281 753 1379 782 suopte
1399 753 1473 775 motu
1491 753 1518 777 et
1541 750 1668 782 consilio,
1687 755 1716 777 ut
1736 751 1820 777 tutior

1034 793 1203 821 Constantini
1223 793 1285 821 filiis
1302 798 1406 828 pateret
1428 795 1462 822 ad
1484 785 1597 830 regnum
1624 795 1725 828 aditus,
1746 795 1819 823 Con-

1034 840 1135 867 stantio
1152 840 1255 868 interea
1271 848 1319 876 per
1334 840 1577 868 dissimulationem
1599 841 1740 876 ignorandi
1762 849 1818 869 rem

1033 894 1086 914 non
1124 887 1257 922 ingratam
1285 887 1336 914 sibi
1364 886 1422 914 fieri
1451 887 1628 919 concedente,
1655 887 1817 915 Dalmatium

1031 933 1175 966 Caesarem,
1185 934 1393 961 Annibalianum
1405 941 1507 969 regem,
1519 933 1617 961 Iulium
1630 933 1816 961 Constantium

1031 979 1202 1008 Constantini
1218 980 1341 1012 fratrem,
1359 987 1420 1008 cum
1437 980 1491 1008 alio
1507 980 1569 1007 item
1583 979 1642 1015 ejus
1664 980 1758 1014 fratre,
1772 988 1818 1008 cu-

1028 1026 1074 1060 jus
1090 1031 1195 1054 tacetur
1208 1033 1317 1058 nomen,
1336 1031 1364 1054 et
1381 1026 1503 1061 quinque
1525 1026 1594 1054 alios
1618 1031 1747 1061 cognatos
1768 1027 1817 1054 ob—

1030 1077 1168 1101 truncant.
1195 1072 1262 1101 Ctesi
1291 1072 1374 1101 etiam
1401 1077 1465 1100 sunt
1495 1072 1610 1108 Optatus
1637 1074 1767 1108 patrii-ius
1791 1078 1819 1100 et

1030 1119 1159 1146 Ablavius
1185 1119 1305 1154 praetorii
1340 1118 1495 1154 praefectus.
1523 1118 1588 1152 Quae
1612 1127 1656 1146 res
1679 1127 1815 1154 tttugnam,

1031 1166 1069 1193 uti
1093 1173 1141 1200 par
1164 1166 1372 1198 erat,invidiam
1387 1165 1490 1193 ineunti
1503 1166 1645 1200 imperium
1659 1166 1816 1193 Constantio

1030 1211 1168 1240 conﬂavit.
1194 1211 1251 1239 Non
1273 1212 1387 1247 perinde
1407 1216 1496 1239 tamen
1518 1212 1546 1239 in
1571 1211 1671 1239 fratres
1694 1211 1814 1246 iniquus,

1031 1258 1136 1291 ambos,
1164 1257 1375 1288 Constantinum
1399 1257 1501 1285 scilicet
1524 1261 1552 1284 et
1579 1256 1768 1289 Constantem,
1791 1257 1816 1284 in

1030 1303 1168 1331 Pannonia
1196 1304 1333 1336 convenit,
1361 1311 1394 1331 ex
1421 1310 1497 1338 aequo
1521 1307 1548 1331 et
1575 1303 1646 1330 bono
1673 1303 1816 1338 imperium

1030 1349 1133 1382 divisit,
1155 1353 1185 1377 ut
1206 1357 1259 1377 non
1283 1348 1416 1384 potiorem
1442 1349 1499 1383 ipse
1525 1347 1576 1375 sibi
1602 1352 1704 1375 sortem
1732 1348 1816 1375 ascri-

1029 1395 1116 1423 beret.

1064 1440 1092 1467 3.
1116 1439 1260 1467 Eusebiaui
1290 1440 1473 1467 Constantium
1498 1441 1532 1468 ad
1554 1449 1615 1468 suos
1639 1445 1727 1475 partes
1754 1440 1817 1467 alli-

1029 1487 1113 1512 ciunt.
1129 1499 1163 1506 —
1181 1485 1255 1514 inter
1270 1485 1328 1513 hac
1343 1485 1380 1520 (ο)
1401 1485 1532 1513 Eusebius
1556 1485 1773 1513 Nicomediensis
1789 1491 1817 1512 et

1029 1531 1184 1567 Theognius
1199 1530 1334 1563 Nicteuus,
1349 1531 1451 1558 assidui
1479 1531 1619 1558 turbarum
1643 1531 1670 1558 in
1693 1531 1815 1558 Ecclesia

1030 1582 1167 1611 auctores,
1180 1583 1373 1612 opportunum,
1390 1577 1570 1605 Constantino
1583 1577 1734 1610 demortuo,
1747 1583 1815 1604 tetu-

1029 1630 1079 1657 pus
1103 1631 1133 1651 se
1155 1628 1252 1651 nactos
1272 1624 1408 1655 arbitrati,
1433 1623 1466 1651 de
1487 1631 1555 1651 voce
1576 1623 1717 1658 ὁμοοὺσιον
1743 1623 1816 1651 abie-

1028 1669 1125 1705 gantla,
1155 1668 1362 1704 inducendaque
1397 1670 1453 1697 Arii
1478 1669 1600 1697 doctrina
1634 1669 1754 1702 solliciti,
1782 1676 1815 1697 eo

1028 1713 1141 1741 consilia
1169 1714 1259 1741 omnia
1285 1714 1418 1746 referunt,
1444 1714 1483 1741 rei
1504 1713 1629 1748 gerendae
1654 1713 1815 1741 administro

1028 1759 1068 1786 usi
1084 1759 1256 1794 presbytero,
1284 1759 1326 1786 cui
1349 1759 1534 1786 concreditum
1555 1766 1570 1785 a
1587 1758 1763 1786 Constantino
1776 1764 1814 1786 te<

1028 1808 1195 1832 stamentum
1218 1803 1317 1831 fuerat.
1341 1804 1417 1837 Quod
1441 1811 1501 1831 cum
1524 1803 1579 1836 ille,
1602 1804 1731 1838 utjussus
1743 1810 1813 1837 erat,

1026 1849 1192 1877 Constantio
1212 1848 1371 1882 obtulisset;
1398 1848 1443 1876 hic
1456 1853 1484 1875 ut
1497 1852 1618 1882 optatum
1635 1849 1686 1875 sibi
1705 1856 1720 1875 a
1736 1854 1814 1883 patre

1027 1895 1163 1930 assignari
1179 1894 1301 1922 Orientis
1317 1894 1460 1929 imperium
1483 1894 1604 1928 edidicit,
1625 1894 1812 1930 presbyterum

1028 1942 1054 1968 in
1071 1940 1160 1979 pretio
1178 1940 1272 1967 habuit
1285 1944 1311 1968 et
1325 1940 1350 1966 in
1365 1940 1478 1972 honore,
1493 1939 1663 1975 liberumque
1677 1941 1814 1967 concessit

1027 1989 1060 2015 ad
1076 1987 1278 2023 imperatoriam
1306 1987 1415 2014 domum
1440 1986 1554 2015 aditum.
1579 1986 1637 2015 Hac
1648 1987 1813 2015 datafacul-

1027 2039 1083 2062 tate
1100 2034 1174 2061 brevi
1189 2033 1245 2066 ille,
1260 2037 1290 2060 ut
1305 2038 1365 2060 erat
1378 2037 1514 2060 veterator
1536 2033 1628 2066 homo,
1653 2038 1679 2060 et
1701 2033 1735 2060 ad
1750 2041 1814 2061 con-

1026 2079 1170 2108 ciliandam
1183 2079 1234 2107 sibi
1251 2079 1364 2115 gratiam
1377 2079 1556 2114 compositus.
1574 2078 1740 2113 imperatrici
1753 2086 1813 2113 per-

1028 2127 1172 2155 familiaris
1184 2127 1260 2166 .fuit,
1276 2126 1410 2154 eunuchis
1425 2127 1489 2154 item
1505 2126 1654 2161 percharus
1673 2130 1699 2153 et
1714 2132 1812 2152 neces-

1026 2173 1278 2208 situdinejunctus,
1294 2180 1410 2208 quorum
1429 2173 1525 2208 ingens
1537 2175 1598 2199 erat
1611 2171 1642 2205 lin
1660 2171 1810 2198 Constantii

186 2214 320 2249 deligitur.
337 2214 409 2242 Mors
426 2214 790 2244 Constaulini.—Anno537
801 2217 974 2249 ineunte,Ju-
990 2235 1013 2263 Β
1027 2220 1127 2255 palatio
1155 2227 1285 2247 numerus
1306 2218 1383 2253 juxta
1403 2222 1484 2253 atque
1505 2217 1665 2245 auctoritas.
1679 2217 1711 2244 Et
1723 2217 1809 2250 brevi,

186 2259 239 2288 lius
254 2260 280 2286 in
295 2260 445 2288 Romanum
461 2261 613 2297 pontificem
635 2261 760 2296 deligitur
772 2261 820 2298 (ὸ),
837 2271 897 2291 cunt
911 2269 973 2299 post

187 2304 271 2332 Marci
287 2306 423 2340 pontiﬁcis
437 2314 469 2334 ac
481 2307 612 2342 Syivestri
625 2309 790 2337 successoris
801 2315 916 2338 mortem
929 2319 971 2340 se-

186 2350 235 2378 des
253 2351 399 2386 apostolica
411 2358 535 2380 vacasset
549 2359 666 2388 quatuor
685 2355 833 2383 mensibus.
856 2356 971 2391 insignis

187 2397 257 2424 idem
283 2406 370 2426 annus
395 2398 447 2425 fuit
470 2399 640 2426 Constantini
674 2400 764 2434 magni
800 2401 900 2434 obitu;
924 2405 970 2438 qui

187 2443 282 2469 morbo
296 2442 423 2471 laborans
438 2451 575 2478 supremo,
592 2443 756 2472 Nicomedia:
779 2446 888 2475 Eusebii
914 2457 972 2476 ma-

188 2488 267 2515 nibus
283 2487 420 2523 baptismo
434 2489 557 2524 tingitur,
571 2495 599 2516 ut
612 2490 668 2526 jam
681 2491 788 2526 vulgata
802 2494 971 2522 eruditorum

188 2534 242 2562 fert
265 2536 368 2570 opinio.
391 2537 573 2571 lnopportuue
598 2537 696 2565 cecidit
721 2539 749 2566 in
772 2540 913 2568 catholicae
934 2542 973 2569 rei

189 2589 271 2616 grave
283 2583 488 2616 detrimenlutn,
503 2588 533 2610 ut
546 2588 737 2612 testamentum
757 2592 836 2612 suum
854 2587 973 2614 traderet

187 2628 292 2655 Ariano
308 2629 478 2664 presbytero,
490 2637 570 2664 quem
583 2637 665 2665 supra
682 2631 857 2660 meminimus
868 2639 882 2659 a
902 2633 972 2660 Con-

188 2675 287 2701 stantia
306 2675 427 2710 Augusta
451 2675 478 2702 in
503 2675 597 2703 fratris
621 2676 777 2704 clientelam
803 2682 830 2705 et
856 2680 972 2712 gratiam

189 2725 353 2754 evocatum;
378 2720 541 2749 obstrictum
565 2721 755 2757 jurejurando,
777 2727 805 2750 ut
831 2723 912 2751 simul
944 2733 975 2752 ac

227 2788 263 2825 (ιι)
275 2788 384 2829 _So_crat.
403 2791 451 2820 lib.
463 2791 609 2829 tt_._cap.6;
631 2790 738 2820 Sozom.
753 2793 799 2821 lib.
817 2801 850 2827 Il,
864 2801 923 2829 cap.
936 2794 969 2828 6;

191 2822 352 2860 russam).
368 2834 389 2858 1-,
404 2834 463 2860 cap.
478 2826 521 2854 l9.

225 2860 263 2895 (ὁ)
284 2859 391 2889 Socrat.
414 2859 461 2890 lib.
499 2869 519 2895 ι,
542 2869 602 2898 cap.
627 2862 662 2890 50
682 2871 689 2897 ;
716 2862 823 2892 Summ.
853 2865 902 2892 lib.
937 2873 968 2899 il,

1027 2265 1215 2293 eunucltorum
1232 2265 1353 2299 principe
1370 2264 1485 2291 Eusebio
1507 2263 1676 2298 imperatorii
1693 2263 1811 2292 cubiculi

1025 2311 1170 2347 praeposito
1180 2311 1206 2338 in
1222 2310 1279 2338 Arii
1294 2310 1454 2338 sententiam
1469 2307 1596 2342 deducto,
1610 2309 1668 2344 ejus
1682 2310 1810 2344 deinceps

1025 2365 1105 2393 opera
1121 2362 1176 2384 tota
1191 2361 1300 2385 caterva
1310 2356 1433 2384 eamdem
1447 2355 1601 2383 doctrinam
1618 2356 1742 2390 amplexa
1756 2361 1808 2383 est.

1026 2404 1081 2431 Imo
1105 2411 1171 2431 vero
1192 2404 1249 2438 ipsa
1271 2403 1405 2438 Augusta,
1434 2397 1584 2436 presbyteri
1609 2406 1636 2429 et
1658 2402 1809 2436 spadonum

1025 2450 1144 2482 hortatu,
1164 2449 1223 2476 Arii
1247 2456 1307 2476 sese
1326 2449 1448 2483 partibus
1468 2447 1602 2482 adiunxit.
1628 2448 1669 2474 Ad
1695 2453 1810 2476 caeteros

1024 2496 1127 2523 aulicos
1149 2495 1248 2522 malum
1271 2495 1400 2530 pervasit,
1418 2499 1501 2529 atque
1516 2502 1548 2522 ex
1563 2494 1666 2529 palatio
1689 2495 1808 2522 delatum

1025 2542 1051 2568 in
1068 2543 1174 2572 urbem,
1194 2541 1294 2569 exinde
1316 2549 1365 2576 per
1379 2545 1465 2568 totum
1483 2539 1621 2567 Orientem
1637 2540 1810 2567 emanavitet

1024 2588 1077 2615 late
1093 2592 1268 2622 pervagatum
1283 2592 1343 2614 est:
1360 2588 1424 2614 dum
1438 2587 1543 2614 interea
1567 2586 1750 2614 occidentales
1767 2594 1808 2614 re-

1024 2634 1116 2669 giones
1141 2633 1297 2666 hujusmodi
1322 2637 1399 2667 peste
1423 2639 1516 2660 vacua;
1536 2637 1564 2660 et
1591 2632 1682 2660 libera
1704 2637 1807 2660 essent.

1027 2680 1217 2709 Constantium
1230 2680 1293 2707 item
1308 2687 1379 2714 saepe
1392 2678 1562 2707 familiariter
1578 2679 1712 2707 al10cutus
1730 2679 1807 2706 Aria-

1030 2734 1125 2754 norum
1144 2725 1188 2753 ilie
1209 2725 1378 2757 administer,
1402 2725 1448 2753 ubi
1473 2726 1532 2761 ejus
1553 2727 1675 2755 animum
1694 2726 1807 2755 versati-

1023 2795 1228 2866 c"l()c')5%ocrat.
1262 2830 1309 2857 lib.
1338 2837 1368 2861 ιι,
1405 2837 1466 2864 cap.
1491 2831 1525 2866 2;
1553 2832 1662 2861 Sozom.
1687 2831 1738 2861 lib.
1763 2840 1805 2866 ill,

1021 2874 1080 2902 Cap.
1101 2867 1112 2894 l
1128 2874 1135 2898 ς
1154 2865 1255 2894 Thcod.
1271 2865 1315 2894 lib.
1331 2874 1362 2900 ιι,
1375 2872 1435 2901 cap.
1446 2866 1473 2893 2.
