2016 3046
202 142 254 162 XCII

878 135 1143 161 νιιυιιιὺυθιιεω.

204 195 258 222 lem
277 191 496 224 levissimumque
508 189 695 224 deprehendit,
708 189 916 217 ad'Ariauorum
933 199 982 225 pa-
998 195 1021 221 Α
1036 192 1114 219 stolis
1134 191 1316 226 Augustorum
1341 198 1448 226 semper
1462 197 1610 227 comparet,
1635 201 1721 229 neque
1736 196 1818 223 etiam

203 238 348 266 trocinium
373 235 573 270 suscipiendum
591 234 717 270 pellicere
744 241 839 267 tentat,
864 236 987 271 deplorat

202 287 380 318 tempestates
390 282 488 315 quibus
501 286 590 308 essent
607 281 736 308 Ecclesizc
761 281 879 315 agitaue.
906 287 986 309 tanta!

202 330 288 357 cladis
310 333 435 356 auctores
453 327 600 355 ementitur
628 335 675 354 cos
689 327 741 362 {qui
769 327 935 355 invexisseut
956 328 986 355 τὸ

202 375 343 411 ὁμοούσιον
355 384 363 402 :
378 382 438 402 eam
452 380 513 402 esse
529 373 726 401 discordiarum
740 378 768 401 ct
782 373 928 401 factionum
940 381 987 401 oc-

202 423 351 452 casionem.
370 429 429 449 eam
453 425 583 448 cternum
608 419 719 447 retineri
744 427 837 447 ansam
864 420 985 447 omnium

203 468 462 497 controversiarum.
479 466 547 494 Hinc
562 467 589 494 in
604 465 785 493 Athanasium
813 465 987 500 reliquosque

202 514 272 550 frugi
288 513 417 548 praesules
431 518 532 540 tantam
556 512 684 539 invidiam
711 512 836 539 derivare
859 516 984 539 conatur.

203 560 279 587 Hunc
294 560 364 587 nacti
378 559 508 587 fautorem
521 558 665 591 Eusebius,
678 557 845 592 Theognius,
860 562 887 584 et
899 557 987 584 Theo—

203 607 285 634 dorus
301 605 487 637 Heracleotes,
503 612 575 638 cum,
601 610 693 640 utpote
714 605 810 636 vicini,
830 603 986 638 frequentes

203 651 394 686 imperatorem
414 651 603 684 convenirent,
632 650 782 677 Athanasio
811 650 926 677 reditum
946 649 985 676 in-

203 697 356 724 tercludere
370 697 558 729 moliebantur,
575 704 628 731 quo
644 701 754 731 possent
776 697 803 722 in
818 695 877 730 ejus
898 695 985 723 locum

204 743 367 770 Arianorum
380 743 499 778 aliquem
517 743 668 770 intrudere.
682 742 719 770 At
731 741 874 770 consilium
892 749 985 770 eorum

203 790 342 825 praevertit
356 795 384 818 et
397 789 557 817 disturbavit
569 789 743 816 Athanasius.
754 788 822 816 Cum
843 789 915 816 enim
932 793 987 816 tres

205 836 316 871 Augusti
344 843 396 862 una
422 836 615 863 convenissent
640 835 667 862 in
693 835 842 867 Pannonia,
857 835 938 862 isthic
953 835 986 861 de

204 881 327 908 exsulum
343 881 429 908 reditu
444 885 555 913 actum;
575 888 699 915 unusque
722 881 774 907 fuit
793 881 914 907 omnium
931 881 988 907 ani-

206 934 277 959 mus,
293 931 323 954 ut
343 927 522 962 remigrarent
541 934 636 954 omnes
660 926 687 953 in
719 927 809 954 sedem
822 927 989 962 patriamque

205 980 294 1000 suam.

241 1019 316 1046 Auito
339 1017 400 1045 558.
430 1017 505 1044 —l.
524 1017 663 1045 Athanasii
689 1017 797 1045 reditus.
833 1033 869 1039 —
900 1018 989 1051 Quare

205 1064 408 1097 Constantinus,
424 1064 467 1091 cui
482 1064 574 1092 Galliae
601 1069 674 1092 sorte
693 1065 879 1096 obvenerant,
894 1065 988 1092 eodem

206 1116 331 1135 reversus
347 1109 396 1143 (a),
411 1116 470 1136 cum
485 1108 605 1136 Treviris
629 1113 791 1141 moraretur,
813 1109 988 1136 Athanasium

206 1154 314 1182 remisit
331 1153 537 1186 Alexandriam,
565 1155 637 1182 datis
664 1154 697 1181 ad
720 1155 847 1189 populum
869 1147 988 1182 Alexan-

206 1199 314 1227 drinum
330 1199 437 1233 litteris,
450 1199 529 1234 queis
541 1199 628 1226 virum
646 1200 761 1227 summis
774 1204 889 1227 exornat
901 1199 990 1227 laudi-

205 1245 271 1273 bus:
285 1245 376 1280 aitque
392 1246 452 1273 ideo
470 1252 485 1273 a
499 1245 679 1273 Constantino
693 1251 770 1280 patre
789 1247 852 1274 sede
869 1247 988 1280 pulsum,

205 1290 275 1326 quod
291 1291 439 1326 periculum
454 1297 524 1319 esset
540 1298 574 1318 ne
590 1291 763 1319 inimicorum
782 1291 890 1318 insidiis
907 1291 990 1318 inter-

205 1341 300 1371 ceptus
316 1336 434 1371 periret;
449 1336 475 1362 in
489 1336 580 1363 animo
594 1336 678 1364 fuisse
694 1337 765 1370 patri
785 1337 871 1363 virum
894 1337 988 1364 remit-

206 1386 264 1408 tere
292 1381 318 1408 iu
341 1381 484 1409 ecclesiam
503 1389 592 1415 suam,
619 1382 666 1409 sed
688 1382 744 1409 fato
769 1389 988 1417 praeoccupatum

205 1427 276 1462 quod
295 1427 321 1454 in
332 1427 432 1462 optatis
443 1432 502 1455 erat
517 1429 629 1463 exsequi
643 1436 696 1455 non
711 1429 847 1463 potuisse.
863 1429 927 1456 Data
939 1429 990 1455 fuit

205 1472 319 1505 cpistola
335 1473 458 1502 Treviris
474 1473 521 1501 die
540 1481 595 1501 xvn
608 1473 682 1501 Junii
698 1481 780 1506 anno,
803 1480 833 1502 ut
852 1479 988 1509 putamus,

205 1518 267 1547 558.

240 1564 267 1592 2.
289 1564 346 1593 Non
362 1565 461 1594 desunt
479 1571 568 1594 tamen
581 1566 627 1601 qui
640 1567 673 1594 ad
690 1574 789 1593 annum
805 1566 869 1598 557,
887 1565 931 1593 his
955 1566 988 1593 de

206 1611 297 1640 causis
320 1611 449 1639 referant.
475 1611 576 1644 Primo,
601 1613 673 1647 quod
696 1612 989 1647 Constantinusjuuior

206 1657 322 1685 Caesaris
339 1657 426 1686 solum
444 1665 541 1686 nomen
566 1659 592 1685 in
610 1666 641 1685 ea
662 1658 774 1693 epistola
791 1663 911 1692 usurpet,
931 1659 989 1685 Au-

207 1703 276 1736 gusti
293 1708 467 1739 accepturus,
481 1705 503 1731 si
517 1704 550 1731 ad
569 1711 669 1731 annum
694 1703 746 1731 558
769 1703 811 1730 illa
829 1703 986 1738 pertineret.

207 1749 273 1776 Nam
294 1750 429 1786 Augustus
449 1750 635 1786 promulgatus
657 1754 699 1778 est
723 1758 795 1778 anno
810 1750 873 1783 557,
895 1756 989 1777 mense

207 1794 371 1828 Septembri.
385 1795 425 1822 Ad
440 1795 504 1826 luce,
523 1796 608 1827 aiunt,
630 1796 653 1823 si
678 1803 765 1822 annus
784 1800 844 1822 erat
858 1795 920 1826 558,
933 1795 988 1830 jam

207 1840 245 1866 illi
257 1847 305 1867 sua
318 1841 423 1875 imperii
437 1841 526 1875 portio
547 1842 707 1873 obvenerat,
733 1848 784 1869 nec
807 1841 944 1876 quidpiam
963 1841 989 1867 in

205 1884 415 1917 Alexandrinos,
429 1885 455 1912 in
468 1886 621 1913 Constantii
636 1886 737 1914 ditione
752 1887 830 1919 sitos,
851 1886 990 1913 obtinebat

208 1931 390 1964 auctoritatis,
406 1935 436 1958 ut
451 1931 569 1959 exsulem
581 1931 774 1959 Alexandriam
795 1937 886 1967 posset
899 1932 991 1960 remit-

208 1981 274 2004 tere.
298 1976 398 2004 Verum
424 1976 484 2003 haec
508 1982 668 2012 argumenta
694 1985 747 2004 non
769 1977 836 2006 tanti
861 1981 936 2009 sunt,
960 1981 990 2004 ut

207 2023 308 2057 apertis
329 2023 484 2055 Athanasii,
503 2022 648 2058 Epiphanii
673 2030 705 2050 ac
725 2023 888 2050 Theodoreti
913 2023 989 2050 testi-

207 2069 305 2097 moniis
316 2069 466 2105 pravalere
481 2069 605 2097 debeant.
621 2069 705 2096 Aiunt
718 2077 835 2104 namque
852 2070 904 2097 duo
915 2070 988 2104 prio-

208 2123 262 2147 res.
276 2122 310 2143 ex
323 2115 405 2142 trium
423 2114 538 2142 fratrum
552 2115 687 2142 sententia
719 2119 861 2143 revocatos
884 2115 991 2143 exsules

208 2162 300 2190 fuisse.
321 2161 387 2190 Cum
412 2166 504 2189 autem
533 2162 727 2189 Constantinus
756 2160 919 2188 Nicomedia:
940 2162 990 2189 ob-

1035 236 1150 263 Cresaris
1169 243 1263 263 nomen
1282 244 1387 271 semper
1399 238 1485 265 abest.
1497 238 1542 265 Sic
1560 239 1586 265 in
1601 240 1715 273 epistola
1736 241 1821 269 Maxi-

1037 280 1101 307 mini
1131 280 1242 314 Augusti
1268 281 1337 313 apud
1364 281 1508 309 Eusebium
1535 284 1590 311 haec
1616 285 1760 319 inscriptio
1782 286 1822 313 le-

1035 326 1120 360 gitur,
1136 325 1321 362 Αὐτοκράτωρ
1333 327 1441 362 Καίσαρ
1454 327 1617 364 Μαξιμῖνος.
1636 329 1668 356 Ει
1688 330 1822 358 Constant-

1038 371 1110 398 tiuus
1120 372 1145 398 in
1158 371 1270 406 epistola
1288 380 1347 407 qua:
1361 374 1432 407 apud
1444 373 1645 402 Theodoretum
1657 380 1756 408 exstat,
1770 376 1787 404 Ι.
1802 385 1821 409 t,

1036 426 1061 446 c.
1082 419 1126 450 l7,
1141 426 1191 446 nec
1206 419 1329 453 Augusti,
1353 427 1402 447 nec
1426 421 1555 454 Caesaris,
1582 430 1631 450 nec
1651 423 1822 458 imperatoris

1037 472 1136 491 nomen
1150 465 1272 492 assumit.
1295 465 1406 500 Reliqua
1429 467 1529 495 nullius
1553 469 1681 496 momenti
1703 477 1763 504 qua:
1776 471 1823 497 ob-

1034 510 1166 545 jiciuntur
1185 511 1312 538 consulto
1332 512 1492 540 omittimus.

1071 557 1098 584 5.
1113 558 1230 592 Accepta
1251 558 1416 586 Athanasius
1444 560 1572 587 redeundi
1598 561 1674 587 venia
1691 561 1739 597 (ὁ),
1762 562 1823 589 Ale-

1037 603 1176 631 xandriam
1193 605 1380 638 contendens,
1414 605 1565 633 Viminiaco
1593 608 1760 641 transiit,ac
1786 609 1821 635 ibi

1037 650 1063 676 in
1079 649 1230 678 Constantii
1249 657 1425 686 conspectum
1445 653 1538 686 venit;
1556 657 1583 680 et
1596 661 1649 688 qua
1666 659 1726 681 erat
1739 654 1820 681 animi

1038 698 1213 731 temperantia
1230 698 1297 725 nihil
1316 699 1342 725 in
1357 699 1455 726 malam
1475 704 1578 734 partem
1598 700 1632 728 de
1650 700 1767 728 Eusebio
1795 706 1823 728 et

1037 743 1117 770 sociis
1134 743 1220 770 exsilii
1238 744 1279 771 sui
1301 746 1459 772 auctoribus
1478 745 1583 773 locutus
1610 751 1662 775 est.
1678 746 1740 774 Inde
1751 747 1824 774 Cou-

1037 788 1240 823 slnnlinopolim
1260 790 1409 823 contendit,
1422 796 1450 818 et
1467 791 1527 818 istic
1540 792 1735 827 aliquantisper
1747 801 1822 820 corn-

1038 839 1174 867 moratus,
1194 834 1377 862 criminationi
1395 843 1444 870 per
1460 836 1647 864 Macedoniam
1660 837 1743 865 Paulo
1767 839 1824 873 epi-
1860 864 1863 867 Α

1039 886 1121 913 scopo
1135 879 1271 907 intentata!
1288 881 1419 908 interfuit.
1434 881 1462 909 Si
1478 883 1584 917 quidem
1612 883 1712 911 Paulus
1723 885 1824 912 decreti

1039 926 1219 961 Augustorum
1234 926 1365 953 beneﬁcio
1387 932 1446 962 post
1469 928 1638 956 Constantini
1661 929 1764 957 obitum
1780 937 1824 958 se-

1039 974 1098 999 dem
1117 974 1284 1006 repetierat:
1312 981 1361 1000 nec
1378 974 1422 1001 diu
1445 974 1504 1001 viro
1528 975 1668 1002 catholica:
1689 975 1826 1009 opinionis

1039 1015 1115 1042 licuit
1130 1015 1155 1041 in
1167 1023 1234 1049 pace
1251 1016 1363 1043 versari.
1380 1015 1408 1043 ln
1422 1017 1545 1051 proximo
1560 1025 1677 1052 namque
1695 1024 1753 1045 erat
1770 1019 1824 1049 Eu-

1039 1061 1127 1089 sebius
1145 1061 1365 1095 Nicomediensis,
1390 1063 1521 1098 impotens
1540 1064 1664 1098 cupidine
1692 1063 1825 1092 Conslan-

1041 1107 1222 1142 tinopolitanze
1238 1108 1309 1135 sedis
1324 1108 1498 1142 invadendae,
1517 1109 1562 1144 qui
1579 1109 1735 1137 Macedonio
1762 1118 1823 1144 pre-

1042 1153 1151 1188 sbytero
1167 1161 1229 1180 usus
1245 1153 1386 1181 calumnize
1400 1155 1517 1188 artiﬁce,
1538 1155 1623 1182 virum
1651 1156 1774 1183 accusari
1798 1160 1824 1183 et

1039 1199 1136 1226 deferri
1153 1201 1268 1226 curavit.
1286 1199 1388 1228 Tacent
1411 1207 1501 1228 autem
1517 1201 1695 1229 ecclesiastici
1711 1202 1822 1236 scripto.

1039 1252 1082 1272 res
1094 1252 1153 1279 qua:
1168 1244 1248 1272 fuerit
1269 1245 1312 1271 illa
1332 1245 1486 1272 criminatio
1500 1266 1508 1278 ,
1521 1245 1612 1280 aitque
1633 1245 1719 1272 solum
1737 1245 1826 1273 Theo-

1039 1289 1147 1316 doretus
1158 1288 1268 1316 Paulum
1285 1289 1425 1316 seditionis
1442 1289 1610 1325 aliorumque
1627 1290 1770 1317 criminum
1780 1298 1825 1317 ac-

1038 1339 1174 1364 cusatum.
1194 1333 1284 1361 Unum
1300 1334 1468 1369 exploratum
1488 1340 1547 1367 est,
1561 1343 1594 1362 ex
1616 1335 1722 1363 Eusebii
1740 1336 1825 1363 ambi-

1039 1380 1110 1406 tione
1126 1384 1216 1407 natam
1233 1379 1315 1407 fuisse
1329 1380 1503 1409 calumniam.
1525 1380 1652 1408 Attamen
1675 1385 1729 1408 tum
1754 1386 1824 1408 tem-

1039 1427 1112 1460 poris
1138 1426 1293 1454 intermissa
1319 1434 1400 1454 causa
1422 1431 1481 1459 est,
1498 1427 1708 1462 compositisque
1727 1427 1825 1458 rebus,

1038 1471 1212 1499 Macedonius
1228 1480 1289 1499 cum
1312 1473 1438 1507 episcopo
1459 1473 1632 1501 reconciliata
1651 1474 1737 1508 gratia
1755 1474 1826 1501 inter

1001 1535 1022 1564 ο
1039 1520 1210 1552 presbyteros
1228 1517 1286 1551 ejus
1299 1519 1539 1552 annumerabalur,
1557 1520 1642 1547 donec
1657 1519 1826 1554 redintegra-

1040 1569 1095 1591 tum
1110 1564 1212 1592 crimen
1223 1569 1304 1592 esset.
1319 1565 1376 1598 Qua
1388 1565 1421 1592 de
1433 1573 1461 1592 re
1477 1565 1546 1593 alius
1559 1566 1635 1594 nobis
1651 1565 1725 1594 locus
1740 1567 1773 1594 ad
1784 1566 1826 1594 di-

1038 1610 1151 1638 cendum
1165 1615 1206 1637 est
1219 1611 1395 1638 constitutus.

1073 1655 1102 1682 4.
1123 1656 1285 1683 Athanasius
1302 1664 1366 1683 vero
1385 1655 1432 1691 (ι),
1454 1661 1515 1692 post
1529 1657 1646 1692 aliquam
1671 1662 1700 1685 ut
1720 1658 1826 1687 videtur

1039 1709 1141 1728 moram
1155 1722 1162 1733 ,
1179 1702 1413 1738 Constantinopoli
1439 1703 1577 1738 profectus
1590 1724 1597 1736 ,
1616 1712 1663 1738 per
1689 1704 1827 1739 Cappado-

1039 1748 1107 1775 ciam
1121 1755 1233 1783 pergens
1256 1747 1457 1780 Alcxandriam,
1485 1749 1615 1776 Caesareae
1638 1749 1825 1778 Constantium

1039 1794 1134 1821 iterum
1152 1793 1281 1826 ollendit;
1295 1793 1435 1829 ipsumque
1455 1795 1591 1823 allocutus
1605 1815 1612 1826 .
1627 1796 1692 1823 nihil
1711 1797 1825 1829 durum,

1039 1839 1104 1867 nihil
1124 1847 1249 1874 asperum
1278 1839 1355 1867 eﬂ‘ert
1375 1840 1401 1867 in
1426 1840 1570 1868 Eusebium
1593 1847 1619 1868 et
1640 1838 1756 1870 ass'eclas
1774 1842 1824 1870 sibi

1040 1893 1147 1921 semper
1165 1886 1376 1915 infensissimos.
1394 1887 1458 1914 lude
1472 1895 1536 1915 vero
1550 1896 1598 1923 per
1616 1889 1741 1924 Syriam,
1763 1897 1826 1917 vcr—

1041 1937 1131 1965 lente,
1146 1937 1174 1959 ut
1188 1938 1331 1967 putamus,
1348 1941 1417 1960 anno
1433 1934 1494 1967 558,
1512 1934 1702 1962 Alexandriam
1729 1943 1823 1970 perve-

1041 1977 1091 2004 nil.
1112 1977 1246 2005 Reducem
1258 1978 1436 2005 Athanasium
1456 1979 1557 2014 ingenti
1572 1979 1664 2007 laetitia
1689 1979 1826 2015 excipiunt

1039 2023 1215 2052 Alexandrini
1230 2024 1279 2060 (tl),
1294 2032 1438 2052 accurrere
1461 2032 1557 2053 omnes
1570 2046 1578 2059 ,
1602 2034 1698 2062 magna
1716 2026 1757 2054 vis
1778 2035 1825 2062 po-

1041 2062 1095 2103 puli
1106 2069 1251 2102 conﬂuere,
1264 2070 1389 2097 laudibus
1401 2076 1496 2097 cuncta
1510 2078 1648 2104 resonare,
1659 2073 1757 2107 gestire
1766 2073 1825 2099 uui-

1042 2123 1133 2142 versos
1153 2116 1238 2143 sancti
1267 2116 1389 2151 praesulis
1411 2116 1519 2144 videndi
1545 2117 1679 2152 cupidine.
1708 2117 1824 2145 Maxima

1043 2169 1106 2189 vero
1125 2161 1177 2189 fuit
1194 2162 1378 2190 ministrorum
1396 2162 1610 2199 clericorumque
1621 2164 1746 2198 jubilatio
1759 2184 1766 2196 ,
1778 2164 1824 2199 qui

209 2209 271 2236 ierit
284 2216 356 2236 anno
378 2208 443 2240 557,
459 2208 587 2236 vicesima
610 2208 653 2235 die
675 2207 749 2240 Maii,
772 2207 817 2234 vix
834 2207 921 2242 potuit
941 2207 987 2235 de-
1006 2205 1027 2232 D
1042 2215 1100 2235 eam
1121 2207 1219 2235 exinde
1233 2209 1303 2235 diem
1321 2209 1391 2236 inter
1417 2209 1597 2236 faustissimas
1616 2210 1824 2244 computabant,

207 2255 276 2282 cima
293 2255 407 2290 septima
421 2254 494 2282 Junii
510 2254 630 2289 ejusdem
653 2254 717 2280 anni
743 2253 839 2281 mortis
858 2253 990 2280 Constan-

207 2302 255 2328 tini
272 2301 382 2328 nuntius
405 2301 439 2327 ad
457 2300 585 2328 Treviros
608 2300 770 2335 pervenire;
787 2299 925 2334 multoque
939 2299 990 2326 mi-

206 2354 258 2374 nus
282 2351 394 2381 potuere
417 2351 473 2373 tres
494 2346 622 2382 Augusti,
647 2351 722 2373 tanto
746 2351 882 2373 terrarum
905 2346 989 2373 inter-

206 2391 278 2419 vallo
301 2391 400 2424 dissiti,
421 2392 454 2419 de
480 2391 640 2419 revocandis
661 2391 800 2419 exsulibus
816 2399 869 2418 una
891 2390 987 2426 egisse.

205 2437 246 2466 Ad
265 2437 333 2471 haec,
351 2442 448 2465 narrat
461 2437 646 2465 Theodoretus
665 2436 843 2464 Athanasium
859 2437 926 2464 duos
939 2443 987 2462 an-

207 2492 256 2512 nos
273 2489 301 2512 et
315 2489 432 2519 quatuor
453 2492 561 2512 menses
581 2483 701 2511 Treviris
720 2488 864 2511 moratum.
880 2482 919 2509 Ex
934 2489 987 2517 quo

208 2530 352 2558 conﬁcitur
377 2537 429 2557 non
462 2529 625 2564 remigrasse
649 2529 840 2556 Alexandriam
860 2533 923 2556 ante
941 2536 988 2555 an-

206 2585 269 2604 num
284 2576 346 2604 558.
366 2576 444 2610 Quod
461 2580 550 2604 autem
567 2575 698 2610 objiciunt
723 2575 929 2603 Constantinum
943 2575 988 2609 ju-

206 2623 321 2656 niorem,
349 2624 374 2652 si
392 2631 464 2651 anno
489 2623 541 2651 558
563 2631 623 2651 eam
654 2622 809 2658 scripsisset
834 2622 985 2657 epistolam,

205 2670 316 2704 Augusti
337 2677 435 2698 nomen
451 2675 655 2706 usurpaturum,
670 2677 723 2697 non
741 2673 793 2702 est,
815 2673 844 2696 ut
859 2669 985 2701 arbitror,

207 2716 275 2743 tanti
295 2717 433 2751 ponderis.
449 2716 541 2751 Neque
555 2717 628 2744 enim
640 2715 754 2750 Augusti
772 2722 872 2742 nomen
891 2715 916 2743 in
933 2714 986 2749 epi-

241 2782 280 2817 (a)
301 2783 400 2810 Athan.
415 2784 492 2818 Apol.
504 2789 595 2811 contra
609 2784 714 2816 Ανὶαη..
736 2792 763 2811 n.
781 2783 826 2811 87.

243 2818 279 2888 Eb;
297 2818 398 2881 ὣξὲςιιι.
413 2818 488 2854 Apol.
509 2820 542 2847 ad
560 2819 708 2853 Constant.,
724 2828 750 2846 n.
768 2819 792 2846 5.

254 2861 266 2878 c
327 2862 333 2881 ι
356 2872 363 2880 .

1043 2253 1162 2289 ιΕεγριϋ
1176 2259 1264 2281 autem
1278 2254 1405 2289 episcopi,
1415 2255 1461 2289 qui
1472 2254 1565 2282 exsule
1577 2255 1722 2282 Athanasio
1733 2255 1824 2290 pulsos

1043 2307 1072 2328 se
1086 2308 1145 2328 cum
1158 2300 1203 2327 illo
1216 2301 1400 2332 mstimabant,
1418 2308 1541 2335 regresso
1562 2300 1607 2329 illo
1628 2302 1758 2329 rebantur
1774 2310 1823 2336 pa-

1043 2348 1126 2375 trium
1142 2346 1193 2374 sibi
1208 2347 1293 2374 solum
1310 2347 1425 2374 restitui.

1080 2393 1155 2421 ANNO
1168 2392 1302 2420 559.-1.
1313 2392 1453 2420 Euaebinm'
1468 2401 1532 2419 noua
1543 2393 1686 2420 moliuntur
1702 2394 1728 2420 in
1741 2394 1823 2420 Atha-

1042 2440 1156 2468 nasium.
1171 2453 1206 2459 -—
1221 2438 1320 2466 Verum
1333 2438 1439 2466 Eusebii
1454 2443 1481 2466 et
1495 2439 1628 2465 sociorum
1643 2439 1710 2466 livor
1721 2459 1729 2471 ,
1742 2445 1821 2466 auer-

1042 2491 1159 2518 numque
1185 2483 1212 2510 in
1237 2483 1414 2511 Athanasium
1439 2485 1529 2512 odium
1557 2484 1727 2512 diuturnitati
1748 2484 1822 2518 pacis

1040 2529 1228 2564 alquelcetitiaa
1240 2527 1334 2556 obfuit.
1354 2527 1465 2557 Vixdum
1477 2530 1549 2557 enim
1570 2530 1662 2557 sedem
1685 2537 1760 2556 suam
1783 2536 1823 2555 re-

1041 2575 1168 2610 petierat,
1182 2581 1242 2601 cum
1258 2573 1295 2600 illi
1307 2582 1374 2601 nova
1390 2576 1483 2602 ineunt
1495 2575 1655 2602 deturbandi
1671 2575 1720 2602 viri
1734 2575 1821 2602 consi-

1040 2621 1074 2647 lia
1092 2620 1138 2656 (ε),
1160 2620 1257 2654 veriti,
1271 2620 1308 2647 ait
1324 2620 1451 2653 Rulinus,
1473 2629 1507 2649 ne
1523 2621 1546 2649 si
1562 2621 1669 2656 quando
1686 2621 1820 2648 Constan-

1041 2667 1105 2693 tium
1121 2665 1205 2693 libere
1221 2665 1420 2701 alloqueretur,
1438 2674 1508 2694 verae
1527 2667 1587 2694 ﬁdei
1610 2666 1820 2701 amplectenda,

1037 2713 1200 2746 Arianaaque
1215 2712 1386 2746 repudianda:
1404 2714 1453 2748 ipsi
1468 2718 1562 2741 auctor
1574 2718 1653 2741 esset.
1667 2712 1721 2740 Nec
1735 2720 1818 2745 mora,

1073 2780 1114 2815 (ιι)
1135 2781 1243 2815 Apolog.
1261 2786 1352 2807 contra
1366 2780 1471 2812 Arium,
1488 2788 1513 2808 n.
1529 2781 1556 2806 7.

1076 2817 1248 2878 (a)2Socrat.
1277 2816 1323 2843 lib.
1357 2823 1387 2847 ll,
1418 2824 1477 2851 cap.
1507 2817 1540 2849 5;
1570 2816 1677 2844 Soloni.
1706 2816 1750 2843 lib.
1778 2823 1818 2847 tu,

1041 2859 1099 2886 cap.
1137 2871 1142 2877 .
