2016 3046
815 174 894 202 νιΤΑ
914 175 943 203 S.
963 173 1160 202 ATHANASII.

1717 182 1783 202 XCIII

158 241 242 262 novas
254 233 292 260 illi
311 232 463 261 calumnias
479 237 602 266 struunt,
615 238 722 261 veteres
746 234 931 270 redintegrant
942 255 950 267 ,
965 236 987 264 Α
1001 232 1064 260 559.
1085 232 1212 259 Socrates
1228 237 1317 260 autem
1332 238 1474 267 perperam
1491 229 1635 258 Alexandri
1652 229 1784 257 Constan-

157 279 262 306 solitam
277 279 395 314 fingendi
413 284 500 306 artem
513 283 651 306 exercent.
666 279 757 306 Primo
768 279 947 307 criminantur

157 327 308 362 ingressum
326 326 504 353 Athanasium
530 324 739 358 Alexandriam,
763 326 944 361 seditionum,

156 372 461 405 cardium,exsiliorum
486 377 625 400 auctorem
649 372 742 402 fuisse.
771 373 944 401 Monumenta

159 420 269 454 publica
285 419 460 453 proferebant
485 419 512 446 in
532 420 730 452 testimonium,
748 424 776 447 et
797 420 943 448 sententias

156 467 182 493 in
197 473 258 493 reos
271 465 350 492 latas.
377 465 413 492 At
431 466 504 500 quod
531 466 637 493 solebat
659 465 810 500 coniuratis
830 471 857 494 et
873 467 941 494 mala

155 511 372 539 machinantibus
382 519 541 544 occurrere,
558 513 614 547 jam
637 513 737 540 accidit
763 513 941 547 imprudenti-

155 557 222 589 bus,
242 561 271 584 ut
283 560 375 585 secum
392 558 494 586 scilicet
509 558 558 593 ipsi
572 564 731 593 pugnarent.
743 558 810 586 Nam
824 567 882 593 qua:
898 567 942 586 re-

155 611 234 632 verso
245 604 392 631 Atbnasio
403 604 440 631 illi
455 608 529 639 gesta
540 604 624 631 fuisse
635 605 814 639 jaetitabant,
826 613 858 632 ex
876 605 940 640 ipsis

154 649 223 676 actis
236 651 324 684 palam
335 655 394 677 erat
406 650 551 686 contigisse
567 651 685 678 nondum
709 657 832 685 regresso
854 651 938 678 Atha-

153 695 244 728 nasio,
259 703 319 723 cum
333 696 360 724 in
379 697 458 732 Syria
478 701 570 730 esset,
599 697 703 732 iterque
729 696 830 724 faceret
852 697 878 724 in
892 705 939 731 pa-

153 743 241 770 triam.
258 742 285 770 In
300 738 404 770 crimen
420 744 553 771 vocabant
569 745 640 779 quod
656 745 800 772 damnatus
820 750 847 773 et
865 745 938 779 deje-

151 793 235 816 ctusa
252 789 357 824 synodo
368 809 377 821 ,
398 795 492 824 suopte
505 795 570 817 nutu
595 795 623 818 et
641 792 773 819 sententia
791 792 880 819 sedem
897 800 938 820 re-

150 833 289 866 petiisset,
305 841 358 860 non
379 839 536 869 exspectato
562 836 658 870 synodi
684 836 795 864 alterius
824 837 935 871 judicio.

149 877 316 905 Inveteratas
330 877 387 906 illas
403 879 793 913 refricahantcriminationes,
807 882 841 909 de
851 883 935 910 calice

147 922 236 950 fracto
252 927 280 950 et
298 923 331 950 de
346 929 441 951 enecta
458 925 591 957 Arsenio,
607 926 657 953 etsi
668 926 785 961 depulsa:
798 932 826 955 et
842 929 932 962 explo-

147 976 185 996 sae
198 968 250 996 illae
266 976 315 996 nec
326 970 383 997 sine
401 971 493 1006 grandi
506 973 732 1007 sycophantarum
751 973 859 1001 infamia
873 974 933 1002 fue-

151 1018 224 1042 rant.
237 1014 409 1050 lmpudenter
435 1017 636 1045 mentiebantur
657 1019 819 1046 frumentum
833 1028 847 1046 a
865 1020 934 1048 Con-

146 1060 265 1088 stantino
278 1061 381 1091 alendis
402 1063 490 1091 viduis
503 1069 660 1099 erogatum,
680 1064 714 1092 ab
738 1065 884 1093 Athanasio
905 1067 931 1094 in

147 1106 283 1141 propriam
304 1107 401 1136 diverti
435 1116 502 1137 rem.
521 1111 553 1138 Et
574 1115 633 1138 erat
658 1111 724 1138 illud
749 1117 931 1140 veteratorum

146 1151 307 1185 consilium,
333 1158 363 1181 ut
388 1155 521 1188 ejusmodi
540 1155 704 1185 frumentum
726 1158 752 1185 in
770 1159 930 1187 Arianorum

146 1203 226 1224 nsum
247 1199 368 1226 cederet.
382 1199 430 1227 His
443 1206 580 1235 permotus
595 1202 768 1231 Constantius
778 1224 785 1237 ,
798 1205 831 1231 ad
850 1214 930 1240 quem

145 1242 281 1276 perfacilis
306 1250 365 1272 erat
375 1246 566 1275 consceleratis
583 1248 686 1281 aditus,
703 1249 800 1278 litteris
809 1251 929 1279 Athana-

142 1287 213 1314 sium
224 1290 391 1322 querelarum
405 1291 566 1326 plenissimis
582 1294 739 1329 insectatur,
750 1296 785 1324 ita
801 1297 927 1326 nimirum

141 1332 300 1362 Eusebianis
326 1342 510 1371 opportunus,
537 1345 566 1366 ut
593 1341 706 1369 necdum
730 1343 868 1377 explorata
889 1345 926 1372 rei

140 1380 269 1414 veritate,
283 1381 363 1409 ﬁdem
378 1383 457 1411 dictis
466 1392 558 1412 eorum
574 1387 694 1416 haberet.
712 1388 774 1416 Haec
789 1397 840 1417 non
855 1390 926 1418 Con-

140 1427 240 1454 stantio
259 1428 363 1461 solum,
390 1431 437 1457 sed
451 1435 478 1458 et
502 1431 632 1461 fratribus
656 1435 714 1469 ejus
737 1436 865 1471 Augustis
881 1439 926 1466 de-

139 1473 300 1501 nuntiabant
314 1476 435 1504 seditiosi
449 1477 571 1506 homines
586 1488 592 1506 :
609 1481 685 1514 queis
703 1486 791 1510 tamen
819 1491 871 1511 non
889 1485 924 1512 ita

139 1519 218 1548 lacile
231 1525 290 1548 erat
314 1523 396 1550 verba
410 1523 475 1551 dare
484 1545 491 1556 ,
506 1527 654 1559 praesertim
671 1526 830 1557 Eusebianis
840 1550 847 1562 ,
859 1538 926 1565 r[uo-

138 1572 197 1592 rum
208 1567 315 1595 animus
328 1575 484 1604 perspectus
501 1571 566 1605 ipsis
585 1577 654 1599 erat.
673 1574 836 1603 Athanasius
860 1583 922 1604 vero
936 1590 958 1621 ε

139 1612 229 1640 missis
248 1614 281 1640 ad
294 1613 481 1642 Constantium
494 1616 594 1644 litteris
607 1619 711 1646 oblatas
723 1620 773 1648 sibi
789 1622 921 1649 crimina-

143 1659 231 1687 tiones
244 1661 421 1695 propulsavit.
435 1663 487 1690 Sed
505 1663 605 1691 frustra
628 1666 745 1695 cessisse
761 1672 876 1696 conatus
889 1677 922 1696 ex

141 1703 224 1731 rebus
237 1710 330 1739 postea
343 1707 427 1740 gestis
444 1708 531 1741 palam
555 1715 614 1742 est,
639 1711 797 1740 Constantio
820 1714 923 1742 scilicet

137 1752 173 1780 ita
190 1758 323 1788 occupato
339 1757 457 1790 querelis
485 1758 602 1785 assiduis
626 1765 706 1795 atque
724 1761 922 1791 criminationi-

136 1798 186 1825 bus
203 1799 436 1834 Ensebianorum,
451 1808 479 1829 ut
491 1803 571 1831 nulla:
592 1810 717 1838 paterent
745 1808 870 1843 purganti
891 1816 921 1836 se

135 1844 186 1871 viae
199 1845 256 1872 veri
267 1846 410 1874 suadendi.

168 1890 196 1916 2.
219 1890 358 1925 Eusebius,
379 1892 455 1927 pulso
478 1893 576 1928 Paula,
598 1895 920 1932 Canstantinopolilanam

133 1936 220 1963 sedent
232 1936 342 1965 invadit.
353 1954 389 1958 —
403 1939 553 1974 Antequam
566 1948 723 1975 erumperet
749 1944 777 1970 in
799 1945 919 1971 Athana-

133 1981 203 2008 sium
221 1982 432 2012 Eusebianorum
447 1984 522 2012 furor
542 1985 591 2021 (a),
621 1986 751 2015 Eusebius
770 1989 920 2023 cupiditate

134 2033 240 2061 semper
255 2028 373 2064 ﬂagrans
400 2030 585 2066 imperatoriae
611 2032 686 2060 urbis
709 2034 800 2061 sedem
814 2035 919 2069 episco-

132 2073 220 2106 palem
240 2074 401 2109 invadendi,
417 2077 511 2104 initam
529 2079 653 2112 proximo
671 2087 744 2106 anno
759 2080 785 2108 in
804 2081 916 2108 Paulum

133 2118 459 2155 Constantinopolitanum
483 2123 699 2152 criminationem
721 2134 769 2161 per
793 2126 917 2154 Macedo-

132 2163 209 2190 niam
222 2166 398 2201 redintegrari
430 2168 546 2198 curavit.
572 2169 604 2197 Et
631 2175 686 2197 tum
713 2172 839 2205 quidem,
855 2181 916 2201 ces-

131 2214 211 2236 sante
226 2211 331 2238 actione
342 2231 351 2244 ,
367 2211 540 2241 Macedonius
556 2213 639 2242 Paulo
658 2217 799 2251 subditus,
819 2225 916 2246 recon-

972 275 981 285 ⁸
999 277 1166 313 tinopolitani
1181 278 1301 311 obitum,
1320 283 1347 305 ct
1372 286 1431 312 quzc
1448 277 1521 303 illum
1548 277 1689 303 subsecuta
1705 282 1783 308 stitit,

997 329 1059 360 post
1072 324 1244 351 Constantini
1261 324 1377 359 junioris
1391 329 1505 351 mortem
1521 327 1640 354 enarrnl,
1655 322 1703 350 sed
1715 330 1781 357 pra:-

995 373 1111 405 poslere,
1125 374 1154 396 ut
1165 376 1242 396 nemo
1258 370 1357 403 peritus
1369 377 1419 396 non
1440 369 1538 396 rideat.
1560 368 1689 395 Eusebius
1705 372 1782 402 opta-

996 420 1052 442 tum
1065 421 1204 442 assecutus
1221 415 1270 450 rb),
1295 415 1521 450 imperatorisque
1551 415 1667 441 amicitia
1681 419 1708 441 et
1719 422 1780 448 gra-

995 461 1030 488 tia
1043 461 1141 493 fultus,
1161 461 1252 488 tandin
1267 461 1422 488 Iuedilatum
1440 461 1580 487 consilium
1596 460 1630 488 de
1646 461 1777 494 recipiet»

993 506 1037 533 dis
1056 507 1082 532 in
1100 505 1251 533 Ecclesiani
1267 506 1376 533 Arianis
1395 506 1483 541 palam
1499 507 1609 541 exsequi
1623 512 1650 534 et
1666 507 1777 541 implere

991 552 1122 579 decrevit.
1142 551 1176 579 Et
1202 559 1262 579 cmn
1277 559 1310 578 eo
1333 556 1455 586 tempore
1480 551 1650 579 Antiochiam
1673 555 1776 587 peteret

993 596 1178 629 Constantius,
1197 596 1286 624 isthuc
1299 604 1359 623 cum
1381 604 1414 623 eo
1434 596 1564 624 Eusebius
1589 602 1615 624 et
1630 598 1696 624 socii
1714 602 1776 624 sunt

990 643 1104 678 profecti
1124 652 1131 670 :
1152 650 1201 670 nec
1215 642 1271 677 jam
1288 642 1392 670 artibus
1405 643 1507 675 solitis,
1523 643 1691 678 occultisque
1708 644 1775 670 insi-

991 689 1042 716 diis
1056 689 1096 716 usi
1111 694 1174 716 sttnt
1191 689 1217 716 in
1231 689 1434 717 Catholicorurn
1444 689 1589 724 perniciem
1601 699 1608 722 ;
1621 689 1670 716 sed
1684 695 1774 725 aperte

989 741 1098 762 causata
1109 735 1274 762 Arianorum
1297 740 1325 762 ιιι
1347 742 1424 763 suam
1439 743 1519 770 agere
1536 740 1686 770 coeperunt.

1022 781 1050 807 5.
1071 780 1212 807 Eusebiaui
1235 781 1338 808 Piunm
1362 782 1480 816 deligunt
1504 782 1531 808 in
1562 782 1772 808 Alexandrinum

986 826 1143 860 episcopum.
1156 842 1191 847 —
1204 827 1295 854 Coacti
1308 827 1389 862 igitur
1403 827 1565 859 Antiochiae,
1577 827 1679 854 l’istum
1690 827 1770 854 Aria-

988 880 1050 899 num
1064 872 1251 908 presbyterum
1268 873 1302 900 ab
1317 874 1471 900 Alexandro
1485 873 1549 900 olim
1566 873 1730 902 abdicatum.
1744 874 1770 900 in

950 910 1127 945 BAthanasii
1159 918 1246 945 loemu
1275 920 1431 954 episcopum
1459 920 1627 946 constituunt
1654 920 1771 946 Alexan-

986 963 1105 990 drinum.
1116 962 1173 990 Hoc
1184 964 1325 991 exordium
1339 966 1387 991 fuit
1400 965 1531 993 malorum
1545 971 1572 992 et
1596 966 1671 1001 origo
1696 965 1768 992 cala-

985 1008 1107 1036 mitatum
1127 1010 1358 1045 tnmultuumque,
1385 1011 1430 1046 qui
1456 1012 1529 1038 haud
1546 1012 1582 1038 ita
1600 1012 1685 1039 multo
1710 1017 1770 1046 post

990 1062 1049 1080 eam
1070 1054 1207 1081 civitatem
1222 1055 1391 1083 invaserunt.
1404 1056 1494 1084 Missis
1517 1062 1606 1084 autent
1625 1057 1768 1084 Eusebiani

983 1099 1173 1128 Alexandriam
1186 1101 1218 1128 ad
1232 1102 1349 1129 Arianos
1359 1102 1481 1130 diaconis
1493 1123 1501 1135 ,
1516 1103 1562 1138 qui
1578 1111 1632 1130 rem
1646 1111 1769 1130 commu-

983 1152 1044 1172 nem
1065 1152 1205 1180 gererent,
1222 1152 1278 1174 tum
1303 1152 1397 1183 aperte
1419 1153 1561 1183 coeperunt
1580 1156 1642 1176 cum
1658 1148 1766 1175 Arianis

984 1191 1107 1227 adiungi,
1121 1200 1170 1220 nec
1185 1193 1280 1227 puduit
1294 1193 1439 1222 damnatos
1452 1202 1466 1220 a
1478 1195 1581 1230 synodo
1598 1194 1729 1229 lucifugas
1740 1195 1765 1221 in

981 1238 1178 1266 communionis
1193 1239 1350 1267 societatem
1365 1241 1509 1269 admittere
1524 1250 1531 1268 :
1547 1241 1652 1268 diaconi
1676 1246 1766 1268 autem

980 1281 1170 1310 Alexandriam
1184 1284 1257 1311 missi
1273 1292 1335 1311 cum
1348 1286 1412 1313 solis
1424 1287 1532 1313 Arianis
1543 1291 1694 1314 conventus
1705 1293 1767 1321 age-

979 1327 1054 1354 bant.
1072 1328 1207 1356 Eusebius
1220 1330 1277 1365 ipse
1287 1330 1346 1358 Arii
1359 1331 1513 1366 opinionem
1528 1337 1556 1358 ut
1571 1339 1664 1358 sanam
1679 1337 1705 1359 et
1720 1339 1764 1359 or-

980 1372 1126 1401 thodoxam
1143 1375 1241 1410 ubique
1254 1377 1438 1412 praedicabat,
1459 1378 1667 1405 commendabat
1689 1378 1762 1405 litte-

978 1419 1031 1451 ris,
1050 1419 1156 1448 fovebat
1169 1428 1218 1454 pro
1237 1423 1350 1450 viribus.
1379 1422 1435 1451 Sub
1453 1424 1510 1451 lucc
1534 1424 1605 1451 idem
1631 1424 1764 1452 Eusebius

978 1471 1039 1491 cum
1055 1465 1217 1500 quibusdam
1234 1468 1317 1496 sociis
1330 1467 1454 1497 oratores
1469 1477 1530 1497 eum
1551 1470 1649 1498 litteris
1666 1471 1699 1497 ad
1715 1469 1762 1498 Ju-

978 1510 1043 1537 lium
1059 1518 1154 1545 papam
1170 1512 1274 1547 mittit,
1302 1513 1448 1543 ldacarium
1467 1515 1671 1552 presbyterum,
1694 1516 1764 1543 Mar-

978 1557 1078 1592 tyrium
1111 1562 1139 1584 et
1159 1558 1321 1594 Hesychium
1346 1561 1493 1595 diaconos;
1512 1567 1642 1596 erantque
1667 1562 1764 1589 littera:

973 1602 1104 1630 adversus
1113 1603 1303 1639 Athanasium,
1319 1605 1472 1634 Marcellum
1492 1612 1519 1634 et
1542 1607 1680 1642 Asclepam
1695 1615 1762 1635 con-

976 1647 1094 1682 scriptas,
1110 1648 1219 1684 Legatis
1229 1651 1335 1686 jussum
1347 1673 1354 1685 ,
1369 1658 1397 1679 ut
1410 1652 1475 1680 Piin
1487 1660 1597 1681 causam
1610 1662 1670 1681 cum
1690 1655 1763 1682 Julia

974 1697 1102 1727 agerent,
1118 1698 1296 1730 auctoresque
1321 1697 1359 1724 illi
1390 1704 1480 1726 essent
1510 1704 1538 1726 ut
1562 1699 1666 1727 litteras
1682 1701 1760 1728 daret

972 1738 1100 1772 paciﬁcas
1125 1740 1158 1766 ad
1184 1740 1403 1775 ψευδεπισκοπον
1424 1743 1497 1772 illum
1527 1746 1759 1774 transmittendas.

971 1782 1126 1819 Legationis
1149 1787 1194 1820 qui
1211 1787 1293 1814 fuerit
1311 1789 1399 1816 exitus
1412 1810 1419 1822 ,
1436 1798 1498 1818 mox
1515 1792 1712 1821 enarrabimus.

1005 1829 1033 1857 4.
1053 1830 1109 1858 Hoc
1120 1832 1145 1858 ci
1161 1832 1244 1860 rciter
1255 1841 1326 1861 anno
1338 1836 1488 1864 excessisse
1501 1837 1556 1864 vita
1571 1842 1697 1874 putamus
1708 1839 1760 1867 Eu-

970 1886 1073 1914 sebium
1087 1887 1237 1917 Ctesariens
1244 1898 1287 1917 em
1299 1911 1307 1924 ,
1320 1892 1408 1920 virum
1423 1894 1575 1924 eruditione
1595 1897 1760 1933 scriptisque

971 1934 1027 1962 suis
1043 1943 1123 1970 quam
1136 1936 1188 1964 fide
1214 1943 1240 1964 et
1255 1939 1391 1973 probitate
1415 1941 1590 1977 insigniorem
1608 1946 1707 1980 :cujus
1730 1948 1757 1974 in

969 1978 1056 2008 locum
1077 1981 1241 2016 subrogatur
1256 1985 1374 2014 Aeacius
1388 1988 1447 2022 ejus
1464 1989 1610 2025 discipulus
1621 2011 1629 2024 ,
1641 1978 1686 2027 qui
1697 2001 1756 2021 ma-

968 2026 1080 2061 gistrum
1102 2027 1241 2063 impietate
1253 2029 1333 2059 facile
1345 2034 1490 2068 superavit.

1001 2072 1078 2100 Auno
1091 2073 1153 2102 540.
1167 2090 1199 2096 -
1219 2076 1245 2104 1.
1263 2076 1383 2112 Synadut
1390 2079 1581 2110 Alexandrina.
1597 2099 1630 2104 —-
1640 2084 1698 2113 Non
1712 2087 1755 2113 fu-

967 2129 1074 2164 giebant
1088 2132 1265 2162 Athanasium
1280 2140 1361 2164 tanta
1375 2138 1483 2167 Eusebii
1502 2146 1530 2167 et
1547 2142 1682 2170 sociorum
1698 2153 1755 2171 ηιυ-

969 2173 1062 2202 limina
1089 2176 1115 2203 in
1133 2181 1280 2212 perniciem
1309 2182 1436 2211 Ecclesia:
1453 2193 1618 2220 comparata.
1632 2188 1664 2215 Et
1689 2197 1753 2223 pro-

966 2220 1081 2266 spiciens
1096 2224 1167 2257 quod
1188 2224 1252 2253 illud
1273 2225 1344 2254 foret
1357 2229 1512 2262 periculum
1525 2231 1572 2266 (c),
1596 2220 1753 2261 haereticqu

132 2254 228 2282 ciliata
243 2257 328 2290 gratia
341 2265 433 2291 pacem
451 2259 566 2287 colebat.
578 2260 613 2287 At
628 2261 775 2295 Eusebius,
800 2264 846 2298 qui
860 2264 915 2299 epi-
932 2268 955 2296 ι)
969 2254 1143 2294 hominem'in
1158 2269 1312 2306 episcopum

132 2302 269 2335 soopalem
294 2304 452 2338 dignitatem
471 2306 648 2341 amplitudine
663 2308 803 2336 civitatum
821 2311 916 2339 metie-

129 2347 227 2380 batur,
242 2349 367 2383 sperabat
380 2358 427 2383 se,
446 2351 468 2378 si
484 2352 565 2387 regia:
578 2353 653 2382 urbis
671 2355 812 2383 ecclesiam
831 2363 915 2384 occu-

129 2397 227 2426 paret,
245 2396 330 2430 magis
357 2397 497 2432 magisque
511 2398 608 2426 ofﬁciis
634 2407 715 2434 posse
736 2405 764 2428 et
785 2401 914 2436 obsequio

128 2438 320 2473 imperatorem
334 2442 478 2470 demereri.
496 2443 577 2472 Mora!
590 2445 671 2480 igitur
686 2447 830 2481 impatiens
844 2447 913 2475 Pau—

128 2483 184 2511 lum
200 2485 287 2513 defert
297 2488 331 2514 ad
346 2487 536 2523 imperatorem
546 2509 554 2522 ,
565 2495 593 2517 et
607 2499 659 2526 qua
672 2496 729 2518 erat
745 2493 913 2521 veteratoria‘.

126 2529 195 2557 artis
209 2532 321 2565 peritia,
345 2533 403 2567 ejus
419 2534 538 2561 animum
562 2541 708 2572 exasperat
730 2537 757 2564 in
779 2538 911 2572 optimum

126 2575 287 2604 antistitem.
304 2577 385 2606 Jussu
398 2586 464 2614 ergo
483 2580 657 2616 imperatoris
675 2583 754 2610 acciti
775 2579 910 2620 episcopi,

125 2619 250 2665 plerique
268 2629 363 2651 omnes
388 2624 499 2658 Ariani,
523 2627 655 2661 synodum
677 2619 909 2665 Constantinopoli

125 2663 277 2693 celebrant.
296 2667 333 2695 lbi
347 2668 447 2698 Paulus
465 2672 498 2698 ad
515 2671 624 2700 Eusebii
639 2673 779 2701 libidinem
795 2678 823 2702 et
839 2663 911 2703 arbi-

126 2709 209 2737 trium
227 2711 387 2747 damnatus,
415 2716 608 2752 depositusque
624 2722 683 2750 est;
710 2723 754 2753 et,
770 2720 821 2755 qui.
839 2728 909 2749 unus

124 2760 185 2782 erat
206 2757 330 2786 conflate
347 2762 555 2795 conspirationis
578 2771 694 2799 scopas,
724 2765 857 2794 Eusebius
880 2768 907 2795 in

123 2800 182 2834 ejus
200 2802 290 2830 locum
303 2812 452 2839 promotus.
465 2808 495 2835 Id
518 2814 623 2842 gestum
651 2811 816 2839 arbitranmr
835 2821 906 2842 anno

160 2859 508 2902 la)“Ilistoriaﬂrianoram
520 2866 554 2902 ad
565 2868 714 2902 monachos,
733 2877 757 2897 η.
779 2870 804 2898 7.

157 2894 195 2929 (0)
205 2895 313 2924 Sozom.
333 2897 381 2925 lib.
399 2906 440 2932 ut,
458 2907 517 2935 cap.
538 2901 564 2928 5.

966 2309 1032 2359 dri-ae
1049 2319 1189 2340 convocat.
1206 2315 1244 2342 Eo
1255 2316 1394 2345 conﬂuunt
1424 2325 1458 2346 ex
1483 2309 1619 2356 Egypto,
1648 2322 1731 2359 Libya
1742 2345 1752 2356 ι

965 2360 993 2382 et
1004 2354 1142 2393 Pentapoli
1160 2360 1281 2397 episcopi
1300 2371 1384 2398 prope
1409 2354 1640 2396 centumIVAetum
1656 2354 1750 2397 dedit;

962 2402 1099 2431 stantibus
1112 2406 1239 2440 aegonis,
1255 2407 1342 2443 deque
1366 2411 1488 2444 periculo
1510 2420 1572 2440 mox
1589 2414 1672 2442 futuri
1688 2415 1750 2443 Ale—

963 2447 1102 2476 xandrinae
1118 2449 1247 2479 Ecclesiae
1263 2453 1380 2482 discidii.
1396 2455 1522 2485 Omnium
1533 2458 1635 2487 calculo
1649 2464 1674 2488 et
1691 2461 1749 2489 suf-

964 2491 1050 2542 fragio
1065 2494 1177 2529 epistola
1192 2498 1225 2525 ad
1240 2506 1334 2528 omnes
1349 2501 1448 2537 ubique
1460 2508 1592 2532 terrarum
1606 2506 1750 2542 episcopos

966 2539 1168 2577 mittitur;qua
1187 2544 1244 2572 orsi
1258 2546 1292 2573 ab
1316 2546 1466 2577 inveterato
1490 2539 1706 2580 Eusebianoruui
1720 2555 1745 2582 in

964 2584 1142 2616 Athanasium
1157 2590 1237 2623 odio,
1254 2592 1344 2620 oblata
1365 2594 1430 2622 olim
1448 2596 1506 2624 viro
1516 2597 1630 2626 crimina
1651 2607 1746 2628 recen-

963 2636 1037 2665 sent,
1054 2639 1153 2669 negant
1170 2643 1233 2664 vera
1246 2645 1307 2666 esse
1319 2646 1488 2676 quascunque
1509 2649 1602 2670 eorum
1620 2652 1702 2679 opera
1717 2652 1747 2673 et

961 2683 1020 2706 arte
1043 2681 1166 2716 evulgata
1181 2682 1315 2719 fuissent;
1344 2690 1371 2713 et
1388 2691 1478 2714 tamen
1496 2687 1583 2715 virum
1609 2690 1744 2718 insontem

961 2726 1048 2760 patrio
1064 2728 1122 2755 solo
1135 2734 1161 2756 et
1178 2730 1298 2759 Ecclesia
1309 2732 1427 2767 ejectum
1441 2735 1590 2770 acerbeque
1603 2742 1743 2773 vexatura,

962 2771 1070 2800 vixdum
1087 2776 1200 2809 repetita
1212 2777 1293 2811 sede,
1308 2779 1386 2806 novis
1403 2780 1554 2816 alienisque
1576 2784 1666 2818 irnpeti
1688 2771 1743 2812 cri-

962 2818 1164 2849 minationibus.
1180 2822 1264 2850 Aiunt
1273 2824 1361 2852 caedes
1371 2845 1380 2858 ,
1404 2826 1552 2856 seditiones
1563 2850 1570 2862 ,
1586 2831 1682 2859 exsilia
1696 2833 1742 2861 im.

994 2878 1029 2912 (ε)
1047 2877 1146 2907 Athan.
1160 2879 1236 2915 Apol.
1256 2886 1348 2910 contra
1365 2882 1472 2918 Atiam,
1487 2893 1515 2913 n.
1536 2886 1562 2913 5.
