2016 3046
255 169 315 189 XCIV

930 163 1193 193 PROLEGOMENA.

255 224 368 255 putan,‘
379 227 495 255 quorum
516 220 614 249 nedum
628 225 724 250 auctor
738 222 796 256 ipse
815 223 958 251 occasiove
974 224 1041 251 fuis-
1054 227 1078 256 Α
1092 229 1137 259 pta
1159 222 1198 257 (a)
1226 220 1336 254 dicitur,
1364 219 1462 248 fratres
1486 219 1545 248 sive
1572 219 1672 255 legatos
1690 227 1752 248 suos
1767 221 1876 258 πέρυσι,

256 272 313 299 set,
338 274 372 294 ne
394 266 478 294 redux
505 267 634 302 quidem,
652 268 762 303 quando
791 269 942 297 istiusmodi
966 264 1040 305 gesta

257 318 338 347 sunt,
353 318 430 348 erat;
445 314 491 342 sed
507 314 595 342 adhuc
611 316 704 351 procul
717 317 802 351 patria
813 317 840 344 in
857 316 936 353 Syria
949 324 1041 346 versa-

257 360 337 386 batur
366 369 372 387 :
393 360 555 395 negotiaque
580 361 734 396 huiusmodi
746 363 788 390 vel
817 363 981 396 Ecclesiam,
999 363 1042 390 vel

257 405 435 432 Athanasium
450 406 605 436 nullatenus
621 414 769 443 spectasse.
790 409 819 437 in
845 417 940 438 eorum
960 410 1041 437 ﬁdem

258 455 318 477 acta
334 451 390 485 ipsa
405 456 432 478 et
447 454 599 481 sententias
608 453 730 488 judicum
749 463 790 492 se_
803 460 927 484 attexere
944 457 1042 491 episto-

258 495 299 522 lae.
318 495 400 523 Multa
416 497 544 533 deinceps
555 506 685 528 enarraut
697 521 704 533 ,
724 508 785 536 quae
796 501 851 536 jam
865 510 880 529 a
898 503 976 530 nobis
987 503 1042 530 suis

257 545 320 568 sunt
336 543 468 571 recensita
483 545 552 572 locis
562 566 570 578 ,
583 552 753 582 purgantque
766 547 948 576 Athanasium
963 556 978 576 a
990 549 1042 577 cri-

258 587 453 616 minationibus
468 590 685 620 adversariorum
700 584 841 629 ,‘carpunt
862 595 970 623 Eusebii
988 602 1043 622 am-

257 632 344 661 bitum
361 640 388 662 et
404 636 557 670 cupidinem
588 646 746 673 magnarum
770 642 988 676 occupandarum
1003 642 1043 669 ci-

257 678 383 707 vitatum.
398 680 489 708 Mirari
503 689 532 709 se
544 689 558 708 a
575 683 633 710 viro
644 703 652 717 ,
673 684 718 718 qui
738 683 841 718 jamdiu
862 690 890 713 et
913 687 974 721 jure
988 686 1044 720 qui-

258 723 318 750 dem
336 725 475 754 abdicatus
492 727 607 761 fuisset,
620 729 702 763 objici
717 731 870 759 Athanasio
892 732 965 759 illam
981 741 1044 767 por-

258 774 393 798 tentosum
419 777 446 799 et
466 778 559 800 contra
575 774 619 808 jus
636 774 730 810 fasque
745 776 808 812 Tyri
823 778 922 805 editam
940 779 1044 806 abdica-

259 815 371 843 tionem.
387 816 466 845 Falso
477 818 584 854 jactare
601 820 677 853 illos,
692 822 849 849 redeuntem
864 824 1042 852 Athanasium

258 869 329 896 agre
339 868 366 889 et
384 863 538 899 indignante
549 866 647 901 populo
659 867 786 902 cleroque
797 869 982 897 Alexandrino
995 872 1043 898 ad-

259 908 387 941 missum,
413 910 520 943 quando
538 900 646 943 contra,
678 900 798 940 omnium
821 915 906 947 votis,
931 915 1040 949 laetitia,
1057 900 1078 928 Β

259 953 356 988 plausu
384 961 528 990 exceptum
554 958 658 985 nemini
688 967 741 986 non
765 960 935 995 exploratum
951 968 1040 996 esset;

260 1004 334 1026 tanta
350 1001 476 1035 cupidine
493 1001 543 1029 viri
558 1004 706 1036 perniciem
727 1011 855 1040 expetere
867 1026 876 1040 ,
896 1012 925 1034 ut
947 1013 1042 1036 contra

258 1051 339 1078 quam
356 1051 526 1080 perspectum
539 1048 591 1075 sibi
604 1053 632 1076 et
648 1049 841 1079 Alexandrinis
855 1058 946 1085 esset,
967 1053 1041 1081 illum

259 1091 331 1124 apud
348 1091 538 1126 imperatorem
567 1095 601 1122 de
622 1103 753 1123 conversa
773 1097 799 1124 in
823 1105 880 1125 rem
904 1100 1041 1134 propriam

259 1144 365 1163 annona
381 1138 486 1172 publica
503 1140 674 1169 detulissent.
689 1142 797 1171 Monent
814 1144 921 1172 demum
936 1146 1043 1173 univer-

259 1189 318 1215 της,
335 1184 478 1212 Eusebium
490 1191 517 1213 et
527 1189 615 1216 socios
636 1189 722 1223 posita
748 1190 823 1218 larva
839 1198 900 1218 cum
929 1192 1041 1219 Arianis

261 1229 348 1261 palam
365 1230 497 1258 societate
513 1236 540 1259 et
551 1234 741 1262 communione
751 1233 859 1269 junctos
871 1255 879 1268 ,
895 1235 991 1263 iisdem
1005 1237 1044 1263 in-

260 1279 363 1303 teresse
376 1276 492 1304 coetibus
509 1278 704 1307 ecclesiasticis
715 1300 723 1312 ,
739 1286 819 1315 atque
841 1282 971 1309 Arianum
984 1282 1043 1317 epi-

259 1327 372 1355 scopum
385 1322 579 1352 Alexandrinis
595 1325 701 1353 dedisse
713 1346 720 1358 ,
736 1334 832 1354 novam
848 1329 970 1355 haeresim
983 1329 1044 1356 ubi-

261 1374 315 1400 que
343 1370 531 1398 commendare
555 1371 755 1407 celebrareque.
783 1374 889 1409 Rogant
917 1375 1045 1409 praesules

262 1420 376 1447 omnes,
415 1422 445 1443 ut
472 1424 506 1444 ne
532 1416 708 1451 Eusebianis,
728 1420 750 1446 si
777 1420 840 1455 quid
865 1421 1046 1449 rescribereut

260 1463 354 1485 contra
387 1459 580 1495 Athanasium,
605 1462 685 1490 tidem
710 1464 843 1498 habeant,
873 1466 978 1494 etiamsi
998 1467 1044 1494 lit-

260 1508 324 1531 term
354 1503 542 1540 [Egyptiorum
572 1509 753 1543 complurium
781 1511 967 1546 episcoporum
997 1521 1046 1539 no-

262 1556 323 1576 men
353 1551 516 1584 przeforant:
533 1561 593 1581 esse
613 1555 711 1590 quippe
734 1555 863 1590 ejusmodi
887 1557 995 1584 nomina
1018 1563 1045 1585 et

259 1594 386 1631 suﬂragia
402 1597 605 1627 Meletianorum
631 1601 885 1635 schismaticorum,
908 1603 953 1637 qui
971 1604 1044 1631 viros

261 1640 288 1667 in
303 1641 360 1669 dies
373 1647 449 1671 tanto
465 1645 549 1679 gradu
566 1653 696 1681 perquam
712 1647 837 1683 indignos
859 1648 893 1675 ad
915 1649 1043 1676 sacerdo-

261 1688 327 1715 tium
339 1695 539 1722 promoverent.

265 1766 270 1775 ‘
295 1733 323 1761 2.
345 1733 481 1770 Synodum
495 1743 577 1771 porro
597 1737 808 1766 Alexandrinam
831 1739 892 1768 ideo
912 1748 965 1769 non
983 1746 1045 1770 ante

261 1786 361 1807 annum
399 1781 471 1816 340;
500 1783 663 1811 celebratam
690 1785 855 1814 arbitramur
865 1777 881 1819 ,’
906 1787 970 1822 quia
991 1796 1045 1816 non

261 1825 366 1853 minore
381 1828 469 1862 spatio
483 1830 612 1864 temporis
625 1830 681 1864 geri
697 1831 822 1859 videntur
835 1833 967 1867 potuisse,
983 1841 1044 1869 qua

261 1871 296 1898 ab
311 1872 398 1900 reditu
413 1873 553 1902 Athanasii
581 1876 614 1904 ad
635 1883 696 1904 eam
710 1885 794 1912 usque
818 1879 950 1914 synodum
971 1884 1045 1915 gesta

262 1921 336 1944 sunt.
349 1918 513 1948 Athanasius
531 1921 604 1948 enim
616 1922 666 1950 sub
678 1922 760 1950 linem
775 1922 847 1951 Junii
861 1925 961 1953 mensis
975 1933 1046 1953 anno

262 1962 315 1990 558
328 1963 449 1992 Treviris
465 1965 612 2000 profectus,
626 1975 687 1994 cum
711 1975 759 2003 per
775 1969 946 1998 Germaniam
957 1991 965 2004 ,
976 1970 1048 1998 Pan-

263 2009 384 2042 noniam,
408 2009 530 2038 Moesiam
551 2016 579 2039 et
603 2011 746 2040 Thraciam
768 2014 1046 2052 Constantinopolim;

263 2056 382 2091 indeque
401 2065 450 2092 per
464 2057 569 2092 Asiam,
585 2059 751 2096 Bithyniam,
769 2061 979 2097 Cappadociam,
995 2064 1047 2099 Sy-

262 2101 344 2134 riam,
364 2101 534 2131 Palaestinam
555 2104 582 2132 in
606 2104 752 2140 Egyptum
779 2114 904 2135 reversus
919 2108 965 2141 sit,
982 2115 1048 2135 non-

263 2148 317 2175 nisi
333 2153 455 2177 vertente
478 2150 572 2177 eodem
597 2158 679 2185 anno,
706 2157 783 2180 tanto
799 2153 926 2180 nimirum
943 2154 1048 2183 itineris

263 2201 373 2222 emenso
389 2195 487 2230 spatio,
511 2196 598 2231 potuit
610 2196 804 2226 Alexandriam
825 2199 977 2233 pervenire.
993 2199 1047 2228 Ex-

1093 271 1118 297 id
1143 274 1194 301 est,
1213 275 1286 295 anno
1306 267 1431 302 proxime
1457 266 1549 301 elapso
1572 266 1641 298 540,
1668 267 1798 301 synodum
1825 269 1877 295 lto-

1093 322 1143 343 niu
1161 313 1311 349 postulasse
1339 321 1347 339 :
1375 311 1562 347 probabilique
1585 312 1737 346 coniectura
1764 320 1877 347 possunt

1094 358 1215 393 synodus
1241 361 1269 384 et
1293 357 1352 391 ejus
1373 356 1471 391 legatio
1494 357 1520 384 in
1537 364 1638 384 annum
1662 357 1785 384 eumdem
1808 365 1876 385 con-

1091 404 1166 431 ferri.

1130 455 1157 482 5.
1174 453 1267 489 Legati
1285 453 1426 481 Athanasii
1449 461 1508 480 cum
1529 453 1686 480 Eusebianis
1702 455 1877 489 congrediun-

1094 506 1147 527 tur.
1162 515 1197 520 —
1221 499 1278 527 Hoc
1303 499 1394 532 igitur,
1412 504 1442 527 ut
1460 504 1596 534 putamus,
1611 507 1693 532 anno,
1718 501 1792 527 missi
1814 506 1878 527 sunt

1092 547 1126 574 ab
1141 548 1290 575 Athanasio
1311 552 1339 575 et
1353 555 1368 574 a
1393 547 1497 583 synodo
1512 547 1696 574 Alexandrina
1714 547 1875 582 presbyteri,

1094 595 1138 628 qui
1158 594 1299 628 epistolam
1322 593 1393 620 illam
1417 593 1574 628 synodicam
1596 591 1667 620 Iulio
1688 592 1828 624 offerrent,
1845 600 1878 620 ac

1093 639 1203 667 Eusebii
1218 639 1367 674 legatorum
1380 638 1521 673 postulantis
1533 639 1730 666 obniterentur.
1744 638 1877 666 Macarius

1093 685 1225 720 siquidem
1252 685 1403 720 presbyter,
1429 685 1576 720 illarlyrius
1596 688 1623 711 et
1645 684 1794 720 llesychius
1816 686 1877 712 dia-

1093 731 1155 759 coni
1173 736 1296 759 oratores
1313 732 1347 758 ab
1376 730 1493 758 Eusebio
1514 731 1601 763 missi,
1629 731 1753 762 Romam,
1778 735 1807 757 ut
1834 731 1876 757 di-

1093 781 1165 804 ctum
1183 781 1234 809 est,
1256 777 1483 811 commigrarunt;
1507 776 1667 810 traditisque
1691 776 1762 804 .lulio
1779 777 1878 804 litteris

1093 820 1283 855 significarunt
1304 813 1436 847 admissos
1463 821 1497 847 ab
1515 819 1676 848 Eusebianis
1703 823 1735 847 ad
1758 829 1879 849 commu-

1094 866 1202 892 nionem
1222 865 1307 893 fuisse
1329 866 1457 897 Arianos,
1480 870 1659 900 auctoresque
1681 867 1731 901 ipsi
1755 873 1835 894 erant
1848 873 1878 894 ut

1093 912 1185 947 gratiae
1209 912 1339 947 pacisque
1362 912 1487 940 ineundae
1509 920 1592 940 causa
1614 913 1718 940 litteras
1742 914 1817 941 daret
1841 915 1875 941 ad

1093 957 1196 985 Pistum
1224 958 1354 985 Arianum
1385 958 1418 985 ab
1444 958 1604 986 Eusebianis
1633 959 1778 987 delectum.
1803 960 1876 988 Julio

1093 1005 1156 1032 item
1181 1005 1293 1032 tradunt
1316 1010 1489 1032 monumenta
1507 1010 1534 1031 et
1551 1009 1611 1032 acta
1637 1005 1793 1035 Mareotica.
1817 1014 1877 1040 qum

1093 1053 1126 1080 ad
1147 1052 1326 1079 Athanasium
1348 1051 1394 1079 ille
1415 1051 1574 1078 transmisit.
1603 1051 1684 1079 Multa
1708 1057 1790 1084 certe,
1814 1053 1877 1079 dum

1092 1098 1267 1126 Alexandrini
1292 1098 1373 1133 legati
1397 1097 1568 1131 accederent,
1594 1097 1772 1126 moliebantur
1794 1098 1831 1125 illi
1850 1098 1878 1125 in

1092 1144 1282 1176 Athanasium,
1306 1144 1379 1170 nulla
1406 1151 1459 1171 non
1486 1143 1556 1170 mala
1581 1143 1784 1178 praedicabant;
1810 1144 1878 1171 nihil

1093 1195 1186 1218 contra
1202 1189 1281 1217 slﬁcii
1306 1189 1549 1224 prmtermittcbant
1573 1189 1606 1216 ad
1629 1190 1744 1224 gratiam
1771 1190 1879 1217 Arianis

1094 1235 1304 1263 conciliandam.
1320 1235 1519 1263 Accedentibus
1533 1239 1621 1263 autem
1643 1235 1783 1262 Athanasii
1806 1236 1880 1270 lega-

1095 1281 1139 1313 tis,
1163 1281 1298 1316 perterriti
1322 1279 1462 1315 inopinato
1486 1280 1615 1312 adventu,
1637 1287 1670 1308 ac
1692 1287 1772 1315 supra
1798 1281 1878 1308 tidem

1095 1326 1185 1353 animo
1211 1325 1289 1353 fracti
1315 1331 1394 1358 sunt,
1421 1329 1452 1352 ut
1479 1324 1561 1352 etiam
1589 1325 1729 1360 legationis
1755 1326 1880 1360 princeps

1094 1372 1238 1404 Macarius,
1259 1379 1373 1406 corpore
1390 1371 1455 1398 licet
1472 1377 1554 1406 ager,
1570 1376 1650 1398 noctu
1665 1379 1695 1399 se
1716 1372 1878 1406 proriperet,

1095 1418 1249 1453 propediem
1275 1417 1394 1445 futurum
1416 1424 1470 1444 non
1494 1417 1585 1445 ferens
1601 1417 1750 1452 pudorem:
1771 1417 1880 1452 quando

1095 1463 1208 1495 Pistum,
1225 1462 1303 1498 cujus
1318 1463 1363 1490 ille
1379 1470 1491 1490 causam
1505 1463 1612 1497 agebat,
1630 1462 1777 1498 legatorum
1794 1462 1880 1489 Atha-

1096 1511 1164 1538 nasii
1186 1510 1352 1542 testimonio,
1380 1516 1433 1536 non
1454 1508 1586 1536 Arianum
1611 1508 1700 1540 modo,
1725 1508 1771 1536 sed
1797 1516 1811 1535 a
1831 1508 1881 1535 Se-

1097 1555 1184 1582 cundo
1202 1563 1248 1589 per
1265 1554 1400 1582 Nicaenam
1422 1554 1555 1589 synodum
1578 1554 1704 1581 abdicato
1725 1555 1880 1581 ordinatum

1096 1601 1191 1632 fuisse.
1212 1600 1443 1635 comprobandum
1473 1599 1531 1627 fore
1556 1598 1747 1634 prospiciebat.
1776 1599 1879 1633 Marty-

1095 1647 1153 1674 rius
1179 1651 1268 1674 autem
1285 1651 1313 1674 et
1336 1645 1485 1681 Hesychius
1507 1653 1598 1673 coram
1627 1646 1723 1680 legatis
1738 1645 1880 1673 Athanasii

1095 1692 1245 1724 constituti,
1260 1692 1358 1720 oblatis
1368 1692 1402 1719 de
1416 1699 1491 1719 more
1507 1691 1665 1719 criminibus
1675 1696 1702 1719 et
1718 1691 1878 1725 maledictis,

1096 1739 1133 1765 ita
1149 1737 1232 1773 probe
1253 1738 1412 1772 naviterque
1432 1736 1564 1764 confutati
1584 1740 1612 1764 et
1637 1737 1735 1771 repulsi
1762 1741 1837 1768 sunt,
1850 1741 1880 1764 ut

1095 1784 1189 1818 inopes
1201 1783 1306 1811 consilii
1326 1790 1359 1810 eo
1376 1783 1484 1810 demum
1497 1781 1686 1817 confugerent,
1699 1786 1729 1808 ut
1746 1782 1879 1817 synodum

1095 1829 1177 1857 indici
1206 1833 1343 1864 rogarent,
1371 1828 1398 1856 in
1422 1835 1475 1863 qua
1505 1827 1617 1863 polliciti
1642 1831 1707 1854 sunt
1734 1827 1824 1854 omnia
1850 1834 1880 1854 se

1095 1876 1243 1903 Athanasio
1258 1875 1347 1903 oblata
1371 1875 1486 1902 crimina
1511 1874 1747 1908 comprobaturos.
1773 1873 1801 1900 ιι]
1816 1880 1878 1899 cum

1096 1920 1275 1955 etilagitarent
1300 1920 1382 1948 etiam
1403 1919 1546 1946 Athanasii
1574 1918 1667 1954 legati,
1685 1918 1770 1946 edixit
1793 1917 1880 1945 Julius

1096 1972 1126 1995 ut
1136 1968 1277 2002 utriusque
1288 1966 1402 1993 arbitrio
1422 1966 1508 2000 partis
1530 1964 1605 1992 locus
1618 1964 1819 1999 assignaretur,
1834 1963 1879 1990 ubi

1096 2017 1207 2048 possent
1231 2019 1274 2040 res
1298 2011 1451 2039 accuratius
1474 2010 1601 2045 expendi.
1633 2009 1682 2037 liis
1704 2008 1816 2044 perlatis
1845 2008 1879 2035 ad

1097 2059 1274 2091 Eusebianos,
1288 2058 1332 2086 ubi
1344 2057 1554 2089 subodorantur,
1573 2056 1634 2084 Julii
1653 2056 1817 2083 auctoritatc
1831 2062 1879 2081 ce-

1096 2105 1252 2132 lebrandam
1277 2104 1408 2140 synodum
1429 2102 1499 2137 aequi
1515 2110 1547 2130 ac
1562 2102 1625 2129 boni
1648 2101 1795 2129 studiosam
1811 2100 1879 2132 lore,

1098 2150 1126 2176 in
1145 2156 1199 2184 qua
1226 2147 1292 2176 nihil
1317 2147 1404 2175 favori
1428 2152 1476 2174 aut
1490 2146 1585 2182 gratia
1608 2145 1813 2176 concederetur,
1830 2144 1881 2171 ab.

1098 2199 1186 2223 nuunt
1196 2194 1267 2222 Julio
1284 2201 1380 2229 gerere
1398 2199 1512 2220 morem.
1525 2191 1691 2219 Athanasius
1702 2195 1796 2218 contra
1813 2198 1881 2218 con-

263 2240 325 2267 inde
338 2241 550 2269 veroEusebiani
566 2250 634 2270 nova
644 2243 740 2271 incum
752 2246 918 2273 commentiti
932 2245 1045 2274 crimina
1061 2249 1083 2277 ι)
1098 2242 1226 2269 dilionem
1242 2241 1350 2275 accipit.
1366 2239 1421 2267 Nec
1439 2243 1544 2274 tempus
1567 2238 1659 2272 itaque
1680 2244 1730 2264 nec
1749 2236 1823 2264 locus
1836 2236 1882 2263 fu.

263 2287 382 2322 undique
398 2287 600 2323 pervulgaruut,
616 2289 671 2317 into
691 2291 723 2318 ad
740 2295 795 2318 tres
810 2291 942 2319 miserunt
957 2293 1047 2328 Augu-

262 2339 330 2360 stos.
346 2334 405 2366 Quo
426 2333 527 2362 factum
541 2339 571 2361 ut
594 2335 702 2364 litteras
717 2336 892 2365 Constantius
914 2338 947 2365 ad
961 2339 1046 2366 Atha-

263 2379 369 2406 nasium
395 2380 499 2408 miserit
526 2381 700 2415 querelarum
727 2382 910 2417 plenissimas.
936 2384 1047 2412 Accedit

262 2425 460 2453 Antiochenum
476 2426 627 2455 Constantii
652 2433 680 2456 et
693 2427 906 2457 Eusebiauorum
933 2429 994 2462 iter,
1019 2435 1046 2458 et

262 2473 381 2507 synodus
409 2473 469 2501 istic
491 2474 637 2509 celebrata,
663 2475 690 2502 in
714 2483 767 2510 qua
794 2475 884 2503 Pistus
908 2476 1043 2511 deligitur,

263 2519 343 2554 legati
359 2527 420 2547 cum
438 2520 538 2548 litteris
552 2521 694 2548 mittuntur
707 2522 831 2549 Romam.
849 2521 921 2555 Quas
941 2522 1045 2550 litteras

262 2565 313 2593 sibi
329 2567 514 2600 transmissas.
532 2568 693 2602 etquidem,
709 2573 738 2596 ut
758 2569 876 2602 videtur,
891 2568 986 2600 Roma,
1002 2569 1045 2596 in-

263 2617 350 2640 nuunt
363 2613 482 2650 episcopi
494 2614 626 2650 .lEgyptii.
644 2615 785 2651 Subebaec,
796 2615 938 2644 celebrata:
949 2615 1044 2651 synodi

262 2658 437 2687 Antiochense
465 2665 578 2695 accepto
602 2662 706 2694 nuntio,
729 2661 850 2696 .Egyptii
875 2661 1045 2689 Alexandriae

263 2708 394 2742 synodum
411 2708 541 2736 habuere.
559 2708 609 2736 Vix
629 2713 719 2736 autem
736 2712 850 2744 possunt
872 2707 964 2735 isthaec
983 2714 1042 2734 om-

262 2758 308 2785 nia
323 2758 394 2785 intra
404 2757 467 2784 anni
478 2757 530 2785 559
543 2757 659 2792 spatium
672 2755 870 2784 circumscribi.
883 2755 923 2782 Ad
947 2754 1004 2782 haec
1016 2753 1043 2781 in

262 2804 377 2839 epistola
412 2804 528 2840 quadam
558 2804 701 2832 Athanasii
736 2810 809 2831 anno
841 2802 891 2830 3M
924 2800 1044 2830 conscri-

301 2898 339 2935 (a)
360 2896 459 2925 Athan.
478 2896 564 2931 Epist.
577 2895 720 2930 encyclica.

1098 2293 1164 2315 tura:
1181 2287 1275 2323 synodi
1304 2286 1457 2321 assignatus
1473 2293 1488 2312 a
1515 2283 1586 2312 Julio
1613 2284 1674 2316 fuit,
1698 2283 1745 2310 sed
1772 2291 1815 2310 res
1839 2288 1883 2310 est

1097 2334 1217 2369 partium
1243 2332 1356 2360 arbitrio
1382 2330 1524 2367 permissa.
1546 2330 1599 2357 Alii
1622 2337 1703 2365 porro
1722 2337 1771 2364 per
1786 2330 1880 2356 orbem

1097 2378 1226 2414 episcopi,
1252 2378 1351 2412 quibus
1379 2377 1479 2404 tradita
1498 2381 1541 2404 est
1564 2375 1755 2403 Alexandrina:
1783 2375 1881 2411 synodi

1097 2426 1222 2458 cpistola,
1246 2424 1350 2452 Pistum
1368 2423 1515 2458 impietatis
1534 2430 1615 2450 causa
1638 2423 1803 2449 damnarunt
1816 2430 1882 2448 aua-

1098 2471 1226 2503 theinate,
1241 2475 1268 2498 et
1281 2469 1441 2499 abdicarunt
1457 2474 1486 2496 ut
1502 2468 1668 2496 hatrelicum.

1132 2517 1159 2544 4.
1184 2516 1344 2543 Athanasius
1373 2514 1453 2542 libros
1469 2513 1615 2547 Scriptum
1640 2521 1723 2540 sacrm
1743 2513 1822 2539 mittil
1845 2513 1880 2539 ad
1902 2521 1906 2525 ”

1098 2562 1379 2592 Constantem—Per
1392 2562 1462 2589 idem
1487 2562 1544 2588 fere
1561 2566 1665 2595 tempus
1678 2560 1812 2588 Constans
1827 2561 1881 2587 An-
1924 2580 1928 2584 .

1084 2616 1191 2646 .gustus
1211 2609 1308 2637 litteris
1325 2607 1504 2636 Athanasium
1523 2611 1600 2641 rogat
1618 2606 1667 2642 (ὸ),
1686 2607 1725 2633 uti
1740 2611 1816 2633 curet
1828 2607 1879 2633 sibi

1097 2658 1247 2685 litterarum
1273 2663 1414 2684 sacrarum
1442 2654 1527 2681 libros
1552 2653 1580 2680 in
1620 2661 1697 2680 usum
1725 2653 1881 2681 commodos

1098 2703 1244 2736 adornari,
1259 2703 1323 2737 quia
1342 2701 1446 2729 scilicet
1463 2699 1591 2735 IEgyptia
1612 2707 1677 2734 gens
1691 2699 1725 2727 iis
1737 2699 1882 2726 exarandis

1097 2755 1125 2778 et
1139 2749 1340 2784 compingeudis
1361 2748 1490 2776 solertior
1509 2747 1615 2776 caeteris
1632 2750 1716 2775 esset.
1740 2746 1816 2778 Quod
1836 2745 1881 2773 ille

1097 2797 1169 2825 haud
1191 2795 1363 2831 indiligenter
1384 2799 1548 2828 exsecutus,
1572 2792 1712 2821 confectos
1742 2792 1824 2820 libros
1847 2791 1881 2818 ad

1136 2891 1172 2926 (ti)
1187 2890 1286 2919 Athan.
1300 2887 1375 2922 Apol.
1390 2890 1422 2914 ad
1437 2885 1594 2920 Constant”.
1604 2894 1630 2914 n.
1645 2886 1672 2913 ι.
