2016 3046
803 178 883 207 VITA
905 179 934 207 S.
953 179 1149 208 ATHANASII.

1720 187 1770 208 ην

144 234 320 262 Constantem
343 234 504 261 transmisit.
528 233 620 269 Neque
646 234 771 262 audiendi
794 236 840 270 qui
861 235 933 263 arhi-
946 238 970 266 Α
984 237 1040 263 veri
1055 237 1115 264 loco
1131 238 1252 272 pmulis
1268 237 1361 265 habiti.
1387 237 1567 271 Quamobrem
1589 237 1641 264 alio
1657 245 1770 264 conver-

146 284 252 308 trantur
265 280 367 307 πυκτια
386 280 442 312 illa,
460 285 488 307 ut
509 285 588 308 vocat
608 281 783 315 Athanasius,
806 289 866 310 esse
887 290 932 318 sy-

145 328 239 362 nopsin
262 327 410 362 Scriptura:
426 334 522 361 sacras,
545 331 576 355 nt
598 327 720 363 pluribus
746 328 814 356 alias
841 332 931 357 osten-

136 376 203 400 sum
223 377 274 400 est.
516 384 524 392 ι

178 419 366 447 Constantinus
377 420 470 454 junior
491 419 554 447 obit.
571 434 607 440 —
619 419 676 448 Hoc
689 427 761 447 anno
777 420 848 448 diem
873 420 932 448 obit

144 466 337 494 Constantinus
347 465 440 500 junior
455 466 604 500 Augustus,
616 466 663 501 qui
678 473 740 493 cum
757 465 855 494 bellum
873 473 931 494 mo-

143 516 219 539 veret
239 511 266 538 in
286 511 459 539 Constantem
485 510 616 545 fratrem,
644 512 679 539 ab
708 511 787 545 hujus
807 512 929 539 exercitu

143 563 289 591 oppressus
306 564 446 592 eassusque
464 562 522 590 est,
546 564 619 585 coss.
644 557 786 593 Acyndino
812 563 839 586 et
865 559 930 585 Pro-

144 603 198 630 elo.
228 602 292 630 Post
322 602 401 636 hujus
435 610 528 630 necem
557 602 697 631 Constanti
729 604 847 632 accessit
864 603 930 632 Gal-

144 648 179 675 lia
207 653 235 676 et
259 648 400 684 Hispania,
425 653 582 685 ceterasque
601 654 677 677 trans
699 649 779 684 Alpes
799 650 857 678 siue
883 657 928 678 res

143 701 245 729 stones.

177 740 251 768 Anno
260 739 389 768 541.-Ι.
398 740 520 775 Synodua
530 740 702 768 Antiochum.
717 741 846 770 Eusebius
853 741 927 769 Emi-

142 794 220 814 unus
232 787 367 822 episcopus
379 787 572 814 Alexandrinus
583 788 753 816 constituitur
764 796 773 815 :
783 793 858 823 negot
867 788 929 816 sub-

142 833 181 860 ire
193 842 298 862 munus.
316 847 352 854 -—
367 833 509 862 Eusebiani
539 841 600 861 cum
620 834 779 862 conciliandi
797 835 848 862 sibi
865 833 927 862 Julii

142 879 280 914 pontiﬁcis
300 880 438 915 prmeisam
466 888 540 915 spem
563 880 754 916 intelligerent,
775 881 926 916 mitesque

141 931 286 954 cernerent
298 914 427 961 praesules
452 934 467 953 a
481 914 617 962 ipartibus
644 914 701 954 suis
716 914 927 959 desciscere,‘ad
944 914 965 942 Β

141 970 294 998 Constantii
301 970 480 1006 patrocinium
487 971 645 1007 confugiunt
655 972 703 1006 (α),
711 972 888 1000 Commodum
898 972 929 1000 il-

142 1015 176 1043 lis
195 1015 295 1043 accidit
310 1022 340 1044 ut
361 1016 472 1044 basilica
488 1024 581 1050 aurea,
595 1017 671 1052 cujus
683 1017 857 1045 fundamenta
873 1018 930 1045 An-

142 1061 251 1089 tiochiae
274 1066 403 1097 posuerat
415 1061 609 1090 Constantinus
632 1068 721 1097 pater,
737 1063 862 1091 absoluto
881 1064 928 1091 de-

141 1115 215 1134 mum
239 1115 302 1136 cura
320 1108 473 1136 Constantii
498 1108 622 1142 aedificio,
647 1109 760 1136 solemni
785 1109 838 1136 ritu
855 1109 929 1137 dedi-

141 1154 229 1181 canda
245 1153 325 1181 feret.
348 1154 389 1182 Ad
403 1155 480 1189 cujus
500 1155 620 1183 enemnia
640 1154 749 1189 majoris
763 1156 929 1183 celebritatis

141 1206 222 1226 causa
239 1203 332 1226 evocat
348 1199 525 1227 Constantius
546 1207 579 1227 ex
600 1199 712 1227 Oriente
730 1207 855 1235 magnam
873 1200 928 1228 vim

140 1244 342 1279 episcoporum.
365 1245 444 1272 Anno
460 1245 545 1279 igitur
563 1245 675 1272 ineunte
690 1245 757 1277 541.
773 1252 844 1273 coss.
859 1245 929 1273 Mar-

141 1289 242 1317 cellino
256 1294 283 1317 et
297 1289 424 1324 Probino,
447 1291 595 1318 indictione
610 1290 713 1318 decima
733 1296 831 1325 quarta
841 1311 849 1323 ,
864 1298 930 1318 con—

140 1334 229 1362 ﬂuunt
250 1336 422 1364 Antiochiam
448 1336 569 1372 episcopi
595 1343 680 1370 xevn,
705 1336 758 1370 vel,
788 1341 818 1363 ut
848 1337 929 1365 habet

140 1382 320 1418 Athanasiusj,
337 1391 381 1411 ac.
416 1382 516 1411 ﬂorum
538 1383 674 1418 principes
698 1388 779 1411 erant
796 1383 929 1411 Eusebius

140 1428 469 1464 Constantinopolitanus,
494 1428 648 1464 Theognius
671 1429 807 1461 Nicaenus,
832 1429 929 1457 Flacil-

140 1474 183 1502 lus
203 1475 401 1509 Antiochenus,
421 1475 580 1503 Theodorus
598 1475 771 1509 Perinthius,
787 1475 928 1503 Narcissus

142 1520 318 1554 Neroniadis,
333 1521 506 1549 Macedonius
519 1521 733 1555 Mopsuestenus,
749 1521 830 1548 Maris
847 1521 928 1548 Chal-

139 1568 317 1600 cedonensis,
331 1568 448 1596 Aeacius
463 1567 639 1595 Caesariensis
652 1586 660 1599 ,
675 1566 848 1602 Patropbilus
860 1565 929 1602 Scy—

140 1615 336 1650 tbopolitanus,
350 1614 488 1641 Eudoxius
499 1612 679 1641 Germanicis:
693 1613 720 1640 in
736 1612 826 1648 Syria,
843 1611 928 1640 Geor-

139 1661 198 1696 gius
211 1660 400 1692 Laodicanus,
413 1659 620 1695 Theophronius
632 1659 794 1695 Tyanensis.
808 1660 929 1687 Aderant

138 1707 225 1735 etiam
241 1707 349 1742 quidam
371 1706 442 1742 frugi
460 1711 489 1734 et
509 1705 635 1734 catholici
651 1706 713 1734 viri.
740 1706 795 1734 Nec
819 1706 929 1733 defuere

99 1789 102 1791 _
139 1757 233 1781 tamen
255 1752 301 1788 qui
329 1752 375 1780 tali
395 1752 541 1780 conventui
563 1752 695 1780 interesse
724 1753 927 1785 detrectarem;

138 1806 171 1826 ex
186 1806 305 1834 quorum
325 1805 439 1826 numero
459 1798 593 1826 Macarius
606 1797 867 1834 Jerosolymitanus,
882 1797 929 1832 qui

139 1844 223 1872 semel
238 1844 444 1872 circumventus
458 1844 670 1872 Eusebianorum
686 1843 835 1875 fraudibus,
851 1847 930 1870 caute

139 1890 193 1925 iam
208 1898 304 1919 eorum
325 1891 504 1927 frequentiam
519 1890 682 1918 declinabat.
707 1889 763 1917 Sed
783 1896 871 1924 neque
882 1888 930 1916 Ju-

140 1937 192 1965 lius
206 1945 375 1973 quemquam
393 1937 467 1964 misit
481 1937 527 1972 qui
541 1937 616 1964 vices
629 1936 754 1971 impleret
770 1943 850 1968 suas;
868 1943 930 1963 cum

140 1987 229 2011 tamen
240 2003 249 2015 ,
264 1987 294 2010 ut
308 1983 346 2010 ait
367 1982 495 2011 Socrates
509 1982 557 2019 (b),
577 1982 760 2010 ecclesiastica
777 1982 868 2017 regula
886 1989 932 2010 ve-

141 2033 188 2061 tet,
206 2036 242 2056 ne
264 2029 365 2064 absque
382 2033 447 2057 nutu
462 2029 576 2057 Romani
592 2029 728 2065 pontiﬁcis
752 2028 888 2064 quidpiam
905 2028 931 2055 in

140 2074 262 2103 Ecclesia
285 2076 458 2104 decernatur.
484 2075 586 2104 Aderat
602 2076 666 2114 item
682 2076 784 2110 synodo
798 2075 930 2103 Constan-

141 2121 194 2149 tius
209 2121 375 2156 quotidlanis
395 2122 574 2157 querimoniis
593 2122 619 2149 in
631 2121 808 2149 Athanasium
822 2127 933 2155 exaspe—

139 2170 232 2198 ratus,
251 2166 296 2200 qui
315 2166 340 2193 vi
364 2171 392 2194 et
416 2164 579 2194 auctoritate
604 2173 651 2193 sua
668 2165 758 2193 omnia
773 2165 799 2192 in
819 2165 932 2200 gratiam

139 2210 356 2239 Eusebianorum
380 2212 575 2240 moderaretur.
599 2210 667 2238 Tum
682 2211 870 2246 redintegrata:
889 2218 934 2238 ea-

983 285 1044 308 tunt
1063 282 1161 309 studia.
1185 282 1250 309 Erat
1265 287 1321 309 tum
1335 283 1485 310 Antiochiae
1497 284 1539 310 vir
1551 283 1647 310 nobilis
1661 283 1769 318 quidem

981 332 1009 355 et
1020 328 1126 363 egregie
1136 328 1267 360 eruditus,
1282 329 1330 356 sed
1343 329 1442 356 Ariana
1464 329 1524 356 labe
1542 329 1667 361 infectus,
1683 329 1770 356 Euse-

983 373 1044 402 bius
1065 379 1247 410 cognomento
1265 374 1408 403 Emisenus
1424 375 1478 411 (c);
1496 375 1540 410 qui
1559 375 1657 403 Edessa
1675 375 1768 403 oriun-

980 419 1040 453 dus,
1063 425 1090 447 et
1109 429 1123 448 a
1151 428 1234 455 puero
1260 421 1345 449 sacris
1373 421 1470 448 litteris
1488 422 1637 455 institutus,
1661 420 1769 449 Graecas

981 472 1074 502 postea
1095 467 1251 502 disciplinas
1271 475 1286 495 a
1308 468 1437 503 magistro
1452 469 1567 502 quodam
1590 474 1646 495 tum
1662 467 1768 494 Edessa

980 511 1087 546 degenti
1103 512 1215 540 edoctus
1230 517 1281 545 est,
1300 519 1333 539 ac
1346 513 1454 540 demum
1469 511 1624 546 Patrophilo
1642 516 1669 539 et
1688 512 1769 538 Euse-

980 556 1025 584 bio
1040 556 1198 585 Caesariensi
1222 558 1379 585 doctoribus
1404 565 1543 585 sacrarum
1567 558 1767 592 interpretatio-

980 608 1041 629 nem
1059 602 1209 630 litterarum
1228 603 1349 630 edidicit.
1371 603 1427 631 Sub
1447 604 1504 631 haec
1516 603 1684 632 Antiochiam
1705 611 1767 630 cum

978 648 1110 681 venisset,
1133 648 1279 676 Eustatbio
1302 655 1367 676 tunc
1385 649 1546 677 Arianorum
1569 649 1673 676 insidiis
1692 649 1769 675 abdi-

979 698 1050 727 cato,
1081 695 1240 722 societatem
1278 694 1339 722 iniit
1365 694 1496 722 Eusebius
1525 702 1585 722 cum
1614 694 1768 728 Euphronio

978 739 1036 774 ejus
1055 748 1221 768 successore.
1240 740 1304 768 Inde
1320 748 1386 768 vero
1403 741 1547 768 sacerdotii
1568 740 1668 767 vitandi
1687 747 1768 767 causa

976 784 1170 812 Alexandriam
1192 793 1222 813 se
1239 786 1382 821 proripuit,
1401 791 1483 821 atque
1504 786 1563 813 istic
1593 785 1769 819 philosophiae

977 831 1052 859 dedit
1070 838 1190 866 operam.
1214 831 1282 860 Hinc
1297 839 1421 860 reversus
1436 833 1617 864 Antiochiam,
1632 839 1692 859 eum
1704 831 1768 858 Fla-

978 877 1040 905 cillo
1052 877 1201 914 Euphronii
1217 886 1375 907 successore
1397 884 1522 907 versatur
1535 887 1615 914 quam
1630 877 1770 905 familiari'

979 928 1030 952 ter.
1051 924 1141 959 Atque
1156 925 1217 952 istic
1234 926 1400 959 morabatur,
1419 925 1526 960 quando
1543 925 1591 959 ipsi
1605 925 1639 951 ab
1652 923 1768 951 Eusebio

977 970 1278 1006 Constantinopolitano
1306 972 1390 1003 lsedes
1422 971 1603 998 Alexandrina
1636 969 1766 997 defertur.

979 1016 1077 1045 Verum
1105 1017 1158 1049 ille,
1186 1019 1228 1045 cui
1253 1023 1411 1053 perspectus
1434 1022 1494 1045 erat
1520 1017 1766 1044 Alexandrinorum

977 1071 1041 1099 erga
1054 1064 1232 1092 Athanasium
1248 1072 1333 1098 amor,
1357 1069 1437 1099 negat
1459 1064 1485 1091 id
1499 1063 1620 1091 muneris
1634 1070 1665 1090 se
1678 1063 1768 1090 subire

978 1116 1080 1144 posse:
1104 1117 1190 1145 quare
1215 1111 1241 1137 in
1264 1110 1420 1145 episcopum
1446 1110 1549 1137 Emesa:
1577 1109 1603 1136 in
1630 1109 1767 1136 Phoenicia

978 1161 1128 1191 cooptatur.
1156 1157 1274 1184 Emiseni
1307 1157 1497 1184 adventantem
1526 1160 1555 1182 ut
1587 1154 1767 1190 episcopalem

978 1207 1123 1236 occuparet
1150 1202 1241 1230 sedem
1259 1202 1390 1230 conviciis
1414 1206 1528 1230 onerant
1552 1206 1580 1228 et
1603 1200 1767 1232 maledictis,

978 1247 1049 1282 quod
1070 1252 1143 1275 esset
1158 1247 1202 1276 ille
1225 1248 1379 1282 astrologiae
1393 1267 1401 1280 ,
1426 1255 1508 1282 quam
1531 1247 1767 1281 apotelesmaticen

978 1296 1094 1326 vocant,
1119 1292 1297 1327 periculosam
1319 1293 1462 1320 admodum
1486 1292 1673 1327 disciplinam,
1693 1291 1768 1318 dedi-

979 1337 1111 1365 tissimus.
1129 1337 1168 1364 lta
1185 1337 1278 1372 pulsus
1293 1338 1325 1365 ad
1343 1337 1489 1371 Georgium
1505 1336 1687 1364 Laodicenum
1702 1344 1769 1364 con-

979 1383 1066 1417 fugit,
1090 1383 1136 1418 qui
1151 1383 1284 1419 Georgius
1307 1384 1414 1411 curavit
1436 1390 1451 1410 a
1465 1382 1578 1410 Flacillo
1599 1387 1627 1410 et
1641 1381 1768 1410 Narcisso

979 1427 1102 1456 Emesam
1119 1429 1222 1456 reduci.

1013 1474 1041 1501 2.
1057 1474 1286 1510 Gregoriojmunus
1296 1474 1423 1509 defertur.
1435 1487 1470 1494 —
1483 1473 1626 1501 Abnuente
1641 1473 1767 1506 Eusebio.

979 1522 1100 1550 defertur
1116 1523 1290 1558 episcopatus
1303 1522 1502 1550 Alexandrinus
1519 1521 1648 1557 Gregorio
1663 1522 1768 1556 Cappa-

980 1568 1039 1596 doci
1061 1568 1111 1604 (ά).
1138 1569 1189 1602 Qui
1207 1568 1271 1597 olim
1291 1569 1461 1597 Alexandria:
1477 1569 1576 1597 litteris
1597 1568 1768 1595 addiscendis

978 1615 1090 1643 dederat
1109 1622 1238 1650 operam,
1261 1616 1430 1650 comiterque
1447 1615 1482 1642 ab
1496 1615 1643 1642 Athanasio
1660 1621 1690 1641 ac
1709 1620 1769 1648 per-

978 1662 1131 1690 humaniter
1145 1666 1285 1696 exeeptus,
1305 1667 1386 1696 atque
1402 1662 1448 1689 ﬁlii
1469 1666 1499 1689 et.
1519 1661 1599 1689 amici
1616 1661 1675 1688 loco
1690 1659 1770 1687 habi-

978 1712 1033 1742 tus,
1053 1708 1196 1736 immemor
1215 1707 1306 1740 oliicii,
1325 1707 1421 1734 fabulae
1442 1707 1505 1734 caesi
1519 1706 1626 1734 Arsenii
1643 1706 1769 1740 evulgan—

978 1753 1019 1781 dte
1048 1760 1159 1788 operam
1189 1760 1267 1780 suam
1300 1752 1414 1780 locarat.
1445 1752 1584 1788 Ejusmodi
1621 1752 1769 1784 hominem,

978 1803 1120 1834 postquam
1138 1798 1236 1827 oblatae
1263 1798 1325 1826 iidei
1352 1797 1476 1826 formulae
1500 1805 1598 1825 nomen
1623 1802 1651 1825 et
1671 1796 1770 1824 suifra-

979 1845 1052 1880 gium
1074 1844 1212 1877 dedisset,
1240 1844 1436 1872 Alexandriam
1466 1843 1577 1871 mittunt
1601 1843 1768 1878 episcopum,

980 1890 1091 1918 militari
1123 1897 1204 1918 manu
1243 1890 1397 1924 stipatum,
1436 1890 1489 1917 vias,
1523 1889 1667 1916 comitibus
1699 1888 1770 1915 datis

980 1935 1117 1972 Philagrio
1142 1935 1270 1970 praefecto
1297 1940 1326 1963 et
1352 1935 1466 1963 Arsacia
1495 1935 1641 1968 eunucho,
1669 1935 1714 1969 qui
1743 1933 1769 1961 vi

981 1981 1175 2009 Alexandrinis
1191 1981 1277 2015 illata,
1297 1981 1369 2009 viam
1383 1981 1434 2016 ipsi
1457 1981 1594 2008 munirent
1609 1981 1643 2008 ad
1665 1980 1770 2015 episco-

981 2026 1068 2062 palem
1086 2025 1187 2054 sedem.

1016 2071 1180 2100 5.Antonius
1195 2071 1310 2100 Paulum
1322 2072 1427 2100 odit.—
1436 2070 1469 2099 Ut
1478 2071 1565 2099 fertur
1575 2072 1600 2099 in
1614 2070 1770 2106 Hieronymi

983 2117 1114 2146 Chronico
1129 2122 1157 2145 et
1174 2117 1306 2151 Historia,
1328 2118 1379 2146 hoc
1391 2125 1478 2152 anno,
1493 2118 1626 2145 Antonios
1647 2117 1771 2151 Magnus,

982 2163 1178 2192 monachorum
1194 2162 1293 2196 Pater,
1315 2163 1406 2191 divino
1431 2163 1550 2190 monitus
1565 2161 1686 2194 oraculo,
1706 2161 1772 2188 inte-

983 2209 1084 2237 riorem
1100 2209 1168 2244 petit
1179 2217 1313 2242 eremum,
1332 2209 1468 2237 invisurus
1484 2208 1595 2236 Paulum
1608 2208 1654 2243 (ε),
1676 2207 1721 2242 qui
1738 2207 1772 2234 ab

139 2257 263 2290 lumniaa,
278 2257 391 2292 repetita
410 2257 524 2285 crimina
550 2261 632 2290 sunt;
651 2257 776 2284 nimirum
789 2257 861 2292 quod
884 2257 933 2285 ab—
948 2266 972 2294 ι)
986 2255 1096 2283 ineunte
1119 2255 1301 2284 adolescentia
1330 2257 1356 2283 in
1384 2255 1480 2283 cellula
1505 2255 1636 2286 reclusus,
1661 2253 1772 2281 homini-

139 2303 248 2331 dicatus
263 2304 426 2331 Athanasius
441 2304 621 2339 episcopalem
644 2304 748 2335 sedem,
767 2311 820 2331 non
836 2307 932 2338 exspe-

138 2354 212 2377 ctata
232 2350 328 2386 synodi
349 2350 500 2385 eujuspiam
525 2350 672 2382 sententia,
698 2355 795 2384 suopte
818 2349 932 2377 arbitrio

138 2397 313 2430 repetiisset;
336 2398 406 2431 quod
432 2397 482 2424 sub
503 2397 653 2432 ingressum
674 2395 734 2430 ejus
750 2396 869 2423 excitato
888 2400 930 2423 tu-

138 2441 242 2474 multu,
266 2441 342 2468 multi
360 2441 386 2468 in
408 2441 541 2469 seditione
559 2441 702 2472 exstincti,
717 2440 761 2468 alii
777 2440 933 2468 verberibus

137 2487 172 2514 ab
192 2494 227 2514 eo
241 2486 357 2522 excepti,
374 2487 401 2514 in
423 2487 469 2522 jus
502 2487 590 2514 vocati
613 2486 659 2514 alii
685 2486 808 2514 fuissent.
830 2486 934 2515 Oblata:

137 2533 230 2561 denuo
245 2537 310 2560 sunt
324 2532 481 2560 inveteratae
496 2533 557 2565 illae,
580 2539 629 2560 nec
646 2533 705 2560 sine
718 2533 867 2560 delatorum
890 2534 932 2560 in-

137 2579 223 2608 famia
237 2579 303 2606 olim
319 2579 467 2614 repudiatae
482 2579 697 2611 criminatioaes,
712 2579 746 2606 de
756 2579 871 2607 Arsenio
881 2579 934 2607 ob-

139 2629 267 2653 truncato
282 2625 355 2653 etde
375 2624 462 2652 fracto
479 2625 572 2652 calice.
597 2624 701 2657 Quibus
719 2625 810 2652 allatis
828 2625 855 2652 in
875 2632 933 2653 me-

138 2672 226 2704 dium,
249 2671 283 2699 de
304 2678 462 2699 successore
478 2671 504 2698 in
521 2670 664 2698 Athanasii
681 2671 779 2698 locum‘
791 2671 933 2706 deligendo

138 2716 288 2743 -onfcstim
302 2722 404 2745 aetum.
430 2716 551 2744 Pudebat
562 2716 635 2743 enim
649 2717 767 2752 cooptati
781 2716 858 2749 Pisti,
874 2724 934 2744 om-

138 2761 215 2788 nium
230 2760 336 2789 calculo
350 2761 536 2796 episcoporum
557 2762 690 2794 damnati,
707 2769 757 2789 nec
777 2769 792 2788 a
808 2761 934 2796 quopiam

175 2826 216 2864 (α)
233 2826 344 2864 Socrat.
361 2827 407 2854 lib.
421 2836 441 2860 ι,
454 2836 514 2864 cap.
529 2828 565 2862 8;
588 2829 695 2857 Sozom.
711 2829 760 2857 lib.
776 2837 816 2862 nt,
833 2836 893 2864 cap.
906 2829 932 2857 5.

176 2861 215 2896 (tt)
233 2861 292 2888 Lib.
309 2870 338 2895 ιι,
353 2869 412 2897 cap.
428 2864 471 2891 18.

177 2898 217 2930 (cl
234 2897 344 2929 Socrat.
358 2898 437 2932 ibid.,
461 2907 521 2933 cap.
537 2900 574 2932 9;
592 2900 696 2929 Sozom.
715 2900 761 2929 lib.
775 2907 816 2934 nt,
832 2907 891 2933 cap.
906 2900 932 2928 6.

984 2300 1091 2336 busque
1111 2301 1218 2336 ignotus
1239 2301 1273 2328 ad
1297 2306 1452 2335 provectam
1472 2307 1557 2334 usque
1577 2303 1694 2332 aetatem,
1713 2302 1773 2324 tan-

986 2350 1041 2372 tam
1057 2344 1143 2373 eoluit
1158 2345 1343 2378 solitudinem,
1359 2345 1460 2373 nemini
1479 2349 1508 2372 ut
1526 2348 1604 2372 notus
1621 2347 1704 2370 esset.
1727 2342 1772 2370 In-

986 2395 1076 2419 stante
1096 2391 1172 2418 obitu
1195 2390 1295 2418 Paulus
1315 2395 1393 2426 rogat
1407 2390 1562 2421 Antonium,
1581 2393 1611 2416 ut
1637 2392 1774 2416 monaste-

987 2437 1057 2464 rium
1087 2441 1203 2471 repetat.
1237 2436 1401 2471 quaesiturus
1435 2435 1545 2471 pallium
1571 2435 1642 2462 dono
1663 2434 1714 2469 ipsi
1739 2433 1773 2460 ab

986 2483 1136 2511 Athanasio
1147 2483 1252 2516 datum,
1268 2490 1322 2518 quo
1339 2483 1380 2510 sui
1394 2481 1513 2510 defuncti
1532 2488 1630 2515 corpus
1644 2479 1772 2508 obvolve-

985 2534 1038 2557 ret.
1063 2528 1140 2561 Quod
1164 2536 1198 2556 eo
1225 2528 1271 2555 ille
1299 2528 1390 2555 animo
1413 2526 1580 2562 efﬂagitavit,
1606 2530 1636 2553 ut
1653 2526 1772 2553 absentis

985 2580 1100 2603 mortem
1121 2575 1289 2602 moderatius
1312 2574 1399 2602 ferret
1411 2574 1554 2605 Antonius,
1573 2577 1600 2599 et
1623 2579 1675 2599 una
1692 2577 1721 2599 ut
1743 2579 1774 2600 se

984 2621 1176 2649 communione
1191 2621 1342 2648 Athanasio
1362 2621 1395 2647 ad
1420 2626 1534 2647 mortem
1555 2626 1640 2654 usque
1661 2617 1775 2652 conjun-

984 2674 1059 2697 ctum
1071 2667 1256 2702 proﬁteretur.
1279 2667 1344 2700 Quae
1363 2666 1407 2694 ille
1431 2666 1522 2694 omnia
1539 2665 1630 2692 divino
1648 2664 1775 2692 illustra—

988 2719 1032 2742 tus
1045 2714 1155 2742 numine
1168 2717 1320 2748 acceperat,
1335 2713 1448 2746 nullum,
1468 2712 1506 2740 uti
1521 2711 1649 2746 diximus,
1667 2720 1682 2740 a
1699 2716 1774 2740 tene—

988 2760 1027 2788 ris
1040 2760 1119 2787 annis
1131 2759 1270 2787 hominum
1285 2759 1428 2786 allocutus.

1024 2828 1062 2865 ((1)
1077 2828 1181 2865 _S_ocrat.
1197 2828 1272 2860 ibid.,
1293 2828 1409 2865 eapJO.

989 2863 1257 2927 P(ejilieronymus
1284 2865 1311 2892 in
1338 2864 1477 2898 Chronico,
1505 2868 1531 2892 et
1554 2864 1580 2892 in
1602 2863 1664 2892 Vita
1688 2868 1773 2891 sancti

1015 2908 1080 2928 aut.
