2016 3046
265 179 325 200 ιενι

946 171 1078 200 PROLEG
1082 170 1196 199 OMENA
1201 191 1209 198 .

297 231 324 258 Δ.
342 230 417 258 Fidei
429 231 699 266 {armulwAntiochia
713 230 956 259 edam—Interea
965 232 1050 258 Euse-
1064 237 1086 263 Α
1102 229 1233 257 ecclesias
1252 226 1384 255 immittit.
1409 226 1459 259 Qui
1483 224 1623 260 promissis
1641 223 1767 259 Philagrii
1789 224 1883 252 conci-

262 277 323 306 liius
343 283 370 304 et
385 278 451 305 socii
466 278 516 312 (ιι),
537 278 620 304 misso
634 278 825 305 Alexandriam
838 277 981 310 Gregorio,
1000 277 1046 312 qui

262 323 440 351 Athanasium
455 323 583 350 invictum
597 323 645 350 τοῦ
661 323 805 359 ὸμοουσίου
817 323 960 354 vindicem,
971 322 1047 355 sede,

262 370 360 404 patria,
386 370 450 403 vita,
465 369 486 396 si
512 374 613 403 posset,
639 373 763 401 exueret,
785 369 818 397 de
838 369 931 396 eodem
949 368 1047 404 ὁμοθυ-

263 415 313 449 σίῳ
336 415 491 449 ahrogando
513 415 672 442 deliberant.
701 414 791 448 Quare
815 414 876 441 ﬁdei
904 413 1047 440 formulam

262 461 355 492 edunt,
375 466 427 493 qua
448 466 476 486 se
494 459 657 493 proﬁtentur
674 465 727 486 non
744 457 800 485 Arii
819 465 949 492 sequaces
970 464 1046 489 esse;

262 504 308 530 sed
325 504 359 530 ita
383 504 494 535 sentire,
520 508 548 530 ut
561 511 621 535 sua,
636 510 718 538 quam
733 503 831 535 edunt,
851 501 911 528 ﬂdei
932 501 1048 528 formula

262 547 347 575 eﬂert.
366 547 393 575 In
408 555 438 574 ea
452 552 544 574 autem
558 552 662 574 tacetur
680 546 795 573 invisum
812 545 876 572 illud
890 545 937 572 τοῦ
953 546 1049 580 ὁμοου-

264 593 321 619 σίου
336 592 504 620 vocabulum.
533 592 586 620 Sed
599 592 676 627 quasi
691 599 743 619 non
759 597 833 619 esset
853 591 897 618 illa
919 591 952 618 ad
969 591 1048 618 fidem

262 647 338 666 summ
359 639 547 666 declarandam
566 639 642 670 satis,
658 638 738 665 aliam
754 637 896 672 proferunt
918 637 1048 672 prolixio-

267 692 335 716 rem,
351 685 377 711 in
395 691 447 718 qua
467 684 568 718 pariter
596 683 678 710 misso
695 683 838 718 όμοουσιου
851 683 989 713 vocabulo,
1003 690 1050 710 su-

262 730 485 763 spiciosissimam
515 728 662 756 clausulam
695 728 840 762 adjiciunt,
869 729 931 755 dum
962 728 1048 760 aiunt,

262 774 287 801 1Γ
289 775 363 801 ilium
378 783 428 802 non
444 782 498 801 use
510 780 658 801 creaturam
678 774 746 801 velut
765 782 844 800 unam
866 781 898 801 cm
912 775 1049 808 creaturis,

262 828 383 849 errorem
401 822 438 848 ita
453 828 530 848 suum
547 821 723 855 ambiguitate
733 821 879 848 verborum
901 826 1050 856 contegen-

262 872 418 901 teszquam
446 866 508 894 ﬂdei
534 866 731 901 professionem
755 866 847 893 Ariani
877 867 995 894 nominis
1023 871 1051 894 et

262 913 504 940 mmmendationis
518 919 600 940 causa
616 912 735 940 Luciano
749 913 861 948 martyri
886 914 1047 948 ascripsere.
1063 912 1085 939 Β

263 959 361 985 Verum
372 978 379 991 ,
388 963 418 986 ut
431 959 511 986 habet
522 964 616 987 auctor
625 958 796 993 Dialogorum
809 960 841 986 de
853 959 980 987 Trinitatc
997 960 1047 996 (ὁ),

263 1003 373 1032 Luciani
411 1004 606 1032 confessionem
652 1005 744 1032 multis
780 1004 884 1033 laciniis
930 1007 1047 1033 haeretici

263 1050 468 1085 iuterpolarunt.
493 1049 613 1078 Tertiam
642 1050 793 1078 breviorem
824 1051 936 1086 protulit
960 1052 1050 1080 Theo-

263 1097 395 1130 phronius
421 1097 562 1132 episcopus
576 1097 739 1133 Tyanensis,
758 1098 784 1125 in
800 1105 864 1133 qua,
882 1104 979 1133 praeter
1001 1098 1048 1125 τοῦ

262 1143 604 1178 opooucloummissionem
633 1144 699 1171 nihil
729 1144 890 1178 culpandum
918 1146 1047 1172 occurrit.

267 1190 381 1218 Exstant
401 1195 530 1225 praeterea
549 1190 575 1217 in
596 1188 807 1217 Collectionibus
829 1197 961 1217 canonum
986 1197 1048 1217 eum

263 1237 354 1268 editis,
370 1241 427 1264 tum
444 1236 648 1271 manuscriptis,
664 1243 716 1263 xxv
735 1243 856 1264 canones
871 1236 1048 1264 Antiochense

263 1283 370 1319 synodi,
386 1283 420 1310 de
441 1282 539 1318 quibus
560 1282 651 1310 multa:
670 1287 763 1310 nostro
779 1290 837 1309 aevo
858 1282 1048 1309 controversiae

264 1338 279 1356 a
296 1329 383 1357 doctis
402 1330 468 1357 viris
485 1329 582 1362 editae;
604 1335 657 1364 quo
678 1329 810 1356 mittimus
834 1328 978 1360 lectorem,
1003 1334 1047 1360 ne,

264 1383 345 1411 quam
361 1376 512 1403 institutum
527 1375 605 1408 ferat,
621 1375 757 1410 longiores
769 1376 865 1402 sitnus.

300 1421 326 1448 5.
342 1420 462 1457 Gregorii
470 1421 571 1448 invasit)
582 1421 777 1448 truculenta.—
790 1421 935 1455 Gregorius
946 1426 1047 1454 autem,

264 1467 401 1502 Philagrio
424 1472 453 1495 et
465 1468 577 1495 Arsacio
596 1468 751 1500 comitibus,
770 1476 831 1495 cum
855 1468 1047 1496 Alexandriam

265 1515 424 1542 adventaret
445 1514 500 1550 (c),
526 1514 653 1550 populum
671 1514 882 1542 Alexandrinum
903 1515 958 1542 alta
981 1522 1047 1550 pace

264 1560 399 1589 fruentem
425 1561 545 1593 invenit,
568 1565 649 1595 atque
670 1561 846 1588 conventibus
858 1561 998 1588 Athanasii
1014 1561 1047 1588 de

265 1614 341 1635 tuore
356 1612 507 1635 vacantem.
538 1606 694 1642 Tranquilla
714 1608 816 1640 omnia,
838 1615 899 1635 cum
925 1608 952 1634 in
969 1608 1047 1640 urbe,

265 1657 321 1681 tum
338 1654 365 1681 in
384 1654 513 1689 regione;
536 1661 639 1680 summa
657 1661 708 1688 pax
727 1653 913 1688 episcoporum
926 1651 1047 1688 Egypti,

265 1699 422 1733 Thebaidis,
442 1704 468 1728 et
484 1699 575 1735 Libyae
587 1707 649 1727 cum
660 1700 815 1731 Athanasio,
833 1700 933 1727 mutuis
943 1698 1048 1732 oﬂiciis,

265 1750 360 1773 nmtuo
389 1754 482 1774 amore
514 1746 587 1773 culta
608 1754 615 1761 '
639 1754 700 1773 curn
733 1746 878 1781 derepente
908 1746 1050 1781 praefectus

265 1791 376 1827 Egypti
393 1800 443 1820 ceu
467 1793 590 1821 bellicum
612 1800 711 1820 cauere
727 1794 824 1827 cepit,
841 1793 929 1820 edicto
943 1794 1049 1820 denun-

267 1837 339 1865 tians
356 1838 516 1872 Gregorium
533 1838 731 1873 Cappadocem,
754 1838 782 1865 in
803 1839 891 1866 locum
910 1838 1050 1866 Athanasii

266 1884 421 1918 episcopum
434 1884 645 1911 Alexandrinum
661 1884 741 1916 mitti,
751 1889 778 1910 et
792 1883 818 1910 in
832 1883 962 1910 comitatu
978 1890 1049 1910 esse.

267 1928 316 1955 llis
332 1929 442 1960 auditis,
468 1930 557 1963 populi
576 1929 717 1956 insolentia
734 1930 772 1956 rei
789 1929 902 1963 permoti
918 1930 944 1956 in
964 1929 1052 1957 eccle-

268 1974 323 2000 sias
337 1981 490 2007 accurrere,
507 1980 586 2008 atque
601 1975 732 2002 collectas
751 1974 933 2009 frequentare.
955 1974 989 2001 At
1005 1975 1050 2001 ubi

268 2017 486 2045 animadvertunt
500 2026 597 2046 novum
613 2019 769 2053 episcopum
783 2026 844 2046 cum
866 2018 931 2045 solis
944 2018 1051 2045 Ariauis

269 2064 383 2096 versari,
407 2063 509 2096 ingenti
528 2064 646 2094 clamore
667 2065 837 2092 obtestantur
858 2064 973 2100 judices,
994 2072 1051 2091 ma-

271 2110 407 2145 gistratus,
430 2111 586 2139 universam
601 2111 708 2144 urbem,
721 2115 815 2138 eontra
829 2110 874 2144 jus
887 2111 980 2146 fasque
993 2118 1051 2138 rem

269 2155 321 2189 agi,
338 2163 390 2183 non
403 2161 557 2185 accusatum
573 2156 690 2192 legitime
703 2156 879 2184 Athanasium
894 2157 1050 2189 deturbari;

269 2204 293 2230 si
313 2201 384 2236 quod
404 2202 506 2230 crimen
527 2207 604 2236 erat,
629 2203 783 2237 oportuisse
808 2203 955 2231 secundum
979 2203 1052 2237 leges

269 2247 471 2276 ecclesiasticas
488 2255 545 2276 rem
562 2249 662 2284 inquiri
675 2254 702 2277 et
720 2257 815 2285 ptenaa
831 2249 951 2283 exposci,
966 2255 1052 2284 neque

269 2296 415 2329 derepente
439 2294 464 2321 vi
486 2299 566 2330 atque
589 2296 739 2330 patrocinio
754 2297 970 2331 magistratuum,
988 2302 1053 2323 vero

270 2340 395 2374 episcopo
416 2339 502 2374 pulso,
520 2340 662 2368 ecclesiam
685 2341 822 2369 invadere.
851 2340 898 2368 Vel
913 2341 979 2376 ipsis
995 2342 1054 2368 eth-

271 2386 339 2413 nicis
361 2386 419 2413 dari
440 2386 509 2414 male
526 2387 678 2421 suspicandi
703 2394 813 2414 causam
835 2395 867 2415 ac
891 2387 1052 2420 aestimandi,

272 2439 324 2459 non
351 2438 384 2458 ex
413 2431 501 2467 legum
531 2433 775 2460 ecclesiasticarum
803 2434 977 2468 praescripto,
1007 2434 1054 2461 sed

271 2477 467 2505 nundinatione
487 2482 515 2505 et
538 2478 630 2506 favore
649 2478 793 2513 episcopos
815 2479 914 2506 creari.
938 2480 974 2506 At
994 2479 1052 2506 fru-

273 2527 326 2550 stra
344 2523 394 2550 fuit
415 2524 505 2559 populi
525 2524 646 2551 clamor:
662 2524 830 2559 ingrediente
852 2532 967 2560 namque
983 2525 1053 2553 Gre-

273 2569 347 2604 gorio
373 2574 403 2597 ut
427 2570 619 2598 animadvertit
640 2570 793 2606 Philagrius
816 2571 976 2599 catholicam
995 2572 1053 2607 ple-

274 2619 333 2643 bem
344 2621 419 2644 tanlo
429 2624 520 2644 amore
528 2624 559 2644 ac
567 2617 655 2645 studio
662 2617 837 2645 Athanasium
851 2618 985 2652 amplecti,
999 2624 1052 2645 tam

275 2661 440 2696 frequentem
458 2663 635 2691 conventibus
650 2663 708 2698 ejus
723 2664 865 2698 interesse,
885 2670 978 2692 coacta
991 2665 1052 2692 eth-

275 2708 408 2741 nicorum,
420 2708 585 2742 Judaaorum,
602 2709 761 2744 opilionum,
782 2709 949 2744 aliorumque
960 2709 1053 2736 foren-

276 2754 344 2781 sium
357 2759 385 2782 et
402 2754 578 2788 petulantium
595 2755 722 2790 juvenum
740 2761 867 2788 caterva,
894 2755 977 2782 multa
992 2755 1054 2790 pol-

277 2800 364 2828 licitus
383 2800 407 2828 si
430 2808 486 2828 rem
506 2808 615 2830 strenue
638 2807 772 2837 gererent,
794 2810 841 2830 eos
864 2802 1006 2830 confertim
1026 2802 1052 2829 in

312 2858 350 2891 (α)
365 2857 470 2885 Socrat.
487 2859 531 2887 lib.
546 2868 585 2892 ιι,
602 2869 661 2893 cap.
677 2861 719 2887 l0.

316 2894 352 2928 (ὁ)
366 2893 465 2920 Athan.
493 2899 558 2922 tom.
585 2895 604 2923 Il
619 2895 687 2930 [IV],
711 2894 812 2929 Dialog.
837 2901 865 2921 ιιι
886 2894 916 2920 de
945 2893 1053 2926 Trinit.,

1060 1591 1081 1619 C

1101 276 1162 306 tati,
1184 275 1339 308 irrumpunt
1360 273 1387 299 in
1405 271 1558 300 ecclesias:
1577 276 1658 305 atque
1678 270 1705 297 in
1726 277 1758 297 ea
1777 270 1881 304 potissi-

1099 327 1172 348 mum
1183 340 1191 353 ,
1208 326 1268 354 quae
1278 317 1372 354 Cyrini
1385 318 1544 348 vocabatur,
1562 317 1605 343 vix
1623 315 1774 343 enarranda
1790 323 1882 350 perpe-

1099 369 1173 393 trant
1187 364 1297 398 ﬂagitia.
1318 362 1472 390 Incenditur
1488 361 1612 393 ecclesia,
1635 367 1795 395 sacrumque
1810 360 1882 394 pari-

1099 416 1141 439 ter
1161 409 1359 444 baptisterium.
1378 407 1447 435 Hinc
1469 407 1567 440 luctus,
1583 406 1707 441 ejulatus,
1730 410 1757 433 et
1781 405 1893 432 clamor'

1100 456 1190 492 populi
1215 463 1271 483 rem
1293 455 1403 490 indigne
1429 454 1557 485 ferentis,
1577 460 1608 479 ac
1631 451 1807 479 contestantis
1829 451 1882 477 vim

1100 501 1193 529 inferri
1209 500 1260 528 sibi
1279 500 1312 526 ab
1331 500 1414 534 impio
1434 497 1572 534 praefecto.
1588 497 1701 525 Scelesti
1726 500 1815 523 autem
1833 494 1882 527 illi,

1099 556 1149 576 ceu
1166 546 1304 574 furibundi
1324 550 1351 573 et
1370 549 1501 577 amentes,
1523 544 1640 579 virgines
1662 549 1752 570 sacras
1769 541 1881 572 nudare,

1101 594 1217 626 caedere,
1238 592 1399 620 obsistentes
1417 592 1443 618 in
1460 591 1608 626 periculum
1628 589 1722 617 mortis
1736 589 1881 623 conjicere.

1100 639 1250 667 monachos
1270 639 1296 666 in
1321 643 1421 666 terram
1447 638 1575 664 decussas
1593 636 1754 664 calcantium
1779 636 1881 669 impetu

1101 685 1292 719 exstinguere;
1315 683 1383 711 alios
1407 683 1523 710 fustibus
1544 681 1635 715 ferire,
1663 681 1818 714 vulnerare,
1834 687 1881 707 oc-

1099 731 1200 759 cidere.

1135 787 1162 814 6.
1179 786 1208 813 In
1223 793 1328 814 sacram
1347 789 1436 812 autem
1453 792 1572 813 mensam
1587 783 1686 819 ﬂagitia
1698 784 1818 812 omnium
1832 784 1883 811 im-

1101 832 1222 868 piissima
1240 831 1368 859 admissa.
1393 831 1464 859 Aves
1481 831 1553 858 enim
1572 830 1763 864 strobilosque,
1781 837 1828 857 seu
1842 830 1883 864 pi—

1102 886 1166 906 neas
1183 885 1276 910 nuces,
1293 878 1448 905 numinibus
1462 876 1638 904 immolabant
1656 876 1805 911 gentilium,
1824 876 1883 904 lau-

1101 927 1147 954 des
1167 926 1195 952 in
1218 925 1328 953 deorum
1354 925 1501 956 honorem,
1526 923 1669 950 maledicta
1695 923 1721 949 in
1743 923 1881 950 Christum

1100 971 1282 1007 proferentes.
1300 970 1377 998 Sacri
1391 970 1462 1001 libri.
1473 969 1496 997 si
1507 970 1552 1004 qui
1565 969 1636 997 obvii
1652 969 1738 1001 fuere,
1753 969 1779 996 iu
1792 969 1881 1004 ignem

1099 1017 1212 1051 c0ujecti
1230 1011 1257 1044 et
1271 1017 1404 1045 combusti
1417 1021 1490 1044 sunt.
1506 1015 1561 1043 Imo
1582 1015 1720 1051 mysteria,
1737 1016 1770 1042 de
1784 1015 1882 1049 quibus

1099 1064 1207 1091 violatis
1222 1063 1369 1091 Macarium
1384 1067 1545 1091 accusarant
1556 1061 1703 1093 Meletiani,
1718 1061 1752 1088 ab
1765 1060 1883 1088 ethnicis

1099 1115 1176 1145 rapta
1205 1110 1334 1144 humique
1355 1110 1473 1144 projecta
1497 1112 1570 1136 sunt.
1602 1107 1670 1135 Tum
1691 1106 1774 1134 Judaei
1802 1111 1883 1140 atque

1098 1155 1199 1183 ethnici
1224 1156 1250 1182 in
1276 1155 1428 1190 baptisterii
1448 1155 1535 1182 adhuc
1562 1153 1754 1189 conﬂagrantis
1777 1157 1882 1188 septum

1099 1200 1225 1236 ingressi,
1242 1208 1275 1228 ac
1297 1207 1356 1228 sese
1376 1200 1520 1231 nudantes,
1535 1199 1652 1227 obscena
1665 1198 1883 1226 vociferabantur

1099 1247 1125 1274 in
1145 1246 1217 1273 sacri
1234 1246 1284 1273 loci
1305 1245 1508 1274 contumeliam.
1525 1244 1579 1272 Nec
1594 1244 1704 1272 defuere
1717 1245 1745 1271 in
1760 1249 1814 1270 tam
1832 1244 1883 1270 im-

1098 1292 1142 1327 pia
1158 1293 1236 1319 turba
1259 1292 1304 1326 qui
1319 1296 1449 1327 tyrannos
1471 1291 1579 1324 imitati,
1601 1291 1717 1326 virgines
1739 1290 1882 1317 honestas-

1097 1344 1150 1372 que
1179 1341 1317 1365 matronas
1359 1337 1484 1365 manibus
1517 1341 1668 1372 pertractas
1699 1341 1883 1372 raptatasque,

1096 1387 1225 1419 cogerent
1251 1383 1407 1419 blasphema
1437 1384 1508 1410 dicta
1534 1384 1560 1410 in
1581 1383 1720 1410 Christum
1749 1382 1880 1416 proferre,

1097 1429 1246 1457 abnuentes
1256 1436 1322 1456 vero
1335 1430 1469 1456 caederent
1485 1429 1697 1463 impeterenlque
1709 1427 1837 1455 calcibus.

1133 1475 1160 1503 ’1.
1175 1476 1337 1502 Athanasius
1350 1484 1378 1502 se
1393 1475 1457 1510 fuga
1473 1475 1594 1510 proripit.
1605 1488 1636 1494 —
1653 1473 1720 1501 Tum
1735 1473 1883 1508 Gregorius

1097 1523 1125 1550 in
1138 1529 1228 1549 rerum
1247 1522 1375 1556 praeclare
1392 1526 1526 1556 gestarum
1537 1519 1814 1552 mercedemJudaais.
1826 1520 1884 1546 eth-

1098 1568 1167 1596 nicis
1183 1573 1211 1595 et
1221 1568 1281 1595 aliis
1297 1567 1438 1594 ecclesiam
1455 1567 1535 1593 tradit
1554 1566 1581 1592 in
1598 1566 1724 1600 pra'dam.
1747 1565 1882 1592 Concessa

1097 1614 1149 1641 hac
1172 1614 1263 1648 inique
1286 1621 1317 1641 ac
1333 1613 1484 1648 petulanter
1505 1611 1601 1646 agendi
1616 1611 1734 1644 licentia,
1753 1619 1813 1646 qua:
1832 1618 1867 1637 ex

1097 1659 1160 1687 inde
1178 1663 1325 1686 consecuta
1349 1662 1423 1691 sunt,
1446 1657 1515 1685 bello
1539 1661 1617 1684 erant
1640 1656 1730 1691 pejora
1749 1661 1776 1684 et
1799 1657 1884 1683 latro-

1097 1705 1169 1733 cinio
1189 1704 1361 1737 crudeliora;
1387 1704 1422 1731 ita
1442 1708 1472 1730 ut
1491 1703 1538 1730 alii
1553 1703 1631 1730 obvia
1650 1710 1764 1737 quaeque
1784 1702 1883 1737 diripe-

1098 1756 1177 1785 rent;
1191 1751 1236 1778 alii
1251 1750 1430 1785 quorumdam
1444 1749 1564 1784 deposita
1585 1749 1657 1776 inter
1669 1756 1699 1776 se
1714 1748 1882 1779 dividerent;

1097 1797 1225 1832 grandem
1247 1796 1302 1823 vini
1320 1796 1427 1831 copiam
1452 1795 1507 1822 illic
1525 1799 1656 1829 repertam
1673 1799 1720 1821 aut
1733 1794 1882 1825 ebiberant,

1099 1847 1145 1870 aut
1155 1841 1333 1873 effunderent,
1348 1847 1394 1868 aut
1405 1846 1592 1876 asportarent;
1611 1840 1700 1867 oleum
1715 1839 1882 1866 reconditmu

1099 1888 1237 1916 auferrent
1248 1896 1256 1916 :
1266 1887 1365 1922 januas
1374 1891 1402 1915 et
1418 1887 1551 1914 cancellos
1565 1885 1712 1920 ceu‘spolia
1727 1885 1823 1920 singuli
1840 1893 1884 1912 ra-

1099 1939 1205 1969 perent;
1231 1933 1394 1961 candelabra
1419 1932 1541 1960 ecclesia:
1562 1933 1596 1960 ad
1623 1932 1753 1967 parietem
1770 1931 1884 1959 reclina.

1102 1984 1181 2015 rent;
1209 1987 1305 2008 cereos
1325 1979 1402 2006 idolis
1426 1979 1483 2006 suis
1510 1978 1698 2006 accenderent.
1720 1977 1778 2006 Uno
1789 1977 1882 2009 verbo,

1101 2024 1169 2052 nihil
1195 2025 1248 2052 nisi
1275 2024 1389 2051 vastitas
1412 2024 1438 2051 in
1469 2023 1581 2051 ecclesia
1603 2028 1630 2050 et
1649 2023 1764 2057 plurima
1789 2023 1885 2049 mortis

1102 2071 1201 2105 imago.
1227 2071 1367 2097 Atrociora
1389 2075 1450 2108 post
1465 2070 1523 2097 haec
1537 2069 1630 2097 videre
1646 2074 1705 2096 erat
1719 2077 1726 2102 ;
1742 2068 1885 2096 carnifices

1101 2115 1174 2142 enim
1189 2114 1227 2142 illi
1248 2115 1421 2150 presbyteros
1440 2119 1468 2141 et
1485 2114 1570 2142 laicos
1587 2113 1671 2149 plagis
1684 2114 1814 2146 lacerare,
1831 2115 1886 2141 vir-

1102 2161 1177 2196 gines
1189 2161 1312 2188 detracto
1326 2160 1451 2193 maforte,
1468 2168 1515 2188 seu
1537 2167 1615 2188 sacro
1627 2159 1773 2191 volumine,
1788 2160 1821 2187 ad
1837 2160 1885 2187 tri-

1102 2207 1183 2234 bunal
1202 2207 1278 2234 ducis
1296 2207 1462 2240 pertrahere,
1487 2211 1514 2233 et
1537 2207 1564 2233 in
1584 2212 1721 2233 carcerem
1739 2205 1885 2240 conjicere,

1067 2264 1090 2292 ι)
1104 2252 1171 2280 alios
1187 2252 1356 2287 proscribere
1379 2258 1406 2280 et
1428 2252 1540 2288 ﬂagellis
1563 2252 1678 2283 caedere,
1699 2259 1782 2286 panes
1806 2251 1886 2278 mini-

1103 2302 1221 2325 strorum
1244 2306 1276 2326 ac
1295 2298 1428 2333 virginum
1450 2299 1637 2326 iuterverlere.
1660 2297 1723 2325 Haec
1745 2302 1836 2325 autem
1858 2298 1886 2324 in

1103 2347 1197 2370 sancta
1219 2343 1426 2378 quadragesima
1443 2351 1525 2378 prope
1541 2343 1638 2370 festum
1654 2342 1797 2370 Paschalis
1811 2347 1886 2378 gesta

1103 2394 1176 2417 sunt.
1205 2388 1261 2416 Suh
1291 2389 1358 2421 haec,
1389 2389 1415 2416 in
1443 2389 1498 2423 ipsa
1515 2389 1663 2416 Parasceve
1688 2388 1835 2425 Gregorius
1859 2389 1886 2416 in

1105 2443 1186 2462 unam
1202 2434 1380 2462 ecclesiarum
1397 2443 1458 2462 cutn
1473 2435 1541 2462 duce
1559 2441 1587 2462 et
1606 2435 1722 2463 ethnicis
1737 2436 1885 2470 ingressus.
1899 2433 1902 2438 “

1105 2485 1135 2508 ut
1144 2480 1257 2516 populos
1272 2481 1419 2508 violentum
1432 2481 1516 2515 ipsius
1534 2481 1674 2508 introitum
1693 2481 1813 2508 aversari
1829 2481 1887 2507 ani-

1105 2527 1267 2559 madvertit,
1288 2531 1383 2554 auctor
1403 2527 1465 2554 duci
1485 2526 1535 2553 fuit
1562 2531 1592 2553 ut
1612 2527 1679 2554 hora
1700 2534 1753 2554 una
1777 2527 1886 2561 triginta

1105 2577 1221 2606 quatuor
1235 2580 1296 2599 cum
1311 2572 1415 2599 nobiles
1429 2571 1491 2604 viri,
1507 2576 1563 2599 tum
1578 2572 1695 2606 virgines
1706 2576 1734 2599 et
1744 2576 1886 2603 matronae,

1105 2616 1196 2652 ﬂagris
1207 2617 1314 2652 publice
1327 2617 1389 2644 caesi
1403 2617 1430 2644 in
1444 2624 1581 2645 carcerem
1595 2617 1805 2652 conjicerentur.
1827 2616 1887 2644 Vir—

1106 2663 1195 2698 ginem
1219 2670 1284 2690 vero
1295 2662 1414 2698 aliquam
1437 2662 1561 2690 lectionis
1579 2664 1738 2694 studiosam,
1759 2663 1801 2690 cui
1817 2661 1886 2696 psab-

1109 2709 1204 2736 terium
1215 2716 1272 2744 prae
1280 2708 1414 2742 manibus,
1425 2708 1513 2744 palam
1520 2709 1658 2736 verberari
1670 2708 1760 2742 jussit.
1776 2708 1886 2734 Demum

1107 2753 1175 2782 liber
1200 2759 1295 2789 raptus
1317 2762 1333 2781 a
1352 2754 1536 2787 carniﬁcibus,
1551 2754 1629 2788 virgo
1647 2759 1737 2781 autem
1754 2754 1782 2780 in
1797 2759 1886 2779 carce-

1107 2810 1163 2830 rem
1184 2802 1288 2830 reclusa
1305 2806 1356 2830 est.
1373 2802 1421 2830 His
1439 2802 1569 2837 peractis,
1589 2802 1616 2830 in
1637 2801 1717 2828 aliam
1733 2799 1886 2830 ecclesiam;

1113 2867 1140 2886 .ι.
1156 2859 1167 2885 l
1184 2867 1192 2891 ;
1210 2859 1318 2885 Sozom.
1333 2858 1378 2885 lib.
1394 2866 1435 2891 ιιι,
1450 2866 1510 2892 cap.
1527 2859 1553 2885 5.

1142 2895 1176 2928 (ι)
1191 2895 1290 2922 Athan.
1307 2894 1394 2927 Epist.
1407 2895 1549 2929 encyclica,
1568 2902 1594 2920 n.
1611 2894 1638 2925 Ξ,
1655 2892 1682 2919 5.
