2016 3046
768 162 845 189 VlTA
866 163 894 191 S.
915 164 1111 194 ATIIANASII.

132 216 176 244 ubi
202 216 306 244 solebat
325 217 490 254 Athanasius
514 217 548 245 iis
568 219 663 246 diebus
689 227 785 255 agere,
814 222 915 257 impetu
930 229 1057 258 Aorare,
1074 229 1102 252 et
1128 225 1174 260 qui
1200 224 1336 257 latitabat,
1355 224 1489 259 baptizari
1516 228 1626 259 poterat
1652 232 1660 251 :

132 263 265 296 furnntur,
284 272 316 291 eo
333 265 448 293 consilio
468 270 497 292 ut
520 266 668 294 antistitem
689 275 739 295 nec
760 270 916 303 opinantem

129 310 318 339 confoderent.
339 311 437 339 Verum
451 313 580 347 expilatio
600 314 625 340 in
640 313 740 348 Cyrino
754 314 823 343 facta
835 317 917 343 Atha-

129 358 205 384 nasio
230 357 310 384 saluti
336 357 422 386 fuisse
451 359 568 386 videtur.
598 359 665 387 Nam
692 361 736 388 ubi
766 363 918 396 accepisset

127 408 228 438 quanta
246 402 281 430 illi
300 407 328 431 et
351 411 432 439 quam
454 405 561 440 indigna
586 411 784 441 perpetrarent,
809 409 843 436 ad
865 410 916 443 pri-

127 458 201 478 mum
226 451 363 482 nuntium,
386 451 499 478 necdum
522 451 649 480 confecto
675 453 701 480 in
723 453 775 481 alia
799 455 914 482 ecclesia

128 496 289 528 latrocinio,
308 497 414 532 populis
439 504 469 525 se
493 498 634 532 subduxit,
658 501 857 532 tuaturavitque
880 502 915 529 ab

127 543 194 570 urbe
219 543 366 577 proﬁcisci,
385 549 487 571 cavens
506 543 574 571 mala
599 552 652 572 non
675 545 726 572 sibi
749 546 847 580 solum,
866 547 913 575 sed

126 587 211 622 plebi,
230 589 391 624 virginibus,
406 589 530 617 ecclesiae
544 597 604 617 mox
621 589 775 624 inferenda,
789 599 839 620 nec
855 593 914 621 sine

125 635 239 662 caedium
261 635 433 669 discrimine;
461 640 537 663 tanto
566 636 693 664 nimirum
720 643 798 665 erant
823 639 914 667 furore

126 681 254 716 correpti.
281 681 384 710 Memor
405 682 496 717 itaque
510 683 642 711 Dominici
661 686 786 718 praecepti
800 694 806 712 :
822 685 851 713 Si
870 694 913 713 υοι

124 728 252 761 persecuti
271 728 370 763 fuerint
387 729 415 756 in
434 737 487 755 una
505 729 620 762 civitate,
644 730 727 765 fugite
747 733 775 758 in
800 732 879 759 aliam
891 734 911 765 ⁸,

125 773 303 802 carniﬁcibus
318 782 348 802 se
363 775 501 803 subduxit.
532 777 596 804 Eam
610 777 799 806 Alexandrina:
823 778 913 806 Eccle-

124 818 172 845 siae
186 819 371 847 calamitatem
395 820 500 848 duobus
517 826 581 849 ante
603 823 682 849 annis
704 822 822 850 futuram
848 831 912 858 pro-

123 870 251 899 spexerat
273 865 406 894 Antonius
431 868 626 896 monachorum
653 873 730 905 pater
758 869 809 905 (α).
843 870 910 897 Dum

123 911 197 938 enim
219 911 316 939 sedens
342 911 427 940 labori
456 922 584 942 manuum
611 919 740 949 vacaret,
766 916 912 951 derepente

122 962 202 984 cxtra
218 964 247 984 se
263 963 355 993 raptus
371 960 587 988 contremiscens
603 968 635 988 ac
648 968 761 996 gemens
777 961 803 989 in
825 969 911 996 genua

124 1003 286 1038 procumbit,
301 1009 328 1032 et
347 1005 391 1032 diu
408 1005 545 1041 precando
562 1012 727 1041 perseverat,
743 1009 912 1043 stupentibus

123 1049 249 1077 omnibus
260 1050 305 1085 qtti
319 1051 444 1079 aderant.
461 1052 581 1088 Surgens
594 1055 700 1081 demum
713 1055 839 1090 lacrymis
851 1064 912 1090 per-

123 1094 209 1129 fusus,
232 1101 343 1132 rogatur
364 1105 378 1124 a
398 1097 530 1127 fratribus
552 1107 612 1134 qua!
631 1107 713 1128 causa
734 1105 815 1128 tantae
837 1109 911 1129 com—

123 1141 258 1179 motionis,
279 1147 416 1170 tantorum
439 1143 548 1171 ﬂetuum
575 1149 657 1172 esset.
680 1145 829 1173 Cunctatus
853 1146 910 1179 ille,

123 1177 412 1222 demum‘rogantibus
435 1189 599 1224 respondet:
619 1189 724 1219 Vidisse
742 1198 771 1219 se
787 1177 910 1219 mensam

123 1233 257 1261 Dominici
278 1235 336 1263 sive
358 1235 480 1263 ecclesiae
505 1236 587 1264 mulis
607 1237 726 1272 undique
747 1239 910 1267 circumses-

122 1287 195 1311 sam,
214 1281 259 1315 qui
273 1281 331 1316 ejus
351 1281 483 1309 interiora
498 1283 619 1311 calcibus
633 1284 809 1312 vehementer
827 1285 910 1320 impe-

122 1330 225 1359 terent;
245 1327 418 1363 audiisseque
438 1337 531 1357 vocem
549 1330 695 1363 dicentem,
709 1330 800 1359 Altare
823 1340 909 1359 meum

120 1373 263 1406 polluetur.
284 1375 397 1403 Addidit
413 1381 504 1404 autem
516 1377 662 1411 Antonius,
686 1385 738 1405 non
752 1378 908 1406 diuturnam

123 1418 179 1445 fore
194 1420 390 1455 calamitatem,
409 1422 457 1449 sed
476 1423 620 1451 ecclesiam
636 1424 669 1451 ad
685 1424 830 1459 pristinum
854 1429 909 1452 sta-

122 1468 178 1492 tum
191 1470 373 1502 ornatumque
390 1468 445 1495 cito
458 1469 619 1496 redituram.

156 1510 183 1538 8.
198 1509 285 1539 Tanta
309 1520 391 1546 porro
416 1519 476 1541 erat
495 1513 642 1550 Gregorius
664 1514 814 1549 impietate,
832 1518 906 1542 tanta

121 1555 302 1590 immanitate,
316 1563 345 1585 ut
360 1567 395 1587 ne
411 1559 468 1594 ipsa
482 1560 590 1593 quidem
606 1561 745 1589 Dominica
763 1561 907 1589 Paschatis

120 1603 164 1630 die
184 1604 334 1632 abstineret
355 1612 370 1632 a
383 1605 531 1634 sceleribus
546 1611 573 1634 et
586 1613 601 1634 a
617 1606 817 1635 calamitatibus
837 1607 906 1635 infe-

121 1649 233 1677 rendis:
251 1651 378 1686 diemque
396 1651 441 1678 ille
462 1652 662 1680 resurrectione
687 1652 805 1686 Domini,
816 1657 845 1680 et
862 1661 906 1681 re-

119 1696 276 1731 demptione
290 1698 398 1732 generis
421 1698 532 1726 humani
551 1698 757 1733 faustissimam,
777 1700 907 1736 conjectis

119 1743 146 1770 in
158 1750 298 1771 carcerem
312 1744 453 1773 catholicis
466 1746 541 1778 viris,
558 1746 583 1773 in
597 1746 698 1773 luctum
709 1747 799 1774 vertit.
813 1747 906 1775 Eccle-

118 1789 174 1817 sias
190 1789 274 1825 igitur
286 1790 340 1817 dux
355 1790 379 1817 vi
398 1795 479 1826 atque
500 1793 602 1826 impetu
624 1794 777 1828 occupavit,
790 1800 906 1828 occupa-

118 1841 160 1865 tas
171 1836 281 1865 Arianis
302 1837 431 1872 tradidit;
451 1842 480 1865 ut
500 1838 546 1873 qui
559 1839 615 1874 jam
631 1839 695 1867 olim
721 1839 835 1868 fuissent
852 1841 902 1867 im-

117 1883 227 1917 pietatis
241 1890 322 1910 causa
334 1883 414 1918 pulsi,
429 1888 490 1912 tunc
506 1884 685 1912 ecclesiarum
699 1886 838 1914 invasione
851 1887 906 1922 glo-

116 1928 255 1956 riarentur
271 1938 279 1956 :
294 1936 326 1956 ac
340 1930 362 1957 si
377 1931 421 1965 qui
440 1930 483 1957 vel
498 1930 573 1964 laici,
588 1931 629 1958 vel
647 1931 738 1959 clerici
753 1939 767 1958 a
784 1939 904 1959 commu-

118 1973 198 2001 nione
217 1974 407 2003 hereticorum
430 1976 618 2010 abhorrerent,
646 1977 665 2005 ii
689 1978 801 2005 introitu
826 1985 904 2006 arce-

117 2020 216 2047 bantur
239 2020 427 2050 ecclesiarum.
452 2021 480 2049 ln
507 2022 649 2050 naucleros
676 2030 762 2058 usque
778 2028 904 2050 caateros-

116 2073 169 2100 que
183 2065 260 2093 furor
274 2067 443 2094 convertitur
459 2076 466 2094 :
481 2075 543 2094 nam
560 2067 681 2103 praafecti
692 2069 781 2102 jussu,
797 2068 903 2095 crucia-

118 2110 202 2143 tibus,
226 2111 399 2145 verberibus,
421 2112 549 2145 vinculis,
577 2120 741 2148 carcereque
767 2113 901 2148 compulsi

115 2161 179 2184 sunt
198 2156 304 2185 litteras
328 2157 494 2185 Arianorum
516 2158 677 2186 deferendas
696 2159 831 2194 accipere.
847 2158 902 2186 Nec

116 2199 228 2228 inferior
252 2203 374 2237 patronis
393 2210 426 2230 ac
445 2203 600 2231 vindicibus
622 2203 678 2231 suis
697 2209 754 2231 arte
783 2204 901 2239 ﬁngendi

1683 175 1751 196 κανιι

1683 232 1755 252 nunc

967 275 1058 298 autem
1075 271 1263 298 immanissimi
1287 271 1336 297 viri
1354 270 1565 306 Babyloniorum
1584 269 1753 304 impietatem

966 322 1030 344 sunt
1044 317 1173 345 annulati.
1190 316 1421 350 Quemadmodum
1447 316 1519 343 enim
1544 315 1581 342 illi
1595 314 1753 350 (Danielem,

967 363 1006 390 sic
1028 364 1175 398 praeclarus
1190 363 1337 397 Gregorius
1358 370 1416 394 eos,
1434 363 1478 397 qui
1501 362 1573 389 domi
1600 365 1691 393 orant,
1709 360 1755 387 de-

967 409 1020 436 fert
1044 409 1077 436 ad
1096 409 1266 443 praefectum,
1287 417 1318 435 ac
1334 409 1473 436 ministros
1489 408 1617 436 Ecclesite
1631 415 1693 435 cum
1713 408 1762 434 inv

965 455 1036 490 genti
1054 455 1219 482 contumelia
1235 455 1377 486 observat;
1405 455 1442 482 ita
1466 459 1495 481 ut
1509 453 1639 488 ejusmodi
1654 453 1754 481 violen-

967 502 1002 528 tia
1019 501 1095 528 tuulti
1115 502 1234 528 nondum
1252 500 1379 535 baptizati
1392 501 1418 527 in
1434 500 1579 528 discrimen
1593 499 1690 527 salutis
1708 506 1753 526 ve-

965 548 1059 581 niant;
1083 547 1127 575 alii
1159 555 1223 575 vero
1247 547 1438 582 quamplurimi
1465 547 1559 573 tuorbo
1586 545 1750 574 laborantes.

964 594 1084 621 omnium
1109 593 1295 621 ministrorum
1314 593 1388 619 aditu
1404 597 1432 620 et
1446 591 1576 626 obsequio
1598 590 1750 622 interclusi,

965 639 1092 675 lacrymis
1101 639 1188 667 vicem
1198 646 1273 667 suam
1283 638 1435 672 deplorent,
1446 644 1560 671 eamque
1569 635 1751 663 calamitatettt

963 685 1005 711 vel
1034 684 1129 711 morbo
1147 684 1206 719 ipso
1232 683 1368 710 duriorem
1395 682 1558 709 existiment.
1586 680 1654 707 Dum
1676 680 1750 707 enim

963 730 1092 758 Ecclesiae
1106 730 1223 757 ministri
1249 729 1421 756 contumeliis
1444 734 1472 756 et
1493 727 1601 762 injuriis
1616 727 1750 754 lacessun-

964 781 1018 809 tur,
1031 776 1133 812 populi,
1150 777 1196 812 qui
1217 776 1405 803 haereticorum
1423 774 1588 809 impietatem
1603 780 1749 800 exsecran-

963 827 1017 856 tur,
1034 822 1137 849 malunt
1161 823 1197 849 ita
1225 827 1357 857 aegrotare
1382 828 1414 848 ac
1442 820 1696 855 periclitari,quam
1721 824 1751 845 ut

963 869 1126 896 Arianorum
1144 875 1240 895 manus
1254 867 1336 902 capiti
1349 874 1397 894 suo
1410 867 1571 900 imponatur.

927 908 949 937 Β
998 912 1026 940 9.
1040 913 1203 940 Athanasius
1226 913 1317 940 scribit
1345 911 1502 947 encyclicam
1527 911 1676 946 epistolam.
1695 909 1749 936 Ro-

963 967 1033 986 mam
1048 959 1212 985 transmittit.
1224 973 1259 978 —
1270 958 1332 985 llazc
1350 957 1528 990 Athanasius;
1545 957 1589 992 qui
1604 962 1748 992 postquam

963 1011 1023 1032 sese
1039 1005 1100 1040 fuga
1124 1005 1312 1039 proripuisset,
1327 1011 1381 1039 quo
1399 1003 1452 1031 loci
1470 1004 1562 1031 statim
1586 1010 1616 1030 se
1640 1009 1749 1036 recepe-

963 1050 999 1077 rit
1016 1051 1162 1078 incertum.
1178 1050 1292 1078 Constat
1303 1050 1341 1085 (b)
1354 1050 1429 1077 illum
1451 1053 1561 1084 propter
1586 1049 1679 1076 urbem
1696 1047 1749 1074 ali-

962 1102 1029 1132 quot
1043 1098 1151 1124 dierum
1168 1096 1258 1131 spatio
1277 1103 1338 1123 cum
1353 1096 1514 1130 quibusdam
1531 1094 1661 1122 fratribus
1673 1101 1748 1121 com-

962 1146 1110 1174 moratum,
1120 1145 1149 1167 ut
1167 1149 1210 1168 res
1225 1148 1353 1175 quorsum
1363 1140 1510 1168 evaderent
1519 1139 1632 1167 occultis
1645 1139 1748 1166 nuntiis

962 1188 1108 1223 acciperet.
1123 1186 1192 1214 Tum
1215 1187 1313 1214 litteris
1330 1187 1363 1214 ad
1386 1194 1480 1214 omnes
1495 1186 1594 1221 ubique
1611 1190 1747 1213 terrarum

961 1235 1114 1270 episcopos,
1132 1234 1222 1261 missis
1243 1233 1402 1266 tabellariis,
1432 1233 1567 1268 signiﬁcat
1583 1238 1627 1259 res
1643 1239 1658 1258 a
1673 1229 1744 1258 Gre-

960 1281 1038 1316 gorio
1059 1286 1086 1308 et
1104 1281 1186 1309 sociis
1203 1284 1304 1315 gestas,
1316 1287 1371 1315 quo
1393 1279 1479 1307 ferme
1494 1279 1589 1306 ordine
1613 1285 1663 1305 nos
1683 1282 1746 1305 ante

960 1326 1141 1354 narravimus.
1156 1326 1334 1354 Communem
1359 1325 1401 1360 agi
1418 1332 1474 1353 rem
1494 1324 1542 1357 ait,
1561 1329 1589 1352 et
1614 1328 1693 1359 rogat
1717 1328 1747 1350 ut

959 1373 1076 1407 quisque
1099 1372 1178 1406 quasi
1203 1373 1283 1399 lassus
1309 1371 1368 1406 ipse
1388 1379 1466 1406 opem
1491 1371 1579 1404 ierat;
1595 1369 1745 1406 periculum

959 1419 1038 1451 alias,
1059 1426 1094 1446 ne
1114 1426 1159 1446 res
1172 1418 1363 1446 ecclesiastica:
1378 1417 1540 1445 Arianorum
1555 1417 1625 1444 dolis
1639 1421 1666 1444 et
1681 1416 1746 1443 iusi-

959 1465 1011 1492 diis
1030 1465 1239 1497 labefactentur,
1266 1464 1290 1492 si
1317 1464 1422 1492 litteras
1441 1462 1599 1499 Gregorius,
1613 1463 1636 1490 si
1659 1461 1745 1489 Euse-

958 1512 1019 1539 bius
1032 1516 1059 1538 et
1073 1512 1141 1539 socii
1157 1512 1278 1544 mittant,
1296 1518 1330 1539 ne
1351 1511 1488 1546 accipiant
1504 1509 1573 1543 illas,
1589 1509 1745 1536 tabellarios

959 1565 1019 1585 cum
1034 1557 1138 1592 repulsa
1155 1557 1280 1592 ejiciant.
1296 1557 1528 1585 Ariomanitarum
1545 1555 1635 1591 gratia
1649 1555 1744 1582 isthazc

958 1605 1063 1632 admitti
1092 1604 1191 1640 ﬂagitia
1216 1605 1331 1636 indicat,
1361 1604 1497 1638 virginum
1514 1607 1619 1637 stttpra,
1642 1602 1743 1633 catdes,

957 1645 1132 1679 ecclesiarum
1147 1652 1312 1683 vastitatem,
1328 1650 1463 1683 incendia,
1478 1649 1632 1677 maledicta.
1650 1647 1743 1675 Dicta-

957 1702 984 1725 ta
1003 1697 1156 1731 huiusmodi
1171 1697 1296 1732 epistola,
1310 1704 1372 1724 cum
1389 1696 1502 1723 Romam
1518 1699 1647 1723 evocatus
1664 1701 1678 1721 a
1694 1693 1743 1722 Ju-

956 1743 993 1772 lio
1004 1744 1111 1776 fuisset,
1125 1744 1214 1771 navim
1225 1751 1286 1770 cum
1297 1742 1458 1777 quibusdam
1471 1740 1602 1768 fratribus
1612 1747 1744 1768 conscen-

956 1790 1008 1822 dit,
1020 1794 1047 1817 et
1072 1790 1186 1817 Romam
1202 1796 1298 1816 versus
1318 1788 1399 1816 habet
1424 1787 1486 1815 iter.
1503 1787 1541 1814 Eo
1553 1794 1625 1814 anno
1640 1786 1740 1814 incidit

955 1837 1096 1864 Paschatis
1110 1835 1267 1863 solemnitas
1278 1835 1304 1861 in
1314 1834 1384 1861 diem
1399 1833 1531 1861 decimam
1548 1840 1647 1860 nonam
1661 1832 1742 1866 Apri-

955 1883 1005 1917 lis;
1024 1882 1242 1916 arbitramurque
1265 1879 1415 1913 profectum
1440 1879 1619 1907 Athanasium
1633 1883 1740 1913 postre-

954 1929 1006 1956 mis
1029 1927 1109 1963 bujus
1139 1927 1240 1955 mensis
1257 1927 1361 1958 diebus,
1378 1933 1471 1954 mense
1503 1925 1572 1954 Maio
1598 1925 1632 1953 ad
1658 1925 1742 1952 italia

953 1982 1018 2002 oras
1030 1974 1175 2009 appulisse.

989 2020 1034 2048 10.
1050 2019 1175 2048 Oratores
1189 2019 1279 2047 Julius
1298 2020 1377 2047 mittit
1392 2019 1426 2047 ad
1451 2018 1625 2046 Eusebianos.
1645 2017 1742 2045 Mona-

953 2067 1062 2094 chorum
1085 2067 1113 2093 in
1139 2065 1282 2094 Occidente
1306 2067 1390 2100 origo.
1410 2065 1603 2102 ﬁ‘lngressus
1626 2063 1740 2091 Romam

952 2112 1130 2144 Athanasius,
1144 2119 1159 2139 a
1175 2110 1247 2139 Julio
1259 2111 1330 2146 Papa
1347 2111 1552 2146 perhumaniter
1572 2115 1600 2137 et
1627 2110 1741 2136 honori-

953 2159 1003 2186 ﬁce
1017 2158 1161 2194 excipitur.
1175 2158 1209 2185 Et
1223 2165 1284 2185 cum
1299 2165 1353 2184 non
1369 2165 1421 2184 una
1439 2157 1544 2184 itineris
1555 2163 1636 2183 causa
1657 2159 1740 2185 esset.

951 2206 1114 2233 Arianorum
1127 2204 1269 2235 ferocitas,
1283 2209 1310 2231 et
1330 2203 1412 2231 illatae
1430 2203 1456 2230 ιιι
1471 2202 1586 2238 patriam
1602 2201 1742 2228 calamita-

114 2245 263 2281 Gregorius
279 2253 349 2275 erat.
366 2247 401 2276 Ut
416 2248 489 2276 enim
500 2249 594 2284 elapso
610 2249 736 2277 manibus
751 2251 808 2278 suis
818 2251 901 2279 Atba-
916 2263 939 2290 υ
953 2258 1012 2286 tes;
1027 2253 1074 2281 sed
1087 2253 1168 2280 etiam
1180 2260 1244 2287 quo,
1258 2257 1288 2279 ut
1299 2255 1430 2279 statutum
1444 2249 1543 2282 fuerat,
1563 2248 1666 2283 synodo
1678 2247 1740 2274 istic

115 2292 193 2321 nasio
210 2293 358 2327 perniciem
374 2293 498 2328 inferret,
516 2300 575 2323 acta
594 2300 622 2323 et
637 2302 812 2325 monumenta
834 2305 900 2326 con-

114 2337 198 2365 scribi
209 2343 296 2373 curat,
311 2344 351 2367 tot
363 2340 523 2369 criminibus
539 2346 567 2369 et
578 2343 798 2371 accusationibus
814 2343 901 2372 refer-

114 2389 154 2416 ta,
168 2388 198 2411 ut
212 2386 321 2413 nonnisi
333 2386 459 2421 capitalis
477 2388 600 2423 supplicii
615 2396 694 2424 poma
712 2389 748 2416 lui
760 2394 871 2424 possent
891 2397 899 2416 :

114 2437 180 2458 usus
199 2431 289 2458 hacin
306 2439 336 2459 re
351 2432 503 2460 ministerio
524 2433 665 2468 cujusdam
685 2434 786 2462 ethnici
804 2435 900 2462 scribae

113 2477 256 2504 numinum
280 2477 403 2512 cultoris,
420 2478 619 2514 transfugasque
639 2487 655 2506 a
678 2479 808 2515 religione
821 2480 899 2507 Chri-

113 2525 213 2552 stiana.
234 2525 285 2559 Qui
297 2531 387 2553 autem
405 2534 503 2554 nomen
515 2531 543 2555 et
556 2526 714 2562 suffragium
736 2527 898 2562 ascripsere,

112 2570 215 2598 ethnici
231 2576 318 2605 erant,
335 2572 468 2600 idolorum
483 2573 584 2605 aeditui,
599 2580 631 2601 ac
642 2580 704 2600 cum
717 2573 783 2606 ipsis
793 2573 897 2601 Ariani.

111 2616 152 2644 Ne
177 2617 286 2645 immani
313 2617 422 2653 quidem
447 2618 493 2645 illa
521 2623 699 2654 tyrannorum
726 2623 898 2654 tempestate,

113 2666 187 2690 tanta
206 2663 365 2692 crudelitate
380 2665 407 2692 in
419 2664 589 2693 Christianos
605 2665 730 2693 saevitum
756 2670 807 2693 est.
821 2665 899 2693 Tunc

111 2709 197 2742 enim,
214 2709 253 2737 ait
265 2710 443 2745 Athanasius,
465 2712 560 2740 saltem
584 2713 632 2748 qui
659 2719 689 2741 se
710 2713 895 2748 proripuerat,

146 2774 158 2790 ⁸
177 2767 273 2804 Matth.
290 2784 306 2804 ιι
318 2797 326 2811 ,
342 2776 389 2805 23.

145 2853 185 2889 (α)
203 2855 304 2881 Athan.
326 2854 353 2882 in
371 2854 430 2882 Vita
442 2855 562 2888 Antonii,
580 2865 608 2883 ιι.
620 2856 665 2884 82.

147 2890 186 2928 (ta)
202 2889 302 2928 Athan.
318 2889 411 2930 Epilf._
424 2891 568 2927 encycljca,
586 2901 613 2920 ιι.
631 2893 659 2921 2.

953 2298 1122 2326 celebranda:
1138 2297 1284 2325 interesset
1306 2305 1313 2324 :
1339 2296 1400 2323 ideo
1421 2294 1510 2323 Julius
1534 2292 1738 2328 quamprimum

953 2346 1126 2381 presbyteros
1141 2345 1209 2372 duos
1227 2343 1361 2378 Elpidium
1387 2346 1415 2370 et
1442 2341 1620 2368 Philoxenum
1638 2340 1671 2366 ad
1685 2339 1740 2366 Eu-

954 2391 1079 2419 sebianos
1090 2399 1151 2418 cutn
1167 2391 1269 2418 litteris
1291 2389 1374 2421 misit,
1386 2388 1544 2424 signiﬁcans
1564 2391 1592 2414 ut
1605 2392 1669 2413 ante
1683 2390 1740 2413 sta-

954 2442 1009 2464 tam
1026 2442 1130 2465 certam
1146 2437 1217 2464 diem
1241 2436 1356 2464 Romam
1383 2442 1412 2463 se
1439 2432 1740 2468 conferrent(c);alio-

952 2485 1017 2520 quin
1035 2484 1106 2512 male
1131 2483 1286 2519 suspicandi
1309 2490 1403 2510 ansam
1434 2483 1556 2509 daturos.
1571 2480 1657 2513 Quam
1675 2486 1741 2506 vero

953 2531 1024 2558 diem
1036 2529 1124 2558 Julius
1150 2530 1268 2562 dicebat,
1288 2534 1316 2556 ut
1329 2528 1444 2556 Romam
1460 2526 1614 2555 Orientales
1629 2525 1740 2552 accede-

954 2580 1026 2608 rent,
1052 2580 1179 2611 putamus
1207 2582 1304 2602 versns
1330 2575 1410 2602 ﬁnem
1433 2573 1496 2601 anni
1524 2572 1573 2599 5M
1600 2571 1737 2598 incidisse.

952 2621 1047 2656 Legati
1070 2629 1134 2648 vero
1155 2619 1218 2648 Julii
1244 2621 1285 2648 vel
1311 2621 1380 2648 Maio
1406 2624 1537 2649 vertente,
1560 2618 1601 2645 vel
1628 2618 1739 2644 ineunte

951 2666 1031 2695 Juuio
1050 2667 1165 2702 profecti
1189 2672 1262 2698 sunt,
1279 2671 1309 2692 ut
1326 2673 1360 2694 ex
1379 2666 1474 2693 ordine
1493 2668 1632 2699 gestarum
1647 2669 1736 2689 rerum

950 2713 1016 2741 licet
1034 2714 1150 2748 opinari.
1173 2712 1273 2740 Practer
1295 2712 1406 2744 Julium,
1427 2711 1473 2747 qui
1490 2710 1561 2739 comi
1583 2716 1692 2744 semper
1709 2712 1738 2734 et

989 2861 1025 2897 is)
1040 2856 1140 2897 Atii-an.
1158 2855 1236 2897 Apol.
1254 2856 1470 2897 contraﬁrianu
1483 2865 1509 2884 n.
1538 2856 1587 2884 20·
1611 2861 1638 2884 et
1666 2854 1737 2883 litat.

950 2891 1046 2920 Arias.
1063 2891 1096 2918 ad
1112 2891 1264 2924 monachos,
1282 2899 1308 2919 ιι.
1330 2891 1360 2919 ll
