2016 3046
285 149 367 170 XCVIII

966 136 1224 165 PROLECOMENA
1229 157 1236 164 .

284 200 405 235 gratioso
429 204 494 233 erga
513 197 693 224 Athanasmm
716 196 806 224 animo
826 195 889 228 fuit,
915 195 1074 230 Eutropium
1088 197 1113 226 Α
1127 194 1308 222 sentadlecti.
1322 194 1389 222 Eam
1403 195 1488 230 igitur
1503 195 1542 223 illi
1559 195 1705 224 formulam
1720 195 1747 222 in
1765 198 1897 230 praesentia

283 245 435 273 Constantii
464 248 609 270 matertera
639 242 708 269 bene
742 247 848 269 morata
880 245 1008 269 matrona
1019 241 1072 276 (It),

284 291 431 318 Abuterius
446 291 509 318 item
522 295 550 317 et
565 289 728 325 Sperantius
743 287 865 315 exsulem
880 287 1008 314 omnibus
1021 287 1073 314 hu-

284 334 426 361 manitatis
448 342 480 361 ac
507 334 702 361 benevolentia:
723 332 819 360 ciliciis
841 332 977 367 prosecuti
999 337 1072 359 sunt.

283 378 368 406 Erant
388 386 469 413 porro
493 386 554 405 cum
572 379 722 406 Athanasio
738 379 788 406 vite
801 382 829 406 et
849 378 935 405 exsilii
958 378 1073 405 comites

284 425 408 452 monachi
431 426 484 452 duo
506 424 638 460 Egyptii,
660 432 774 460 quorum
804 424 928 459 exemplo
945 423 994 459 (ὁ),
1012 423 1074 450 vitze

284 471 482 504 sanctimonia,
512 478 638 499 secessus
658 471 769 503 studio,
792 470 912 497 Romana
937 475 993 497 tum
1019 469 1074 505 pri-

284 525 358 545 mum
399 517 519 545 Ecclesia
558 517 584 545 in
619 517 763 544 monastici
800 516 914 544 instituti
951 524 1072 544 amorem

284 570 401 590 accensa
417 563 479 590 fuit.
505 563 604 590 Eorum
620 562 744 593 nomina,
767 560 928 588 Ammonius
949 565 977 588 et
991 561 1072 588 Isido-

284 616 332 636 rus
348 609 444 643 :prior
468 613 541 635 tanta
563 609 761 635 mundanarunt
789 614 880 634 rerum
912 606 1030 641 incuria,
1044 611 1073 633 ut

284 655 407 682 Romana
429 654 473 681 illa
491 653 618 686 adiﬁcia,
638 661 698 688 quae
719 652 802 680 nullis
825 660 878 679 non
897 651 1072 680 admirationi

284 705 375 733 erant,
389 708 421 728 ac
433 707 550 735 quorum
567 699 652 734 gratia
669 699 753 726 Roma
772 697 896 725 visitatur
907 697 1071 733 frequentis-

284 747 354 775 sime
371 746 407 773 ab
430 745 580 776 extraneis,
594 753 628 772 ne
643 745 798 779 inspectare
816 743 924 778 quidem
945 743 1073 778 dignare.

286 798 348 826 tur;
374 793 501 828 solasque
525 791 598 819 Petri
617 795 645 818 et
665 790 743 818 Pauli
770 790 898 818 basilicas
924 789 1031 816 adierit.
1047 788 1073 816 ls

284 840 342 874 ipse
355 839 516 866 Ammonius
527 842 578 869 est,
591 837 637 872 qui
653 837 703 864 sub
721 837 788 868 haec,
806 843 867 864 cuiu
882 835 915 863 ad
931 835 1071 870 episcopa-

283 891 341 914 tum
353 889 506 921 raperetur,
520 884 582 919 fuga
598 884 718 918 elapsus,
741 883 856 910 alteram
877 881 929 910 sibi
955 880 1071 909 abscidit

284 939 389 965 aurem,
405 935 435 958 ut
452 930 620 958 mutilatione
640 929 764 964 corporis
780 927 947 956 sacerdotale
973 933 1070 954 munus

283 977 445 1006 declinaret.
466 976 586 1004 lsidorus
607 980 697 1003 autem
723 983 776 1003 non
797 975 902 1002 minore
920 973 1020 1008 pietate
1042 976 1071 1000 et

283 1023 420 1051 ﬂuxarum
444 1030 536 1050 rerutn
557 1020 729 1048 abdicatione
751 1020 879 1047 micabat.
903 1018 1070 1052 Factumque

283 1073 314 1096 ut
340 1075 435 1096 eorum
460 1066 635 1094 aemulatione
661 1064 819 1091 inﬂammati
849 1063 980 1096 Romani,
1012 1068 1070 1089 tum

283 1116 399 1151 primutn
426 1113 604 1141 monasticam
634 1111 758 1139 colerent
785 1110 971 1145 disciplinam.
1001 1108 1070 1136 Hinc

283 1160 448 1189 monasteria
463 1158 545 1186 multa
562 1165 610 1193 per
631 1157 735 1184 Italiam
759 1157 890 1190 excitata,
911 1160 940 1183 et
960 1155 1070 1183 institu-

285 1212 341 1234 tutn
362 1205 515 1242 huiusmodi
533 1204 631 1232 exinde
646 1211 694 1240 per
709 1203 886 1232 Occidentem
909 1200 1030 1229 manavit
1042 1200 1069 1228 in

283 1253 342 1280 dies
358 1252 450 1279 latius.
463 1251 575 1278 Addidit
592 1249 717 1277 stimulos
737 1247 914 1280 Athanasius,
934 1253 995 1274 eum
1009 1246 1068 1274 exi-

283 1299 330 1326 tnii
349 1297 487 1330 monachi,
502 1296 751 1329 monachorumque
771 1293 858 1329 patris
878 1292 987 1320 Antonii
1005 1299 1070 1327 prat-

282 1345 357 1373 clara
376 1348 451 1379 gesta
474 1342 724 1376 recensuitg‘cujus
739 1339 921 1371 abstinentiae,
939 1338 1067 1366 solitudi-

282 1395 336 1426 nis,
353 1392 533 1421 certaminum
554 1391 685 1419 memoria
710 1388 805 1416 multis
819 1387 962 1415 abdicandi
978 1386 1068 1414 saeculi

288 1449 371 1469 causa
385 1441 444 1468 fuit.
463 1439 533 1467 Sunt
546 1439 591 1474 qui
605 1442 700 1474 putent
713 1437 890 1465 Athanasium
905 1435 998 1462 Romae
1008 1440 1068 1462 v'er-

282 1493 399 1518 santetn,
415 1486 534 1514 edidisse
547 1484 697 1520 symbolum
707 1484 778 1519 quod
793 1483 873 1517 vulgo
886 1481 945 1516 ejus
960 1481 1068 1509 nomine

282 1533 484 1561 circumfertur.
508 1531 607 1559 Verum
631 1537 682 1558 nec
704 1530 738 1557 ab
763 1528 923 1561 Athanasio,
941 1534 991 1554 nec
1011 1526 1068 1561 ejus

284 1586 342 1606 azvo
355 1578 539 1612 conscriptum
566 1575 658 1608 fuisse,
683 1575 767 1610 probe
785 1574 854 1602 alias
871 1576 1070 1601 commonstra-

283 1630 336 1653 tur.

319 1671 363 1698 ll.
380 1669 507 1697 Oratores
519 1669 553 1696 ad
568 1668 671 1695 Iulium
692 1668 772 1694 mittit
786 1666 939 1702 Gregorius.
951 1681 987 1687 —
1000 1665 1069 1694 Gre-

282 1717 374 1753 gorius
389 1721 477 1744 autem
496 1716 560 1743 sede
575 1715 678 1750 potitus
703 1714 899 1746 Alexandrina,
921 1713 1069 1741 retinenda:

283 1763 421 1797 dignitatis
449 1762 630 1797 percnpidus,
659 1760 859 1795 optatissimum
891 1759 941 1787 sibi
972 1764 1068 1793 putans

283 1816 353 1839 esse,
369 1808 390 1834 si
406 1806 468 1834 Julii
483 1814 559 1841 papae
584 1805 711 1841 sullragio
729 1810 756 1832 et
772 1812 905 1832 consensu
928 1810 1018 1839 posset
1041 1804 1067 1831 in

282 1858 413 1887 occupata
429 1853 491 1879 sede
511 1851 670 1883 consistere,
687 1855 812 1878 oratores
836 1850 919 1876 mittit
934 1849 1066 1884 Romam,

282 1899 431 1933 Carpouem
449 1898 593 1931 quemdam
609 1897 807 1931 presbyterum,
825 1895 972 1922 Arianismi
986 1903 1066 1922 causa

283 1944 317 1970 ab
339 1942 492 1970 Alexandro
520 1942 639 1969 antistite
658 1942 722 1969 olim
748 1941 905 1968 damnatum
929 1946 957 1968 et
980 1940 1067 1968 cilicio

283 1990 464 2020 deturbatum,
481 1995 541 2015 cum
554 1987 714 2022 quibusdam
737 1988 797 2014 aliis
816 1987 874 2022 pari
893 1987 973 2014 modo
993 1986 1067 2013 abdi-

283 2037 360 2064 catis.
373 2035 553 2069 Quamobrem
576 2038 603 2061 et
615 2033 650 2061 ob
670 2033 724 2060 alia
750 2033 776 2060 in
790 2033 849 2067 ejus
862 2032 1053 2059 Alexandriam

283 2085 406 2118 ingressu
424 2081 540 2108 admissa
558 2071 691 2112 facinora,
704 2079 730 2106 in
744 2077 806 2106 Julii
825 2078 1001 2106 oll'ensionetn
1025 2081 1066 2105 tn—

282 2128 368 2156 currit
382 2127 529 2162 Gregorius
541 2125 587 2161 (c).

317 2174 362 2201 12.
390 2172 533 2200 Eusebiani
556 2171 619 2206 ﬁdei
642 2169 785 2205 famulam
808 2170 914 2196 mittunt
938 2170 972 2196 ad
996 2169 1065 2196 Con-

1124 241 1264 268 clientium
1291 245 1318 269 et
1343 242 1490 270 aulicorum
1514 242 1632 270 oll'erunt
1653 242 1808 273 Constanti.
1833 242 1899 276 Quod

1124 291 1215 314 autem
1225 287 1264 314 ait
1273 287 1401 316 Socrates
1414 288 1465 324 (ε),
1480 289 1607 317 abnuisse
1618 295 1742 317 oratores
1750 296 1812 316 cum
1828 289 1901 316 Atha-

1123 332 1201 360 nasio
1217 333 1354 368 colloquia
1375 334 1502 366 miscere,
1518 342 1571 362 non
1600 335 1637 362 ita
1661 334 1810 370 intelligas,
1832 335 1900 370 quasi

1124 382 1180 405 tum
1193 378 1358 406 Athanasius
1372 379 1398 406 in
1413 379 1571 408 Constantis
1584 380 1645 407 aula
1663 385 1835 414 versaretur;
1849 389 1901 408 cer-

1125 429 1179 452 tum
1199 425 1298 460 quippe
1316 430 1358 454 est
1385 430 1441 453 tum
1467 426 1560 454 Romae
1584 427 1684 460 fuisse;
1710 427 1758 454 sed
1782 427 1850 462 quod
1864 427 1900 454 vel

1123 469 1237 497 Romam
1254 477 1314 497 cum
1330 478 1362 497 eo
1374 472 1547 506 congressuri
1562 480 1592 500 se
1605 471 1732 500 conferre
1758 472 1899 505 noluerint,

1123 515 1166 543 vel
1181 515 1252 550 quod
1266 514 1352 542 Roma
1369 523 1430 543 cum
1450 517 1662 551 pertransirent,
1681 517 1824 544 Athanasii
1839 525 1898 546 cou-

1123 569 1248 596 gressnm
1262 561 1434 589 declinarint.
1445 562 1525 590 Fidei
1538 568 1627 590 autem
1645 563 1788 591 formulam
1804 570 1900 599 postre-

1123 615 1168 635 mo
1194 615 1210 634 a
1236 615 1266 635 se
1291 608 1485 643 conseriptam,
1513 609 1611 636 abditis
1637 613 1664 637 et
1689 609 1796 637 silentio
1818 611 1899 638 missis

1123 653 1274 687 prioribus,
1288 653 1431 681 Constanti
1452 653 1581 682 offerunt.
1600 654 1659 682 Non
1678 655 1767 691 ignota
1786 655 1900 690 Augusto

1123 703 1183 726 erat
1198 699 1289 726 innata
1308 700 1446 727 hominum
1457 700 1580 727 vafrities
1596 708 1725 736 mensque
1737 701 1807 729 dolis
1817 701 1899 736 plena.

1122 745 1292 780 Quapropter
1315 753 1344 774 re
1365 746 1463 774 infecta
1484 752 1618 781 oratores,
1637 748 1671 775 ad
1689 755 1754 776 suos
1777 749 1900 784 remigra-

1123 796 1196 819 runt.

1158 837 1202 864 15.
1220 837 1274 864 Alii
1291 838 1406 873 episcopi
1430 838 1462 866 ab
1484 839 1641 867 Eutebianis
1667 839 1748 874 pulsi.
1770 855 1806 860 —
1827 839 1899 868 Nacti

1121 889 1302 919 opportunum
1319 885 1440 913 consiliis
1453 886 1510 913 suis
1524 891 1551 913 et
1563 886 1746 914 voluntatibus
1758 886 1899 921 principem

1121 929 1280 964 Eusebiani,
1306 936 1365 966 post
1392 932 1498 967 pulsum
1520 932 1711 967 Athanasium,
1727 937 1828 960 tantam
1848 933 1898 960 vim
1941 939 1944 942 ‘

1121 976 1250 1010 hominis,
1261 976 1316 1011 jam
1334 977 1400 1004 nihil
1413 978 1549 1011 inausum,
1565 979 1632 1006 nihil
1651 979 1821 1007 inaccessum
1835 987 1898 1008 con-

1120 1022 1271 1050 sceleratis.
1287 1023 1407 1051 Cazteros
1430 1024 1514 1058 igitur
1528 1024 1615 1052 adorti
1632 1024 1746 1053 infestos
1765 1026 1816 1053 sibi
1832 1026 1899 1053 anti-

1120 1069 1208 1101 stites,
1234 1068 1317 1096 alium
1337 1074 1398 1104 post
1422 1069 1504 1097 alium
1531 1070 1679 1098 deturbant
1707 1072 1782 1103 sede,
1802 1071 1900 1107 pellunt

1120 1114 1214 1149 patriis
1231 1113 1340 1142 ﬁnibus.
1355 1114 1459 1148 Quibus
1472 1117 1578 1143 exactis
1591 1115 1637 1151 (ι’),
1654 1124 1736 1143 unum
1748 1117 1798 1144 fuit
1813 1116 1899 1151 perfu-

1119 1160 1193 1195 gium
1207 1159 1294 1188 Julius
1308 1160 1458 1194 Romanus,
1469 1169 1553 1196 quem
1565 1168 1600 1189 ex
1617 1163 1709 1190 multis
1723 1163 1797 1190 orbis
1816 1168 1843 1190 et
1857 1171 1899 1190 re-

1120 1207 1279 1234 motissimis
1299 1206 1455 1242 regionibus
1472 1207 1580 1242 plurimi
1607 1215 1661 1236 uno
1681 1207 1766 1236 ferme
1783 1213 1899 1244 tempore

1120 1253 1239 1287 episc0pi
1253 1253 1389 1280 adierunt.
1403 1252 1443 1280 Ex
1458 1260 1550 1280 eorum
1564 1261 1674 1281 numero
1690 1253 1832 1282 Marcellus
1842 1254 1897 1281 An-

1119 1300 1317 1334 cyranus,jam
1345 1299 1410 1327 olim
1438 1301 1472 1327 ab
1501 1300 1554 1328 illis
1581 1301 1721 1328 abdicatus
1738 1305 1766 1328 et
1793 1300 1898 1335 pulsus;

1119 1352 1199 1379 quem
1216 1346 1305 1373 denuo
1321 1346 1483 1380 impotentes
1500 1345 1593 1374 furore
1604 1347 1735 1381 aggressi,
1753 1347 1833 1373 nullis
1848 1354 1899 1373 non

1119 1391 1198 1418 malis
1217 1391 1382 1425 allecerunt;
1400 1396 1428 1419 ut
1448 1396 1558 1427 possent
1574 1392 1699 1420 Marcello
1721 1392 1802 1419 illata:
1828 1391 1900 1419 cala-

1119 1437 1228 1465 mitates
1247 1438 1290 1470 iis,
1309 1445 1368 1472 quae
1389 1437 1537 1466 invadente
1559 1438 1690 1474 Gregorio
1711 1438 1900 1466 Alexandriam

1118 1489 1195 1519 gesta
1207 1489 1279 1517 sunt,
1293 1484 1375 1518 probe
1383 1483 1511 1511 conferri.
1530 1483 1554 1512 ls
1569 1492 1633 1520 ergo
1648 1484 1747 1511 .lulium
1764 1484 1900 1516 convenit,

1121 1530 1200 1557 fidem
1215 1537 1303 1561 suam,
1316 1529 1392 1563 cujus
1404 1537 1487 1557 causa
1501 1530 1817 1565 agitabatur,~siuceram
1830 1538 1900 1557 com-

1121 1581 1270 1607 monstrat;
1290 1581 1368 1610 rogat
1387 1576 1495 1604 evocari
1516 1581 1542 1603 et
1565 1584 1656 1604 corant
1673 1577 1754 1603 statui
1776 1576 1902 1603 adversa-

1119 1623 1186 1649 rios.
1203 1622 1315 1649 Accedit
1328 1622 1390 1649 item
1402 1622 1532 1657 Asclepas
1545 1622 1686 1654 Gazensis,
1699 1630 1777 1657 quem
1793 1623 1903 1657 paribus

1119 1668 1240 1695 artiﬁciis
1253 1673 1279 1695 et
1296 1668 1440 1696 calumniis
1454 1668 1637 1700 deturbatum,
1655 1669 1730 1702 quasi
1745 1667 1902 1695 seditiosum

1118 1719 1145 1741 et
1164 1719 1302 1741 auctorem
1316 1715 1456 1742 tttrbarum
1469 1713 1652 1750 proﬂigarunt.
1666 1714 1714 1741 Hic
1725 1713 1817 1740 Romae
1831 1721 1903 1740 anno

1119 1765 1172 1784 uno
1185 1765 1218 1784 ac
1234 1763 1289 1785 tres
1302 1765 1410 1785 menses
1424 1763 1556 1792 moratus,
1577 1758 1732 1786 Sardicensi
1749 1763 1840 1793 postea
1860 1765 1904 1794 sy-

1119 1802 1188 1829 nodo
1209 1802 1342 1835 interfuit.
1357 1801 1452 1838 Magna
1466 1803 1558 1838 utique
1570 1803 1621 1830 fuit
1641 1804 1778 1838 pulsorum
1791 1804 1836 1838 qui
1851 1803 1905 1830 Bo-

1118 1854 1190 1874 mam
1210 1854 1240 1874 se
1253 1848 1411 1882 proripuere
1430 1853 1530 1880 turma,
1552 1847 1652 1876 Lucius
1665 1848 1790 1876 videlicet
1808 1848 1906 1876 Adria-

1118 1892 1290 1927 nopolitanus
1309 1901 1361 1921 non
1377 1894 1461 1921 semel
1481 1894 1554 1922 ferro
1564 1900 1592 1922 et
1606 1895 1722 1923 vinculis
1737 1896 1904 1923 Arianortttn

1117 1945 1197 1972 opera
1224 1939 1407 1972 constrictus;
1430 1947 1462 1966 ex
1482 1939 1598 1968 Thracia
1624 1941 1686 1968 item
1708 1941 1807 1969 Paulus
1830 1940 1905 1968 Con-

1117 1984 1368 2018 stantinopolitauus
1398 1985 1438 2013 bis
1463 1986 1624 2014 Arianorum
1649 1987 1791 2015 vexatione
1813 1987 1904 2014 solum

1116 2035 1222 2057 vertere
1233 2035 1351 2058 coacttts.
1367 2030 1418 2058 Alii
1435 2032 1498 2059 item
1516 2039 1548 2059 co
1561 2032 1748 2060 confluxerunt
1760 2042 1792 2061 ex
1809 2033 1901 2061 Thra-

1115 2076 1166 2107 cia,
1180 2075 1338 2110 leesyria,
1349 2076 1496 2107 Phoenicia.
1509 2083 1534 2105 et
1548 2077 1699 2105 Palaestina.
1708 2078 1740 2105 Et
1751 2079 1902 2106 verisimile

1115 2120 1223 2153 quidem
1241 2126 1282 2147 est
1299 2127 1345 2148 eos
1360 2121 1434 2155 ipsos
1451 2129 1522 2153 θεῖε,
1538 2123 1583 2156 qui
1600 2122 1699 2149 alicubi
1715 2130 1906 2150 memorantur

1115 2166 1149 2192 ab
1164 2166 1328 2199 Athanasio;
1346 2174 1379 2194 ex
1398 2166 1512 2194 Thracia
1536 2168 1650 2201 scilicet,
1673 2175 1770 2204 praeter
1786 2169 1904 2198 Lucium

281 2226 448 2247 stantem.—
462 2217 622 2252 interposito
635 2221 697 2251 post
710 2215 845 2251 synodum
866 2214 1061 2242 Antiochenam
1080 2219 1100 2246 ι)
1115 2217 1142 2240 et
1163 2213 1284 2246 Paulum,
1306 2212 1460 2241 Theodulus
1486 2213 1741 2249 Trajanopolitanus
1757 2220 1784 2243 et
1808 2217 1907 2252 Olym-

281 2273 427 2301 pattcorttm
449 2264 582 2291 mensium
603 2262 700 2297 spatio,
730 2261 875 2288 Ensebiani
902 2259 982 2287 aliam
1006 2268 1066 2295 per-

281 2314 390 2341 brevem
406 2311 466 2338 lidei
488 2309 628 2337 formulam
652 2309 744 2340 edunt,
759 2307 787 2334 in
802 2314 855 2341 qua
872 2305 936 2332 nihil
956 2306 1064 2340 quidem

280 2362 376 2386 contra
392 2357 569 2385 orthodoxam
586 2355 664 2382 iidem
676 2358 826 2388 comparet,
840 2352 887 2380 sed
903 2353 1065 2386 przetermit.

284 2405 350 2431 titur
371 2405 423 2430 vdx
447 2401 605 2438 ὁμοούσιος,
620 2407 699 2435 quant
724 2398 868 2426 formulam
891 2405 939 2432 per
962 2397 1064 2433 legatos

281 2451 391 2477 tnittunt
417 2448 450 2476 ad
481 2448 657 2476 Constantem
687 2446 837 2480 Augustum
857 2443 908 2479 (ά).
933 2443 1061 2472 Oratores

279 2503 361 2531 porro
376 2494 487 2522 fuerunt
501 2493 645 2521 Narcissus
667 2490 839 2523 Neroniadis,
853 2490 934 2517 Maris
947 2489 1061 2518 Chalce—

279 2541 420 2573 donensis,
435 2539 593 2568 Theodorus
620 2537 806 2569 Heracleotes,
821 2541 848 2563 et
864 2535 972 2563 Marcus
990 2535 1061 2562 Are-

280 2587 393 2614 tltusius.
412 2585 448 2614 lis
463 2586 617 2613 mandatum
634 2589 663 2611 ut
679 2583 819 2611 Constanti
835 2582 986 2618 significent
1001 2590 1061 2617 qua:

280 2640 361 2661 causa
377 2632 457 2660 fuerit
471 2631 613 2660 Athanasii
624 2630 781 2663 abdicandi,
795 2638 856 2665 qua
871 2629 945 2656 Pauli
955 2633 982 2656 et
993 2629 1060 2656 alio-

279 2687 338 2707 rum
357 2679 513 2715 prassulum,
538 2686 591 2713 quo
606 2678 669 2713 jure
692 2677 738 2704 alii
753 2677 780 2704 in
796 2684 889 2704 eorum
909 2675 997 2704 locum
1014 2682 1060 2702 es-

313 2800 351 2835 (a)
364 2799 463 2826 Athan.
480 2799 556 2834 Apol.
571 2798 605 2825 ad
615 2797 763 2835 Comitum,
775 2806 804 2825 n.
822 2797 848 2824 6.

315 2833 353 2871 (in
371 2834 479 2871 Sozam.
490 2835 599 2871 »Νι-ιιι,
613 2840 673 2866 cap.
686 2833 717 2871 V7.

316 2867 351 2903 lc)
367 2870 466 2897 Athan.
479 2868 556 2902 Apol.
573 2873 663 2895 contra
674 2869 780 2902 Arium,
796 2876 822 2895 tt.
837 2867 882 2895 24.

1114 2260 1174 2294 pius
1191 2259 1336 2293 JEuorum,
1355 2261 1388 2288 de
1402 2260 1499 2295 quibus
1519 2261 1594 2296 plura
1612 2262 1740 2296 inferius;
1755 2270 1787 2290 ex
1809 2264 1905 2299 Syria,

1113 2306 1251 2341 Cymatius
1264 2306 1344 2339 Palti,
1358 2306 1425 2334 alter
1435 2306 1573 2342 Cymatius
1583 2307 1676 2340 Aradi,
1685 2308 1770 2344 Cyrus
1785 2308 1905 2341 Beratae,

1113 2351 1254 2379 Carterius
1271 2352 1416 2383 Antaradi,
1431 2352 1597 2386 Euphration
1609 2353 1749 2386 Balaneaa;
1766 2362 1799 2382 ex
1818 2354 1906 2382 Plio:-

1113 2395 1184 2428 nice,
1205 2395 1363 2424 Hellanicus
1384 2397 1580 2432 Tripolitanus,
1606 2399 1647 2426 vir
1666 2400 1806 2428 catholica:
1836 2402 1904 2428 fidei

1112 2441 1382 2477 observantissimus,
1399 2443 1513 2471 infestus
1530 2445 1649 2477 Arianae,
1665 2450 1693 2473 et.
1710 2453 1741 2473 ea
1764 2447 1797 2474 de
1816 2455 1904 2474 causa

1114 2489 1148 2515 ab
1165 2489 1275 2516 Arianis
1290 2495 1412 2523 exactus,
1429 2491 1474 2525 qui
1498 2491 1524 2518 in
1546 2491 1604 2526 ejus
1624 2493 1712 2520 locutu
1727 2492 1905 2521 Theodorum

1113 2535 1258 2569 quemdam
1278 2543 1334 2563 suae
1355 2536 1481 2565 factionis
1501 2537 1669 2573 adlegemnt.
1691 2539 1722 2566 Hi
1743 2544 1821 2567 erant
1842 2541 1907 2574 epi-

1112 2587 1198 2615 scopi.

1149 2627 1225 2653 Anno
1240 2625 1304 2654 διε.
1319 2641 1354 2646 -
1367 2626 1393 2655 l.
1412 2626 1622 2655 Eusebianorum
1633 2629 1668 2655 ad
1677 2628 1780 2656 Iulium
1791 2628 1905 2656 (illum.

1113 2687 1150 2694 —
1163 2672 1285 2708 Elpidius
1305 2678 1394 2701 autem
1415 2678 1443 2701 et
1467 2673 1633 2702 Philoxenus
1654 2675 1818 2711 presbyteri,
1834 2674 1907 2702 Julii

1161 2796 1189 2865 ἐξ
1200 2796 1285 2859 licam.
1296 2797 1343 2825 lib.
1354 2805 1385 2830 tt,
1395 2804 1452 2832 cap.
1464 2796 1515 2827 18:
1525 2797 1622 2825 Athan.
1631 2797 1793 2832 Desynadis,
1805 2806 1833 2826 n.
1850 2797 1904 2826 25.

1147 2866 1181 2900 (Ι)
1195 2868 1293 2895 Athan.
1308 2867 1334 2895 in
1351 2868 1430 2898 epist.
1447 2866 1524 2897 Julii:
1545 2869 1653 2897 Sozam.
1668 2868 1715 2896 lin.
1732 2877 1772 2897 tn.
1785 2877 1845 2897 cao.
1871 2867 1902 2896 8.
