2016 3046
781 163 860 190 VI'I‘A
878 164 906 191 S.
926 165 994 193 A'I‘H
1002 166 1125 193 ANASII.

1707 176 1768 196 XCII

145 215 238 251 legati,
249 216 422 244 Antiochiam
438 217 552 252 profecti
569 217 618 253 (α),
628 218 732 246 litteras
743 219 803 254 ejus
817 221 934 249 offerunt
949 227 971 254 Α
985 225 1085 251 acerbe
1103 223 1264 258 constringi.
1280 223 1338 252 Non
1360 231 1456 251 senum
1471 224 1508 251 illi
1523 224 1696 259 gravitatem,
1716 234 1770 252 non

145 261 317 298 Eusebianis.
333 262 366 289 Hi
386 263 431 290 ubi
445 264 624 291 Athanasium
639 266 745 294 venisse
762 268 875 295 Romam
891 270 934 295 in-

145 306 293 341 tellexere,
326 309 526 343 prospicientes
555 311 772 340 ecclesiasticum
800 310 856 341 illic
876 314 935 343 fore

141 354 285 389 judicium,
309 361 364 389 quo
379 355 473 388 procul
496 354 622 383 abforent
639 364 742 389 comes,
759 359 869 392 milites,
884 360 934 388 im-

144 401 282 435 peratoria
300 401 461 433 auctoritas;
477 401 555 435 queis
572 401 634 429 freti
656 410 714 430 rem
734 404 867 432 arbitratu
884 413 934 434 suo

144 452 257 480 agerent
274 447 318 483 (iis
333 454 450 481 namque
463 447 650 476 deﬁcientibus
664 457 697 476 ne
713 450 811 478 mutire
825 451 933 486 quidem

145 492 319 527 audebant);
334 493 491 527 exagitante
512 493 662 521 facinorum
680 495 845 523 conscientia
859 502 934 525 tanto

144 542 208 565 sunt
221 542 326 565 terrore
338 538 466 573 perculsi,
481 543 510 565 ut
525 538 730 574 interpellanda!
745 542 838 576 synodi
850 550 933 571 causa

146 583 250 619 legatos
260 583 330 611 ultra
348 584 512 619 praeﬁnitum
528 591 542 611 a
561 583 633 612 Julio
649 590 754 621 tempus
770 587 932 621 detinerent,

146 637 197 657 nec
219 630 272 657 nisi
296 637 390 657 mense
411 629 543 658 Januario
563 632 757 666 subsequentis
777 633 841 660 anni
856 633 933 662 abire

145 676 337 708 concederent,
365 676 435 704 datis
463 677 496 704 ad
520 676 621 704 Julium
646 677 742 705 litteris
761 681 932 712 querelarum

144 720 310 755 plenissimis
331 721 381 755 (θ),
403 723 575 757 oratorioque
602 730 676 750 more
703 725 874 760 conscriptis.
900 725 934 754 Et

144 767 251 802 quidem
269 767 348 794 initio
365 767 517 795 fatebantur
536 767 686 796 Romanam
700 769 861 803 Ecclesium,
876 772 933 799 exi-

145 814 226 840 miam
241 814 417 848 omniumque
431 814 601 849 metropoliin
612 822 683 848 esse,
697 816 744 843 sed
765 824 797 844 ex
822 816 933 845 Oriente

143 858 281 892 prodiisse
296 858 420 885 doctores
432 859 507 893 ejus;
525 866 613 893 neque
626 866 655 886 se
667 859 795 888 inferiore
812 860 873 888 loco
885 861 932 888 ha-

986 270 1146 304 dignitatem
1171 271 1317 304 praesulum
1343 271 1473 298 curabant
1491 271 1601 298 :omnia
1639 270 1770 306 perfregit

985 316 1187 351 prostravitque
1208 316 1294 343 furor.
1316 316 1559 351 Sarapammonem
1578 316 1672 351 igitur,
1690 324 1772 352 gran-

985 361 1088 388 dzevum
1101 363 1256 397 episcopum
1276 367 1303 389 et
1318 362 1514 395 confessorem,
1535 362 1638 396 pellunt
1656 363 1682 389 in
1698 363 1770 390 exsi-

984 406 1049 434 lium
1067 408 1289 436 :Potammonem
1307 407 1370 435 item
1387 408 1543 443 episcopum
1563 414 1644 443 atque
1664 409 1771 436 confes-

985 462 1085 487 sorem,
1107 454 1150 481 cui
1168 454 1256 482 fuerat
1284 455 1378 482 oculus
1404 462 1452 488 pro
1466 454 1567 482 Christi
1589 455 1700 482 nomine
1717 463 1769 482 ex-

984 501 1114 536 sculptus,
1134 505 1174 528 tot
1193 500 1278 534 plagis
1291 501 1317 527 in
1333 501 1467 528 cervicem
1489 500 1636 533 laniarunt,
1658 505 1688 528 ut
1711 509 1765 528 nou

984 551 1046 575 ante
1066 546 1186 574 caedendi
1208 546 1288 573 ﬁnem
1312 545 1442 578 facerent,
1458 553 1538 580 quam
1557 546 1643 573 virum
1660 547 1767 574 exstin-

984 597 1055 620 ctum
1070 596 1206 627 putarent.
1224 592 1352 626 Abjectus
1362 599 1442 619 senex
1457 597 1537 626 atque
1554 593 1626 620 humi
1642 597 1766 627 prostra-

978 643 1038 671 tus,
1064 639 1204 666 curatione
1229 638 1350 665 adhibita
1373 643 1400 665 et
1415 638 1513 666 ﬁabelli
1528 645 1579 672 ope
1596 639 1706 673 paulum
1723 647 1767 666 re-

981 685 1099 719 spiravit
1119 691 1152 711 ac
1173 684 1287 717 revixit;
1308 683 1347 711 ita
1364 688 1464 716 tamen,
1479 689 1508 711 ut
1525 684 1596 711 haud
1618 684 1656 711 ita
1683 685 1768 712 multo

983 735 1045 766 post
1058 737 1091 758 ex
1117 730 1260 758 vulnerum
1284 730 1378 758 dolore
1401 730 1455 757 vita
1482 730 1590 757 functus
1608 730 1654 762 sit,
1676 730 1767 757 iterati

982 783 1034 811 pro
1051 775 1161 803 Christo
1174 775 1299 811 martyrii
1320 776 1406 811 gloria
1423 775 1545 810 insignis.
1558 775 1612 803 Alii
1632 777 1697 810 item
1713 776 1768 811 epi-

983 820 1056 855 scopi
1070 819 1217 855 grandaevi,
1232 820 1278 854 qui
1290 820 1315 847 in
1338 820 1493 855 episcopatu
1509 826 1718 853 consenuerant,
1733 821 1767 848 ad

983 866 1144 901 lapidicinae
1155 865 1263 893 adducti
1276 870 1338 893 sunt
1351 874 1359 894 :
1372 867 1418 893 alii
1435 867 1497 893 item
1514 866 1644 901 episcopi,
1658 866 1767 901 presby-

144 904 296 938 beri,quod
309 904 485 939 amplitudine
502 905 676 940 praestantior
689 906 733 933 illa
747 911 830 939 esset,
846 914 932 941 quan-
946 896 969 926 Β
984 905 1046 943 feri,
1060 911 1152 939 clerici
1176 912 1203 939 in
1223 911 1349 939 exsilium
1367 912 1531 939 transmissi.
1548 912 1620 945 Quot
1639 913 1767 940 monachi

143 951 178 978 do
199 951 251 986 ipsi
267 951 377 983 virtute,
393 952 518 984 consilio,
539 953 683 984 sententia.
703 953 783 980 facile
815 953 932 981 antecel-

143 997 243 1024 lerent.
259 997 313 1025 Nec
326 1005 374 1032 par
389 1005 449 1025 esse
467 999 575 1025 evocari
590 1005 619 1026 se
640 1006 655 1025 a
672 998 744 1026 Julio
766 999 883 1026 Romam
897 1000 931 1026 ad

143 1043 288 1079 synodum,
305 1051 365 1071 cum
381 1044 549 1071 Antiochena
563 1046 597 1072 ab
614 1051 644 1072 se
659 1045 733 1072 edita
749 1045 870 1077 decreta,
885 1053 930 1073 ra-

143 1095 180 1122 ta,
204 1090 282 1117 ﬁrma
303 1096 331 1118 et
350 1090 469 1125 legitima
488 1095 579 1118 essent
593 1112 599 1124 ,
615 1090 691 1118 nefas
704 1091 833 1125 vilipendi
850 1099 932 1127 syno-

143 1136 206 1163 dum
219 1144 233 1163 a
247 1141 287 1164 tot
301 1137 436 1171 episcopis
451 1137 615 1165 celebratam
628 1145 635 1170 ;
652 1137 758 1164 admitti
772 1138 804 1164 ad
816 1138 932 1165 societa-

143 1186 196 1208 tem
212 1183 284 1210 viros
312 1190 327 1209 a
350 1189 381 1210 se
401 1182 537 1217 depositos
557 1186 584 1210 ct
605 1182 760 1210 damnatos.
783 1182 931 1218 Episconos

142 1227 264 1255 Orientis
290 1235 461 1263 nequaquam
482 1229 516 1256 iis
541 1236 724 1263 repugnasse.
747 1237 806 1264 qua:
834 1235 929 1258 contra

142 1272 321 1301 Novatianum
329 1273 435 1302 decreta
446 1274 536 1302 Romae
554 1274 669 1302 fuissent
683 1283 690 1301 :
705 1282 791 1310 neque
810 1276 929 1303 vicissim

142 1318 296 1346 Romanum
322 1318 475 1353 pontiﬁcem
498 1319 636 1347 obstitisse
661 1319 824 1360 abdicationi
854 1321 928 1348 Pauli

142 1365 315 1392 Samosateni
331 1365 358 1392 in
381 1365 549 1392 Antiochena
567 1365 670 1401 synodo
683 1365 809 1394 decrette.
825 1366 930 1399 Quere-

142 1411 243 1438 hantur
259 1411 324 1438 item
336 1411 499 1446 praeﬁnitum
516 1411 645 1446 temporis
660 1411 777 1446 spatium
791 1413 930 1446 angustius

141 1465 213 1490 esse,
225 1465 307 1492 quam
327 1462 357 1484 ut
372 1457 497 1485 valerent
517 1456 670 1485 Orientales
690 1461 752 1484 ante
776 1457 928 1485 condictam

140 1503 213 1530 diem
226 1503 342 1530 Romam
365 1504 530 1535 concedere;
550 1503 697 1530 imminens
712 1510 821 1538 quoque
837 1503 928 1531 Persi-

980 956 1072 992 ﬁagris
1092 958 1166 990 caesi,
1187 957 1268 992 idque
1284 956 1502 993 jussuIGregorii
1518 962 1545 984 et
1563 957 1663 985 Balacii
1677 957 1764 988 ducis,

981 1003 1026 1038 qui
1052 1003 1184 1037 ejusmodi
1195 1003 1361 1030 carniﬁcina
1386 1004 1516 1031 aderantl
1548 1003 1618 1036 Quot
1646 1003 1765 1038 episcopi

980 1049 1065 1084 plagis
1081 1049 1171 1076 laniati
1184 1050 1192 1075 ‘.
1207 1049 1277 1082 Quot
1291 1049 1408 1084 virgines
1418 1050 1588 1077 verberatae!
1606 1048 1654 1076 llis
1663 1049 1767 1077 admis-

980 1095 1019 1123 sis
1034 1095 1183 1123 sceleribus
1207 1094 1376 1122 facinorosus
1393 1095 1474 1122 homo
1489 1095 1616 1130 populum
1637 1095 1764 1123 cohorta-

979 1141 1070 1174 batur,
1082 1146 1110 1168 ut
1124 1141 1157 1168 ad
1168 1142 1386 1168 communionem
1404 1148 1479 1168 suam
1496 1141 1672 1173 accederent:
1687 1142 1764 1176 quasi

979 1196 1044 1216 vero
1064 1189 1090 1215 id
1110 1188 1193 1215 illatis
1217 1188 1377 1215 verberibus
1402 1191 1429 1214 et
1452 1186 1626 1215 contumeliis
1640 1187 1698 1221 ille,
1712 1196 1766 1215 non

979 1234 1149 1261 humanitate
1170 1237 1199 1261 et
1226 1233 1365 1260 beneﬁciis
1389 1232 1518 1267 consequi
1546 1237 1646 1267 posset.
1667 1232 1693 1260 ln
1709 1233 1767 1268 epi-

979 1279 1053 1315 scopi
1068 1284 1158 1307 autem
1176 1279 1316 1306 Athanasii
1345 1283 1520 1305 materteram
1534 1278 1585 1313 (tt),
1599 1285 1683 1317 quam
1702 1279 1765 1305 dum

979 1331 1117 1362 superstes
1137 1331 1209 1353 esset
1231 1323 1434 1351 calamitatibus
1453 1329 1636 1358 oppresserat,
1653 1323 1695 1351 vel
1720 1325 1764 1351 de-

979 1373 1098 1400 functam
1118 1372 1153 1399 ita
1174 1371 1271 1403 sazviit,
1287 1375 1315 1397 ut
1329 1377 1362 1397 ne
1374 1370 1433 1405 ejus
1453 1370 1561 1405 quidem
1581 1369 1670 1397 funeri
1689 1370 1764 1404 justa

979 1418 1046 1446 solvi
1066 1417 1239 1446 concederet.
1254 1416 1330 1450 Quod
1343 1423 1408 1443 sane
1424 1415 1543 1442 futurum
1559 1421 1629 1448 erat,
1644 1415 1764 1450 abjecta-

980 1470 1032 1497 que
1045 1462 1090 1489 illa
1103 1461 1199 1489 fuisset
1217 1460 1362 1495 insepulta,
1378 1459 1430 1487 nisi
1445 1459 1560 1486 cadaver
1577 1467 1591 1485 a
1602 1459 1763 1493 quibusdam

981 1508 1143 1541 hominibus,
1158 1506 1236 1542 quasi
1251 1506 1284 1533 ad
1302 1505 1432 1532 familiam
1447 1513 1523 1532 suam
1549 1505 1706 1540 pertineret,
1717 1513 1766 1531 ex-

140 1556 203 1577 eunt
225 1549 325 1576 bellum
342 1549 481 1584 profectus
505 1549 696 1584 impedimento
714 1549 764 1576 sibi
781 1556 858 1582 esse;
875 1557 927 1577 non

981 1558 1115 1589 portatum
1132 1552 1238 1579 fuisset.
1252 1550 1336 1579 Iussit
1349 1556 1481 1584 praeterea
1495 1550 1592 1585 impius
1611 1551 1690 1576 homo
1704 1557 1763 1583 quae

141 1596 277 1627 decuisse,
290 1595 407 1622 Eusebio
422 1600 449 1622 et
461 1595 622 1630 quibusdam
643 1595 724 1622 sociis
741 1595 809 1629 ejus,
825 1595 926 1630 episto-

142 1641 181 1668 las
197 1641 351 1676 nuncupari
363 1648 378 1667 a
397 1640 479 1673 Julio,
498 1642 544 1668 sed
560 1641 609 1668 toti
624 1640 800 1669 Orientalium
821 1642 929 1669 antisti-

141 1690 199 1714 tum
221 1688 318 1720 coetui;
339 1694 427 1722 neque
448 1686 547 1714 Julium
569 1695 630 1720 suo,
645 1688 691 1715 sed
711 1688 805 1723 synodi
821 1690 929 1716 nomine

140 1732 313 1758 conscribere
334 1732 496 1767 oportuisse.
514 1732 625 1760 Demum
642 1740 736 1767 pacem
757 1738 785 1760 et
810 1740 927 1761 concor-

140 1777 213 1804 diam
229 1777 286 1804 fore
305 1785 365 1804 cum
385 1776 456 1804 Julio
471 1777 521 1804 sibi
544 1777 714 1812 pollicentur.
733 1778 754 1805 si
776 1782 866 1806 tamen
885 1786 928 1806 res

139 1831 188 1857 per
201 1831 232 1850 se
249 1827 340 1857 gestas
361 1828 434 1850 ratas
456 1823 586 1857 haberet;
605 1831 693 1857 secus,
709 1824 731 1851 si
751 1824 926 1859 improbaret.

139 1870 206 1896 Cum
222 1870 348 1897 absurdis
359 1869 511 1903 hujusmodi
528 1870 645 1904 querelis
661 1870 763 1904 legatos
775 1870 924 1898 remittunt.

142 1914 230 1942 Unum
248 1921 336 1942 tamen
361 1920 421 1943 erat
440 1923 494 1951 quo
518 1923 547 1943 se
574 1916 692 1943 maxime
717 1916 805 1943 arceri
829 1916 927 1943 itinere

141 1961 264 2001 Romgino
289 1961 501 1994 mentiebantur,
521 1961 666 1988 Persarum
686 1961 790 1988 scilicet
813 1960 924 1987 hellmn.

144 2007 197 2034 Sed
216 2008 280 2042 quid
302 2008 335 2034 ad
356 2007 496 2042 episcopos
511 2007 628 2034 bellum?
644 2007 731 2041 inquit
745 2006 925 2033 Athanasius.

143 2051 176 2078 Et
203 2052 248 2087 qui
274 2051 383 2079 Persico
406 2052 476 2079 bello
500 2052 699 2086 prtepcdiantur
712 2051 856 2086 quominus
874 2050 927 2078 Roc

140 2105 210 2124 mam
224 2103 349 2132 pergant,
367 2097 540 2132 longinquam
559 2102 585 2124 et
599 2097 808 2124 transmarinam
820 2096 924 2130 urbem;

138 2144 185 2178 qui
207 2139 256 2178 per
269 2143 389 2171 Orientis
413 2144 472 2170 loca
496 2143 577 2170 etiam
608 2142 698 2169 Persis
723 2142 848 2174 ﬁnitima,
868 2145 925 2169 tum

139 2190 269 2224 temporis
292 2190 378 2217 instar
402 2189 510 2216 leonum
535 2189 606 2216 ultro
623 2188 745 2223 citroque
765 2188 922 2220 cursahant,

980 1600 1067 1627 viduis
1081 1598 1227 1633 egenisque
1238 1596 1343 1632 erogari
1359 1601 1556 1623 consueverant
1567 1595 1667 1629 abripi,
1681 1602 1762 1621 vasa-

979 1651 1031 1678 quc
1044 1642 1176 1675 confringi
1186 1642 1248 1668 vino
1259 1646 1340 1674 atque
1351 1641 1410 1667 oleo
1425 1639 1610 1666 distribueudo
1623 1639 1760 1674 deputata.

979 1689 1038 1715 Alia
1054 1687 1169 1715 nefanda
1178 1687 1272 1719 edidit,
1287 1694 1347 1721 quae
1363 1686 1405 1712 vix
1418 1685 1539 1712 enarrari
1554 1686 1667 1719 possint,
1682 1685 1762 1720 digna

979 1743 1045 1763 sane
1057 1735 1115 1762 viro
1133 1734 1178 1768 qui
1200 1741 1253 1760 non
1269 1741 1302 1759 ex
1321 1732 1514 1759 ecclesiasticis
1536 1731 1639 1765 legibus
1654 1736 1763 1766 coopta-

979 1785 1032 1813 tus,
1049 1781 1095 1808 sed
1113 1780 1223 1807 militari
1243 1786 1323 1806 manu
1341 1778 1457 1812 stipatus
1477 1777 1503 1804 in
1522 1777 1702 1812 episcopalem
1717 1784 1761 1805 se-

979 1827 1039 1854 dem
1054 1826 1130 1861 quasi
1152 1825 1178 1852 in
1206 1832 1296 1852 arcem
1317 1824 1471 1855 imas-isset,
1496 1831 1628 1858 suamque
1645 1824 1760 1858 dignita-

979 1878 1034 1900 tem
1049 1879 1097 1906 pro
1109 1871 1179 1898 civili
1196 1878 1249 1897 non
1269 1877 1347 1897 sacro
1365 1869 1518 1896 ministerio
1532 1873 1560 1896 et
1574 1868 1662 1896 oilicio
1677 1869 1762 1896 habe-

978 1924 1030 1947 ret.
1047 1920 1136 1951 Quare
1156 1917 1309 1952 Magnatuin
1324 1923 1405 1950 quam
1430 1916 1620 1950 episcoporum
1636 1915 1677 1942 vel
1705 1923 1763 1942 mo-

978 1965 1127 1991 nachorum
1151 1963 1269 1990 malebat
1292 1961 1408 1997 gratiam
1437 1961 1516 1989 inire.
1541 1961 1629 1988 Patris
1652 1961 1760 1988 Antonii

978 2010 1123 2038 sanctitate
1137 2008 1278 2044 conspicui
1298 2009 1349 2035 viri
1367 2009 1388 2036 si
1406 2009 1514 2043 quando
1530 2008 1636 2035 litteras
1656 2008 1763 2041 accipe—

976 2059 1031 2088 ret,
1053 2054 1120 2082 nihil
1140 2055 1216 2090 pensi
1228 2053 1370 2087 .habebat;
1393 2054 1415 2080 si
1435 2053 1608 2087 imperatoris
1627 2059 1673 2079 aut
1686 2053 1763 2079 ducis

977 2101 1147 2136 cuiuspiam,
1175 2107 1243 2135 quos
1267 2100 1312 2127 ille
1338 2100 1388 2127 sibi
1422 2099 1556 2126 demereri
1579 2099 1760 2134 efﬂagitabat,

977 2149 1053 2184 quasi
1068 2155 1098 2175 re
1110 2147 1241 2183 praeclare
1255 2152 1344 2182 gesta.
1366 2147 1467 2182 ingenti
1490 2146 1615 2173 perfusus
1630 2150 1689 2173 erat
1716 2146 1762 2172 lic-

977 2195 1048 2222 titia.

137 2236 282 2270 quaesitum
296 2243 359 2262 num
377 2235 439 2269 quis
460 2235 650 2262 adversaretur
663 2233 744 2261 rebus
757 2233 878 2266 Ariauiu.
893 2237 925 2261 ut
939 2237 961 2264 D
1011 2242 1039 2269 δ.
1057 2240 1139 2267 Mors'
1151 2239 1263 2267 Balaoii.
1275 2252 1311 2258 ——
1327 2237 1449 2272 Contigit
1462 2237 1565 2265 interea
1582 2242 1610 2264 ιιι
1626 2237 1762 2264 Antonius

137 2281 265 2309 conﬁctis
279 2281 439 2309 criminibus
454 2281 585 2316 pellerent
601 2281 626 2307 in
649 2280 796 2307 exsilium?
812 2280 864 2307 Sed
879 2286 923 2307 re-

138 2334 201 2354 vera
214 2326 327 2354 Romani
344 2326 448 2354 itineris
460 2327 629 2354 detrectandi
652 2333 734 2353 causa
748 2329 807 2353 erat
819 2325 922 2353 admis-

138 2380 230 2400 sorum
248 2373 379 2400 scelerum
396 2373 573 2401 conscientia.

169 2418 197 2445 2.
213 2418 346 2446 Immania
360 2418 478 2454 Gregorii
495 2420 523 2446 in
541 2418 657 2453 {Egypto
671 2417 802 2453 facinora.
817 2432 853 2438 —-—
867 2417 923 2445 Sub

134 2463 193 2492 h.i-c
210 2463 365 2496 Eusebiani,
378 2464 574 2499 prospicientes
592 2471 645 2491 non
657 2471 674 2491 e
694 2471 723 2490 re
736 2470 784 2490 sua
798 2462 856 2490 fore
865 2463 920 2490 Ro-

134 2516 223 2536 mante
246 2510 341 2544 synodi
369 2511 489 2543 decreta,
503 2510 559 2543 jam
585 2509 618 2536 ad
643 2509 762 2547 solitam_
778 2509 919 2536 audaciam

134 2561 160 2583 et
180 2557 350 2584 ferocitatem
367 2562 520 2585 vertuntur.
535 2556 628 2585 Missis
648 2558 741 2590 itaque
756 2556 855 2584 litteris
872 2563 921 2583 au-

134 2607 224 2630 ctores
258 2603 394 2637 Philagrio
427 2609 510 2636 sunt,
538 2608 567 2630 ut
590 2611 651 2631 cum
679 2603 811 2638 Gregorio
845 2602 920 2630 brevi

133 2647 278 2683 Aigyptum
298 2657 443 2685 peragrare
463 2654 541 2677 curet
559 2649 607 2685 (c).
631 2648 686 2676 Nec
702 2657 788 2680 mora,
812 2648 921 2676 scelesti

133 2693 280 2728 ngyptum
303 2695 464 2730 pervadunt.
493 2695 561 2722 Hinc
577 2696 668 2722 videre
693 2699 754 2722 erat
776 2694 920 2729 episcopos

132 2740 280 2768 Athanasio
293 2741 452 2776 conjunctos
465 2740 623 2769 verberibus
640 2741 740 2775 excipi,
755 2748 787 2767 ac
802 2739 920 2767 vinculis

169 2808 207 2848 (ιι)
225 2808 324 2848 Athan.
345 2807 421 2848 Antii.
442 2813 534 2848 contra
556 2808 661 2843 Arium,
681 2817 707 2837 η.
723 2808 775 2842 20;
793 2813 821 2836 et
838 2799 913 2835 Hist.

132 2843 273 2883 Arionaad
293 2845 445 2883 monachos,
462 2852 489 2870 Il.
506 2844 553 2883 li.-

168 2879 206 2914 (ὁ)
220 2879 327 2906 Socrat.
343 2878 389 2905 lib.
404 2886 434 2911 tt,
447 2887 507 2914 cap.
522 2879 564 2906 15.

975 2287 1065 2315 audita
1091 2285 1193 2313 Balacii
1223 2286 1299 2312 ducis
1320 2292 1383 2320 erga
1411 2284 1533 2319 virgines
1561 2284 1761 2318 monachosque

975 2332 1118 2359 ferocitate
1134 2331 1181 2366 (ε),
1206 2330 1296 2358 missis
1311 2329 1409 2357 litteris
1428 2329 1546 2356 divinam
1564 2329 1694 2356 scelerato
1719 2329 1760 2354 iii-

975 2377 1169 2405 terminaretur
1182 2376 1322 2408 ultionem,
1336 2376 1386 2403 nisi
1407 2375 1488 2402 ﬁnem
1506 2374 1608 2401 faceret
1628 2373 1761 2400 Christia-

975 2430 1024 2449 nos
1046 2421 1232 2449 excruciandi.
1255 2421 1326 2448 Risit
1340 2421 1463 2448 Balacius
1473 2440 1480 2452 ,
1493 2424 1683 2454 annuenleque
1693 2417 1761 2446 Gre-

974 2467 1059 2502 gorio,
1071 2468 1097 2494 in
1113 2467 1255 2502 epistolam
1271 2467 1342 2494 humi
1358 2467 1505 2501 projeclam
1520 2465 1661 2500 conspuit;
1675 2464 1761 2492 tabel-

973 2513 1102 2547 lariisque
1115 2520 1176 2540 cum
1192 2512 1297 2547 repulsa
1308 2518 1335 2540 et
1349 2512 1446 2547 injuria
1462 2511 1592 2543 remissis,
1604 2510 1760 2537 renuntiare

971 2558 1049 2594 jubet
1072 2558 1190 2585 Antonio
1205 2579 1212 2592 ,
1239 2559 1346 2592 quando
1371 2556 1565 2585 monachorum
1590 2556 1647 2590 ipse
1671 2556 1759 2582 vicem

974 2605 1089 2636 doleret,
1101 2612 1131 2632 se
1141 2604 1252 2639 paribus
1261 2611 1322 2630 eutn
1334 2603 1413 2631 malis
1427 2603 1620 2636 impetiturum.
1639 2600 1759 2628 Necdum

974 2654 1113 2678 exstracto
1128 2650 1248 2684 quinque
1261 2649 1366 2676 dierum
1383 2647 1471 2683 spatio
1485 2666 1493 2679 ,
1513 2654 1573 2673 cum
1593 2646 1627 2673 ad
1645 2647 1758 2681 primam

975 2695 1142 2722 mansionem
1167 2694 1252 2721 Cereu
1276 2695 1375 2721 dictam
1408 2699 1469 2720 cum
1500 2691 1626 2718 Nestorio
1649 2690 1758 2726 (Egypti

974 2740 1104 2776 praefecto
1118 2740 1229 2768 haberet
1247 2741 1310 2772 iter,
1324 2738 1404 2766 ambo
1424 2738 1501 2773 equis
1521 2737 1623 2765 Balacii
1637 2738 1758 2765 omnium

1004 2805 1041 2839 (ε)
1055 2805 1156 2832 Athan.
1175 2806 1244 2833 Hist.
1261 2805 1353 2831 Arian.
1366 2805 1401 2832 ad
1413 2805 1566 2837 monachos,
1580 2812 1606 2831 n.
1626 2803 1670 2832 12.

1008 2841 1047 2876 (d)
1059 2842 1156 2868 Athan.
1176 2841 1252 2868 ibid..
1267 2849 1292 2867 ιι.
1303 2841 1318 2876 Vl
1325 2841 1350 2867 5.

1011 2875 1046 2912 (e)
1060 2877 1160 2904 Athan.
1174 2877 1200 2904 iu
1223 2875 1282 2904 Vita
1297 2875 1327 2903 S.
1342 2875 1463 2908 Antonii,
1479 2883 1505 2902 n.
1525 2875 1569 2903 SC.
