2016 3046
263 173 280 194 c
931 159 1185 189 PROLEGOMENA
1195 153 1204 163 ”

269 223 421 252 initissimis
435 223 517 255 vecti,
531 223 592 250 dum
609 226 773 258 pergerent,
788 227 815 249 et
827 221 889 256 equi
907 229 956 256 pro
977 227 1052 248 more
1066 222 1089 250 Α
1103 220 1186 246 hitum
1214 217 1378 252 exagitabat.
1405 215 1521 243 Futilem
1546 214 1636 242 afferri
1667 214 1772 242 itineris
1796 215 1884 242 detre-

265 271 344 299 solito
360 270 494 303 luderent,
510 269 656 303 derepente
667 269 846 300 mansuetior,
859 274 913 300 quo
934 266 1051 294 veheba-

265 321 310 344 tur
329 315 488 347 Nestorius,
518 322 610 341 morsu
638 313 773 341 Balacium
799 313 916 340 decttssit
944 313 970 339 in
998 317 1051 339 ter-

266 370 334 393 ram,
348 361 509 394 irruensque
532 359 621 386 femur
644 359 716 386 illius
731 359 767 386 ita
783 359 910 386 dentibus
927 358 1050 390 laniavit,

266 413 295 434 ut
320 407 411 434 statim
429 407 454 434 in
476 406 571 433 urbem
588 405 693 433 delatus
718 405 787 432 intra
814 405 931 432 triduum
953 404 1051 431 obiret.

265 455 342 487 Quod
355 462 388 481 ex
404 454 495 481 divina
509 453 612 480 ultione
625 453 726 480 factum
738 460 818 480 nemo
839 460 891 480 non
905 452 1053 480 arbitratus

265 504 318 526 εει.
657 528 659 532 ς

300 545 327 572 4.
348 545 472 580 Synodus
491 546 619 573 Romana.
638 560 673 565 -—
688 545 782 580 Legati
805 544 909 583 interea
932 544 1053 580 Elpidius

266 594 294 617 et
309 589 474 617 Philoxenus
490 591 633 618 Antiochia
648 589 777 625 profecti,
789 589 902 617 Romam
918 591 1054 618 transmit-

267 639 326 662 tunt
337 635 388 670 la),
412 635 537 671 Julioque
549 636 667 664 offerunt
682 635 858 663 Antiochense
877 636 970 671 synodi
987 636 1055 663 litte-

266 689 321 708 ηις.
337 681 433 709 Lectas
443 681 531 710 Julius
543 682 700 717 aliquandiu
721 689 804 716 penes
815 689 844 709 se
860 682 946 710 tenuit
961 682 1052 709 occul-

267 731 319 758 tas,
334 734 409 762 spem
424 735 485 755 esse
497 732 593 763 putans
608 728 751 756 nonnullos
761 729 856 755 saltem
876 727 1053 755 Orientalium

267 780 435 805 accessuros,
463 778 543 808 atque
560 774 595 801 ita
619 774 732 808 integris
749 775 831 802 rebus
848 781 928 808 posse
949 773 1054 801 litteras

266 819 437 853 querelarum
463 819 634 854 plenissimas
660 819 769 847 Patrum
797 820 900 855 subripi
925 820 1052 847 notitia):

267 865 369 893 veritus
382 865 486 893 scilicet
503 874 537 893 ne
548 866 689 893 lectionem
707 873 799 894 earum
814 866 921 902 indigne
938 866 1052 894 ferrent.

267 912 302 938 At
314 912 357 939 uhi
373 919 447 947 spem
460 912 511 939 sibi
527 913 667 948 prmcisam
681 913 823 947 intellexit,
839 913 980 948 epistolam
994 921 1055 948 pro-

269 957 339 985 fert:
356 965 407 993 qua
422 958 540 992 perlecta
554 979 562 991 ,
579 962 675 992 stupor
699 961 786 994 primo
798 979 806 991 ,
824 960 888 986 hinc
904 959 1055 995 indignatio

267 1011 362 1031 (tumes
387 1004 496 1031 invasit.
522 1003 615 1031 Coacti
639 1005 731 1038 itaque
747 1005 877 1039 praesules
898 1005 958 1040 plus
973 1005 1055 1040 quin-

268 1050 397 1084 quaginta
435 1058 547 1077 numero
576 1051 602 1077 in
630 1051 744 1078 ecclesia
777 1050 864 1078 Vitoni
897 1051 1056 1086 presbytero

269 1095 609 1128 commissa,Athanasium
622 1103 712 1123 coram
727 1096 918 1123 consistentem
933 1097 1054 1124 audiunt.

269 1138 294 1166 Is
309 1139 398 1166 oblata
413 1140 528 1166 crimina
545 1140 704 1175 propulsat,
721 1146 802 1175 atque
830 1148 862 1168 ex
884 1141 949 1176 ipsis
965 1148 1054 1168 rerutn

271 1190 407 1220 gestarum
424 1186 604 1214 monumentis
627 1187 742 1214 conficta
758 1207 766 1219 ,
789 1191 816 1214 et
841 1187 1054 1214 adversariorum

270 1230 473 1264 conspiratione
489 1231 651 1258 concinnata
665 1232 794 1259 OSlendll.
810 1231 913 1266 Quibus
929 1232 967 1259 illi
992 1240 1055 1267 per-

269 1276 466 1310 spectis,virum
474 1276 506 1303 ad
516 1277 725 1305 ecclesiasticam
734 1278 949 1305 communionem
958 1279 1056 1306 admit-

270 1323 379 1348 tendum
391 1323 540 1350 decernunt
551 1343 558 1355 ,
574 1327 601 1350 et
618 1332 666 1358 pro
679 1324 763 1352 irritis
778 1324 899 1352 habenda
925 1324 1055 1352 factioso-

271 1375 329 1394 rum
352 1368 420 1395 scita
443 1369 588 1396 defittiunt.
605 1369 760 1398 Marcellum
774 1370 886 1405 pariter,
912 1376 1055 1406 postquam

269 1421 328 1440 sese
345 1419 515 1449 purgaverat,
532 1416 675 1451 recipiunt,
698 1417 818 1451 itemque
832 1416 901 1444 alios
914 1417 1056 1452 episcopos

269 1459 327 1494 pari
343 1460 459 1487 artiﬁcio
472 1465 499 1488 et
513 1461 655 1496 iniquitate
668 1461 771 1496 pulsos.

305 1505 331 1532 5.
348 1504 468 1540 Epistula
482 1507 551 1534 Julii
560 1509 686 1542 synodica
704 1509 738 1535 ad
750 1508 923 1536 Eusebianos.
937 1523 973 1529 —-
986 1508 1054 1536 Tum

268 1550 356 1578 Julius
369 1552 537 1586 conscriptas
547 1553 656 1580 hortatu
669 1555 763 1589 synodi
776 1554 882 1582 litteras
897 1562 945 1590 per
958 1554 1054 1583 Gabia—

270 1605 334 1623 num
354 1598 479 1624 comitem
504 1600 538 1626 ad
558 1599 744 1630 Antiochenos
758 1600 831 1627 misit
846 1600 894 1636 (ὁ),
912 1608 1051 1636 nuncupa-

269 1648 312 1671 tas
326 1643 428 1670 scilicet
442 1644 475 1671 ad
488 1645 612 1679 Danium,
631 1653 710 1681 quem
722 1654 771 1674 nos
788 1646 955 1681 Theognium
973 1646 1057 1674 Nicat-

270 1697 333 1716 num
353 1690 529 1724 arbitramur,
547 1691 701 1726 Flacillum,
718 1693 873 1726 Eusebium,
888 1693 1054 1725 Narcissum,

269 1732 368 1768 Mario,
384 1735 583 1769 Macedonium,
597 1736 770 1766 Theodorum
784 1759 792 1772 ,
807 1738 937 1774 aliosque.
964 1738 1056 1766 Printo

270 1785 347 1807 notat
362 1781 519 1815 superbiam
536 1787 562 1809 et
587 1784 781 1817 procacitatem
798 1785 936 1811 hominum
948 1805 955 1817 ,
973 1792 1054 1819 quant

270 1825 367 1854 litteris
392 1827 442 1862 ipsi
457 1828 515 1855 suis
535 1830 697 1864 proderent;
722 1830 807 1865 majus
821 1830 981 1866 eloquentia!
999 1835 1057 1858 stu-

270 1874 343 1900 dium
358 1874 384 1900 in
399 1873 432 1901 iis
448 1874 580 1909 praeferri,
593 1883 674 1910 quam
694 1877 863 1911 postularent
872 1876 1056 1904 ecclesiastica

271 1920 388 1953 negotia.
406 1920 463 1947 Non
481 1921 580 1949 debere
595 1922 646 1949 sibi
663 1923 729 1949 vitio
746 1923 825 1956 verti,
838 1923 909 1958 quod
927 1923 959 1950 ad
974 1930 1056 1958 syno-

270 1970 333 1990 dum
360 1963 454 1992 Romae
480 1966 669 1993 celebrandam
697 1967 768 1994 diem
797 1967 931 2000 dixisset,
948 1968 1056 2001 quando

270 2014 396 2037 oratores
414 2010 531 2045 ipsorutn
552 2012 578 2038 id
596 2012 796 2046 postulassent;
822 2020 871 2040 nec
886 2019 946 2039 esse
959 2017 1056 2046 praeter

270 2055 485 2084 ecclesiasticum
514 2065 615 2084 morem
631 2078 638 2090 ,
657 2059 727 2092 quod
745 2058 779 2086 de
796 2066 847 2092 qua
873 2066 901 2085 re
926 2058 976 2092 ipsi
999 2058 1055 2092 jam

271 2102 436 2129 sententiam
454 2102 597 2136 tulissent,
613 2104 645 2130 de
659 2105 752 2131 eadem
778 2105 834 2139 ipsa
853 2105 941 2131 denuo
963 2103 1056 2131 Horum

270 2153 399 2182 ageretur
415 2158 421 2175 :
439 2155 499 2176 esse
515 2150 614 2185 quippe
635 2150 757 2178 iteratam
774 2151 806 2178 de
828 2151 920 2178 eodem
948 2151 1056 2185 negotio

270 2195 446 2228 quaestionem
482 2203 515 2222 ex
545 2196 653 2223 decreto
680 2196 794 2224 Nicaeum
817 2197 912 2231 synodi
942 2197 1052 2224 licitatn.

1101 263 1190 290 ctandi
1204 270 1326 294 causam,
1338 268 1399 288 cum
1416 261 1548 292 dicerent,
1566 260 1601 287 ob
1618 260 1769 293 angustiam
1783 259 1886 286 definiti

1102 308 1229 342 temp0ris
1253 315 1283 335 se
1297 315 1349 334 non
1376 314 1455 342 posse
1476 306 1590 333 Romam
1606 306 1766 332 concedere.
1780 305 1808 332 Si
1836 305 1888 331 iter

1102 355 1250 390 ingressos,
1271 353 1372 389 inquit,
1386 353 1444 380 dies
1457 352 1500 380 ille
1517 352 1714 387 praevertisset,
1729 359 1805 385 aequa
1820 351 1888 378 forct

1102 400 1278 435 querimoniae
1293 407 1375 427 causa
1400 407 1408 427 :
1434 404 1462 426 at
1478 406 1539 426 cum
1566 398 1664 426 nedum
1687 398 1741 424 iter
1764 397 1888 424 institue-

1103 448 1168 480 rint,
1185 448 1288 483 legatos
1302 448 1385 475 etiam
1407 446 1544 474 Romanos
1555 445 1624 473 ultra
1641 445 1802 480 praefinitum
1819 449 1887 471 tem-

1103 501 1155 528 pus
1169 492 1359 524 detinuissent,
1377 496 1473 526 negata
1486 491 1519 518 ad
1542 489 1701 518 Januarium
1715 496 1798 524 usque
1815 496 1888 516 men-

1104 547 1161 567 sem
1174 538 1327 566 discedendi
1345 538 1483 569 facultate,
1497 537 1596 565 frustra
1607 543 1668 563 esse
1679 535 1827 570 querelam.
1835 534 1888 561 Nu-

1104 586 1235 622 gatoriam
1263 585 1341 612 aliam
1359 583 1454 611 alferre
1471 591 1582 611 causam
1596 603 1604 616 ,
1622 582 1760 610 Persicum
1784 581 1888 608 scilicet

1104 633 1221 665 bellum,
1245 631 1318 658 viros
1343 631 1434 664 utique
1453 637 1521 665 quos
1546 629 1612 656 tanti
1637 627 1700 655 belli
1723 632 1813 654 terror
1836 635 1887 653 non

1105 683 1244 707 coerceret
1259 677 1293 705 ab
1313 677 1461 704 inferendis
1475 675 1687 703 calamitatibus.
1710 673 1886 701 Levissimum

1104 733 1164 754 esse
1187 725 1258 760 qttod
1283 724 1477 759 querebantur,
1496 721 1544 748 soli
1562 721 1677 748 Eusebio
1700 719 1806 746 litteras
1826 725 1888 745 suas

1104 779 1274 806 nuncupasse
1284 771 1401 803 Julium;
1417 770 1525 805 quando
1543 767 1616 795 solus
1630 765 1761 793 Eusebius
1778 765 1830 792 sibi
1849 764 1889 791 lit-

1105 823 1177 845 teras
1189 817 1315 845 tnisisset.
1327 817 1402 850 Quod
1413 817 1436 843 si
1445 815 1518 843 solus
1530 815 1587 848 ipse
1605 813 1709 840 litteras
1720 819 1768 839 suo
1779 811 1889 838 nomine

1105 863 1215 896 mittat,
1239 863 1264 890 id
1279 871 1313 890 cx
1327 862 1410 890 Italia:
1427 861 1612 896 episcoporum
1632 858 1765 887 sententia
1777 857 1888 890 factum,

1105 914 1135 936 ut
1161 909 1260 936 nullam
1290 909 1355 936 hinc
1383 909 1484 934 irarum
1513 914 1606 934 ansam
1637 904 1780 939 arripiant.
1803 903 1888 930 All'crt

1105 961 1200 982 causas
1216 954 1325 981 admissi
1353 953 1386 980 ad
1408 953 1622 980 communionem
1648 950 1800 981 Athanasii,
1815 955 1889 983 post-

1105 1007 1185 1034 quam
1200 999 1289 1026 oblata
1306 999 1349 1026 ille
1362 998 1475 1026 crimina
1489 998 1646 1032 depulisset,
1672 1001 1700 1023 et
1721 995 1821 1022 malum
1836 995 1889 1022 ini-

1105 1046 1236 1073 tnicorttm
1262 1045 1414 1079 aperuisset
1437 1045 1573 1076 animum;
1603 1043 1722 1078 reliquos
1747 1042 1811 1069 item
1832 1042 1889 1076 epi-

1105 1091 1212 1126 scopo‘s,
1239 1095 1380 1125 postquam
1404 1097 1466 1118 sese
1481 1093 1680 1124 purgaverant,
1699 1087 1825 1116 similiter
1839 1088 1889 1114 ad-

1106 1137 1213 1164 missos.
1234 1136 1396 1172 Perstringit
1412 1136 1545 1163 acerrime
1558 1134 1681 1170 Gregorii
1709 1134 1889 1167 invasionem,

1106 1183 1281 1218 deploratque
1294 1182 1464 1210 calamitates
1479 1186 1506 1208 et
1520 1181 1590 1208 mala
1609 1180 1748 1213 Ecclesiae,
1770 1179 1889 1208 Catholi-

1105 1229 1157 1261 cis,
1172 1228 1351 1264 presbyteris,
1370 1227 1528 1259 monachis,
1546 1227 1600 1254 imo
1617 1231 1645 1254 et
1658 1226 1792 1260 episcopis
1806 1245 1812 1257 ,
1829 1225 1890 1252 Ale-

1106 1276 1226 1302 xandriae
1242 1280 1268 1302 et
1282 1282 1332 1309 per
1343 1273 1488 1309 Egyptum
1502 1281 1534 1300 eo
1548 1279 1669 1308 tempore
1689 1272 1799 1300 inﬂicta.
1817 1273 1890 1304 Que-

1107 1323 1175 1348 ritur
1190 1321 1287 1348 exinde
1310 1320 1470 1348 interclusos
1484 1320 1581 1347 itinere
1601 1319 1684 1347 fuisse
1705 1319 1847 1354 episcopos
1863 1323 1890 1345 et

1106 1367 1278 1403 presbyteros
1307 1366 1353 1402 qtti
1377 1366 1526 1394 voluissent
1549 1365 1583 1392 ad
1604 1365 1736 1401 synodum
1750 1364 1889 1391 accedere.

1105 1413 1218 1448 Aliquos
1232 1413 1258 1440 in
1274 1413 1392 1447 ipsorum
1410 1417 1484 1440 ctetu
1504 1412 1616 1446 reperiri
1633 1411 1791 1438 immanium
1810 1409 1891 1437 scele-

1107 1465 1166 1485 rum
1187 1465 1246 1485 reos
1259 1478 1267 1491 ,
1280 1458 1379 1492 quibus
1394 1478 1401 1491 ,
1418 1457 1440 1484 si
1454 1457 1568 1484 crimina
1583 1456 1757 1491 propulsandi
1778 1455 1892 1482 facultas

1106 1509 1188 1537 esset,
1205 1505 1386 1532 accedendum
1409 1509 1478 1538 erat,
1494 1510 1523 1532 ut
1544 1504 1632 1532 omnis
1645 1504 1757 1531 adversa
1773 1502 1892 1537 suspicio

1107 1550 1252 1578 levaretur.
1279 1550 1388 1581 Leniter
1403 1557 1495 1586 postea
1516 1551 1653 1583 hortatur,
1675 1554 1705 1577 ut
1718 1549 1890 1584 querelarum

1107 1601 1135 1624 et
1151 1591 1323 1624 dissidiorum
1340 1597 1420 1624 linem
1444 1596 1566 1629 faciant,
1584 1602 1611 1624 et
1637 1595 1768 1623 accedant
1792 1594 1891 1629 quibus

1108 1643 1182 1670 cordi
1203 1642 1285 1670 fuerit
1301 1650 1354 1677 pax
1368 1643 1567 1674 Ecclesiarum;
1584 1641 1722 1676 accepisse
1737 1648 1766 1668 se
1791 1648 1892 1676 paucos

1107 1693 1168 1713 esse
1184 1694 1296 1714 numero
1310 1687 1451 1714 discordiae
1469 1691 1605 1714 auctores.
1624 1686 1714 1713 Mirari
1733 1693 1794 1714 cum
1807 1686 1839 1712 de
1850 1685 1892 1712 in-

1107 1732 1177 1767 clyta
1194 1733 1377 1760 Alexandrina
1394 1734 1458 1761 sede
1475 1739 1612 1769 ageretur,
1632 1733 1699 1760 nihil
1715 1733 1765 1760 sibi
1791 1732 1890 1759 rescri-

1107 1784 1200 1814 ptum;
1216 1787 1277 1807 cum
1292 1787 1323 1806 ea
1337 1784 1409 1807 esset
1430 1780 1606 1812 consuetudo,
1626 1784 1656 1806 ut
1673 1779 1738 1806 nihil
1763 1779 1814 1806 nisi
1829 1786 1892 1805 con-

1107 1825 1165 1852 scio
1178 1824 1300 1852 Romano
1317 1826 1441 1853 antistite
1468 1826 1494 1852 in
1524 1827 1606 1853 tantis
1636 1826 1715 1854 rebus
1731 1827 1890 1854 definiatur.

1107 1868 1195 1906 Rogat
1210 1870 1318 1897 demum
1339 1869 1479 1905 epistolam
1492 1870 1633 1903 claudens,
1655 1875 1684 1897 ut
1695 1878 1786 1898 secum
1802 1870 1893 1897 animo

1107 1922 1231 1951 reputent
1254 1921 1389 1952 gestorum
1411 1917 1530 1944 ontnium
1547 1917 1710 1944 reddendam
1737 1915 1894 1951 aequissimo

1104 1962 1187 1997 judici
1205 1962 1260 1990 Deo
1277 1963 1421 1990 rationem.
1748 1969 1752 1971 ’
1806 1982 1817 1995 .

1141 2008 1168 2035 6.
1197 2008 1269 2035 Mors
1283 2008 1401 2036 Eusebii.
1425 2024 1460 2029 —
1482 2009 1645 2045 Synodalem
1663 2008 1725 2036 Julii
1750 2009 1892 2043 epistolam

1106 2054 1244 2082 Gabianus
1257 2063 1358 2088 comes,
1376 2056 1414 2082 uti
1432 2055 1560 2086 diximus,
1585 2055 1682 2083 detulit
1702 2056 1728 2082 in
1741 2055 1890 2087 Orientem,

1106 2106 1133 2127 et
1155 2102 1264 2136 quidem
1277 2123 1284 2133 ,
1301 2107 1330 2129 ιιι
1351 2107 1463 2129 narrant
1476 2101 1601 2129 Socrates
1620 2107 1647 2129 et
1663 2101 1829 2129 Sozomenns
1845 2100 1891 2136 (ε),

1107 2145 1224 2174 Eusebio
1237 2148 1340 2174 interea
1356 2152 1501 2182 antequam
1519 2147 1614 2183 synodi
1628 2153 1701 2183 gesta
1715 2147 1893 2182 comperisset

1106 2192 1244 2220 defuncto.
1261 2193 1354 2227 Queis,
1371 2197 1400 2220 ut
1415 2201 1473 2221 mea
1495 2194 1603 2229 quidem
1618 2193 1672 2221 fert
1687 2194 1790 2229 opinio,
1805 2195 1893 2221 neuti-

270 2239 362 2273 Carpit
384 2247 430 2267 eos
446 2241 490 2275 qui
508 2249 570 2268 cutn
588 2241 696 2268 Arianis
714 2242 870 2269 societatem
893 2242 1054 2270 amicitiam-
1069 2254 1093 2284 ι)
1106 2246 1188 2273 quam
1212 2238 1366 2274 refragatur
1383 2239 1560 2271 Athanasius.
1578 2239 1641 2267 dum
1665 2240 1702 2267 all
1715 2259 1723 2272 ν
1750 2245 1892 2275 postquam

270 2291 322 2318 que
339 2284 471 2319 foverent,
487 2287 664 2314 ltominibusa
680 2287 786 2315 Nicaeus
801 2289 903 2323 synodo
920 2288 1054 2316 damnatis

269 2336 297 2358 et
307 2330 425 2359 Ecclesia
440 2332 523 2367 pulsis
538 2342 544 2359 :
563 2338 589 2360 et
606 2335 687 2361 tacito
701 2334 808 2361 nomine
826 2334 991 2361 Eusebianos
1004 2341 1054 2362 nec

268 2380 384 2406 obscure
396 2380 461 2406 tanti
470 2379 561 2414 flagitii
576 2387 635 2407 reos
648 2381 791 2416 significat.
804 2380 831 2407 Si
845 2388 894 2415 per
905 2380 1052 2408 Novatiaui

268 2430 295 2452 et
308 2425 382 2452 Pauli
394 2424 563 2453 Samosateni
576 2427 727 2462 exemplum
742 2427 809 2454 scita
826 2427 992 2462 synodorum
1011 2427 1053 2453 vi-

268 2478 333 2505 gere
343 2475 476 2506 oporteat,
491 2472 568 2499 nefas
585 2477 766 2500 trecentorum
784 2473 928 2507 praesulatu
942 2473 1052 2500 decreta

269 2515 406 2550 vilipendi,
429 2517 594 2544 admittendo
615 2517 808 2544 Ariomanitas.
828 2518 929 2552 Argute
943 2517 1054 2552 depellit

269 2560 341 2587 illam
359 2562 537 2596 pervicacium
552 2563 689 2590 hominum
703 2563 840 2598 querelam
853 2584 860 2596 ,
876 2573 927 2590 tton
951 2571 983 2590 ex
1000 2563 1053 2590 Ro-

268 2612 319 2631 mae
342 2602 519 2640 amplitudine
536 2607 694 2641 dignitatem
719 2607 778 2642 ejus
804 2609 892 2635 metiri
916 2613 1052 2643 oportere.

267 2652 326 2680 Non
347 2654 437 2682 decuit
455 2655 546 2691 igitur,
558 2656 606 2689 ait,
624 2664 696 2688 eum,
711 2656 754 2683 cui
773 2664 854 2691 parva
871 2657 968 2683 civitas
987 2663 1053 2682 con-

268 2699 369 2725 credita
392 2698 502 2733 fuerat,
521 2700 565 2727 illa
583 2701 708 2734 despecta
725 2720 733 2732 ,
761 2700 920 2735 ampliorem
936 2707 968 2726 ex
994 2700 1052 2727 sola

268 2743 356 2770 inanis
367 2744 459 2779 gloria:
473 2746 597 2780 cupidine
612 2746 738 2773 invadere
754 2755 761 2773 :
777 2747 854 2781 queis
867 2745 973 2773 Eusebii
989 2753 1052 2773 ant-

303 2841 342 2881 (o)
358 2842 457 2881 Athan.
469 2845 582 2881 VApolog.
596 2851 687 2873 contra
701 2849 804 2881 Arium,
822 2855 848 2875 η.
862 2847 908 2874 21).

304 2876 341 2912 (ιν)
351 2878 450 2906 Athan.
467 2880 544 2914 ibid.,
555 2876 593 2910 'n.
605 2883 650 2915 20,
669 2883 716 2908 et.

1107 2285 1164 2311 haec
1191 2285 1345 2319 scripsisset
1360 2285 1448 2313 Julius
1461 2306 1469 2318 .
1486 2285 1633 2313 Eusebium
1655 2290 1684 2313 et
1702 2287 1791 2314 soeios
1806 2306 1812 2319 ,
1829 2285 1893 2316 τοὺς

1107 2331 1171 2366 περὶ
1186 2331 1325 2363 Εὐσέϐιον,
1340 2333 1436 2367 emptis
1447 2333 1579 2359 institisse
1591 2352 1598 2364 ,
1615 2340 1646 2360 ac
1659 2332 1752 2360 turbas
1769 2333 1802 2358 de
1819 2339 1894 2359 more

1106 2376 1221 2404 dedisse.
1238 2377 1264 2403 ld
1286 2378 1357 2404 enirn
1376 2379 1439 2405 dum
1463 2378 1599 2406 Gabianus
1615 2386 1705 2406 comes
1721 2383 1823 2406 tantum
1847 2378 1892 2405 iti-
1908 2382 1917 2387 '

1106 2423 1179 2449 neris
1194 2422 1346 2457 perliceret,
1362 2425 1446 2458 potttit
1461 2423 1592 2452 Eusebius
1612 2424 1701 2451 ntoliri
1715 2444 1722 2456 ,
1740 2424 1893 2458 obiisseque

1108 2471 1196 2495 tamen
1210 2473 1274 2496 ante
1289 2470 1397 2497 comitis
1411 2470 1438 2497 in
1459 2470 1597 2499 Orientetu
1613 2471 1767 2498 adventum.
1784 2470 1893 2497 Eusebii

1106 2518 1195 2540 autem
1210 2514 1317 2542 sodales
1332 2523 1365 2543 eo
1379 2516 1508 2544 defuncto
1520 2517 1617 2552 coeptis
1640 2517 1747 2543 naviter
1761 2517 1892 2543 institere.

1108 2560 1264 2588 Extremum
1278 2561 1361 2596 igitur
1372 2563 1442 2590 diem
1463 2563 1561 2590 clausit
1585 2563 1717 2590 Eusebius
1731 2570 1824 2590 mense
1838 2563 1894 2589 cir-

1107 2606 1176 2634 citer
1187 2605 1297 2635 Octobri
1316 2607 1356 2635 vel
1372 2606 1518 2635 Novembri
1531 2609 1594 2635 anni
1610 2608 1671 2635 542.

1142 2651 1169 2680 7.
1199 2651 1299 2680 Seditio
1328 2653 1631 2687 Constantinopolitano.
1651 2669 1687 2674 —
1712 2653 1793 2681 Plebs
1822 2652 1895 2679 Cett-

1106 2698 1344 2733 stantinopolitana
1359 2699 1475 2727 Nicaanaa
1495 2700 1554 2727 fidei
1568 2700 1780 2731 stutliosissima,
1796 2698 1894 2725 dein..-

1105 2750 1150 2771 cto
1167 2745 1291 2778 Eusebio,
1308 2745 1418 2773 Paulum
1437 2752 1546 2774 revocat
1572 2747 1598 2774 in
1615 2746 1706 2774 sedem
1721 2746 1772 2782 (ἀ).
1793 2745 1894 2773 Eodem

1141 2846 1178 2882 (c)
1194 2847 1298 2875 Socrat.
1313 2848 1357 2874 ιιι..
1370 2856 1388 2875 ιι
1401 2868 1409 2880 ,
1419 2856 1479 2883 cap.
1492 2849 1537 2883 ης
1551 2849 1658 2876 Sozotn.
1677 2850 1721 2876 lib.
1736 2857 1774 2878 ιιι.
1788 2857 1847 2883 cap.
1866 2849 1894 2876 7.

1142 2882 1180 2919 (ιι)
1195 2883 1298 2911 Socrat.
1311 2884 1388 2918 ibid.,
1408 2882 1467 2918 cap.
1483 2885 1516 2911 15
1530 2894 1537 2917 ί
1553 2886 1661 2913 Soloni.
1676 2885 1755 2915 ibid..
1774 2893 1833 2915 cap.
1850 2885 1878 2911 7.
