2016 3046
785 147 867 175 VlTA
887 147 916 174 S.
939 147 1133 175 ATllANASll.
1749 152 1774 171 Cl

153 209 246 232 autem
270 208 392 239 tempore
419 204 521 232 assidui
546 205 685 232 turbarum
711 209 834 232 auctores
851 204 940 232 Theo-
956 209 977 236 Λ
991 205 1080 232 chiam
1097 204 1211 239 profecti
1226 204 1328 231 Pistnm
1340 203 1505 238 delegerunt,
1515 209 1547 228 ac
1562 201 1664 236 legatos
1674 201 1773 228 misere

154 251 233 286 guius
255 250 380 278 Nieamus
395 271 402 283 ,
431 250 589 278 Theodorus
617 251 812 282 llz-racleotes,
839 252 941 286 aliique

152 297 275 330 ejusdem
291 296 418 324 factionis
432 297 617 332 homines,qui
635 303 689 324 tum
705 297 939 332 Constantinopoli

156 343 346 374 versabantur,
363 343 389 369 in
404 342 456 370 alia
481 343 568 370 coacti
582 343 696 370 ecclesia
712 362 720 375 ,
743 343 939 375 Macedonium,

155 387 302 421 opitulante
315 387 479 415 Arianorum
499 394 608 415 caterva
621 408 629 420 ,
657 389 682 416 in
697 390 855 424 episcopum
875 397 939 424 pro-

154 437 273 460 movent.
300 433 368 460 lliuc
395 434 480 461 turbis
506 439 533 461 et
559 435 737 461 seditionibus
764 436 829 462 urbs
857 441 940 469 prope

155 478 281 505 universa
310 477 496 513 conﬂagratil.
519 478 557 506 Ex
584 478 732 506 Catholicis
761 480 833 507 enim
861 487 940 507 nemo

154 530 213 551 erat
233 525 298 559 quin
316 525 412 552 ardere
434 525 525 552 omnia
553 525 667 558 mallet,
693 533 775 560 qttam
803 526 894 553 videre
913 526 938 552 in

157 569 233 596 Pauli
263 570 311 596 viri
338 570 431 604 optimi
453 570 518 597 sede
540 570 686 604 jacmntem
703 578 733 598 se
753 570 939 599 Macedonium

158 616 363 651 sycophantam.
377 616 406 643 In
421 621 496 644 tanto
510 617 627 651 partium
641 617 702 644 odio
721 622 747 644 et
764 617 866 649 furore,
878 625 942 645 con-

155 661 258 696 gressis
283 662 410 698 utrinque
434 662 608 697 popularibus
623 683 631 695 ,
648 655 701 690 non
719 663 797 697 pauci
817 664 878 690 caesi
908 671 940 692 ac

152 707 286 734 viiluerztti
309 712 383 735 sunt.
407 707 447 734 Re
471 712 607 742 comperta
633 708 789 743 imperator,
815 709 858 735 cui
885 714 939 736 tum

155 752 232 778 sedes
243 752 406 785 Antiochi-.c,
425 753 621 788 Hermogenem
644 754 804 788 magistrum
823 754 939 782 militttm

155 798 180 824 in
198 797 342 826 Thraciam
364 799 415 826 iter
441 799 603 831 habentem,
621 799 698 833 jubet
721 801 815 827 eodem
843 801 940 828 itinere

148 844 468 880 Constantinopolitanas
496 854 539 873 res
567 853 749 881 componere,
770 845 939 881 Paulumque

151 891 311 924 episcopatu
336 891 490 919 deturbare.
513 891 561 918 ille
588 891 851 927 Constantinopolim
879 901 940 920 cum
957 891 978 918 Β

151 936 330 970 pervenisset,
342 942 454 965 conatus
466 937 542 973 jussa
555 938 704 973 complere,
721 941 829 966 turbam
846 940 939 975 populi

152 983 321 1010 concitavit:
339 984 384 1019 qui
401 984 509 1012 adversi
527 984 659 1012 militibus
673 1005 681 1018 ,
703 985 826 1013 instructi
843 986 876 1012 ad
892 994 941 1020 pu-

151 1037 246 1064 gnam,
263 1030 414 1064 irrumpunt
429 1030 455 1056 in
471 1029 668 1066 Hermogenem
682 1051 691 1065 ,
706 1030 817 1065 ejusque
832 1031 940 1059 incensa

151 1076 246 1108 domo,
261 1076 348 1103 virum
369 1081 536 1110 pertractum
551 1096 560 1109 ,
583 1084 614 1104 ac
628 1077 699 1104 ultro
713 1077 835 1112 citroque
849 1084 940 1112 rapta-

152 1127 210 1149 tum
230 1122 400 1150 interimunt.
417 1123 499 1150 Gesta
513 1131 557 1151 res
569 1128 612 1151 est
625 1131 696 1151 coss.
713 1124 872 1152 Constantio
889 1129 940 1152 ter-

153 1167 221 1194 tium
242 1171 269 1194 et
285 1167 435 1195 Constante
451 1168 561 1199 iterant.
580 1168 605 1195 id
631 1173 682 1201 est.
697 1176 769 1196 anno
791 1168 858 1196 542.
881 1169 940 1203 Quo

153 1211 258 1245 perlato
273 1212 366 1238 nuntio
376 1232 384 1244 ,
399 1212 574 1240 Constantius
598 1220 679 1248 quam
699 1213 857 1241 maturrime
870 1213 941 1242 Con-

152 1257 356 1292 stantinopolim
375 1265 460 1292 eques
475 1265 504 1285 se
516 1257 641 1291 confert,
658 1259 749 1287 animo
765 1259 851 1294 plebis
867 1259 935 1288 ulci-

150 1303 270 1330 scendas.
295 1305 328 1330 At
346 1304 390 1331 ubi
410 1304 484 1331 cives
506 1304 749 1339 collaerymantes,
779 1313 810 1334 ac
834 1306 939 1333 veniam

150 1354 296 1384 precantes
308 1349 415 1376 obviam
432 1351 637 1378 sibioccurrerc
652 1351 799 1386 perspexit,
815 1352 939 1386 pepercit

153 1395 262 1429 quidem
272 1396 456 1428 multitudini;
474 1397 519 1423 sed
539 1397 625 1424 media
639 1397 724 1424 solita:
736 1404 850 1424 annona
863 1403 940 1432 parte

152 1441 298 1474 tuttltavit,
313 1441 480 1478 Paulumque
506 1443 588 1478 jussit
608 1443 668 1478 pclli
683 1444 804 1471 civitate.
837 1443 889 1471 Sed
913 1449 941 1472 et

150 1487 310 1516 Macedonio
335 1496 443 1523 quoque
462 1489 582 1523 graviter
606 1489 773 1522 succensuit,
793 1493 848 1516 tum
866 1490 937 1525 quod

152 1538 248 1560 auctor
266 1534 406 1561 seditionis
421 1535 588 1569 aediumque
603 1535 710 1567 fuisset,
728 1539 784 1562 tum
799 1536 868 1570 quod
882 1536 939 1570 ejus

154 1587 208 1606 non
223 1584 379 1614 exspectato
395 1585 459 1607 nutu
478 1580 503 1607 in
519 1581 673 1615 episcopum
690 1580 785 1608 fuisset
802 1581 937 1610 adlectus.

153 1624 186 1652 Et
202 1630 290 1652 tamen
309 1633 358 1652 nec
375 1626 522 1660 approbata
545 1635 594 1654 nec
612 1627 743 1662 abrogata
758 1627 816 1661 ejus
829 1636 938 1663 promo-

151 1678 228 1697 .uoue
246 1671 419 1699 Antiochiam
436 1673 604 1706 remigravit.

189 1714 216 1742 8.
241 1715 294 1742 Sed
315 1716 391 1751 longe
409 1716 489 1743 aliain
507 1717 634 1752 temporis
660 1719 793 1746 rationem
819 1720 940 1747 inierunt

155 1761 205 1788 viri
232 1767 323 1789 nostro
343 1770 401 1790 aevo
426 1763 586 1790 eruditionis
604 1763 675 1790 fama
703 1765 864 1799 conspicui,
891 1766 939 1800 qui

152 1808 228 1835 haud
244 1807 340 1836 leviter
364 1817 470 1844 quoque
485 1809 625 1837 uobiscum
644 1812 669 1837 in
687 1811 766 1838 rebus
782 1812 865 1846 gestis
882 1812 938 1840 dis-
961 1835 968 1842 .

152 1855 285 1881 sentiunt.
312 1854 379 1882 Nam
405 1855 492 1890 primo
519 1856 670 1884 octodecim
696 1857 846 1890 mensium,
873 1866 940 1893 quos

153 1901 332 1927 Athanasium
345 1906 481 1928 versatum
498 1901 589 1929 Roma:
609 1907 702 1929 narrat
720 1902 745 1929 in
761 1903 876 1937 epistola
892 1911 939 1931 sua

149 1945 240 1974 Julius
251 1955 332 1981 papa,
354 1947 458 1974 initium
472 1947 573 1974 ducunt
589 1949 622 1974 ab
636 1955 706 1975 anno
731 1948 793 1975 559.
810 1949 838 1975 ἓν
853 1948 940 1984 Lega-

155 1999 243 2020 torum
262 1993 358 2028 Elpidii
379 1998 406 2020 et
434 1993 574 2021 Philoxeui
600 1993 751 2028 profectum
766 1995 939 2022 Antiochiam

153 2045 217 2067 ante
231 2039 355 2074 Gregorii
369 2040 550 2073 iuvasionem,
568 2040 734 2067 reclamante
747 2041 809 2068 licet
824 2041 939 2068 Athana-

152 2086 210 2118 sio,
223 2086 401 2112 constituunt.
418 2084 448 2112 3"
466 2085 623 2112 Januarium
648 2093 767 2113 mensem
794 2087 857 2113 anni
875 2086 937 2118 54'},

152 2138 207 2166 quo
222 2131 358 2165 profectos
372 2131 516 2158 Antiochia
531 2131 640 2158 eosdem
664 2131 766 2167 legatos
789 2133 826 2159 ait
840 2132 938 2165 Julius,

152 2178 180 2204 in
204 2175 313 2204 Juniqu
341 2177 404 2204 auni
432 2177 481 2204 5H
514 2178 732 2205 commutandum
760 2179 937 2207 arbitrantur.

153 2224 221 2250 Nam
240 2224 261 2250 si
273 2223 392 2251 omnium
405 2231 472 2250 mss.
492 2228 519 2250 et
531 2223 666 2250 editorum
685 2223 765 2251 lectio
776 2226 892 2257 steterit,
910 2230 936 2252 ut
954 2234 976 2263 υ

150 2269 299 2298 Januarius
318 2270 433 2303 legatur,
452 2273 532 2296 ruunt
549 2270 651 2302 omnia,
671 2275 698 2296 et
723 2271 757 2298 ad
774 2271 937 2298 sententiam

152 2316 285 2344 accedant
302 2321 422 2343 nostram
440 2322 552 2343 necesse
567 2320 618 2343 est.
632 2315 659 2342 Si
676 2315 826 2342 Januarius
840 2316 938 2350 quippe

152 2362 199 2395 sil,
221 2367 263 2389 est
277 2363 339 2389 anni
358 2362 427 2396 542,
447 2370 501 2389 non
520 2362 585 2394 5M,
605 2368 633 2389 ut
649 2369 682 2389 ex
701 2361 817 2390 inferius
843 2362 939 2394 positis

153 2409 292 2444 prepalam
306 2414 357 2437 est.
382 2409 410 2436 ιο
439 2409 587 2436 Romanam
610 2408 742 2443 synodum
756 2412 783 2434 et
796 2407 936 2442 epistolam

153 2458 216 2486 Julii
232 2458 258 2485 in
272 2465 372 2484 annum
388 2456 438 2484 5H
458 2460 657 2490 consequenter
680 2454 813 2480 referunt.
836 2452 935 2479 Verum

155 2507 212 2533 luet:
222 2505 312 2533 omnia
329 2504 426 2531 mirum
440 2510 520 2537 quam
535 2505 658 2537 pugnent
674 2508 735 2528 cum
753 2500 895 2527 Athanasii
908 2503 938 2527 et

154 2553 216 2580 Julii
231 2551 339 2579 litteris.

187 2599 216 2627 9.
239 2599 271 2626 Et
287 2605 352 2626 sane
371 2597 489 2633 priorem
502 2596 574 2623 illam
589 2593 731 2622 Athanasii
748 2593 862 2620 Romam
874 2600 938 2628 pro-

155 2646 299 2674 fectionem
313 2652 383 2672 anno
396 2643 461 2674 539,
480 2649 638 2676 moramque
653 2641 819 2672 diuturnam,
836 2646 883 2673 per
897 2643 939 2666 to-

156 2698 211 2718 tmn
231 2692 335 2719 scilicet
350 2698 448 2717 annum
461 2688 525 2721 διο,
549 2693 577 2716 et
601 2691 704 2722 partem
719 2686 859 2722 sequentis
873 2706 882 2718 ,
909 2691 939 2712 ut

155 2737 304 2766 octodecim
321 2743 428 2764 menses
455 2743 471 2761 a
495 2733 567 2762 Julio
585 2732 728 2774 memorati
743 2733 935 2765 conficiantur,

154 2785 255 2812 nullam
273 2784 358 2810 fuisse
371 2782 542 2817 perspicuum
563 2784 607 2808 est
627 2787 660 2807 ex
689 2779 720 2806 iis
735 2786 796 2814 quae
813 2778 937 2813 superius

155 2838 215 2868 pag.
226 2837 288 2858 1cm
301 2829 334 2857 de
347 2829 448 2864 synodo
466 2827 646 2855 Alexandrina
656 2826 783 2853 diximus.
796 2825 853 2852 Non
881 2829 939 2851 erat.

157 2878 255 2912 quippe
282 2875 375 2903 Romae
400 2872 561 2902 Athanasius
576 2877 648 2898 'cum
676 2871 820 2900 Eusebiaui
843 2870 937 2898 Antio-

274 2922 410 2952 Ρλτπιοι.
433 2920 491 2950 Gn.
509 2918 608 2950 XXV.

995 251 1124 283 Romam;
1137 257 1195 285 quae
1210 257 1280 277 anno
1290 249 1342 277 539
1355 255 1428 284 gesta
1447 254 1518 276 sunt.
1534 247 1592 275 Non
1609 253 1668 275 erat
1684 247 1776 274 Romae

994 305 1055 324 cmn
1072 297 1254 324 Alexandrina
1270 296 1389 332 synodus
1406 296 1540 323 celebrata
1552 300 1605 328 est,
1618 301 1703 328 neque
1713 300 1773 320 cum

993 344 1052 378 ejus
1071 343 1150 379 legati
1170 344 1244 371 missi
1257 343 1370 371 Romam
1389 350 1448 370 cum
1467 341 1625 369 Eusebianis
1636 339 1773 375 congressi

993 394 1076 421 sunt,
1101 397 1161 424 qua:
1186 390 1219 416 ad
1242 397 1341 416 annum
1367 388 1420 415 ’540
1446 387 1539 414 referri
1563 387 1661 413 debere
1675 386 1773 412 ibidem

994 436 1274 463 eommonstravimus.
1302 434 1359 461 Non
1374 439 1431 461 erat
1451 434 1542 460 llomse
1556 432 1774 466 Quadragcsimaa

994 487 1115 516 tempore
1130 488 1200 508 anno
1214 481 1262 508 5M
1277 501 1284 512 ,
1314 488 1375 507 cum
1391 479 1536 513 Gregorius
1563 478 1773 505 Alexandrinam

994 528 1092 555 invasit
1105 527 1258 555 ecclesiam.
1272 526 1329 559 Qua
1345 533 1411 559 ergo
1426 526 1533 552 ratione
1549 524 1609 551 illos
1622 523 1773 551 octodecim

994 581 1102 600 menses
1129 573 1244 601 Romani
1270 573 1317 600 otii
1345 572 1370 599 in
1385 579 1483 598 annum
1500 570 1549 598 '5“
1572 570 1695 598 desinere
1719 575 1774 597 stac

995 618 1095 645 luant?

1030 684 1073 712 l0.
1086 684 1222 719 Elpidium
1236 689 1325 712 autem
1342 688 1369 711 et
1383 683 1571 712 Philoxeuum.
1587 682 1693 710 nonnisi
1715 685 1776 716 post

993 731 1116 766 Gregorii
1144 732 1312 759 invasionem
1333 736 1360 758 et
1383 730 1525 758 Athanasii
1553 729 1665 756 Romam
1684 729 1774 764 profe-

994 782 1079 811 ctum,
1092 778 1164 804 circa
1185 777 1285 804 Maium
1302 784 1420 804 mensem
1433 777 1483 804 iter
1504 777 1654 804 instituisse
1672 776 1775 810 perspi-

993 830 1043 850 cue
1058 823 1153 850 scribit
1174 823 1342 850 Athanasius
1368 823 1394 850 in
1414 822 1535 849 Historia
1557 822 1592 848 ad
1623 821 1775 852 monachos,

993 869 1038 896 ubi
1055 874 1116 903 post
1129 869 1292 903 descriptam
1309 868 1431 904 Gregorii
1458 867 1624 895 invasionem
1643 867 1682 894 sic
1695 866 1777 894 habet

993 924 1019 944 η.
1047 916 1078 943 Η
1097 916 1277 943 :Athanasius
1298 923 1376 949 porro
1399 915 1439 942 his
1463 914 1579 941 nondum
1600 914 1723 948 peractis.
1740 913 1775 940 ad

991 964 1105 997 primum
1129 963 1166 989 rei
1181 963 1301 990 auditum
1318 962 1426 988 Romam
1440 961 1572 996 navigavit
1584 960 1653 995 quod
1668 961 1775 987 lucreti-

991 1017 1081 1036 corum
1095 1009 1213 1043 furorem
1227 1009 1306 1044 probe
1317 1012 1479 1043 perspectum
1492 1006 1608 1038 haberet,
1621 1015 1672 1042 quo
1683 1009 1774 1039 etiam,

990 1059 1066 1089 prout
1081 1058 1210 1081 statutum
1235 1055 1323 1088 fuerat
1337 1074 1346 1086 ,
1366 1055 1481 1089 synodus
1506 1055 1565 1082 istic
1588 1054 1775 1081 celebraretur.

991 1100 1080 1128 Julius
1095 1108 1182 1128 autem
1206 1101 1369 1136 presbyteros
1391 1101 1527 1135 Elpidium
1549 1105 1574 1127 et
1599 1099 1775 1127 Phi/annum

991 1155 1050 1174 cum
1073 1147 1169 1174 litteris
1195 1147 1278 1174 misit.
1298 1146 1332 1174 Et
1355 1147 1381 1174 in
1401 1147 1529 1182 Apologia
1545 1152 1635 1174 contra
1650 1146 1775 1177 Ariditas.

992 1203 1020 1223 n.
1043 1195 1098 1222 20:
1117 1194 1181 1221 Cum
1202 1195 1282 1229 igitur
1305 1194 1415 1221 Romam
1439 1195 1615 1226 venissemus,
1629 1193 1735 1226 Julius,
1747 1198 1775 1220 ut

991 1245 1133 1275 parserat,
1156 1240 1258 1267 litteras
1284 1240 1387 1275 scripsit
1404 1242 1438 1267 ad
1454 1240 1629 1273 Eusebianos,
1653 1240 1776 1275 misitque

990 1287 1056 1314 duo:
1079 1294 1112 1313 ex
1129 1286 1285 1320 presbyteris
1298 1286 1365 1317 suis,
1385 1285 1520 1319 Elpidium
1540 1291 1564 1312 et
1590 1285 1774 1313 Plzilounum.

991 1331 1137 1358 Eusebium
1159 1339 1218 1358 vero
1240 1331 1284 1357 ubi
1312 1335 1429 1358 nostrum
1455 1331 1592 1358 adventum
1613 1331 1775 1363 audierunt.

990 1378 1160 1407 consternati.
1174 1377 1245 1412 quod
1266 1376 1415 1403 nullatenus
1432 1377 1591 1403 tollit-tarem
1609 1384 1655 1404 nos
1667 1385 1697 1403 eo
1715 1384 1776 1404 ven-

991 1429 1074 1455 turos.
1091 1425 1212 1451 accedere
1237 1429 1390 1451 renuerunt.
1413 1424 1451 1451 Ex
1480 1424 1578 1459 quibus
1600 1424 1774 1458 conspicuum

991 1470 1094 1504 legatos
1110 1474 1173 1496 ltlllc
1191 1469 1277 1496 solum
1295 1470 1379 1496 ltoma
1396 1471 1530 1504 profectos
1544 1490 1551 1501 .
1575 1478 1638 1498 cum
1652 1470 1774 1497 Athana-

991 1517 1047 1542 sius
1063 1519 1124 1550 post
1134 1515 1238 1542 Pascha
1252 1523 1323 1542 anno
1336 1516 1398 1548 5M,
1408 1517 1516 1544 Arianis
1530 1524 1622 1543 necem
1640 1517 1775 1544 molienti-

951 1566 973 1594 ε
991 1561 1050 1591 bus,
1064 1568 1092 1588 se
1109 1562 1239 1596 proripuit
1260 1561 1385 1589 Romani.
1398 1563 1464 1590 Cum
1479 1568 1568 1589 autem
1586 1570 1677 1589 mense
1696 1563 1778 1590 circi-

993 1612 1034 1634 ter
1051 1606 1121 1634 Maio
1146 1607 1266 1641 ejusdem
1293 1608 1357 1635 anni
1379 1608 1460 1642 legati
1484 1607 1548 1635 Julii
1572 1608 1684 1642 profecti
1700 1608 1774 1640 sint,

991 1653 1079 1688 palam
1093 1658 1166 1681 certe
1182 1658 1223 1681 est
1237 1661 1394 1689 germanam
1415 1661 1476 1682 esse
1490 1654 1644 1685 lectionem,
1658 1662 1709 1689 qua
1726 1662 1776 1682 nec

992 1699 1051 1727 sine
1063 1699 1172 1734 querela
1188 1700 1288 1727 dicitur
1306 1707 1321 1726 a
1341 1698 1422 1732 Julio,
1439 1699 1542 1734 legatos
1564 1699 1598 1726 ab
1614 1699 1774 1726 Eusebianis

993 1744 1062 1771 ultra
1079 1744 1231 1771 condictum
1246 1744 1279 1771 ad
1304 1744 1494 1771 celebrandam
1515 1744 1647 1779 synodum
1671 1749 1775 1778 tempus

992 1791 1025 1817 ad
1052 1797 1169 1817 mensem
1194 1797 1278 1824 usque
1304 1789 1462 1817 Januarium
1480 1790 1634 1817 Antiochia
1650 1790 1775 1817 detentos

991 1835 1076 1862 fuisse
1091 1843 1098 1862 :
1116 1839 1144 1861 et
1163 1841 1304 1869 perperam
1316 1834 1408 1862 volunt
1421 1833 1579 1862 Ianuarium
1602 1835 1645 1862 hic
1658 1835 1773 1870 positum

992 1889 1053 1909 esse
1066 1889 1116 1916 pro
1131 1880 1228 1913 Junio;
1254 1885 1310 1907 tum
1334 1880 1395 1915 quia
1410 1887 1504 1907 omnes
1517 1880 1582 1907 editi
1599 1880 1674 1914 juxta
1695 1886 1776 1916 atque

993 1927 1168 1962 manuscripti
1189 1927 1296 1955 codices
1319 1925 1476 1954 Januarium
1493 1927 1608 1959 habent;
1635 1933 1689 1954 tum
1713 1928 1775 1962 quia

991 1974 1187 2008 perabsurdum
1202 1978 1275 2000 esset
1293 1973 1371 2007 queri
1406 1972 1508 2007 legatos
1524 1972 1592 2000 ultra
1619 1973 1774 2001 condictum

991 2021 1024 2047 ad
1039 2019 1226 2047 celebrandam
1240 2018 1371 2054 synodum
1385 2022 1490 2053 tempus
1503 2018 1536 2045 ad
1549 2027 1669 2046 mensem
1691 2027 1775 2053 usque

991 2065 1100 2092 Junium
1113 2064 1176 2092 anni
1190 2064 1243 2097 :3“
1270 2065 1392 2091 detentos
1404 2063 1488 2091 fuisse
1503 2072 1510 2090 :
1525 2064 1569 2098 qui
1590 2064 1668 2099 legati
1682 2072 1774 2091 mense

990 2116 1021 2138 ut
1032 2111 1113 2138 citius
1127 2109 1199 2138 Maio
1214 2109 1334 2144 ejusdem
1353 2109 1416 2136 anni
1434 2109 1519 2137 Roma
1528 2109 1699 2136 Antiochiam
1712 2115 1774 2143 pro-

991 2157 1052 2185 fecti
1065 2156 1175 2184 fuerint.

1026 2226 1071 2253 11.
1089 2225 1154 2252 Cum
1167 2224 1258 2258 itaque
1268 2231 1360 2250 mense
1376 2223 1505 2251 Januario
1524 2224 1586 2250 anui
1602 2222 1655 2250 542
1668 2222 1773 2250 remissi

992 2271 1092 2298 fuerint
1104 2270 1227 2305 Elpidius
1241 2274 1269 2297 et
1283 2270 1464 2301 Philoxenus,
1481 2269 1507 2295 in
1523 2273 1597 2295 tanto
1614 2269 1709 2295 itinere
1727 2268 1775 2293 ad—

991 2325 1067 2343 \‘ersa
1082 2316 1178 2344 hiemis
1191 2321 1351 2350 tempestate
1375 2314 1556 2346 conficiendo,
1570 2313 1674 2347 aliquot
1699 2321 1774 2339 meu-

991 2363 1059 2389 sium
1075 2362 1191 2395 spatium
1210 2361 1363 2388 decurrisse
1381 2367 1492 2387 necesse
1505 2363 1555 2386 est.
1575 2359 1686 2385 Romam
1711 2365 1772 2385 eum

991 2409 1138 2441 venissent,
1150 2408 1238 2435 Julius
1253 2407 1359 2434 litteras
1373 2405 1586 2433 Eusebianorum
1602 2412 1654 2431 non
1668 2405 1773 2431 modico

991 2456 1120 2489 temporis
1146 2454 1232 2488 spatio
1257 2452 1368 2479 Patrum
1395 2451 1482 2479 oculis
1504 2450 1641 2482 subduxit,
1661 2457 1773 2484 sperans

990 2500 1096 2534 aliquos
1107 2499 1283 2527 Orientalium
1302 2503 1440 2524 venturos.
1470 2497 1519 2524 Ubi
1535 2496 1601 2523 nihil
1625 2496 1681 2530 spei
1707 2496 1774 2522 resi-

990 2547 1082 2577 duum,
1100 2553 1147 2572 eas
1167 2545 1272 2572 litteras
1296 2544 1399 2579 profert
1415 2551 1422 2570 :
1440 2543 1625 2577 expenduntur
1638 2545 1698 2576 post
1715 2541 1773 2568 hrec

991 2591 1095 2626 negotia
1123 2590 1311 2620 Athanasium.
1339 2589 1493 2616 Marcellum
1518 2594 1545 2616 et
1572 2587 1690 2621 reliquos
1716 2595 1774 2620 spe-

990 2639 1101 2666 ctantia.
1117 2637 1209 2665 Soluta
1227 2637 1331 2672 synodo
1343 2656 1351 2668 ,
1374 2635 1513 2670 epistolam
1534 2634 1691 2669 synodicam
1705 2634 1774 2660 scri-

989 2687 1028 2714 bit
1040 2685 1128 2713 Julius
1145 2691 1238 2710 mense
1255 2683 1365 2710 circiter
1379 2681 1487 2709 Oetobri
1503 2681 1544 2708 vel
1559 2679 1719 2707 Novembri.
1734 2679 1772 2705 En

992 2734 1037 2761 tibi
1055 2731 1205 2761 octodecim
1223 2737 1330 2757 menses
1347 2735 1415 2763 quos
1430 2727 1523 2754 Romae
1546 2731 1668 2753 moratus
1688 2725 1778 2753 Atta:

990 2779 1080 2806 nasius
1096 2781 1147 2809 est,
1161 2783 1176 2802 a
1189 2774 1258 2802 Maio
1268 2774 1373 2801 scilicet
1397 2771 1459 2799 anni
1476 2771 1525 2800 341
1542 2772 1574 2798 ad
1593 2770 1771 2798 Novembrem

991 2825 1052 2852 anni
1070 2824 1134 2855 542,
1148 2823 1212 2857 quin
1228 2821 1271 2849 vel
1288 2820 1398 2848 tninitna
1420 2818 1552 2846 sitverbis
1575 2816 1714 2845 Athanasii
1732 2816 1772 2842 vel

990 2869 1051 2896 Julii
1070 2869 1108 2895 vis
1123 2866 1276 2894 inferenda.

1603 2915 1621 2941 ’J
