2016 3046
247 145 282 178 ιιι
914 147 1182 176 PROLEGOMENA.

284 206 326 234 η.
349 205 436 234 Unum
453 209 495 233 est
516 205 542 232 in
557 211 610 240 quo
628 204 745 233 fortasse
761 204 899 240 quidpiam
914 204 1027 232 difficul-
1045 209 1066 237 Β
1082 206 1124 238 lis.
1146 206 1193 233 sed
1212 204 1310 237 factus,
1329 204 1452 237 etsinon
1470 203 1565 232 eodem
1583 211 1638 239 quo
1656 203 1715 232 alia:
1733 211 1776 232 res
1788 211 1869 232 crea—

249 253 314 281 tatis
337 251 450 284 htereat,
470 251 542 286 quod
560 250 664 278 scilicet
685 251 848 278 Athanasius
866 251 893 278 in
912 250 1031 278 Historia

248 299 283 326 ad
308 298 450 325 monachos
474 298 512 331 (ιι.
531 297 588 332 Η).
614 301 674 331 post
694 302 820 324 enarrata
847 297 947 331 flagitia
972 304 1032 331 quae

247 343 404 378 Gregorius,
423 343 613 370 Alexandriam
627 343 774 377 ingressus,
796 343 822 370 in
847 343 963 370 ecclesia
979 343 1032 378 Cy—

249 390 300 417 rini
316 390 488 424 perpetravit,
500 389 573 416 dicat
585 396 624 421 se,
643 389 677 416 iis
697 389 815 416 nondum
829 390 907 423 actis,
922 389 954 416 ad
973 389 1031 423 pri-

228 442 321 475 ;mum
338 436 375 462 rei
387 435 506 462 auditum
528 436 668 470 navigasse
690 435 813 462 Romam.
840 435 880 462 Ex
903 443 956 469 quo
970 443 1031 469 per-

247 489 339 517 peram
357 481 475 508 inferunt
491 487 563 514 eum,
590 485 735 516 antequam
761 481 867 508 veniret
881 481 1030 515 Gregorius

247 527 450 559 Alexandriam,
469 527 622 561 confugisse
638 526 762 553 Romam.
778 526 878 554 Verum
904 527 961 553 haec
976 527 1030 553 dif-

248 573 352 600 ﬁcultas
372 572 437 607 ipsis
456 572 537 607 juxta
560 577 642 607 atque
662 572 739 600 nobis
763 577 804 600 est
829 572 1029 607 coucnqttentla.

247 619 304 647 Non
329 620 408 647 modo
429 620 500 646 cnitn
518 619 687 653 exploratum
707 623 748 646 est
775 619 954 646 Athanasium
971 619 1030 646 Ale-

246 665 367 692 xandriae
392 665 475 692 fuisse
497 664 603 699 quando
627 664 724 699 irrupit
748 663 908 699 Gregorius,
935 672 1029 691 verum

245 712 328 740 etiam
349 711 503 744 edidicisse,
521 716 665 745 antequam
691 710 858 746 profugeret,
888 711 1030 746 expilatio-

245 765 308 785 nem
330 757 356 785 in
368 757 467 792 Cyrino
487 756 598 784 factam.
614 757 679 783 lllud
695 757 752 791 ipse
767 761 881 784 testatur
904 757 946 784 his
968 764 1029 784 ver-

245 804 307 832 bis:
328 814 337 830 t
356 803 465 839 Populis
483 811 526 830 me
548 803 664 830 subduxi
680 812 687 830 :
713 810 840 830 noverant
857 803 929 829 enim
944 809 977 829 ex
996 802 1030 829 iis

245 859 305 886 quae
318 851 343 878 in
358 851 437 878 aliant
452 851 596 878 ecclesiam
617 851 765 878 intulerant
781 850 869 882 malis,
891 849 959 877 nihil
975 857 1027 877 non

246 897 357 925 sceleris
377 898 403 925 in
427 898 478 925 hac
491 904 598 932 quoque
617 897 728 924 ecclesia
745 897 921 924 admissuros.
943 905 952 922 ι
974 895 1028 923 Sed

245 943 411 970 Athanasius
432 951 480 978 per
496 943 674 970 Athanasium
689 942 876 977 explicandus,
889 947 915 969 et
931 949 965 970 ne
978 942 1029 969 mi-

245 989 318 1017 nitna
334 989 442 1024 quidem
458 988 594 1023 supererit
607 987 770 1015 difficultatis
790 988 870 1015 ratio.
892 987 959 1014 Nam
973 988 1030 1014 haec

245 1043 306 1070 qua:
324 1036 461 1069 disparata
478 1035 604 1061 videntttr
619 1034 676 1062 loca
694 1033 822 1068 perfacile
838 1033 1028 1066 conciliantur,

245 1082 268 1110 si
283 1083 415 1114 dicamus,
428 1089 488 1109 cum
505 1082 605 1109 milites
628 1080 750 1108 ecclesia:
771 1079 862 1115 Cyrini
876 1079 1028 1107 vastitatem

245 1128 388 1161 inferrent,
406 1127 527 1154 nutttium
551 1127 662 1161 hujusce
678 1126 716 1153 rei
734 1125 768 1152 ad
784 1125 964 1152 Athanasium
981 1132 1029 1152 ve-

246 1174 329 1206 nisse,
346 1173 391 1208 qui
409 1173 440 1200 ad
457 1174 571 1208 primum
598 1173 636 1200 rei
651 1173 784 1205 auditum,
807 1171 922 1199 ttecdum
937 1172 1031 1199 confe-

246 1226 288 1248 cta
302 1220 477 1255 expilatione,
494 1219 556 1254 fuga
569 1226 597 1246 se
610 1219 786 1254 proripuerit.

281 1269 356 1295 Anno
367 1266 428 1294 345.
445 1281 476 1287 —
489 1266 515 1293 Ι.
529 1265 670 1293 Photinus.
684 1279 720 1284 —
733 1264 760 1291 In
777 1264 827 1291 hoc
837 1263 947 1291 circiter
959 1267 1028 1291 tem-

245 1320 296 1348 pus
316 1311 455 1340 confertur
475 1311 646 1339 Photiniante
666 1311 801 1338 haereseos
824 1314 945 1342 exortus,
959 1309 1030 1336 Pho-

246 1359 303 1386 tino
316 1358 419 1386 scilicet
431 1357 527 1385 Galata
546 1363 657 1384 auctore
670 1365 676 1383 :
690 1357 735 1391 qui
751 1363 813 1384 cum
834 1355 942 1390 juvenis
957 1354 1030 1381 Mar-

245 1405 314 1432 cello
338 1405 481 1439 Ancyrano
506 1403 615 1431 doctore
641 1402 740 1430 litteris
760 1409 869 1436 operam
899 1401 1027 1431 dedisset,

246 1449 339 1478 Sirmii
366 1450 392 1477 in
411 1450 520 1485 Illyrico
538 1449 680 1483 episcopus
704 1452 814 1475 creatus
826 1451 878 1475 est.
900 1445 950 1473 llic
966 1453 1028 1473 cum

245 1495 369 1523 facundia
392 1496 505 1523 multum
530 1494 654 1530 polleret,
677 1490 847 1529 popularium
870 1494 985 1529 gratiam
1003 1497 1030 1520 et.

1084 255 1117 279 tte
1143 251 1232 278 modo.
1259 250 1334 278 Missi
1369 251 1394 278 in
1423 250 1598 278 Occidentem
1623 256 1685 277 sunt
1703 250 1749 285 qui
1776 251 1869 278 defer-

1083 303 1152 330 rent,
1179 297 1317 325 Eudoxins
1350 296 1541 329 Germaniciaz,
1570 296 1716 332 Martyrius
1741 297 1864 332 quidam.

1083 343 1255 370 Macedonius
1270 343 1488 376 Mopsuestenns,
1502 347 1532 370 et
1555 342 1613 369 alii.
1635 342 1731 370 Oblata
1752 343 1788 370 illi
1815 343 1870 370 for-

1083 389 1165 420 mula,
1180 388 1257 415 vacui
1272 392 1300 414 et
1313 396 1341 415 re
1356 387 1457 414 infecta
1473 388 1660 418 remittuntur,
1678 388 1869 422 profitentibus

1082 434 1300 462 Occidentalibus
1317 441 1377 460 esse
1392 434 1441 460 sibi
1460 433 1596 461 Nicaenam
1623 433 1704 461 fidem
1722 434 1799 467 satis,
1819 442 1868 462 ne-

1081 488 1134 516 que
1151 488 1229 515 egere
1241 488 1269 508 se
1283 481 1342 508 aliis
1359 481 1488 508 doctrinae
1502 480 1636 508 formulis.

1116 528 1191 554 ANNO
1218 527 1280 554 3l5.
1302 542 1338 547 —
1358 527 1482 562 Synodus
1524 527 1740 556 Mediolanensis.
1759 544 1794 549 —
1814 528 1870 556 Me-

1081 573 1179 600 diolani
1205 581 1288 608 agens
1307 573 1443 601 Constans
1467 574 1617 608 Angustus,
1642 576 1774 610 synodum
1790 583 1821 603 ea
1840 576 1867 604 in

1081 619 1147 646 urbe
1163 619 1297 646 celebrari
1309 625 1396 650 curat.
1414 618 1492 653 cujus
1508 627 1642 654 perpauca
1656 625 1731 648 nota.
1748 621 1786 648 Eo
1802 622 1866 649 item

1080 668 1290 703 proficiscuntur
1304 668 1385 703 legati
1401 668 1580 696 Orientalium
1606 668 1791 703 Demophilus.
1809 669 1867 696 Ma-

1080 715 1218 746 cedonius.
1241 715 1378 742 Eudoxius
1404 720 1431 742 et
1460 715 1605 750 Martyrius
1631 714 1687 750 (b),
1713 722 1762 750 spe
1788 716 1865 743 ducti

1080 761 1271 788 conﬁrmandae
1288 768 1344 788 sua:
1359 760 1420 788 fidei
1436 760 1638 796 formulaLIQui
1657 768 1718 788 cum
1736 768 1867 796 rogaren-

1081 811 1124 833 tur
1149 807 1205 833 Arii
1230 807 1382 834 doctrinam
1402 807 1582 841 prosoribere,
1610 807 1688 834 iratis
1704 807 1742 834 illi
1766 807 1868 835 animis

1081 861 1110 880 re
1128 858 1223 888 negata
1237 853 1389 881 discedunt.
1408 853 1441 880 Et
1456 853 1505 880 fuit
1525 854 1589 881 illud
1604 854 1631 881 in
1644 854 1748 889 synodo
1764 853 1867 881 Medio—

1080 899 1183 927 lanensi
1200 899 1345 926 multorum
1361 899 1506 933 praesulum
1520 899 1672 932 consilium,
1686 904 1715 926 ut
1727 899 1866 934 pulsorum

1081 952 1163 972 causa
1183 945 1211 971 in
1238 945 1342 980 synodo
1367 944 1537 972 mcumenica
1561 945 1720 979 agitaretur.
1750 945 1868 978 llujusce

1081 991 1120 1018 rei
1138 991 1207 1025 apud
1225 990 1400 1018 Constantem
1427 991 1578 1024 Angustum
1603 996 1729 1018 auctores
1750 995 1777 1018 et
1797 999 1865 1018 con-

1081 1043 1207 1064 suasores
1223 1041 1312 1068 erant,
1329 1040 1359 1063 ut
1384 1040 1504 1070 putatur,
1524 1034 1610 1063 Julius
1632 1043 1722 1071 papa,~
1743 1035 1868 1063 Maximi-

1081 1082 1308 1110 nus'l‘revirensis
1334 1086 1361 1109 et
1383 1090 1496 1117 magnus
1523 1082 1643 1114 Hosius,
1669 1082 1695 1109 id
1711 1082 1797 1117 ipsum
1823 1089 1868 1110 ro-

1080 1127 1207 1162 gantibus
1222 1127 1374 1154 Athanasio
1395 1131 1422 1154 et
1445 1128 1562 1159 caeteris,
1585 1127 1631 1162 qui
1655 1127 1733 1154 malis
1750 1128 1866 1155 Ariano-

1080 1179 1139 1198 rutn
1154 1171 1259 1198 artibus
1272 1172 1359 1206 patrio
1379 1173 1436 1199 solo
1454 1172 1522 1207 pulsi
1541 1173 1658 1200 fuerant.
1678 1171 1732 1200 Nec
1747 1172 1868 1206 fugiebat

1079 1218 1230 1252 Angustum
1270 1217 1393 1251 repulsos
1417 1217 1627 1245 Eusebianorum
1652 1218 1754 1254 legatos
1776 1218 1868 1246 Roma:

1079 1259 1174 1293 fuisse,
1191 1268 1252 1288 cum
1267 1268 1395 1296 rogarent
1408 1263 1548 1290 exsulibus
1561 1263 1596 1290 ab
1613 1262 1684 1290 Julio
1697 1264 1867 1291 communio-

1080 1314 1140 1334 nem
1159 1307 1270 1342 negari:
1285 1315 1335 1334 nec
1351 1308 1509 1342 imprudens
1525 1314 1584 1336 erat
1600 1309 1784 1337 calamitatntn
1803 1309 1867 1337 Ale-

1078 1353 1221 1379 xandrinae
1237 1360 1268 1380 ac
1291 1355 1398 1381 cteteris
1416 1354 1540 1382 ecclesiis
1563 1363 1612 1390 per
1637 1356 1747 1383 fraudes
1764 1360 1792 1383 et
1808 1363 1866 1383 sce-

1079 1398 1134 1426 lera
1153 1399 1316 1426 Arianorutn
1333 1400 1479 1428 illatarutn.
1496 1400 1544 1429 His
1568 1402 1612 1429 ille
1628 1402 1765 1434 inductus,
1791 1402 1867 1437 pacis

1079 1445 1207 1472 nimirum
1221 1446 1415 1474 ecclesiasticae
1429 1448 1605 1482 percupidus,
1627 1449 1725 1476 litteris
1752 1449 1865 1476 fratrem

1080 1491 1224 1525 compellat
1237 1497 1263 1519 et
1281 1498 1368 1527 rogat,
1388 1497 1417 1520 ut
1433 1493 1466 1520 ad
1484 1493 1637 1528 huiusmodi
1662 1495 1769 1529 negotia
1791 1502 1866 1522 com-

244 1541 471 1569 existimationem
487 1540 614 1568 conciliat
627 1540 689 1567 sibi.
704 1540 738 1566 At
755 1540 799 1566 ubi
815 1545 909 1574 postea
931 1538 1024 1574 profli-
1039 1552 1060 1581 α
1080 1537 1213 1570 ponenda,
1229 1538 1369 1572 utriusque
1383 1544 1448 1566 nutu
1470 1543 1498 1566 et
1521 1540 1645 1572 arbitrio,
1666 1541 1786 1575 synodus
1798 1548 1866 1567 con-

243 1587 314 1622 gatis
327 1593 387 1614 esse
400 1586 519 1613 moribus
535 1585 733 1620 deprehensunt
752 1589 804 1618 est,
822 1585 964 1618 minusque
984 1591 1028 1611 sa-

244 1640 306 1660 nam
332 1633 366 1660 de
393 1631 527 1659 Trinitate
547 1636 575 1658 et
605 1630 639 1658 de
663 1630 852 1658 lncarnatione
876 1629 1026 1656 doctrinam

243 1686 371 1714 spargere
383 1698 390 1712 ,
413 1686 491 1706 versa
517 1685 605 1705 rerum
619 1677 737 1704 conditio
759 1681 810 1705 est.
829 1675 897 1709 Quid
914 1675 1024 1703 demum

243 1724 277 1752 de
293 1724 408 1752 Photino
429 1729 517 1752 actum
531 1724 578 1757 sit,
593 1723 714 1758 pluribus
729 1723 808 1750 infra.

277 1769 305 1799 2.
321 1770 484 1798 Athanasius
501 1777 567 1797 vero
580 1770 606 1796 in
620 1774 692 1796 tanta
709 1774 859 1804 temporum
873 1767 1025 1803 iniquitate,

242 1821 304 1851 post
320 1816 468 1843 Romanam
486 1816 628 1851 synodum,
641 1815 728 1842 tribus
742 1815 827 1842 fertne
839 1814 918 1841 annis
936 1815 1027 1842 Romae

243 1865 383 1888 versatur:
401 1861 446 1895 qui
463 1866 566 1888 tantum
582 1861 629 1888 otii
647 1866 741 1887 nactus
764 1859 828 1894 quid
842 1860 956 1894 gesserit
969 1859 1027 1886 edi-

242 1906 356 1937 deritve.
380 1906 463 1933 altum
485 1907 584 1941 ultique
612 1906 760 1933 silentium.
789 1905 876 1933 Unum
895 1905 954 1939 ipso
978 1912 1027 1932 au-

242 1955 319 1978 ctore
341 1951 490 1979 Athanasio
506 1952 645 1982 discimus.
668 1952 731 1978 dum
753 1951 844 1978 Romae
862 1956 1023 1984 moraretur,

242 1996 434 2023 ecclesiasticis
451 1997 629 2024 conventibus
643 1997 808 2031 frequentem
821 1995 948 2024 adfuisse.
967 1997 1025 2023 Non

242 2042 339 2069 desunt
352 2041 396 2076 qui
412 2042 579 2069 arbitrentur
591 2048 714 2069 sanctum
734 2042 873 2076 praesulem
903 2049 950 2076 per
970 2041 1026 2069 Ro-

241 2095 351 2115 manum
375 2088 460 2115 otium
483 2088 610 2123 synopsin
635 2088 793 2122 Scriptura.
808 2095 868 2122 quae
881 2088 951 2115 inter
965 2088 1025 2123 ejus

240 2141 323 2169 opera
346 2138 513 2167 recensetur,
537 2134 665 2161 edidisse.
693 2133 757 2166 Sed,
780 2134 817 2160 uti
844 2141 859 2160 a
880 2133 956 2160 nobis
984 2138 1025 2161 est

240 2178 307 2206 alias
319 2183 457 2206 ostensutn
473 2197 481 2210 ,
495 2178 589 2212 grandi
606 2178 649 2205 hic
667 2178 734 2205 liber
747 2177 854 2209 νηθείας
871 2178 1024 2212 suspicione

1081 1585 1202 1609 vocetur.
1235 1582 1291 1610 Sub
1317 1585 1375 1611 haec
1397 1584 1532 1611 Constans
1554 1585 1733 1612 Athanasium
1756 1586 1864 1613 accivit.

1080 1627 1132 1660 Qui
1154 1636 1262 1655 causam
1283 1630 1413 1657 evocandi
1437 1631 1479 1658 sui
1509 1631 1648 1666 ignorans,
1682 1639 1714 1659 ac
1741 1636 1864 1667 stupens,

1079 1674 1232 1701 sciscitatus
1257 1676 1329 1709 quod
1355 1677 1491 1710 negotium
1514 1677 1642 1710 instaret,
1666 1678 1777 1705 edidicit
1804 1685 1866 1712 qua

1081 1727 1126 1748 res
1147 1726 1202 1747 tum
1219 1727 1357 1756 ageretur.
1375 1722 1423 1750 llle
1451 1722 1630 1750 Mediolanum
1648 1723 1798 1758 profectus,
1818 1732 1866 1751 co-

1080 1767 1145 1793 mite
1169 1765 1291 1794 Protasio
1311 1768 1386 1795 urbis
1406 1769 1541 1802 antistite,
1557 1769 1735 1796 Constantem
1754 1770 1831 1802 adit;
1848 1777 1864 1796 a

1079 1818 1133 1845 quo
1147 1812 1348 1846 perhonorifice
1374 1813 1521 1848 excipitur.
1546 1819 1573 1841 et
1589 1815 1674 1849 ipsius
1689 1815 1802 1849 Augusti
1816 1822 1865 1842 ore

1079 1858 1208 1884 evocandi
1226 1866 1334 1886 Causam
1348 1859 1454 1886 ediscit.
1467 1859 1535 1886 Tum
1547 1859 1713 1887 Athanasius
1728 1868 1771 1888 res
1782 1861 1865 1887 Aria-

1079 1910 1174 1930 norum
1191 1904 1296 1931 insidiis
1319 1909 1394 1932 actas
1419 1905 1550 1940 deplorat,
1578 1907 1757 1940 apostolicam
1783 1907 1863 1934 fidem

1079 1949 1150 1977 bello
1164 1950 1218 1984 peti
1233 1951 1422 1984 conqueritur,
1441 1951 1525 1986 patris
1550 1953 1622 1986 pittnt
1640 1953 1760 1979 aninmtn
1784 1960 1864 1980 revo-

1079 2000 1124 2022 cat
1148 1995 1174 2022 in
1199 1996 1366 2028 memoriam,
1389 1996 1434 2030 qui
1458 2004 1518 2031 qua:
1536 1997 1563 2023 in
1581 2004 1677 2030 magna
1701 1997 1803 2032 synodo
1815 1997 1864 2024 de—

1079 2045 1151 2068 creta
1161 2040 1286 2072 fuissent,
1297 2042 1329 2068 ad
1345 2046 1458 2068 mortctn
1473 2049 1558 2075 usque
1570 2043 1743 2070 vindicasset.
1759 2043 1864 2075 Quibus

1079 2087 1190 2114 monitis
1215 2087 1287 2121 pium
1303 2087 1454 2122 principem
1474 2088 1653 2116 inflammavit
1667 2089 1702 2117 ad
1717 2097 1812 2116 sanam
1829 2089 1864 2116 ﬁ-

1077 2132 1147 2160 dem.
1156 2133 1353 2161 vindicandam.

1116 2181 1190 2208 Amto
1205 2180 1315 2207 5t6.—
1332 2181 1434 2215 Synodi
1452 2185 1541 2209 tamen
1570 2181 1740 2210 Sardicensis
1760 2189 1863 2210 convo-

239 2224 356 2256 laborat.
369 2229 396 2251 et
412 2224 535 2251 divarsus
549 2224 627 2258 plane
642 2228 684 2250 est
696 2223 731 2250 ab
748 2223 802 2250 illis
816 2223 964 2258 Scriptura
978 2231 1023 2250 sa-
1039 2233 1062 2261 ι)
1077 2227 1149 2254 cutio
1165 2228 1199 2254 ad
1213 2235 1312 2254 annum
1326 2227 1377 2254 347
1393 2233 1518 2255 extracta
1536 2227 1587 2255 fuit
1609 2237 1615 2255 :
1638 2229 1701 2263 quia
1716 2234 1771 2255 tum
1788 2228 1863 2255 Coll-

238 2278 292 2299 cra:
308 2270 489 2298 voluminibus
508 2269 542 2297 ab
557 2270 710 2298 Athanasio
725 2270 759 2297 ad
777 2269 951 2298 Constantem
968 2270 1025 2297 Au-

239 2322 347 2353 gustum
367 2316 547 2344 transmissis.
561 2315 659 2342 Narrat
682 2315 745 2343 item
765 2314 853 2343 Julius
866 2323 934 2351 papa
954 2316 1026 2345 litte-

238 2374 283 2394 ras
307 2366 395 2401 ipsum
419 2365 576 2400 frequenter
597 2364 845 2391 Alexandrinorum
874 2365 1023 2399 accepisse,

237 2411 336 2446 quibus
350 2418 403 2438 non
418 2418 513 2445 parum
529 2409 620 2437 exsilii
633 2410 754 2437 tnolestia
770 2409 916 2437 levaretur.

271 2458 348 2485 Anno
376 2457 440 2485 3M.
462 2471 498 2478 —-
521 2456 614 2484 Ariani
656 2456 770 2490 episcopi
811 2465 906 2484 novant
942 2457 1022 2484 edunt

236 2504 299 2538 ﬁdei
313 2503 464 2537 formulam.
479 2518 513 2523 —
525 2503 605 2531 Anno
619 2503 728 2530 circiter
749 2502 814 2537 δη,
835 2503 921 2530 tribus
933 2504 1025 2531 videlia

237 2556 280 2578 cet
294 2555 353 2585 post
364 2550 541 2586 compositam
565 2553 741 2585 postremam,
760 2549 793 2577 de
816 2557 869 2584 qua
883 2550 1021 2584 superius,

237 2595 300 2624 ﬁdei
316 2595 471 2629 formulam,
486 2596 577 2628 annis,
585 2597 671 2624 coacti
686 2595 778 2623 Ariani
792 2595 912 2631 episcopi
926 2603 1023 2623 novatn

237 2641 332 2673 edunt.
355 2643 490 2678 prioribus
510 2643 687 2678 prolixiorem
708 2641 764 2677 (a):
786 2642 812 2669 in
836 2649 889 2677 qua
913 2641 1023 2676 quidem

236 2687 295 2715 haec
323 2688 448 2716 Arianica
484 2689 617 2716 sententia
646 2687 677 2720 ἐξ
699 2688 749 2714 οὐκ
785 2687 880 2720 ὄντων,
909 2688 1024 2722 aliaeque

237 2731 389 2766 huiusmodi
406 2734 589 2766 confutantur,
619 2742 713 2761 verum
740 2734 807 2762 nihil
832 2735 866 2762 de
891 2734 971 2769 οὐσίᾳ
996 2739 1024 2761 et

236 2777 371 2814 ὁμοουσίῳ
383 2779 504 2807 effertur.
522 2780 624 2808 Dicitur
638 2780 721 2808 Filius
733 2780 806 2808 Patri
821 2779 930 2815 quidem
948 2779 1024 2807 simi-

272 2870 310 2906 (ὁ)
323 2870 406 2899 Hilar.
422 2871 474 2900 col.
491 2872 501 2899 l

1078 2273 1206 2305 stantius,
1221 2272 1331 2300 Persico
1350 2278 1462 2308 urgente
1480 2274 1560 2306 bello,
1577 2274 1649 2301 haud
1676 2274 1712 2301 ita
1727 2274 1823 2309 cupide
1835 2278 1864 2301 et

1079 2323 1185 2345 mature
1211 2326 1255 2345 res
1279 2318 1391 2345 curabat
1411 2319 1625 2348 ecclesiasticas.
1654 2319 1703 2347 Ubi
1729 2326 1818 2347 autem
1834 2320 1863 2347 itt

1078 2365 1203 2399 proximo
1216 2364 1275 2398 fuit,
1293 2369 1322 2391 ut
1335 2365 1452 2399 episcopi
1468 2373 1528 2392 eam
1548 2366 1575 2392 in
1600 2366 1693 2393 urbem
1715 2366 1768 2393 iter
1784 2366 1863 2393 insti-

1078 2415 1197 2442 tuerent,
1213 2416 1310 2438 evocat
1324 2410 1459 2439 Constans
1465 2411 1642 2438 Athanasium
1654 2412 1680 2438 in
1688 2411 1798 2443 Gallias.
1808 2419 1863 2447 quo

1077 2456 1141 2483 item
1164 2455 1263 2482 Hosius
1284 2461 1475 2485 concesserat:
1500 2463 1528 2484 ut
1551 2465 1602 2484 una
1619 2457 1681 2485 inde
1691 2458 1782 2492 ambo,
1799 2466 1861 2486 cum

1076 2500 1170 2529 Gallia
1201 2501 1361 2536 praesulibus
1387 2503 1481 2530 eodem
1512 2503 1765 2537 proficiscentibus,
1794 2504 1861 2531 Sar-

1077 2547 1164 2574 dicam
1191 2548 1320 2581 secundo,
1345 2552 1374 2575 ut
1402 2554 1521 2584 putatur,
1551 2549 1612 2576 istri
1631 2549 1742 2578 flumine
1762 2558 1863 2578 conco-

1076 2594 1179 2621 derent.

1107 2639 1182 2667 Amo
1197 2639 1260 2667 3'47.
1276 2654 1312 2660 —
1326 2640 1352 2667 ί.
1370 2639 1493 2675 Synodua
1513 2640 1691 2668 Sordt'unais.
1707 2655 1744 2662 -
1754 2641 1860 2676 Itaque,

1072 2694 1146 2715 coss.
1172 2687 1270 2714 Rufino
1293 2693 1321 2714 et
1344 2687 1473 2719 Eusebio.
1506 2687 1647 2715 Sardicam
1671 2687 1862 2715 conﬂuuutex

1072 2732 1220 2761 Occidente
1244 2734 1472 2769 episcopi_prope
1499 2740 1620 2762 centum.
1635 2734 1676 2762 Ad
1701 2741 1788 2768 usque
1803 2739 1859 2760 tre-

1072 2784 1169 2807 centos
1193 2780 1316 2807 scribunt
1347 2779 1475 2808 Socrates
1497 2785 1523 2808 et
1539 2780 1730 2817 ﬁommenus,
1755 2778 1859 2814 decepti

273 2833 311 2906 Eg;
323 2835 626 2900 iiititllatati.cof)eiagriami,
643 2845 674 2866 -n.
692 2837 727 2866 26
740 2846 748 2872 ;
761 2837 874 2867 Socrat..
891 2837 937 2866 lib.
952 2845 983 2871 ιι,
997 2844 1027 2866 ca

1079 2836 1125 2870 l9;
1144 2836 1252 2865 Sozom.
1270 2836 1287 2864 Ι.
1306 2845 1348 2870 ιιι,
1361 2845 1421 2872 cap.
1435 2837 1479 2866 Η.
