2016 3046
777 151 856 179 \‘lTA
878 152 906 179 S.
928 151 1141 180 ATHANASIL'

1718 159 1768 180 Cll!

138 208 257 244 quodam
285 207 428 235 Athanasii
452 207 524 241 loco,
555 207 601 243 qui
628 208 738 236 totidem
766 208 804 235 ait
827 209 930 243 synodo
945 211 968 240 Α
984 214 1122 236 morarent
1135 208 1198 236 item
1215 216 1310 237 eorum
1322 209 1507 242 formidinem,
1533 205 1640 244 q'uando
1657 215 1771 244 conspe-

137 253 296 288 sutl'ragium
312 258 339 280 et
354 261 454 281 nomen
469 254 642 288 ascripsisse,
666 261 855 282 annumerans
874 255 929 282 sci-

138 301 202 328 licet
222 300 402 334 praesentibus
426 304 558 334 qttolqttot
579 301 707 326 absentes
729 300 928 334 subseripsere.

139 346 196 380 Qua
223 346 287 372 item
307 345 442 372 sententia
469 350 561 372 narrat
579 344 771 372 Theodoretus
799 347 929 373 ducentos

139 391 337 426 quinquaginta
362 391 388 417 in
416 391 537 425 antiquis
551 395 660 418 exstare
679 391 862 418 monumentis
878 391 928 427 (tt).

140 437 194 464 Sed
219 438 271 463 lide
295 436 404 471 dignior
427 436 607 468 Athanasius,
625 436 670 470 qui
695 441 803 463 centum
819 441 930 471 septua-

140 483 214 518 ginta
229 483 339 509 circiter
353 491 414 510 cum
431 489 466 510 ex
484 482 639 513 Occidente,
656 487 712 509 tum
728 490 761 509 ex
775 482 886 510 Oriente
897 490 931 511 eo

141 529 303 556 convenisse
321 532 465 556 memorat.
484 528 516 555 Et
539 529 560 556 si
585 529 678 555 demas
692 536 778 556 Lxxnt
804 528 930 557 Orienta-

142 574 194 606 les,
215 575 260 609 qui
278 574 388 601 Sardira
405 582 434 601 se
448 574 629 609 proripientes
644 574 841 610 Philippopolin
867 583 931 603 con-

142 627 262 652 cessere,
280 620 390 647 circiter
403 626 512 647 centum
533 626 707 655 snpererunt.
733 621 786 648 Sed
802 622 855 648 erit
874 621 931 648 for-

143 671 216 694 tasse
240 667 277 693 rei
297 667 420 701 pluribus
445 667 607 701 indagandae
632 667 718 694 locus.
746 667 814 694 Cum
839 672 931 694 autem

142 712 213 738 Iulio
232 713 350 747 negotiis
378 713 488 739 detento
512 720 565 740 non
587 719 662 740 esset
683 721 716 740 eo
733 713 930 748 commigrandi

143 757 266 788 facultas,
283 758 387 792 legatos
401 758 446 785 ille
467 759 540 786 misit
551 759 596 793 qui
613 759 684 787 vices
698 760 842 794 implerent
854 767 930 793 suas,

141 803 336 830 Archidamum
361 808 388 830 et
409 803 586 831 Pliiloxenum
611 804 795 840 presbyteros,
820 806 932 840 quihus-

142 855 203 876 cum
219 855 279 876 erat
293 849 403 884 quidam
419 849 474 876 Leo
497 850 638 878 diaconus.
662 851 769 878 Primae
791 851 933 880 obtinebat

982 260 1080 283 serant
1094 255 1174 283 aliter
1190 263 1300 282 causam
1316 255 1358 291 agi
1374 260 1456 290 atque
1472 255 1508 282 illi
1521 256 1720 283 existimarent.

1018 301 1044 328 5.
1062 301 1139 336 Fuga
1155 301 1381 329 0rientalinm.—
1395 301 1440 328 llis
1457 301 1493 328 illi
1508 301 1705 329 animadversis
1719 301 1768 337 (ό),

982 348 1089 375 tametsi
1113 347 1242 375 alacriter
1267 353 1294 374 et
1321 351 1447 382 prompte
1467 354 1526 374 sese
1548 348 1598 374 vite
1626 348 1770 374 commise-

983 398 1053 426 rant,
1075 394 1127 421 rati
1141 394 1319 421 Athanasium
1334 393 1478 428 pulsosque
1491 395 1616 426 cmteros‘,
1631 398 1703 421 metu
1714 393 1768 426 sui,

983 446 1017 466 ne
1039 439 1219 473 commigrare
1246 439 1353 474 quidem
1385 438 1525 466 Sardicam
1560 446 1683 472 ausuros,
1712 437 1768 469 ubi,

981 492 1059 512 versa
1087 491 1178 512 rerum
1201 485 1366 518 conditione,
1391 489 1514 518 paratos,
1540 491 1630 512 causa:
1657 484 1769 512 ﬁdentes

982 538 1161 565 conspexere,
1188 531 1214 557 in
1235 530 1346 564 palatio,
1373 537 1427 564 quo
1455 530 1591 558 domicilio
1611 530 1768 562 utebantur,

983 575 1082 603 clausis
1095 575 1201 603 foribus
1216 576 1370 603 considunt.
1388 575 1455 602 Tum
1471 575 1606 610 perterriti
1619 576 1771 603 deliberant

982 620 1047 655 quid
1062 620 1135 647 facto
1149 627 1228 654 opus,
1240 627 1301 655 quae
1317 620 1359 646 via
1371 620 1530 655 expediendi
1548 628 1577 648 se
1589 621 1615 647 in
1630 625 1684 648 tam
1702 619 1771 647 dim-

983 666 1028 694 cili
1046 666 1202 693 conditione
1219 672 1312 692 rerum
1329 675 1335 692 :
1350 666 1417 693 nihil
1433 666 1550 701 praesidii
1576 665 1681 697 adesse,
1709 673 1770 692 om-

983 712 1028 740 nia
1045 713 1078 739 ad
1094 713 1135 739 sui
1152 712 1300 748 perniciem
1315 716 1471 747 comparata
1485 720 1492 745 ;
1505 712 1628 747 integros
1653 711 1770 745 iudices,

983 763 1157 787 accusatores
1179 759 1350 787 documentis
1372 759 1530 793 instructos,
1554 766 1610 786 rem
1624 766 1707 794 prope
1726 759 1772 786 de-

983 809 1131 838 speratam.
1168 803 1282 831 Demum
1309 810 1342 830 eo
1364 803 1503 838 appellunt
1537 805 1679 836 animum,
1711 811 1771 838 qua

985 851 1065 878 unica
1092 854 1237 884 supererat
1259 850 1327 877 tanti
1356 850 1472 885 periculi
1497 849 1650 877 declinandi
1674 850 1726 882 vis,
1741 853 1772 876 ut

143 893 170 920 in
184 894 288 928 synodo
301 901 411 929 magnus
425 894 469 921 ille
479 893 586 921 llosius.
600 895 650 928 Qui
665 895 815 923 intererant
826 897 930 929 caueri,
946 895 967 923 Β
984 896 1045 931 fuga
1064 903 1094 923 se
1107 895 1300 922 subducerent.
1316 894 1441 930 Synodus
1466 899 1555 921 tamen
1583 894 1621 922 ait
1641 893 1688 929 (c),
1713 893 1770 928 jam

141 947 176 966 ex
190 939 328 974 Hispaniis
340 944 426 972 erant,
446 939 553 971 Galliis,
568 940 656 973 Italia,
671 941 832 976 Campania.
854 942 932 969 Cala—

143 985 215 1018 bria,
234 985 340 1018 Apulia,
357 985 459 1018 Africa,
483 986 619 1017 Sardinia,
643 985 803 1021 Pannoniis,
827 987 932 1023 Mysiis,

144 1031 236 1063 Dacia,
252 1030 360 1064 Norico,
374 1031 472 1064 Siscia,
490 1032 637 1065 Dardania,
662 1033 747 1060 altera
771 1033 861 1066 Dacia,
876 1033 933 1061 Ma-

144 1079 267 1110 cedonia,
292 1078 448 1111 Thessalia,
474 1078 589 1111 Achaia,
606 1079 697 1114 Epiro,
713 1079 840 1113 Thracia,
858 1081 932 1108 Rbo-

143 1125 222 1159 dope,
243 1124 387 1152 Pala'stina
405 1145 413 1157 ,
431 1125 541 1157 Arabia,
563 1124 642 1152 Creta
667 1130 696 1153 et
718 1125 846 1161 Egyplo.
868 1126 933 1160 Qni-

145 1178 207 1197 nam
222 1178 253 1198 ex
268 1171 387 1205 qualibet
399 1171 508 1206 regione
523 1171 670 1203 adluerint,
689 1179 742 1199 non
764 1173 789 1199 in
807 1179 934 1208 promptu

144 1221 188 1243 est
206 1223 356 1244 recensere.
371 1216 493 1244 Aderant
504 1217 571 1244 item
586 1218 761 1251 Athanasius,
776 1218 932 1253 Marcellus,

145 1262 289 1296 Asclepas,
306 1270 357 1289 nec
372 1270 426 1290 non
440 1263 485 1290 alii
504 1263 624 1298 episcopi
643 1264 808 1292 Arianorum
830 1265 933 1299 furore,

145 1307 218 1340 dolo,
238 1308 343 1335 insidiis
358 1309 447 1343 patrio
459 1309 597 1336 exturbati
610 1309 678 1337 solo.
696 1310 840 1338 Eminebat
866 1312 935 1340 inter

145 1354 216 1381 alios
241 1353 344 1382 Lucius
364 1355 635 1389 Adrianopolitanus,
658 1361 769 1384 catenas
791 1357 935 1385 circumfe-

146 1405 210 1426 rens
231 1399 309 1433 queis
329 1407 382 1426 non
404 1399 486 1426 semel
507 1399 596 1427 fuerat
612 1401 776 1429 constrictus
795 1406 823 1429 et
838 1409 936 1430 onera-

147 1449 210 1472 tus:
232 1445 400 1472 ventilabam
411 1450 439 1474 et
455 1445 512 1479 alii,
533 1446 630 1481 plagis,
656 1446 740 1481 fante,
762 1449 847 1477 variis
863 1449 936 1477 cala-

146 1491 288 1518 mitatibus
304 1491 409 1519 amicti.

181 1538 209 1563 2.
236 1535 386 1564 Orientales
414 1538 590 1573 reformidant
614 1539 747 1573 judicium
775 1540 936 1568 Occidenta-

145 1582 223 1610 lium.
238 1597 274 1602 --
287 1582 442 1611 Orientales
460 1592 525 1612 vero
539 1604 546 1616 ,
568 1593 683 1620 quorum
703 1586 841 1622 principes
857 1593 936 1615 erant

147 1628 308 1656 Theodorus
329 1629 478 1663 Heracleae,
505 1630 650 1659 Narcissus
674 1632 848 1665 Neroniadis,
872 1634 934 1660 Ste-

146 1676 254 1710 phanus
268 1676 465 1709 Antiochenus,
484 1678 529 1712 qui
547 1685 600 1705 non
617 1679 662 1705 ditt
681 1679 823 1706 Flacillum
839 1679 936 1707 defun-

145 1727 220 1749 ctum
237 1727 393 1756 exceperat,
411 1723 527 1751 Aeacius
551 1723 741 1756 Caesariensis,
769 1725 936 1760 Menophan-

147 1771 192 1793 tus
210 1767 372 1802 Ephesinus,
391 1767 518 1796 Ursacius
538 1768 707 1804 Singidouis,
728 1769 825 1798 Valens
837 1770 934 1803 Μαι-εἰ,

146 1813 247 1848 aliique
264 1822 378 1841 numero
397 1814 440 1848 75,
459 1815 481 1842 si
500 1820 590 1843 tamen
603 1816 849 1851 subscriptionibus
871 1817 928 1844 ΡΙιί-

146 1859 349 1893 lippopolitanis
365 1860 401 1887 sit
414 1860 491 1894 ﬁdes,
509 1862 592 1889 nitnia
602 1862 777 1889 conscientiae
788 1862 936 1890 formidine

146 1906 320 1938 tenebantur,
331 1911 362 1934 ut
376 1908 538 1935 accederent
553 1908 621 1941 soli;
635 1908 682 1936 sed
697 1915 790 1936 secum
805 1914 935 1942 patronos

146 1957 175 1979 et
191 1953 241 1979 viae
254 1954 344 1979 socios
363 1953 533 1980 adducebant
548 1953 738 1982 Musonianum
763 1955 890 1982 comitem
908 1960 936 1983 et

147 1999 311 2034 llesyrhium
328 1999 510 2027 Castrensem.
528 1999 601 2027 Nihil
623 2001 695 2028 enim
716 2001 828 2036 perinde
849 2001 935 2029 refor-

148 2044 287 2071 midahaut
311 2048 394 2079 atque
427 2045 543 2072 honesto
563 2050 590 2072 et
618 2046 808 2075 ecclesiastico
833 2047 934 2082 judicio

147 2089 300 2117 conﬁictari
311 2110 319 2123 ,
333 2098 384 2118 nec
398 2092 450 2118 nisi
462 2093 670 2126 magistratuum
686 2101 736 2128 ope
751 2101 781 2121 se
796 2102 854 2121 rem
868 2095 936 2122 bene

148 2139 275 2169 gesturos
303 2137 458 2170 sperabant.
485 2138 520 2164 At
547 2138 592 2164 ubi
623 2138 764 2165 Sardicatn
789 2140 934 2172 advenere,

148 2189 207 2209 rem
228 2188 322 2210 contra
336 2191 369 2211 ac
393 2184 444 2210 rati
458 2188 537 2211 erant
553 2191 583 2212 se
597 2185 698 2213 habere
715 2185 876 2220 conspicati,
891 2193 937 2214 ec-

983 949 1044 970 cum
1081 941 1133 968 iter
1158 941 1375 976 ingrederentur,
1409 947 1442 969 eo
1467 940 1583 968 consilio
1614 939 1708 972 fuisse,
1740 945 1771 967 nt

984 987 1184 1023 quamprimum
1205 986 1347 1014 Sardicam
1363 986 1513 1019 venissent,
1530 993 1590 1014 sese
1609 986 1698 1013 statim
1721 985 1771 1014 ali-

984 1041 1038 1069 quo
1052 1034 1163 1061 obtentu
1182 1033 1367 1068 proriperent.
1393 1031 1428 1060 Ut
1441 1037 1532 1059 autem
1554 1039 1666 1060 causam
1681 1032 1771 1066 digre-

983 1079 1074 1106 diendi
1084 1078 1125 1106 vel
1134 1078 1345 1106 commentitiam
1353 1077 1495 1110 aﬁ‘errent,
1507 1085 1536 1105 se
1545 1086 1597 1106 non
1606 1085 1685 1112 posse
1696 1077 1772 1105 aiunt.

984 1129 1084 1153 emtum
1101 1125 1177 1152 adire
1202 1124 1402 1159 episcoporum,
1426 1125 1478 1151 nisi
1497 1124 1686 1157 Athanasium,
1701 1123 1772 1151 Mar-

987 1171 1086 1199 cellum
1108 1176 1276 1206 ceterosque
1291 1178 1308 1198 a
1329 1178 1359 1199 se
1373 1172 1514 1199 damnatos
1540 1171 1680 1206 cjicercnt.
1706 1170 1772 1204 Qua

984 1217 1104 1245 conditio
1121 1217 1263 1252 periniqua
1290 1222 1371 1250 erat;
1405 1224 1466 1244 cum
1487 1216 1525 1250 id,
1548 1216 1637 1251 quodc
1658 1217 1772 1251 quaestio

987 1266 1051 1289 tunc
1067 1266 1149 1294 esset,
1167 1267 1196 1289 ut
1219 1262 1361 1290 decretum
1384 1269 1417 1289 ac
1434 1262 1575 1289 deﬁnitum
1593 1262 1686 1289 ltaheri
1704 1269 1771 1289 con-

987 1309 1139 1336 tenderent.
1154 1308 1222 1336 Tum
1236 1307 1330 1335 Patres
1343 1315 1396 1335 una
1414 1315 1475 1336 cum
1489 1307 1638 1335 Athanasio
1654 1307 1773 1341 compel-

986 1354 1044 1382 lare
1062 1355 1188 1382 homines
1203 1362 1234 1382 ac
1250 1361 1416 1390 provocare:
1435 1362 1484 1390 par
1498 1354 1582 1382 fuisse
1594 1358 1642 1381 aut
1656 1361 1709 1381 non
1721 1353 1774 1381 iter

987 1400 1104 1435 ingredi,
1121 1400 1232 1434 autjam
1247 1407 1340 1427 coram
1364 1400 1468 1435 positos
1490 1407 1544 1427 non
1565 1399 1771 1433 subterfugere:

987 1446 1013 1474 id
1029 1454 1089 1475 esse
1113 1446 1260 1474 maximum
1289 1451 1478 1482 argumentum
1507 1452 1554 1473 eos
1578 1445 1773 1472 maleﬁciorum

987 1496 1153 1523 conscientia
1169 1495 1302 1530 torqueri.
1318 1494 1346 1521 Si
1363 1497 1474 1529 possent
1491 1501 1549 1528 quae
1561 1493 1675 1521 crimina
1687 1492 1774 1520 Atha-

987 1541 1066 1568 nasio
1081 1540 1434 1575 obtulerant,comprobare,
1446 1539 1608 1567 accederent
1622 1548 1629 1573 ;
1645 1539 1698 1572 sin,
1713 1545 1774 1566 cum

988 1595 1043 1614 non
1059 1591 1182 1622 possent,
1197 1594 1226 1614 se
1240 1586 1312 1613 nolle
1323 1585 1495 1617 simularent,
1509 1589 1602 1620 aperte
1619 1583 1774 1619 symphon-

988 1637 1029 1660 tas
1041 1640 1103 1660 esse
1125 1637 1154 1660 et
1173 1633 1332 1660 damnatum
1352 1631 1398 1660 iri.
1423 1630 1529 1664 Quibus
1551 1631 1589 1658 illi
1604 1630 1703 1658 auditis
1720 1635 1775 1658 stu-

987 1678 1098 1713 pefacti,
1113 1685 1199 1713 usque
1217 1685 1250 1706 eo
1271 1678 1338 1713 quid
1363 1678 1466 1704 inirent
1490 1677 1597 1704 consilii
1617 1683 1671 1704 non
1691 1677 1775 1705 hahe-

987 1725 1063 1757 bant,
1075 1728 1106 1750 ut
1121 1724 1248 1751 iteratam
1276 1724 1310 1750 ad
1337 1723 1484 1751 Marcotem
1504 1723 1666 1757 legationent
1683 1728 1776 1758 pOstu-

987 1769 1085 1802 larent,
1100 1777 1154 1804 quo
1174 1770 1240 1804 ipsis
1254 1770 1280 1796 in
1296 1769 1365 1797 locis
1381 1769 1446 1803 quid
1471 1775 1535 1796 vere
1550 1774 1657 1804 gestum
1678 1768 1777 1796 fuisset

987 1816 1249 1851 deprehenderetur.
1264 1815 1381 1850 Explosa
1397 1815 1537 1842 hominum
1552 1815 1691 1850 petitione,
1706 1815 1776 1843 alte-

987 1870 1045 1890 rattt
1060 1861 1098 1889 illi
1115 1861 1308 1896 perridiculam
1338 1859 1456 1888 aﬁ'erun't
1472 1861 1633 1896 remigrandi
1649 1868 1775 1893 causam;

986 1907 1038 1935 sibi
1065 1907 1168 1935 scilicet
1190 1907 1378 1934 maturandum
1403 1907 1430 1934 in
1455 1906 1606 1940 Orientem,
1621 1907 1685 1942 quia
1701 1906 1774 1934 Con-

986 1953 1103 1982 stantius
1119 1953 1257 1986 Augustus
1280 1953 1379 1980 litteris
1403 1953 1591 1985 renuntiarat,
1607 1960 1732 1988 magnam
1747 1961 1778 1980 se

986 1999 1132 2039 Persarum
1147 2005 1264 2035 stragem
1277 2000 1407 2032 edidisse,
1424 2005 1452 2027 et
1475 2000 1588 2027 victoria
1603 1999 1693 2027 laetum
1712 2007 1779 2028 evo-

986 2054 1051 2074 care
1071 2047 1209 2082 praesules.
1232 2047 1302 2074 Ante
1328 2046 1481 2081 profectum
1511 2046 1630 2080 llosius,
1653 2054 1708 2082 quo
1726 2047 1779 2074 illis

987 2101 1096 2121 omnem
1111 2094 1241 2128 querendi
1265 2100 1377 2121 causam
1403 2093 1517 2127 levaret,
1538 2093 1664 2121 homines
1682 2094 1709 2119 in
1733 2100 1779 2120 ec-

988 2141 1098 2168 clesiam
1113 2142 1292 2168 adventantes
1306 2140 1405 2168 leniter
1422 2145 1449 2167 et
1465 2140 1577 2175 pacilice
1601 2144 1777 2167 commonet:

990 2187 1012 2215 si
1029 2187 1096 2222 quid
1110 2187 1236 2214 criminis
1249 2187 1370 2214 habeant
1390 2186 1538 2214 Athanasio
1561 2185 1728 2213 oﬁ‘erendum
1745 2191 1779 2211 ne

148 2229 387 2264 clesiasticumque
411 2231 528 2258 tribunal
557 2232 663 2264 adesse,
692 2232 736 2260 ubi
764 2240 817 2260 non
843 2241 936 2261 comes
953 2247 975 2274 υ
991 2238 1154 2261 cunctentur
1177 2233 1330 2265 enuntiare,
1350 2239 1457 2267 aequum
1481 2232 1538 2260 fore
1557 2239 1590 2259 ea
1608 2232 1643 2258 de
1660 2239 1689 2258 re
1707 2231 1779 2266 judi-

147 2282 231 2309 esset,
247 2283 299 2303 non
314 2277 424 2311 milites,
445 2286 498 2304 non
515 2278 688 2313 imperatoris
699 2278 826 2312 formido,
843 2280 891 2307 sed
902 2287 935 2307 ex

149 2323 266 2350 veritate
277 2331 359 2351 causa
374 2325 548 2358 penderetur,
566 2325 668 2360 ingenti
683 2330 748 2353 sunt
760 2331 866 2354 terrore
879 2334 938 2361 per-

149 2368 229 2395 culsi.
246 2368 348 2396 Praesto
360 2376 477 2404 namque
488 2375 566 2396 erant
577 2376 751 2398 accusatores
767 2379 800 2398 ex
823 2372 938 2407 singulis

149 2414 290 2446 Ecclestis,
304 2415 427 2448 urbibus,
446 2415 611 2450 regionibus,
635 2417 804 2452 argumentis
827 2423 854 2445 et
872 2426 937 2453 pro-

149 2461 306 2488 bationibus
332 2462 469 2489 instructi.
496 2462 678 2497 lnopportune
697 2463 833 2493 ceciderat
858 2465 934 2499 ipsis,

144 2501 222 2542 lquod
243 2508 297 2535 duo
321 2509 493 2536 venerabiles
514 2510 645 2544 episcopi,
677 2510 759 2538 Arius
786 2511 894 2539 scilicet
911 2512 938 2538 in

150 2552 292 2580 Palaestina
307 2554 450 2588 episcopus
464 2558 492 2581 et
507 2555 632 2582 Asterius
655 2554 798 2582 Petrarntn
821 2556 848 2584 in
869 2557 938 2584 Ara-

150 2600 206 2631 bia,
221 2600 267 2634 qui
284 2607 345 2627 cum
360 2600 536 2628 factiosorum
551 2606 659 2628 caterva
672 2610 705 2629 ex
719 2601 834 2630 Oriente
853 2610 937 2630 vene-

150 2649 222 2677 rant,
243 2651 305 2671 cum
323 2645 441 2679 primum
461 2645 604 2673 Sardicam
638 2646 831 2679 advenissent,
851 2647 938 2674 desci-

149 2695 260 2718 scerent
280 2690 314 2717 ad
340 2691 538 2724 Occidentales,
554 2699 586 2719 ac
606 2692 740 2720 vafritiem
753 2694 935 2728 conspiratio-

150 2743 267 2770 nemque
290 2737 431 2764 hominum
457 2738 566 2765 ceteris
588 2739 785 2772 renuntiarent,
814 2747 936 2768 comme-

186 2808 349 2845 (tt)‘Athan.
374 2810 451 2844 Apol.
477 2817 569 2838 contra
592 2811 684 2839 Arion.
701 2821 728 2841 n.
744 2813 790 2845 56,
808 2812 860 2845 55;
887 2812 934 2840 So-

150 2849 220 2883 crat.
236 2844 290 2883 _lib.
305 2851 351 2883 _n,
377 2852 437 2879 cap.
458 2845 513 2883 ξος
537 2846 645 2874 Sozam.
671 2848 717 2876 lib.
748 2844 858 2883 tt,me
881 2849 932 2875 ll-

151 2878 286 2907 Thvzodor.
305 2879 322 2905 l.
342 2887 361 2912 ι,
381 2878 440 2915 cap.
458 2881 484 2907 7.

993 2281 1073 2308 :ium.
1089 2279 1138 2307 llis
1151 2287 1235 2307 senex
1250 2279 1342 2307 verbis
1360 2278 1508 2313 alloquitur
1524 2277 1732 2309 consceleratos,
1746 2284 1779 2304 ac

990 2327 1032 2354 bis
1046 2327 1183 2359 hortatur,
1201 2326 1224 2354 si
1245 2325 1348 2353 nollent
1373 2325 1399 2352 in
1424 2329 1573 2360 conspectu
1595 2324 1704 2360 synodi,
1725 2323 1778 2351 sibi

989 2372 1085 2400 saltem
1108 2372 1228 2399 indicent
1253 2372 1318 2406 quid
1337 2376 1414 2399 esset
1439 2369 1628 2406 querimOnite.
1649 2369 1678 2397 Si
1702 2376 1778 2397 reum

989 2423 1118 2453 peragant
1141 2418 1333 2450 Athanasium,
1363 2417 1547 2444 damnandum
1575 2416 1717 2451 pollicetur
1743 2415 1778 2442 ab

988 2463 1209 2492 Occidentalibus
1231 2472 1239 2497 ;
1262 2463 1303 2490 sin
1326 2463 1421 2490 insons
1442 2462 1497 2496 ille,
1524 2462 1576 2497 ipsi
1605 2461 1778 2497 sycophantas

991 2510 1238 2546 deprehendantur,
1261 2515 1288 2536 et
1314 2513 1405 2536 tamen
1426 2509 1513 2536 nolint
1530 2508 1618 2535 virum
1642 2508 1776 2541 recipere,

991 2560 1129 2583 auctorem
1142 2555 1191 2589 ipsi
1208 2554 1278 2585 fore,
1295 2559 1324 2581 ut
1335 2555 1362 2581 in
1379 2554 1525 2589 Hispanias
1550 2560 1643 2580 secum
1667 2552 1779 2587 proﬁci-

991 2606 1093 2629 scatur.
1106 2600 1307 2632 Conditionem,
1316 2600 1450 2635 disparem
1465 2600 1528 2627 licet
1539 2599 1716 2634 etiniquam,
1730 2605 1779 2626 ac-

991 2648 1109 2682 cipiebat
1131 2647 1308 2675 Athanasius.
1339 2645 1438 2674 Verum
1461 2645 1511 2678 illi,
1542 2650 1619 2673 tanto
1646 2644 1775 2672 nimirum

991 2692 1167 2721 conscientia:
1180 2692 1277 2720 timore
1289 2693 1460 2727 tenebantur,
1478 2699 1536 2719 rem
1557 2695 1668 2727 negant,
1684 2695 1713 2718 et
1734 2690 1778 2718 fu-

992 2748 1052 2776 gam
1069 2740 1184 2768 iaciunt.
1198 2739 1252 2767 lter
1267 2739 1405 2774 ingressos
1423 2738 1544 2773 synodus
1558 2738 1644 2766 mittit
1657 2737 1778 2774 compel-

1025 2812 1062 2847 (b)
1077 2812 1173 2840 Athan.
1191 2811 1267 2845 Apol.
1282 2815 1373 2838 contra
1387 2810 1494 2843 Arium,
1511 2819 1538 2839 n.
1555 2810 1600 2839 56.

1028 2846 1063 2882 (Γ)
1078 2847 1162 2874 Hilar.
1182 2847 1290 2882 Fragm.
1309 2847 1336 2879 2,
1356 2855 1371 2874 ιι
1400 2848 1426 2874 7.

1420 2932 1429 2946 ι
