2016 3046
254 207 297 226 ειν
905 197 1168 225 ΡΒΟΗΞΟΟΜΕᾹΑ.

254 258 347 288 latum,
375 255 614 288 denuntiatumque
636 253 803 281 damnandos
829 253 886 280 fore
910 258 939 279 ut
957 261 1034 288 syco-
1049 258 1070 284 A
1091 255 1129 282 ria
1145 259 1296 289 temporum
1314 255 1431 282 amissus.
1448 254 1538 282 Prima
1557 263 1653 290 nempe
1677 256 1709 282 ad
1727 255 1826 283 clcrnm
1842 260 1871 285 et

254 303 378 338 phantas,
402 300 453 327 nisi
476 307 506 326 se
527 299 663 326 sisterent.
689 299 724 325 At
744 299 780 324 illi
803 306 864 324 cum
889 299 966 326 tiosos
988 307 1032 326 ve-

254 353 385 382 xatosque
405 353 420 372 a
447 352 476 371 se
499 345 571 371 viros
590 351 682 371 coram
705 344 901 377 conspicerent,
921 350 954 370 uc
968 351 1032 370 con-

252 400 331 420 verso
347 392 453 426 quidem
469 390 502 417 ad
513 390 616 425 legatos
631 389 716 422 vultu,
735 389 926 424 properantius
945 390 1032 424 fugie-

252 439 325 466 bant.

286 485 312 512 ι.
335 484 446 511 Exsul"
473 483 586 516 depulsis
610 482 762 509 criminibus
790 483 976 510 restituuntur.
997 497 1031 502 —

250 531 316 559 Cum
334 531 415 565 igitur
425 529 575 557 Orientales
590 528 715 555 indecore
731 535 763 554 ac
781 528 897 561 turpiter
917 535 947 554 se
969 536 1031 562 pro-

249 577 408 611 ripuissent,
433 581 488 602 tum
514 575 608 609 reliqui
623 573 718 601 Patres
733 573 857 600 exsulum
877 578 905 600 et
917 581 1029 608 oppres-

249 630 340 651 sorum
355 628 464 648 causam
479 615 590 655 agitant.
602 618 740 653 Leguntur
755 620 851 646 littera:
862 619 925 646 cleri
939 624 966 646 et
983 627 1029 653 po-

248 667 303 702 puli
322 666 511 697 Alexandrini,
534 665 630 692 littera:
645 672 752 699 quoque
771 665 907 699 octoginta
924 664 1028 700 Egyp-

248 714 347 740 tiorum
363 713 562 746 episcoporum,
578 711 701 741 diversae,
720 716 747 736 ut
762 715 896 744 putamus,
923 711 957 738 ab
978 711 1030 738 illis

248 759 281 786 de
299 758 395 792 quibus
412 758 445 784 ad
459 764 558 784 annum
571 756 624 783 ΗΟ
638 757 740 783 dictum
758 761 808 782 cst.
834 755 916 792 l-lrant
936 755 1029 782 isthmc

249 805 357 831 totidem
372 803 533 830 innocentia:
548 801 716 834 testimonia,
744 801 843 833 quibus
863 801 1028 835 purgabatur

247 849 409 877 Athanasius
425 850 459 875 ab
471 848 560 874 allatis
575 847 747 874 criminibus.
765 845 913 874 Vertuntnr
928 846 959 873 ad
971 847 1028 874 [nec

246 893 455 922 decantataeilla:
473 893 675 920 Melctianortnn
691 892 876 919 accusationes
886 892 920 918 de
930 897 1027 919 enecto

1085 301 1209 334 populum
1226 301 1448 332 Alexandrinum,
1461 301 1505 327 tibi
1523 302 1618 328 ordine
1633 307 1809 329 recensentur
1825 311 1868 330 res

1084 347 1110 372 in
1126 346 1230 381 synodo
1247 351 1344 379 gestae;
1362 346 1492 381 aiuntque
1511 347 1605 373 Patres
1635 354 1665 374 se
1686 355 1795 382 rogasse
1812 350 1869 375 An-

1082 397 1174 426 gustos
1187 397 1216 418 ut
1231 391 1292 418 linis
1308 393 1414 418 tandem
1435 398 1508 419 esset
1522 394 1635 420 vexandi
1653 394 1802 428 episropns,
1821 402 1866 420 ar-

1081 442 1261 472 cerentur-que
1275 438 1381 472 jndices
1396 446 1411 464 a
1424 439 1514 466 causis
1525 439 1686 466 clericorum
1700 448 1708 467 :
1724 440 1868 467 hortantur

1082 487 1111 509 ut
1136 483 1292 509 redeuntem
1316 483 1507 515 Athanasium,
1531 489 1634 518 patrem
1662 490 1689 511 et
1711 485 1866 519 episcopum

1081 535 1170 560 suum,
1188 528 1335 555 honorifice
1346 533 1374 554 et
1389 536 1449 555 cum
1474 529 1572 563 gaudio
1587 529 1738 563 recipiant:
1757 535 1867 558 monent

1081 572 1239 607 Gregorium
1257 573 1302 599 τὸν
1318 573 1536 608 ψευδεπίσκοπον
1555 581 1570 600 a
1592 575 1694 608 synodo
1711 576 1865 602 damnatum

1081 623 1106 645 ct
1119 619 1270 645 abdicatum
1283 621 1344 646 esSe
1357 627 1365 645 :
1377 619 1486 646 edicunt
1504 624 1531 645 ut
1549 619 1621 645 nulla
1639 627 1698 645 cum
1714 627 1747 646 eo
1761 620 1866 647 ineatur

1080 664 1278 691 communionis
1291 665 1417 692 societas.
1439 665 1578 692 Admissos
1595 665 1715 692 indicant
1729 671 1758 692 ut
1775 667 1866 693 inson-

1081 714 1131 741 tes,
1157 709 1351 743 Aphthonium,
1379 710 1557 737 Athanasium
1579 711 1728 745 Capitonis,
1751 710 1864 737 Paulum

1078 759 1107 781 et
1130 753 1281 782 Plutionem
1311 754 1485 789 presbyteros
1514 755 1604 788 pulsos
1628 756 1662 782 ab
1693 755 1862 783 Eusebianis.

1079 799 1126 827 His
1148 800 1245 827 similia
1269 800 1394 827 scribunt
1419 802 1453 827 ad
1475 801 1615 836 episcopos
1637 800 1778 836 Egyptios
1802 801 1862 836 (ωε

1078 846 1201 881 pluribus
1212 850 1300 873 autem
1318 846 1410 873 omnia
1425 846 1451 873 in
1465 847 1600 881 encyclica
1618 848 1744 882 epistola.
1761 848 1800 874 Ad
1816 847 1867 875 Ju-

1079 891 1143 917 limn
1174 898 1269 925 papam
1300 890 1463 922 scribentes,
1486 891 1578 918 iisdem
1603 891 1687 919 ferme
1709 893 1862 924 recensitis,

245 938 359 966 Arsenio
374 938 446 965 etde
462 938 544 965 calice
558 937 655 969 fracto,
671 943 786 970 quarum
810 936 902 963 statim
919 936 1026 963 vanitas
1043 930 1063 957 Β
1079 936 1209 970 adjiciunt
1232 935 1326 963 Patres
1337 943 1367 963 se
1380 936 1417 963 ita
1430 938 1552 969 credere,
1566 943 1595 964 ut
1609 945 1716 971 semper
1729 943 1793 964 ante
1807 945 1864 965 cre-

246 985 333 1019 palam
351 983 412 1012 fuit.
437 982 569 1010 Arsenius
593 982 704 1017 quippe,
726 989 805 1015 quem
833 983 1026 1008 obtruncatum

243 1029 408 1064 jactitarant,
423 1029 493 1055 inter
506 1029 580 1055 vivos
595 1028 769 1061 comparebat
787 1027 891 1061 integer
907 1032 936 1054 et
952 1027 1026 1053 inco-

244 1075 335 1101 lumis.
350 1077 418 1101 Acta
435 1077 525 1100 autem
541 1072 697 1105 Mareotica,
718 1080 733 1098 τι
747 1072 871 1099 factiosis
883 1072 966 1104 cdita,
985 1073 1026 1099 in-

245 1124 287 1148 ter
303 1126 332 1148 se
348 1119 513 1154 pugnabant,
531 1123 560 1145 ut
571 1124 614 1146 est
627 1119 752 1153 superius
765 1122 934 1145 enarratum.
955 1117 1025 1144 Mar-

245 1165 328 1193 cellus
343 1165 406 1192 item
420 1170 448 1191 et
461 1164 590 1198 Asclcpas
617 1167 701 1199 probe
723 1169 750 1190 et
775 1163 883 1190 naviter
905 1163 1022 1191 crimina

244 1211 410 1245 propulsant.
441 1218 473 1237 ac
502 1210 605 1237 innoxii
642 1209 891 1244 deprehenduntur.
923 1208 1024 1236 Pratsto

243 1262 320 1284 erant
342 1256 386 1283 alii
412 1257 587 1284 scelestarum
612 1260 805 1283 accusatores:
830 1255 1023 1290 comparebant

244 1303 294 1330 viri
307 1303 341 1330 ab
352 1302 446 1330 exsilio
460 1302 571 1334 reversi,
585 1301 697 1328 aliorum
712 1302 774 1329 item
790 1301 913 1328 exsulum
929 1301 1021 1336 legati,

243 1349 445 1383 familiareSque
457 1349 572 1375 aliorum
588 1348 632 1382 qui
646 1347 788 1375 ferocitate
806 1348 936 1374 Arianica
957 1347 1020 1374 cassi

243 1395 350 1422 fuerant
360 1403 367 1422 :
378 1394 531 1429 proferebat
545 1392 644 1421 Lucius
659 1398 781 1426 catenas,
795 1393 892 1428 quibus
902 1393 1022 1420 constri-

241 1446 301 1468 ctus
319 1445 484 1475 onustosque
500 1440 597 1468 fuerat.
626 1439 740 1467 Vulnera
758 1439 802 1466 alii
825 1439 1020 1466 ostentabant:

241 1486 312 1513 fame
326 1490 353 1512 et
365 1485 452 1512 inedia
465 1493 494 1512 se
516 1483 629 1512 alliictos
651 1484 770 1511 nonnulli
796 1485 1020 1512 testilicabantur.

240 1531 366 1558 Oratores
392 1539 407 1558 a
429 1530 544 1558 diversis
570 1531 644 1558 missi
666 1530 796 1557 Ecclesiis
812 1531 1019 1563 denuntiabant,

239 1577 340 1604 milites
353 1582 472 1605 armatos
490 1577 627 1604 immissos
649 1576 676 1603 in
699 1576 842 1608 ecclesias,
870 1576 1018 1610 turbasque

238 1622 322 1650 clavis
337 1623 493 1654 instructas,
509 1622 611 1649 litteras
623 1622 648 1648 in
666 1622 813 1656 perniciem
832 1621 1019 1656 episcoporum

238 1669 377 1698 confictas.
394 1668 482 1696 Lectae
503 1674 566 1697 sunt
586 1669 682 1695 littera:
706 1676 721 1694 ιι
743 1667 882 1702 Thcoguio
904 1667 959 1702 jam
973 1668 1020 1695 de-

240 1713 330 1741 functo
344 1714 378 1740 ad
392 1715 528 1749 Augustos
543 1713 642 1744 missae,
657 1712 750 1740 dolose
775 1713 908 1744 conﬁctae,
922 1713 1020 1748 quibus

241 1760 418 1794 imperatores
449 1759 629 1786 inﬂammaret
652 1758 680 1785 in
710 1758 890 1786 Athanasium
915 1767 922 1791 ;
953 1767 1021 1793 quas

240 1813 329 1833 verea
343 1805 481 1840 Theognio
494 1806 572 1832 datas
593 1804 658 1832 fassi
678 1809 742 1831 sunt
763 1803 821 1837 ejus
839 1804 955 1831 diaconi.
973 1803 1020 1831 llis

238 1850 350 1886 adjectae.
365 1851 497 1885 virginum
512 1849 718 1882 denudationes,
733 1849 909 1876 ecclesiarum
929 1849 1021 1876 incen-

236 1897 292 1929 dia,
309 1904 445 1928 carceres,
460 1903 520 1930 qua:
535 1895 604 1922 mala
622 1896 648 1923 in
661 1896 777 1930 gratiam
796 1895 961 1923 Arianorqu
977 1896 1018 1922 iu-

236 1942 308 1969 ﬂicla
323 1942 442 1969 fuerant.

271 1988 297 2016 5.
321 1988 414 2014 Ariani
431 1987 542 2020 episcopi
560 1987 729 2016 damnantur.
747 2002 782 2008 -—
804 1988 839 2016 iis
871 1989 1019 2023 perspectis

237 2042 269 2062 ac
286 2034 368 2068 probe
384 2034 613 2065 commonstratis,
630 2033 725 2060 Patres
742 2035 932 2068 Athanasium,
949 2035 1020 2061 Mar-

237 2081 346 2112 cellum,
364 2080 517 2114 Asclepam,
535 2079 656 2114 aliosque
673 2080 763 2114 pulsos
777 2080 916 2115 episcopos
931 2081 1019 2108 decla-

238 2130 298 2153 rant
317 2126 483 2157 innocentes,
505 2125 653 2152 restituunt
677 2125 704 2152 in
727 2126 816 2157 sedes,
839 2126 865 2153 in
890 2126 1019 2154 ecclesias

235 2173 385 2204 remittunt,
412 2172 555 2207 missisque
582 2172 679 2199 litteris
705 2171 800 2206 jubent
826 2180 841 2199 a
863 2171 1018 2199 Christiana

236 2219 313 2254 plebe
331 2219 422 2254 recipi.
439 2219 466 2246 In
482 2219 680 2247 consceleratos
699 2224 788 2246 autem
805 2227 909 2252 severe,
930 2220 1018 2254 gravi—

1076 982 1215 1010 didissent.
1237 982 1357 1009 Prohant
1376 987 1570 1017 acceptumque
1594 983 1694 1010 habent
1713 983 1776 1011 Julii
1798 991 1862 1010 con-

1075 1028 1175 1058 silium,
1191 1028 1236 1060 qui
1254 1036 1306 1054 non
1325 1030 1382 1056 sine
1395 1036 1477 1056 causa
1494 1028 1636 1056 Sardicam
1655 1037 1708 1055 una
1725 1037 1785 1056 cum
1800 1030 1862 1056 aliis

1075 1081 1127 1101 non
1141 1075 1323 1101 concesserit:
1341 1075 1611 1110 congruentissimnm
1630 1075 1714 1102 videri
1729 1075 1779 1101 sibi
1792 1076 1815 1102 si
1826 1076 1861 1101 ad

1074 1124 1162 1153 caput,
1178 1120 1203 1146 id
1230 1124 1279 1151 est,
1296 1119 1369 1146 Petri
1386 1120 1499 1153 apostoli
1512 1121 1609 1153 sedem,
1630 1122 1662 1148 de
1673 1121 1785 1155 singulis
1801 1122 1860 1156 qui-

1075 1166 1171 1200 busque
1189 1166 1330 1200 provinciis
1351 1166 1458 1193 Domini
1482 1168 1596 1201 referunt
1617 1169 1776 1194 sacerdotes.
1793 1167 1860 1194 Nar-

1075 1215 1135 1238 rant
1157 1211 1274 1238 breviter
1295 1219 1355 1245 quae
1371 1217 1445 1246 gesta
1468 1212 1586 1240 Sardicaa
1609 1213 1674 1240 sint.
1693 1213 1756 1240 Tria
1777 1213 1862 1241 fuisse

1074 1257 1272 1291 pertractanda,
1294 1257 1328 1284 de
1344 1257 1396 1284 lide
1415 1258 1530 1291 srilicut,
1545 1259 1578 1286 de
1600 1261 1704 1286 vexatis
1727 1265 1754 1286 et
1775 1260 1860 1294 pulsis

1072 1302 1216 1336 episcopis,
1229 1303 1263 1329 de
1275 1302 1415 1330 sceleratis
1430 1307 1565 1330 tantarum
1579 1305 1735 1332 auctoribus
1747 1305 1858 1332 calami-

1074 1353 1169 1374 t-atum.
1191 1349 1336 1384 Exagitant
1356 1350 1454 1377 deinde
1476 1350 1574 1384 impios
1591 1356 1619 1378 et
1637 1351 1776 1385 imperitos
1794 1351 1858 1379 ado-

1072 1393 1215 1428 lescentes,
1239 1396 1278 1422 sic
1294 1399 1391 1422 vocant
1410 1395 1551 1424 Ursacium
1573 1402 1599 1424 et
1615 1397 1768 1428 Valentem,
1786 1398 1859 1432 quod

1072 1448 1210 1474 nunquam
1226 1440 1306 1468 linem
1318 1441 1438 1469 facerent
1450 1442 1627 1470 adulterinam
1640 1444 1785 1477 spargendi
1816 1444 1859 1470 do-

1072 1486 1198 1513 ctrinam.
1225 1486 1361 1513 Valentem
1386 1488 1503 1515 maxime
1521 1493 1645 1522 carpunt,
1658 1489 1739 1522 quod,
1765 1488 1857 1516 relicta

1071 1532 1186 1559 ecclesia
1200 1539 1260 1563 sua,
1274 1532 1401 1564 alienam,
1414 1534 1540 1560 nimirum
1553 1534 1766 1568 Aquileiensem,
1783 1535 1858 1560 iuva-

1072 1577 1136 1604 dere
1161 1582 1306 1611 tentasset;
1330 1585 1384 1612 quo
1412 1578 1511 1605 factum
1537 1583 1566 1605 ut
1589 1585 1723 1606 commota
1747 1580 1859 1606 civitate

1073 1631 1141 1650 unus
1158 1631 1191 1650 ex
1207 1623 1347 1656 fratribus,
1370 1623 1462 1650 Viator
1485 1625 1604 1658 nomine,
1629 1625 1742 1651 obrutus
1761 1631 1788 1652 et
1810 1633 1858 1660 op-

1072 1676 1182 1703 pressus
1205 1669 1310 1696 l'nissct.
1335 1669 1414 1697 Hisce
1439 1669 1560 1704 epistolis
1583 1677 1680 1697 nomen
1704 1671 1858 1704 ascripsere

1070 1713 1164 1741 Patres
1191 1713 1377 1746 Sardicenses,
1405 1719 1486 1750 atque
1506 1716 1604 1743 exinde
1628 1715 1704 1742 multi
1728 1716 1774 1750 qui
1802 1724 1855 1742 non

1070 1760 1211 1786 adfuerant
1226 1761 1325 1787 dedere
1344 1760 1513 1794 suffragium,
1530 1768 1600 1791 quos
1614 1762 1647 1789 ad
1663 1769 1797 1789 cctxutv
1814 1769 1858 1790 re-

1070 1810 1163 1833 censet
1175 1807 1352 1835 Athanasius.

1105 1853 1132 1879 7.
1154 1851 1228 1879 Nihil
1238 1853 1270 1879 de
1281 1853 1333 1884 ﬁde
1345 1852 1464 1880 Serdica
1476 1859 1573 1880 actum.
1587 1868 1623 1875 -—
1635 1853 1673 1881 De
1687 1854 1739 1881 [ide
1748 1861 1857 1888 quoque

1071 1904 1159 1925 actum
1177 1897 1296 1926 Sardicze
1315 1900 1382 1932 fuit;
1406 1907 1455 1927 nec
1476 1900 1588 1927 deerant
1609 1902 1655 1934 qui
1673 1908 1770 1927 novam
1793 1899 1855 1926 lidei

1069 1944 1213 1972 formulam
1233 1946 1258 1972 in
1271 1946 1394 1972 1uedium
1410 1945 1536 1974 aﬂ'errent
1558 1947 1751 1973 admittendam
1767 1954 1782 1972 a
1806 1953 1854 1980 sy-

1070 1992 1150 2024 nodo,
1171 1996 1252 2025 atque
1265 1993 1499 2027 promulgandam,
1515 1993 1590 2026 quasi
1608 1992 1733 2019 videlicet
1752 1992 1854 2026 aliquid

1070 2036 1096 2063 in
1113 2037 1220 2064 Nicmna
1233 2038 1446 2065 desideraretur.
1465 2038 1541 2071 Quod
1559 2039 1669 2072 indigne
1694 2039 1780 2066 tulere
1801 2038 1854 2064 l’a-

1070 2087 1135 2114 tres,
1163 2083 1396 2118 decreveruntque
1422 2084 1521 2110 nullam
1554 2084 1667 2112 ulterius
1689 2085 1732 2111 edi
1755 2084 1854 2111 debere

1069 2127 1129 2154 lidei
1151 2127 1304 2161 formulam,
1325 2136 1357 2155 eo
1370 2129 1440 2162 quod
1460 2135 1531 2156 esset
1549 2129 1657 2155 Nicmna
1674 2130 1759 2161 satis;
1778 2134 1806 2155 ut
1820 2136 1854 2155 ne

1070 2172 1232 2199 turbulentis
1261 2173 1416 2200 hominibus
1440 2181 1523 2201 novas
1549 2174 1687 2201 scribendi
1723 2173 1853 2200 formulas

1069 2217 1132 2244 hinc
1155 2218 1262 2245 occasio
1283 2218 1364 2245 foret.
1386 2219 1513 2246 Oblatum
1536 2224 1625 2246 autem
1643 2219 1794 2252 huiusmodi
1812 2227 1854 2246 re-

237 2269 278 2292 ter
296 2268 323 2291 et
351 2265 438 2300 prisoe
454 2269 553 2291 actum.
570 2264 622 2291 Eos
636 2271 761 2298 namque,
778 2265 823 2299 qui
836 2264 956 2298 lnporum
974 2265 1015 2291 in-
1034 2273 1056 2300 ι)
1068 2263 1197 2296 scriptum
1219 2263 1333 2297 idipsnm
1356 2270 1466 2298 putatur
1484 2272 1554 2297 esse,
1573 2265 1645 2300 quod
1669 2265 1854 2293 'l‘heodoretus

234 2315 291 2337 star
305 2310 383 2338 sedes
401 2310 538 2344 pulsorum
555 2310 720 2342 invaserant,
738 2310 897 2343 Gregorium
913 2310 1017 2337 scilicet

233 2356 454 2388 Alexandrinum,
480 2355 607 2383 Basilium
630 2358 817 2391 Ancyranum,
839 2355 1015 2388 Quintianum

233 2402 393 2434 Gazensem,
411 2410 445 2429 ne
460 2402 639 2430 nominaudos
660 2403 769 2436 quidem
789 2403 932 2437 episcopos
949 2402 1015 2429 deli-

233 2450 310 2476 niunt
325 2457 412 2484 neque
426 2457 486 2476 cum
507 2448 573 2482 ipsis
587 2449 668 2475 ullam
681 2448 831 2475 habendam
844 2449 1012 2475 societatem.

233 2496 404 2522 Theodorum
415 2501 504 2522 autem
520 2495 665 2527 Heracleae,
678 2493 832 2521 Narcissum
845 2493 1014 2524 Neroniadis,

231 2541 358 2568 Acacium
382 2540 513 2568 Caesarea:
535 2540 694 2572 Palzestime,
723 2540 890 2574 Stephanum
920 2539 1014 2566 Antio-

232 2586 311 2618 chiae,
327 2585 467 2613 Ursacium
481 2586 646 2621 Singidonis,
662 2586 801 2613 Valentem
815 2585 909 2616 Μαι-δί,
927 2585 1014 2613 Meno-

230 2632 358 2666 phantum
382 2631 489 2667 Ephesi,
510 2631 656 2668 Georgiqu
675 2631 825 2665 Laodiceae,
841 2633 974 2658 damnant
987 2635 1014 2659 et

231 2679 366 2706 ahdicant.

265 2724 291 2749 6.
312 2721 440 2756 Epistola:
454 2724 595 2758 synodica.
608 2738 644 2743 —
657 2722 704 2750 llis
719 2723 847 2757 peractis,
867 2730 926 2756 qua:
938 2727 1011 2757 gesta

231 2769 256 2795 in
278 2770 382 2803 synodo
401 2769 515 2796 fuissent
528 2769 625 2796 litteris
642 2770 739 2803 ubique
755 2769 942 2802 signiﬁcantur
958 2768 1008 2802 (ιι),

229 2817 348 2846 Quarum
360 2820 469 2841 exstant
483 2815 564 2842 etiam
581 2823 650 2841 nunc
671 2820 797 2849 quatuor,
820 2814 925 2840 caeteris
939 2813 1009 2846 inju-

263 2873 302 2908 (n)
315 2872 411 2908 Athan.
426 2871 495 2898 Ilisl.
507 2872 599 2908 Arion.
611 2873 644 2899 ad
657 2873 805 2903 morturhos,
819 2871 1007 2904 n.19,‘20,‘2l.

263 2906 300 2932 (hi
317 2907 400 2932 llilar.
418 2907 469 2934 col.
493 2906 570 2933 1'290.
598 2927 605 2938 ,

1069 2310 1102 2343 τῇ
1127 2309 1262 2344 ὲγκυκλίῳ
1275 2309 1393 2343 epistola:
1416 2311 1521 2337 concilii
1544 2311 1711 2338 Sardicensis
1726 2311 1851 2338 atlexuit.

1070 2356 1133 2382 Haec
1157 2356 1265 2382 Patrum
1292 2356 1491 2383 Sardicensium
1512 2361 1584 2388 acta,
1602 2357 1659 2383 haec
1672 2362 1746 2391 gesta
1767 2357 1850 2383 luere.

1069 2402 1109 2429 Ad
1125 2403 1181 2428 haec
1196 2410 1269 2433 vero,
1285 2409 1344 2436 quae
1364 2402 1533 2436 disciplinam
1550 2403 1710 2436 spectabant
1723 2402 1852 2429 ecclesia-

1067 2447 1173 2478 sticam,
1187 2448 1280 2482 viginti
1295 2449 1444 2474 canonibns
1457 2450 1604 2474 constituta
1622 2455 1696 2475 sunt.

1101 2494 1128 2521 8.
1157 2493 1277 2528 Synodus
1300 2499 1418 2520 oratores
1442 2495 1476 2520 ad
1497 2493 1680 2521 Constantium
1703 2494 1792 2520 mittit.
1815 2508 1850 2514 ~—

1067 2540 1194 2567 Oratores
1220 2545 1312 2574 pnslea
1338 2540 1456 2574 synodus
1480 2541 1564 2567 mittit
1588 2540 1622 2567 ad
1650 2541 1849 2571 Constantium,

1066 2585 1236 2613 Vincentium
1251 2593 1346 2620 nempe
1357 2586 1514 2620 Capuanum
1524 2587 1679 2621 episropum
1690 2594 1716 2613 et
1729 2586 1850 2620 Euphra-

1066 2635 1118 2656 tam
1129 2631 1328 2662 Coloniensem,
1341 2631 1386 2665 qui
1397 2638 1459 2657 cum
1469 2632 1590 2665 Angusto
1602 2632 1633 2657 de
1645 2631 1730 2666 gestis
1743 2631 1848 2666 synodi,

1064 2679 1149 2711 deque
1162 2677 1282 2703 exsulum
1298 2685 1378 2704 causa
1391 2683 1500 2711 agerent
1514 2677 1559 2712 (ε).
1572 2677 1675 2710 Quibus
1687 2678 1766 2703 etiam
1776 2684 1849 2703 com-

1065 2723 1236 2749 mendatitias
1249 2724 1281 2749 ad
1299 2722 1408 2749 fratrem
1431 2723 1536 2750 litteras
1555 2723 1629 2749 dedit
1643 2722 1777 2749 Constans
1793 2723 1848 2749 Au-

1065 2774 1168 2801 gustus,
1187 2768 1375 2794 interminatus
1393 2768 1470 2794 fratri
1490 2767 1599 2800 bellum,
1619 2768 1669 2794 nisi
1687 2767 1770 2801 pulsis
1782 2774 1850 2800 pm:-

1065 2814 1166 2839 sulibus
1184 2814 1210 2840 in
1225 2814 1354 2841 ecclesias
1367 2821 1430 2841 suas
1446 2815 1596 2840 revcrtendj
1613 2814 1718 2846 copiam
1736 2813 1847 2839 faecret.

1100 2872 1134 2906 (ε)
1163 2872 1268 2900 Socrat.
1294 2873 1340 2899 lib.
1367 2881 1397 2904 ll,
1428 2881 1488 2907 cap.
1515 2873 1562 2905 ‘13;
1588 2873 1696 2900 Sozam.
1734 2871 1780 2899 lib.
1808 2878 1848 2901 In,

1062 2916 1119 2940 cap.
1138 2908 1181 2933 20.
