2016 3046
794 149 875 177 YlTA
897 150 925 177 S.
948 150 1142 179 ATllANASll.
1750 166 1782 186 cr

154 211 315 241 Constantio
327 211 455 238 nimirum
478 214 572 238 auctor
587 214 629 237 est
641 214 670 236 ut
686 209 821 244 episcopis
838 209 944 237 facilem
961 214 983 240 Α
997 211 1154 237 danmatum
1182 210 1390 246 abdicatumque
1413 211 1496 240 fuisse
1520 216 1547 241 et
1570 213 1604 240 ab
1622 212 1781 248 imperatore

156 259 276 294 praebeat
290 265 394 287 aurem,
411 256 542 291 Stephani
558 255 719 284 Antiocheni
736 260 763 283 et
779 255 942 283 asseclarum

155 306 258 334 scelera
273 305 433 340 perpendat,
457 303 645 335 Athanasium,
660 302 829 336 deprehensa
848 303 945 330 adver—

154 353 289 381 sariorum
306 350 485 387 sycophantia
500 354 527 377 et
546 349 720 383 malignitate,
738 349 812 384 gregi
836 356 886 376 suo
902 356 944 376 re-

155 399 230 426 stitui
244 399 340 432 jubeat
356 404 363 424 :
384 398 407 424 si
423 400 502 431 neget
518 395 664 430 postulata,
680 403 751 427 sese,
766 395 882 422 admotis
897 402 943 422 co-

155 447 218 482 piis,
237 444 439 480 proﬁigatisque
459 443 592 470 scelerum
619 442 786 473 auctoribus,
807 441 942 469 hominem

155 490 347 518 Alexandriam
374 488 562 516 deducturum.
594 486 686 514 Saluta
716 494 797 521 porro
828 488 942 522 synodo,

155 540 282 567 Naissum
299 536 466 564 Athanasius
480 536 507 562 in
524 536 692 570 superiorem
710 534 818 561 Daciam
835 541 865 561 se
878 541 943 561 con-

155 585 220 616 fert,
235 585 280 612 ubi
298 588 481 612 commoratus
501 586 544 609 est
565 581 650 609 donec
664 585 823 609 evocaretur
842 588 857 608 a
874 579 943 608 Con-

154 636 255 659 stante.

191 676 217 703 9.
236 674 412 702 Orientalium
427 673 555 708 facinora.
573 687 608 692 —
627 673 700 700 Inter
715 673 772 700 haec
791 671 942 700 Orientales

155 722 260 757 profugi
275 722 300 748 in
323 721 480 751 Thraciam,
502 726 562 754 qua:
573 719 606 746 ad
624 719 775 746 Constantii
798 717 941 752 imperium

155 768 318 803 pertinebat,
336 773 398 793 sese
412 765 610 800 recipiuntlu).
625 764 691 798 Quia
705 769 795 791 autern
811 765 939 799 permulti

154 814 181 841 in
198 813 318 840 Thracia
333 817 413 839 erant
429 811 561 846 episcopi,
580 811 626 845 qui
652 819 666 838 a
680 811 870 838 seditiosorum
886 810 941 838 [Γε-

153 860 264 896 quentia
284 864 311 886 et
325 859 510 886 communione
527 859 718 890 abhorrerent,
734 857 836 885 delatos
854 857 890 884 illi
909 857 942 884 ad

154 905 356 935 Constantium,
368 904 412 938 qui
423 903 531 930 Arianis
540 903 630 930 omnia
640 902 804 937 indulgebat,
814 908 942 929 curarunt

155 950 235 977 malis
264 953 290 976 el.
315 949 515 976 calamitatibus
537 948 618 980 afﬁci,
641 953 669 975 et
693 948 835 976 nonnullos
861 949 941 975 etiam

154 995 264 1030 capitali
290 995 421 1022 sententia
444 995 579 1021 damnari.
603 994 667 1027 Quae
692 994 799 1029 quidem
825 994 941 1021 maxima

154 1049 219 1076 pars
235 1046 294 1075 post
308 1041 440 1077 synodum
467 1041 739 1076 Philippopolitanam
762 1041 940 1075 contigerunt.

154 1086 227 1120 Fuga
243 1091 333 1113 tamen
351 1085 466 1121 Olympii
488 1085 634 1118 A‘Jnorum,
655 1091 683 1112 et
700 1085 830 1113 Theoduli
851 1085 943 1119 Traja—

154 1133 313 1168 nopolitani,
327 1134 402 1165 prius
414 1140 494 1167 quam
508 1133 691 1160 scriberentur
701 1140 715 1158 a
727 1133 832 1168 synodo
847 1132 943 1159 littera:

154 1179 285 1206 accidisse
306 1179 421 1206 videtur.
448 1179 479 1206 Hi
508 1178 606 1214 capitis
630 1179 749 1206 damnati
774 1178 836 1213 fuga
863 1178 941 1205 saluti

155 1225 342 1258 prospiciunt;
374 1232 405 1252 ac
444 1224 506 1251 dum
535 1232 564 1251 se
589 1224 765 1252 carniﬁcibus
794 1224 944 1258 proriperet

154 1269 321 1301 'l'heodulus,
338 1274 491 1296 extremum
507 1269 605 1296 clausit
619 1269 701 1300 diem,
722 1268 841 1295 nondum
856 1267 942 1295 soluta

154 1315 260 1350 synodo
285 1315 450 1342 Sardieensi.
476 1314 540 1346 Quae
568 1315 637 1342 ratio
665 1314 744 1341 unica
769 1319 811 1341 est
836 1318 866 1340 ut
890 1314 943 1341 duo

153 1361 294 1388 Athanasii
309 1361 366 1388 loca
381 1361 509 1388 hactenus
521 1362 547 1388 in
561 1361 772 1388 controversiam
786 1365 879 1388 vocata
894 1360 941 1395 (b),

154 1416 187 1435 ac
207 1416 322 1442 quorum
350 1408 504 1435 conciliatio
527 1415 612 1442 prope
639 1408 791 1442 desperata,
820 1407 943 1441 apprime

154 1455 336 1487 conveniant;
352 1454 396 1482 ille
411 1454 515 1481 scilicet
528 1454 650 1488 epistola:
664 1453 833 1481 Sardicensis
849 1454 942 1489 synodi

154 1501 242 1532 locus,
258 1508 313 1535 quo
327 1502 424 1528 dicitur
445 1500 600 1528 Theodulus
615 1509 676 1528 esse
694 1501 846 1534 defunctus,
862 1500 943 1528 alter-

996 255 1147 291 ablegalum
1168 256 1192 283 in
1208 256 1350 290 exsilium;
1371 257 1396 284 in
1411 257 1498 285 reditu
1520 259 1642 293 pristinis
1657 260 1780 295 graviora

994 302 1110 330 edidisse
1132 302 1264 335 facinora,
1289 303 1429 331 damnatos
1452 305 1596 340 episcopos
1617 305 1643 333 in
1664 306 1780 340 priorem

996 347 1145 375 restituisse
1165 348 1288 382 gradum,
1307 348 1432 382 indignos
1446 348 1561 383 aliquos,
1578 349 1631 376 imo
1646 351 1779 384 ethnicos,

994 395 1178 428 promovisse;
1198 394 1305 421 adlecto
1331 395 1358 421 in
1383 395 1541 429 episcopum
1569 394 1781 424 Alexandrinum

994 438 1139 474 Gregorio,
1157 440 1334 467 Athanasium
1348 441 1484 468 concitata
1510 445 1538 469 et
1559 441 1673 469 abducta
1695 442 1780 476 genti-

994 484 1060 511 lium
1077 492 1156 511 manu
1169 485 1296 519 templum
1308 485 1473 518 incendisse,
1483 486 1568 514 altare
1579 488 1780 521 comminuissc,

994 533 1021 557 et
1036 530 1106 557 clam
1118 530 1266 565 aufugisse.
1284 531 1311 559 ln
1327 531 1440 559 Paulum
1458 531 1556 560 exinde
1569 537 1650 568 atque
1669 534 1694 561 in
1709 533 1781 561 Mar-

994 576 1090 603 cellum
1104 581 1131 604 et
1146 577 1290 612 Asclepam
1303 578 1436 606 acerrime
1454 578 1627 613 invehuntur,
1640 584 1667 607 et
1679 580 1781 608 nefaria

995 622 1027 650 de
1044 629 1119 649 more
1137 623 1391 651 comminiscuntur.
1408 623 1525 659 Moxque
1539 625 1718 654 Athanasium
1733 627 1781 654 de-

994 676 1047 696 nuo
1057 668 1207 696 maledictis
1218 673 1245 696 et
1252 669 1395 697 calumniis
1405 675 1531 702 onerant,
1544 670 1656 699 fallaciis
1666 673 1781 705 scilicet.

994 715 1130 750 precibus,
1154 715 1232 749 dolis,
1254 716 1353 744 multos
1373 717 1562 752 episcoporum
1578 718 1613 746 ad
1634 726 1697 746 suas
1719 720 1782 754 pel-

995 761 1094 788 lexisse
1113 767 1218 796 partes,
1236 767 1264 789 et.
1285 762 1382 790 fraude
1403 763 1562 798 impetrasse
1578 768 1606 791 ut
1618 772 1633 791 a
1653 763 1723 793 Julio
1736 766 1783 793 ad-

994 808 1157 834 mitteretur.
1167 807 1324 841 Queruntur
1335 809 1521 837 Occidentales
1532 809 1716 844 defensorum,
1730 819 1782 839 non

992 853 1112 887 judicum
1126 855 1219 882 animo
1235 855 1394 888 accessisse,
1407 860 1433 882 et
1447 856 1525 883 novis
1538 856 1648 885 studere
1667 858 1782 893 legibus,

996 905 1024 926 ut
1038 900 1142 928 scilicet
1160 899 1313 928 Orientales
1328 901 1446 937 episcopi
1458 901 1560 936 judicio
1574 903 1718 931 subesseut
1729 903 1782 932 Oc-

995 945 1181 973 cidentalium.
1193 946 1305 981 Quijam
1317 947 1382 974 inita
1391 955 1457 982 pace
1471 953 1592 975 mutuam
1607 951 1782 978 concordiam

994 991 1130 1024 foverent,
1146 992 1256 1021 acribus
1276 993 1340 1020 olim
1362 993 1511 1021 inimicitiis
1526 995 1695 1023 conﬁictatos
1710 1004 1780 1029 esse,

994 1039 1028 1066 ab
1047 1038 1197 1066 Athanasio
1215 1039 1320 1067 scilicet
1341 1039 1499 1067 damnatum
1522 1040 1605 1068 fuisse
1627 1041 1782 1077 Asclepam.

994 1084 1106 1111 Paulum
1129 1085 1270 1113 Athanasii
1296 1085 1460 1113 abdicationi
1486 1086 1654 1119 interfuisse,
1684 1087 1784 1116 suffra-

993 1131 1066 1166 gium
1080 1132 1246 1160 damnationi
1260 1132 1378 1160 dedisse.
1392 1131 1485 1160 Multis
1501 1133 1599 1160 additis
1622 1134 1649 1161 iu
1670 1139 1784 1162 caeteros

995 1178 1115 1204 adversa:
1129 1178 1216 1212 partis
1231 1179 1381 1213 episcopos,
1395 1179 1421 1206 in
1435 1179 1534 1206 Julium
1551 1187 1656 1214 nempe,
1673 1179 1782 1209 llosium

995 1227 1022 1249 et
1038 1222 1226 1258 Frotogenem,
1243 1227 1270 1250 et
1285 1224 1401 1251 conﬁcta
1417 1224 1529 1251 immani
1544 1225 1677 1252 scelerum
1691 1226 1783 1254 multi-

995 1269 1098 1301 tudine,
1118 1269 1218 1304 quibus
1237 1269 1379 1297 discordia:
1400 1270 1531 1298 invidiam
1554 1272 1579 1298 in
1596 1271 1784 1300 Occidentales

993 1315 1159 1348 derivarent,
1190 1321 1283 1343 vetant
1310 1316 1420 1344 demum
1452 1324 1486 1344 ne
1511 1318 1573 1352 quis
1603 1325 1663 1346 cum
1690 1318 1783 1353 Hosio,

993 1361 1153 1396 Protogene,
1181 1362 1341 1395 Athanasio,
1369 1363 1509 1396 Marcello,
1535 1364 1659 1398 Asclcpa,
1688 1364 1782 1397 Paulo,

992 1407 1074 1439 Julio,
1089 1407 1240 1435 Gaudentio
1259 1413 1287 1435 et
1304 1408 1364 1436 aliis
1378 1417 1447 1443 quos
1467 1410 1597 1438 damnant
1611 1411 1784 1439 anathemate

993 1452 1054 1486 ipsi,
1070 1458 1152 1487 atque
1173 1453 1311 1486 abdicaui,
1330 1455 1531 1482 communionis
1550 1455 1784 1490 societatejunga-

993 1503 1047 1526 tur.
1072 1498 1119 1526 llis
1133 1499 1227 1531 editis,
1248 1499 1422 1534 sycophanta:
1449 1500 1510 1528 ﬁdei
1534 1500 1678 1528 formulam
1695 1501 1782 1528 ascri-

154 1555 208 1581 que
230 1547 257 1574 in
274 1547 405 1574 Historia
416 1547 577 1574 Arianorum
587 1547 621 1573 ad
633 1547 788 1580 monachos,
804 1554 857 1581 quo
880 1555 942 1574 nar—
957 1558 978 1587 ο
995 1545 1071 1577 bunt,
1093 1550 1120 1573 et
1141 1553 1224 1572 sunt
1245 1546 1433 1581 episcoporum
1458 1547 1566 1574 nomina
1591 1555 1622 1574 ac
1644 1547 1782 1582 sulfragia,

154 1598 232 1620 ratur
251 1593 418 1620 Theodulum
432 1598 492 1628 post
504 1593 667 1621 Arianorum
691 1593 781 1629 fugam
796 1593 902 1628 pulsum
918 1599 946 1620 ct

154 1639 338 1674 profligatum,
360 1640 432 1674 quod
459 1639 565 1667 cavesis
581 1639 716 1673 intelligas
741 1643 804 1674 post
829 1639 944 1666 solutatn

153 1684 288 1719 synodum
302 1683 490 1711 Sardicensem
510 1685 666 1719 contigisse.

194 1727 244 1755 10..
256 1727 377 1764 Synodus
399 1729 652 1764 Philippopolitana.
669 1744 703 1750 -—-
721 1729 879 1758 Facinorosi
897 1737 946 1757 au-

157 1778 211 1800 tem
245 1773 370 1801 homines
391 1774 568 1809 Philipponoli
589 1775 740 1802 consistunt
755 1775 802 1811 (ε),
824 1782 946 1810 ausuque

157 1819 302 1847 temerario
327 1819 458 1846 damnant
481 1820 634 1854 episcopos,
657 1819 757 1847 Julium
781 1820 943 1851 Romanum,

157 1865 281 1897 Hosium,
316 1865 507 1900 Protogenem,
533 1865 725 1898 Gaudentium,
757 1866 944 1898 Maximinum,

156 1910 348 1942 Athanasium,
361 1910 528 1943 Marcellum,
546 1910 684 1944 Asclepam
697 1915 724 1937 et
739 1909 863 1943 Paulum;
893 1911 946 1945 cpi-

158 1955 310 1990 stolainque
337 1956 460 1983 scribunt
485 1955 640 1989 ἐγκύκλιον,
668 1954 756 1990 quam‘
776 1955 893 1983 nominis
919 1959 947 1983 et

157 2003 402 2031 commendationis
415 2011 496 2031 causa
512 2004 632 2032 Sardicte
647 2003 738 2030 datam
749 2003 944 2036 ementiuntur,

157 2058 211 2085 quo
230 2050 381 2078 faciliorem
400 2052 448 2085 ipsi
467 2052 536 2086 apud
552 2058 648 2078 omnes
673 2051 776 2077 aditum
794 2050 944 2077 munirent.

157 2097 191 2124 Et
213 2104 280 2124 sane
300 2104 343 2124 res
359 2097 448 2124 evenit
470 2102 498 2124 ut
521 2099 700 2132 pcroptabant
725 2098 771 2124 illi.
795 2097 862 2124 Nam
889 2098 945 2125 tunc

156 2142 268 2176 epistola
284 2143 316 2169 ad
331 2151 415 2177 usque
432 2148 538 2178 tempus
552 2144 694 2178 Augustini
709 2152 758 2178 pro
771 2152 834 2171 vera
851 2135 945 2170 simn-

157 2189 247 2216 censis
266 2191 359 2224 synodi
375 2190 490 2224 epistola
508 2198 522 2217 a
539 2190 631 2217 multis
648 2190 740 2218 habita
763 2194 813 2218 est.
828 2191 945 2218 Ordinu-

997 1591 1053 1619 sire
1068 1599 1145 1624 vera,
1162 1592 1219 1619 sive
1242 1592 1312 1620 forte
1328 1593 1456 1624 conﬁcta,
1472 1594 1504 1621 ad
1520 1593 1622 1620 calcem
1641 1593 1781 1628 adjiciunt.

1031 1637 1075 1664 Η.
1096 1637 1187 1665 Decem
1212 1638 1274 1665 laici
1300 1639 1385 1674 capite
1413 1639 1540 1673 truncati,
1560 1639 1607 1666 alii
1633 1639 1727 1666 vexati.
1748 1654 1784 1660 —

996 1682 1086 1717 Neque
1100 1683 1144 1710 hic
1157 1683 1280 1711 constitit
1294 1684 1392 1711 scelus.
1407 1684 1459 1712 Eos
1469 1684 1552 1716 enim,
1566 1685 1611 1718 qui
1623 1692 1652 1712 se
1664 1685 1784 1720 perﬁdia:

996 1734 1023 1757 et
1041 1729 1194 1756 timiditatis
1216 1729 1340 1765 fugaque
1359 1730 1468 1757 nomine
1481 1735 1684 1762 aversarentur.
1703 1729 1783 1758 nullis

997 1782 1048 1802 non
1064 1775 1233 1803 insectantur
1248 1775 1334 1803 malis.
1348 1776 1614 1810 Adrianopolitanos,
1628 1776 1673 1811 qui
1689 1777 1723 1803 ab
1737 1783 1783 1803 eo-

998 1830 1057 1849 rutn
1079 1822 1270 1850 communione
1294 1822 1489 1856 abhorrebant,
1511 1821 1638 1850 deferunt
1660 1822 1691 1849 ad
1714 1822 1784 1849 Con-

996 1868 1142 1901 stantium;
1162 1867 1282 1902 ipsisque
1299 1867 1493 1901 hort-alaribus,
1508 1875 1541 1895 ex
1555 1868 1669 1895 Fabi-ica
1686 1868 1783 1895 Adria—

997 1914 1163 1949 nopolitaua,
1173 1915 1353 1946 utvocabaut,
1364 1915 1455 1942 decem
1465 1913 1527 1941 laici
1537 1919 1600 1941 sunt
1611 1915 1699 1949 capite
1713 1919 1784 1941 trun-

997 1959 1050 1986 cati
1064 1966 1071 1985 :
1091 1958 1214 1986 ministro
1228 1959 1307 1994 hujus
1321 1959 1360 1986 rei
1376 1959 1417 1986 usi
1435 1964 1498 1985 sunt
1513 1959 1618 1986 famoso
1631 1960 1676 1986 illo
1692 1959 1784 1986 Phila-

997 2005 1068 2039 grio,
1083 2009 1138 2032 tum
1151 2005 1184 2032 iis
1195 2005 1221 2032 in
1234 2005 1300 2033 locis
1311 2006 1418 2033 comite.
1433 2004 1534 2033 Horum
1548 2005 1665 2032 tumulos
1675 2010 1785 2041 propter

998 2050 1092 2078 urbem
1105 2050 1173 2078 sitos
1188 2051 1331 2085 conspexit
1353 2050 1416 2078 illac
1432 2051 1596 2078 transeundo
1609 2051 1782 2078 Athanasius.

998 2097 1068 2124 Duos
1087 2096 1272 2132 presbyteros,
1293 2096 1478 2131 diacouosque
1503 2102 1567 2129 tres,
1583 2103 1653 2130 quos
1670 2097 1720 2123 sibi
1743 2097 1784 2123 iu-

997 2143 1089 2170 feusos
1109 2143 1354 2177 deprehenderaut,
1376 2147 1472 2170 curant
1491 2143 1518 2170 in
1535 2143 1689 2170 Armeniam
1712 2143 1786 2170 able-

997 2189 1067 2225 gari.
1084 2189 1177 2216 Ariutn
1195 2194 1284 2216 autem
1305 2193 1332 2216 et
1355 2188 1494 2216 Asterium
1515 2189 1667 2223 episcopos,
1688 2195 1757 2222 quos
1770 2195 1785 2214 a

158 2241 202 2263 tur
221 2239 310 2263 autem
327 2236 360 2263 ab
375 2237 505 2263 ementito
529 2237 599 2270 quod
621 2236 769 2271 praeferunt
783 2238 857 2271 pacis
880 2244 946 2264 con-
962 2235 983 2262 D
999 2240 1070 2262 coetu
1095 2242 1189 2263 eorum
1213 2235 1360 2262 descivisse
1382 2242 1464 2269 supra
1488 2235 1709 2266 memoravimus,
1731 2241 1784 2260 non

157 2281 311 2316 cordiazque
335 2283 474 2309 servanda:
496 2283 597 2310 studio.
628 2283 783 2310 Marcellum
806 2283 903 2310 exinde
919 2288 947 2309 ιιι

157 2328 341 2355 facinorosum
353 2329 502 2363 exagitant,
513 2329 662 2356 admissmu
681 2329 714 2356 ad
730 2329 946 2356 communionem

157 2378 317 2408 queruntur.
329 2374 506 2401 Athanasium
522 2375 698 2409 sacrilegum,
709 2375 864 2409 profanum,
882 2375 948 2402 mul-

157 2422 192 2448 tis
213 2421 380 2455 implicatum
399 2422 548 2450 sceleribus
564 2423 734 2450 denuntiant.
754 2422 948 2457 Rediutegrant

158 2466 288 2501 pristinas
303 2468 434 2494 adversus
448 2476 509 2495 eum
524 2468 730 2496 criminationes
744 2469 778 2496 de
793 2469 877 2495 calice
893 2468 946 2495 fra-

158 2507 215 2542 cio,
234 2511 268 2538 de
289 2510 485 2546 diruto‘altari,
502 2515 536 2540 de
559 2514 623 2541 sede
649 2514 810 2541 sacerdotali
838 2522 946 2546 eversa,

159 2556 330 2591 ccclesiaque
346 2557 404 2585 solo
415 2563 530 2593 aequata,
547 2559 580 2586 de
595 2559 755 2594 presbytero
769 2559 876 2594 lschyra
893 2564 947 2586 tra-

159 2603 215 2629 dito
232 2603 361 2631 custodite
385 2605 507 2632 militari.
527 2605 670 2632 Addebam
689 2613 723 2632 ne
744 2605 809 2639 ipsis
839 2605 946 2637 quidem

158 2649 351 2677 sacratissimis
374 2649 485 2678 Pascha:
504 2651 600 2679 diebus
616 2651 782 2678 abstinuisse
797 2659 810 2677 a
828 2650 943 2682 scelere,

158 2693 206 2720 sed
218 2695 361 2723 nonnullos
377 2696 493 2731 injuriis,
512 2697 682 2729 verberibus,
695 2697 750 2723 imo
763 2697 844 2724 etiam
859 2702 946 2724 morte

159 2739 305 2774 multasse;
324 2741 430 2775 jussum
460 2742 611 2769 Caesaream
631 2743 664 2770 ad
679 2743 811 2778 synodutu
835 2751 865 2770 se
880 2750 946 2769 con-

160 2785 230 2813 fcrre
251 2788 384 2819 reuuissc,
408 2789 521 2823 ideoque
541 2793 602 2823 post
620 2797 721 2816 annum
744 2789 857 2816 alterum
881 2788 945 2823 Tyri

195 2843 233 2883 (rt)
257 2845 355 2883 Athan.
378 2845 447 2883 ilict.
469 2846 561 2873 Arion.
580 2847 616 2872 ad
630 2847 781 2880 monac/tos,
800 2855 826 2874 n.
846 2847 889 2883 l8,
903 2847 945 2875 l9.

197 2880 233 2914 (ὁ)
251 2880 351 2908 Athan.
369 2881 444 2915 Apol.
463 2888 553 2910 contra
573 2883 677 2915 Arium,
693 2891 719 2909 ιι.
740 2883 784 2910 45.

997 2282 1075 2308 modo
1089 2285 1212 2308 extorres
1225 2281 1251 2308 iit
1267 2281 1435 2315 superiorem
1448 2280 1557 2315 Libyam
1571 2280 1728 2311 amandant,
1738 2280 1784 2306 scd

996 2327 1078 2355 etiam
1093 2328 1255 2355 ulciscenda:
1278 2327 1440 2354 defectionis
1463 2334 1545 2354 causa
1564 2325 1739 2353 contumeliis
1759 2331 1786 2352 et

997 2373 1104 2408 probris
1128 2378 1253 2401 onerant.
1277 2372 1306 2399 In
1334 2372 1446 2400 Lucium
1472 2377 1561 2399 autem
1593 2371 1785 2406 Adriauopolis

997 2420 1157 2452 antistitem,
1186 2420 1232 2454 qui
1259 2420 1354 2454 grandi
1382 2419 1507 2454 loquendi
1533 2418 1630 2445 ﬁducia
1654 2418 1785 2451 lucil’ugas

997 2467 1192 2498 insectabatur,
1209 2466 1300 2493 acrius
1318 2466 1440 2493 saevitum
1456 2472 1507 2493 est.
1523 2466 1626 2493 Curant
1640 2465 1711 2491 cnim
1734 2466 1785 2491 ler-

998 2513 1052 2540 reis
1066 2512 1169 2539 cateuis
1184 2516 1212 2538 ut
1227 2517 1290 2538 ante
1303 2513 1372 2540 collo
1388 2517 1414 2539 et
1431 2512 1554 2540 manibus
1568 2512 1729 2545 constringi,
1745 2517 1786 2538 at-

997 2565 1050 2591 que
1063 2557 1134 2584 ferro
1151 2562 1295 2584 oneratum
1307 2558 1443 2592 deportari
1457 2558 1483 2584 in
1500 2558 1643 2590 exsilium;
1662 2556 1705 2583 ubi
1722 2565 1786 2591 pan.

998 2603 1038 2630 cis
1062 2608 1121 2638 post
1143 2604 1222 2630 antiis
1248 2610 1358 2631 sanctus
1385 2605 1493 2638 prtesul,
1522 2608 1560 2630 tot
1586 2603 1785 2630 calamitatibus

1000 2649 1168 2684 perfunctus,
1191 2650 1262 2676 diem
1285 2650 1351 2677 obiit
1371 2655 1532 2677 extremum.
1555 2650 1700 2676 Diodorum
1722 2650 1784 2676 item

1000 2696 1159 2729 episcopum
1174 2696 1292 2730 patrium
1315 2700 1421 2722 vertere
1442 2696 1528 2723 solum
1543 2699 1699 2731 coegerunt.
1717 2695 1785 2729 Quid

1000 2742 1076 2769 sitde
1085 2741 1224 2768 Thcodulo
1235 2747 1259 2768 et
1273 2741 1395 2777 Olympio
1409 2747 1509 2776 actum,
1520 2741 1574 2777 jam
1588 2743 1783 2773 euarravimus.

1000 2789 1065 2823 quia
1077 2797 1132 2816 rem
1149 2794 1210 2817 ante
1233 2790 1352 2817 clausam
1370 2789 1559 2819 Sardicensem
1577 2789 1708 2825 synodqu
1722 2797 1782 2817 conv

1028 2847 1070 2883 l(c)
1082 2846 1165 2874 llilar.
1181 2846 1232 2875 Col.
1249 2847 1327 2874 «δυ-ι.
