2016 3046
269 157 310 176 CVI

946 154 1212 182 PROLEGOMENA.

270 209 363 242 tlglsse
378 209 556 242 arbitramur;
571 215 598 238 et
613 210 730 238 fortasse
746 210 874 238 nonnulla
889 218 921 238 ex
935 211 978 242 iis,
994 219 1052 245 quae
1067 213 1090 241 Α
1104 215 1251 238 sectatores
1265 209 1447 245 (opprimeret.
1470 207 1571 236 Horum
1595 207 1674 235 facile
1692 208 1816 243 princeps
1830 211 1884 236 erat

269 253 391 286 proxime
410 256 604 288 recensuimus,
619 260 681 283 ante
698 256 778 283 linem
793 257 889 291 synodi
906 257 1052 284 Sardicen-

269 298 307 325 sis
320 299 463 327 obvenere.
487 300 544 328 Non
560 301 654 330 ordine
670 303 768 338 quippe
787 310 831 331 res
846 308 956 331 enarrat
968 303 1052 330 Atha-

264 404 269 410 -
304 388 347 416 12.
367 389 552 418 Alexandrinis
567 397 590 418 et
606 392 739 428 lEgyptiis
761 394 835 420 illam
849 393 929 422 mala.
944 410 979 415 —-
997 394 1050 422 Eo-

269 434 390 462 rumdem
405 442 486 470 opera
501 442 528 464 et
543 438 629 472 gratia
653 439 685 466 ad
702 439 903 468 Alexandrinos
920 448 1004 475 usque
1024 446 1052 468 et

267 478 408 515 Egyptios
431 482 574 510 calamitas
599 488 627 510 et
653 485 761 511 vexatio
788 486 915 520 pervasit.
941 485 1052 513 Litteris

268 532 384 560 namque
396 525 512 560 iussum,
524 533 552 554 ut
563 533 657 563 portus
677 530 820 564 aditusque
837 531 943 558 urbium
958 536 1050 558 custo-

267 572 318 600 diis
338 573 561 607 intercludantur,
577 583 611 602 ne
630 576 726 610 quibus
739 576 765 603 id
781 584 937 604 concessum
953 578 986 604 ab
1006 585 1051 612 sy-

267 619 338 647 nodo
357 619 509 648 Sardicensi
538 621 633 654 fuerat,
666 622 698 649 ad
722 622 850 650 ecclesias
873 623 1051 657 remigrarcut

267 671 345 696 suas;
361 665 594 700 praescribiturquc
604 665 749 700 judicibus,
765 670 793 692 ut
808 666 864 692 sive
874 666 1050 699 Athanasius,

267 709 323 736 sive
343 709 410 737 alius
432 710 565 745 quispiam
582 711 661 738 exsul
679 712 820 746 episcopus
837 715 884 738 aut
899 712 1049 748 presbyter,

266 754 308 781 vel
322 755 349 782 in
363 755 466 788 urbem,
480 756 522 783 vel
541 756 566 783 in
588 756 655 784 ﬁnes
670 756 728 791 ejus
747 757 883 792 ingressus
899 758 1050 792 deprehen—

267 803 356 836 datur,
371 802 449 830 liceat
459 803 538 831 isthic
547 809 667 839 repertos
683 804 771 839 capite
784 810 918 832 truncare.
933 805 1050 840 Accepta

265 853 355 875 autem
371 849 407 876 illi
430 850 528 884 publici
544 851 670 878 curriculi
690 850 828 882 facultate,
845 851 866 878 si
887 857 966 885 quos,
980 851 1049 878 ultro

265 894 388 929 citroque
398 896 542 929 cursando,
555 895 721 924 offenderent
733 896 778 930 qui
788 895 878 931 fugam
891 897 941 924 sibi
953 904 1049 932 expro-
1065 885 1084 912 Β

264 939 386 973 brarent,
413 941 594 976 Arianamque
618 947 807 969 aversarentur
833 941 970 974 hmresim,
998 943 1047 969 hos

264 984 365 1019 ﬂagris,
378 985 503 1019 vinculis,
520 987 615 1014 exsilio
631 987 790 1014 multabant.
807 986 964 1021 Tantusque
991 992 1045 1014 ter-

263 1038 310 1059 ror
324 1031 482 1059 carnificum
496 1037 564 1065 erat,
583 1037 612 1060 ut
627 1034 702 1061 multi
723 1034 756 1061 ad
778 1033 957 1060 simulandum
975 1038 1046 1060 metu

263 1077 393 1111 compulsi
412 1077 476 1111 sint,
494 1077 570 1104 multi
588 1083 681 1105 contra
698 1079 724 1105 in
749 1077 920 1106 solitudinem
936 1085 966 1105 se
981 1086 1046 1113 pro-

262 1122 352 1156 ripere
366 1122 486 1158 mallent,
502 1131 582 1158 quam
595 1130 656 1151 cum
679 1123 832 1159 huiusmodi
845 1123 911 1151 viris
924 1130 1046 1151 commu-

263 1168 363 1196 nicare.

297 1214 342 1242 15.
361 1213 564 1242 Mediolanensis
576 1216 701 1251 synodus.
715 1215 843 1242 Photinus
857 1215 1046 1242 damnatur.—

262 1259 362 1287 Eodem
374 1267 445 1288 anno
459 1260 610 1288 celebratur
627 1261 767 1289 Mediolani
783 1262 901 1297 synodus
916 1262 1044 1290 adversus

261 1305 404 1334 Photinum
420 1307 573 1342 episcopum
594 1307 782 1335 Sirmiensem.
807 1308 858 1341 Qui
877 1313 975 1343 quotve
989 1307 1045 1334 fue-

261 1351 316 1378 rint
336 1352 465 1386 prmsules
480 1352 516 1380 ibi
541 1354 637 1385 coacti,
658 1353 759 1388 pariter
779 1353 929 1388 ignoratur.
955 1353 1043 1380 Unum

260 1403 375 1431 constat,
396 1398 538 1426 Photinum
552 1399 706 1427 damnatum
723 1399 934 1434 abdicatumque
950 1399 1042 1427 fuisse.

259 1442 358 1471 Verum
371 1443 528 1472 Sirmiensis
542 1445 630 1480 populi
645 1452 722 1472 amor
733 1450 761 1473 et
778 1445 964 1473 benevolentia
977 1453 1044 1481 prte-

260 1489 328 1517 sidio
341 1490 390 1525 ipsi
408 1491 467 1523 luit,
478 1497 512 1518 ne
525 1492 588 1519 sede
600 1491 756 1526 pelleretur.
769 1491 840 1519 Sunt
850 1492 895 1526 qui
908 1491 1038 1519 arbitren-

260 1539 314 1568 tur,
328 1536 400 1563 eain
423 1537 527 1572 synodo
550 1537 690 1565 Ursaeium
716 1542 743 1565 et
765 1537 904 1565 Valentem
924 1537 1041 1566 libellum
1056 1553 1077 1581 ο

259 1579 424 1612 paenitentia:
443 1580 561 1608 dedisse.
574 1581 637 1614 Sed,
657 1586 685 1608 ut
699 1582 784 1616 probe
801 1582 974 1610 adverterunt
989 1582 1044 1609 fra-

259 1629 315 1651 tres
341 1625 425 1652 nostri
450 1626 475 1652 in
495 1631 631 1661 postrema
657 1626 752 1654 Hilarii
778 1635 889 1662 operum
915 1627 1043 1661 editione,

260 1676 311 1695 non
327 1669 394 1696 adeo
409 1670 556 1705 desperata!
572 1678 615 1698 res
626 1679 719 1699 eorum
738 1675 793 1698 tum
809 1672 892 1699 fuisse
908 1673 1043 1704 videntur,

259 1718 288 1740 ut
306 1713 430 1742 homines
448 1716 609 1750 proterviae
632 1718 763 1752 propositi
787 1718 990 1745 retinentissimi
1011 1725 1044 1745 eo

258 1759 349 1794 inopia
363 1761 467 1788 consilii
484 1762 642 1791 devenircnt
661 1772 669 1790 :
684 1771 839 1799 quanquam
857 1764 972 1792 fortasse
984 1764 1043 1791 exi-

259 1806 362 1833 stimari
377 1811 468 1841 queat,
490 1815 542 1835 non
562 1809 619 1844 pari
644 1813 698 1836 tum
719 1810 871 1837 conditione
889 1810 972 1838 fuisse
990 1810 1042 1837 Va-

258 1851 356 1878 lentem
369 1857 396 1879 et
411 1852 562 1886 Ursacium,
579 1861 611 1881 ac
625 1859 738 1882 caeteros
749 1856 875 1888 Arianos,
889 1860 980 1891 utpote
997 1856 1042 1891 qui

259 1896 286 1923 in
309 1897 474 1932 Constantis,
496 1899 635 1927 catholica:
649 1901 718 1935 parti
736 1901 911 1935 deditissimi,
930 1901 1043 1937 imperio

259 1947 444 1970 versarentur.

292 1988 368 2015 Auno
386 1988 448 2016 548.
468 2003 504 2008 -
523 1989 551 2016 1.
581 1990 706 2025 Stephani
726 1992 878 2019 Antiocheni
897 1993 996 2027 factum
1016 1993 1044 2020 in

258 2034 368 2069 legatos.
385 2049 420 2054 —
432 2035 595 2071 lnsequente
614 2044 684 2064 anno
698 2038 844 2073 contigisse
858 2043 966 2073 putatur
983 2038 1044 2065 Ste-

256 2080 340 2116 phani
351 2080 512 2109 Antiocheni
524 2082 685 2110 Arianorum
698 2084 865 2119 antesignani
879 2085 1044 2119 conspiratio

257 2126 284 2153 in
302 2125 471 2155 Sardicensis
486 2129 579 2162 synodi
594 2134 716 2156 oratores
730 2129 781 2165 (α),
797 2137 876 2164 quam
894 2131 1044 2159 Athanasio

255 2180 289 2200 ac
305 2171 475 2201 Theodoreto
494 2174 536 2201 his
550 2182 619 2209 pene
630 2176 721 2203 verbis
735 2182 873 2210 acceptam
889 2176 1042 2205 referimus.

1103 256 1214 291 quidam
1233 256 1361 290 projects?
1377 254 1537 282 temeritatis
1549 253 1718 286 adolescens,
1736 254 1827 281 multis
1841 254 1885 281 lla-

1101 301 1174 337 gitiis
1190 300 1363 332 nobilitatus;
1387 299 1433 334 qui
1449 306 1502 326 non
1519 298 1605 326 solum
1634 299 1756 325 homines
1772 306 1806 326 ex
1829 299 1884 326 fotu

1101 347 1245 380 abducere,
1270 353 1302 373 ac
1331 345 1502 373 contumeliis
1526 345 1737 379 verberibusque
1761 345 1883 379 excipere

1101 395 1210 425 soleret,
1225 399 1317 419 verum
1331 392 1414 418 etiam
1428 391 1524 418 domos
1545 391 1684 422 invadens,
1701 390 1798 425 probos
1813 391 1883 419 viros

1101 443 1293 472 matronasque
1320 436 1527 464 honestissimas
1557 436 1714 463 deturbat-et
1737 435 1882 462 lacessendi

1101 492 1191 512 cattsa.
1222 483 1290 517 Quia
1316 489 1379 510 vero
1409 490 1461 509 non
1491 483 1614 509 manibus
1645 486 1758 513 tantum,
1788 482 1836 508 sed
1857 486 1882 508 et

1101 529 1221 556 calcibus
1241 528 1338 555 obvios
1360 528 1512 561 impeteret,
1535 526 1643 561 Onager
1667 525 1881 559 nuncupabatur.

1101 575 1125 602 Is
1138 574 1197 602 heri
1209 574 1285 609 jussu
1300 573 1366 608 ipsis
1383 573 1547 600 sanctissimi
1561 571 1701 600 Paschalis
1718 572 1812 599 diebus
1827 579 1882 598 me-

1102 621 1228 648 retriccm
1248 620 1354 652 adiens,
1371 619 1529 654 peregrinos
1544 619 1687 646 advenisse
1710 619 1748 645 ait
1761 619 1807 653 qui
1826 619 1881 653 ejus

1100 666 1225 700 cupidine
1251 665 1415 700 ﬂagrarent,
1442 671 1606 698 noctemque
1634 672 1695 691 curn
1725 665 1781 698 ipsa
1805 672 1882 700 agere

1100 714 1291 744 percuperent.
1316 710 1477 743 Assumptos
1499 708 1596 735 deinde
1616 708 1771 742 quindecim
1795 709 1882 736 socios

1100 754 1172 781 locat
1189 754 1217 781 in
1237 753 1360 786 insidiis;
1379 753 1494 787 datoque
1513 752 1690 780 conveniendi
1712 753 1798 787 signo,
1822 761 1882 787 pro-

1101 805 1177 834 perat
1194 801 1227 827 ad
1249 799 1323 827 fores
1337 798 1491 826 diverSOrii.
1509 798 1576 825 Tum
1603 803 1693 826 scorto
1707 804 1803 826 auctor
1821 799 1881 832 luit,

1100 852 1130 874 ut
1145 853 1206 874 sese
1220 846 1245 873 itt
1264 846 1289 873 id
1305 845 1433 872 conclave
1448 845 1615 872 immitteret.
1628 845 1745 880 Contigit
1758 852 1838 879 porro
1855 851 1882 872 ut

1100 892 1126 918 in
1151 892 1286 919 exteriore
1304 890 1429 919 cubiculo
1453 898 1579 918 somnum
1601 896 1708 926 caperet
1732 891 1880 925 Euphratas

1098 937 1217 965 Colonia:
1244 937 1402 972 Agrippinae
1425 937 1578 972 episcopus,
1609 935 1766 964 Vincentius
1793 941 1879 964 autetu

1098 983 1242 1018 Capuanus
1253 984 1279 1010 in
1292 983 1430 1010 interiore.
1443 982 1565 1018 lngressa
1575 982 1701 1010 alacriter
1714 983 1879 1016 muliercula,

1097 1030 1168 1065 quod
1185 1037 1214 1057 se
1230 1037 1244 1056 a
1261 1029 1362 1063 juvene
1382 1029 1508 1057 advocari
1532 1034 1650 1063 putaret,
1668 1029 1765 1056 deinde
1789 1037 1879 1057 senem

1098 1076 1233 1103 hominem
1245 1076 1434 1108 dormientem,
1451 1075 1572 1109 episcopi
1588 1075 1684 1107 forma,
1705 1075 1880 1110 ignarumque

1097 1119 1160 1147 facti
1182 1119 1349 1155 conspicata,
1373 1127 1402 1147 se
1427 1119 1549 1146 delusam
1573 1120 1728 1153 aestimavit,
1754 1125 1811 1147 rata
1827 1128 1878 1147 non

1097 1165 1234 1193 hominem
1259 1165 1285 1192 id
1305 1165 1396 1192 aetatis
1411 1169 1530 1192 scortum
1547 1172 1698 1193 arcessere.
1722 1164 1814 1192 Sensit
1829 1165 1880 1192 Eu-

1097 1212 1209 1245 phratas
1228 1211 1255 1238 in
1269 1211 1393 1238 cubiculo
1405 1211 1591 1245 gradientem;
1608 1212 1878 1247 expergefactusquc,

1096 1257 1156 1292 quis
1176 1262 1247 1285 esset
1265 1261 1449 1292 percontatur.
1475 1257 1519 1284 Illa
1541 1257 1614 1284 edito
1631 1258 1751 1284 clamore
1773 1258 1825 1284 vim
1841 1258 1879 1284 in-

1094 1302 1161 1330 ferri
1197 1302 1250 1330 sibi
1283 1303 1470 1337 conqueritur.
1501 1302 1684 1330 Conturbatus
1718 1302 1878 1338 Euphratas,

1095 1348 1243 1376 dtemonem
1263 1349 1418 1383 suspicatur
1439 1348 1564 1376 mulicbri
1576 1349 1661 1376 forma
1677 1349 1879 1380 adventantem,

1095 1394 1258 1430 Dominique
1269 1395 1372 1422 Christi
1388 1394 1514 1429 implorat
1531 1395 1661 1422 auxilium
1676 1404 1682 1422 :
1697 1395 1804 1430 Onager
1816 1403 1880 1422 vero

1095 1445 1172 1475 rogat
1185 1445 1305 1468 scortum
1327 1445 1357 1467 ut
1372 1445 1470 1474 taceat,
1487 1446 1568 1476 atque
1582 1441 1737 1476 episcopum
1753 1441 1880 1468 crimine-

1095 1491 1153 1520 tur;
1169 1487 1315 1522 statitnque
1333 1496 1362 1515 se
1387 1495 1447 1515 cum
1467 1488 1573 1522 agmine
1599 1488 1626 1514 in
1651 1487 1778 1514 conclave
1793 1488 1879 1515 intro-

1095 1532 1180 1566 misit,
1201 1533 1356 1561 vociferans
1373 1534 1497 1561 homines
1519 1534 1627 1568 iniquos
1649 1535 1820 1564 adventasse.
1833 1534 1879 1568 qui

1095 1585 1125 1605 se
1150 1585 1292 1614 sperarent
1308 1579 1459 1614 iniquitatis
1482 1578 1540 1606 fore
1557 1579 1671 1612 jndices.
1697 1579 1763 1606 Tum
1778 1579 1879 1614 ingenti

1094 1627 1189 1654 oborto
1209 1625 1338 1657 clamore,
1354 1625 1425 1652 servi
1443 1631 1537 1652 omnes
1556 1632 1709 1658 accurrere,
1724 1624 1788 1660 quid
1806 1628 1880 1652 esset

1094 1671 1237 1703 sciscitari,
1253 1676 1391 1699 maturare
1404 1671 1437 1698 ad
1449 1669 1521 1697 fores
1535 1670 1676 1697 diversorii
1691 1671 1878 1698 occludendas.

1093 1718 1202 1754 Onager
1226 1717 1316 1752 fugam
1341 1717 1417 1750 facit,
1438 1718 1541 1745 relictis
1567 1718 1638 1745 intro
1659 1722 1761 1752 septem
1787 1717 1878 1749 sociis,

1094 1764 1139 1799 qui
1164 1771 1217 1791 uua
1234 1771 1296 1790 eum
1321 1767 1413 1790 scorto
1430 1764 1590 1798 deprehensi
1611 1763 1637 1790 in
1655 1763 1805 1790 custodiam
1821 1768 1880 1789 tra-

1093 1810 1142 1837 diti
1167 1813 1241 1836 suut.
1273 1808 1367 1836 Primo
1384 1808 1512 1840 diluculo,
1539 1816 1601 1836 cum
1628 1807 1768 1835 Salianum
1798 1808 1881 1842 magi-

1093 1860 1181 1882 strum
1194 1855 1311 1882 militum
1325 1854 1490 1882 excitassent
1502 1861 1516 1880 a
1537 1862 1642 1886 somno,
1660 1853 1740 1881 simul
1755 1854 1788 1880 ad
1803 1853 1879 1888 pala-

1094 1901 1159 1928 tium
1185 1905 1335 1936 properant
1360 1909 1367 1926 :
1391 1908 1423 1928 ac
1447 1900 1480 1927 de
1505 1899 1644 1934 Stephano
1668 1899 1820 1933 conquesti,
1845 1901 1879 1925 ad

1093 1954 1173 1982 quem
1197 1946 1315 1981 suspicio
1346 1946 1472 1973 maleficii
1500 1946 1672 1980 pertinebat,
1701 1953 1754 1972 non
1778 1944 1880 1978 judicio

1092 2000 1162 2027 opus
1176 1999 1238 2020 esse
1249 1992 1459 2024 contendebant,
1472 1991 1513 2018 vel
1531 1991 1737 2025 perquisitione.
1751 1989 1880 2024 Magister

1093 2046 1157 2066 vero
1181 2039 1298 2066 militum
1321 2037 1445 2072 rogabat,
1462 2042 1491 2064 ut
1513 2036 1622 2071 juberet
1639 2037 1797 2071 imperator,
1824 2043 1879 2062 non

1093 2084 1290 2115 ecclesiastico,
1303 2084 1350 2111 sed
1370 2082 1473 2110 forensi
1488 2082 1589 2117 judicio
1603 2090 1660 2109 rem
1680 2082 1779 2114 inquiri
1799 2081 1879 2108 :cle-

1096 2122 1168 2158 ricos
1180 2130 1328 2165 Euphratae
1344 2134 1372 2157 et
1388 2129 1522 2157 Vincentii
1539 2136 1568 2156 se
1577 2128 1734 2163 quaestionis
1748 2127 1880 2155 habendae

1093 2183 1174 2203 causa
1195 2175 1369 2207 traditurum,
1385 2176 1446 2202 dum
1464 2175 1523 2210 pari
1545 2175 1624 2202 modo
1639 2174 1807 2201 traderentur
1821 2172 1881 2200 Ste-

255 2217 427 2245 Antiochiam
453 2226 513 2245 cum
539 2220 725 2254 pervenissent
749 2220 829 2254 legati
855 2218 1039 2253 Sardicenses,

1095 2223 1174 2258 phani
1189 2223 1291 2250 clerici.
1307 2222 1409 2250 Contra
1426 2221 1590 2256 Stephanus,
1607 2228 1686 2255 quem
1710 2220 1880 2248 conscientia

257 2264 361 2291 litteras
379 2264 536 2292 Constantis
560 2265 637 2292 fratri
661 2265 821 2293 Constantio
842 2265 970 2298 oﬁ'erunt,
994 2267 1038 2294 cui

257 2314 312 2336 tum
330 2311 459 2345 temporis
482 2311 561 2338 sedes
586 2311 749 2344 Antiochiae;
776 2311 971 2346 polliceturque
993 2312 1038 2340 ille

243 2350 322 2383 'nihil
337 2363 390 2383 non
406 2356 498 2383 fratris
512 2360 577 2382 nutu
595 2361 623 2383 et
637 2356 750 2384 arbitrio
763 2355 910 2384 facturum.
928 2359 963 2384 At
977 2365 1039 2385 cum

256 2409 312 2428 rem
335 2401 494 2437 perindigne
510 2401 614 2429 ferrent
627 2403 751 2430 veritatis
766 2404 868 2438 hostes,
890 2404 916 2431 in
935 2405 1041 2439 episco-

254 2455 302 2481 pos
319 2448 363 2482 qui
379 2447 454 2480 juxta
470 2447 569 2474 clivum
585 2447 760 2482 diverterant,
779 2450 907 2484 magistro
926 2451 1040 2478 militum

257 2502 309 2520 non
325 2495 418 2522 eodem
434 2494 492 2522 loco
507 2495 672 2527 diversante,
690 2497 888 2524 exsecrandum
907 2504 975 2531 opus
991 2505 1039 2531 θε-

255 2539 424 2572 grediuntur.
437 2539 566 2575 Princeps
577 2546 666 2568 autern
679 2542 887 2576 conspirationis
900 2542 951 2569 fuit
966 2543 1040 2570 urbis

255 2585 379 2616 antistes,
398 2586 444 2620 qui
468 2586 522 2614 alio
544 2586 695 2614 incredibili
712 2587 815 2616 scelere
829 2588 922 2624 priora
935 2588 1039 2616 Scelera

254 2630 413 2659 cumulavit.

287 2677 315 2704 2.
328 2676 476 2711 Stephanus
486 2679 634 2713 abdicatur,
647 2681 689 2707 cui
698 2681 854 2715 subrogatur
865 2680 996 2708 Leontius.
1006 2695 1041 2701 --

255 2721 392 2756 Stephauo
415 2725 495 2758 igitur
517 2727 622 2760 praesuli
641 2727 809 2754 Antiocheuo
829 2729 896 2755 varii
921 2728 1041 2755 audaciae

255 2774 310 2794 sua:
326 2769 477 2797 administri
494 2777 584 2805 erant,
604 2780 718 2807 quorum
736 2773 779 2800 ille
794 2781 875 2808 opera
892 2782 962 2801 verae
978 2775 1040 2801 fidei

1095 2269 1207 2296 sceleris
1225 2268 1393 2303 exagitabat,
1417 2275 1469 2295 non
1485 2268 1566 2294 licere
1583 2266 1673 2294 aiebat
1693 2266 1808 2293 clericos
1822 2271 1880 2292 tor-

1093 2314 1192 2341 mentis
1205 2314 1315 2348 subjici,
1331 2314 1444 2340 vetitum
1457 2313 1563 2340 scilicet
1579 2312 1604 2339 id
1617 2319 1677 2339 esse
1696 2311 1880 2339 ecclesiastica

1094 2360 1198 2395 regula.
1217 2359 1386 2394 Interrogata
1403 2359 1519 2394 primum
1539 2358 1635 2385 mulier
1652 2357 1713 2390 fuit,
1731 2357 1792 2391 quis
1804 2357 1878 2383 acci-

1093 2407 1178 2434 visset
1193 2415 1200 2433 :
1221 2405 1422 2433 adolescentem
1446 2404 1490 2431 illa
1517 2403 1655 2436 indicavit,
1670 2404 1715 2438 qui
1731 2403 1880 2430 comitante

1089 2453 1219 2488 juvenum
1230 2457 1318 2480 turma
1329 2459 1358 2479 se
1374 2452 1516 2478 deductam
1529 2451 1721 2477 intromisisset
1730 2449 1756 2476 in
1769 2449 1880 2476 cubicrr-

1090 2499 1157 2527 lum.
1172 2499 1406 2527 Commemoravit
1423 2499 1486 2526 item
1511 2497 1760 2531 interrogationem,
1776 2499 1878 2522 tnetum

1089 2550 1117 2572 et
1141 2546 1329 2580 precationem
1358 2544 1490 2579 episcopi,
1519 2544 1704 2577 impetumque
1729 2541 1878 2576 petulantis

1090 2596 1216 2618 catervae.
1232 2591 1280 2618 llis
1295 2591 1411 2625 cognitis
1426 2589 1531 2625 judices
1545 2594 1610 2616 natu
1625 2590 1766 2615 minimum
1780 2587 1877 2614 adduci

1087 2636 1200 2670 jnbeut;
1226 2637 1272 2671 qui
1301 2645 1353 2664 non
1372 2640 1529 2670 exspectata
1559 2635 1701 2662 verberum
1716 2634 1875 2669 quaestione,

1090 2683 1232 2718 cotnpositi
1247 2683 1377 2710 facinoris
1389 2690 1499 2710 scenam
1513 2683 1624 2714 detexit,
1636 2687 1663 2709 et
1684 2682 1722 2709 rei
1737 2687 1877 2708 auctorem

1090 2729 1228 2763 Onagrum
1241 2737 1302 2756 esse
1316 2729 1404 2755 fassus
1417 2733 1469 2755 est.
1482 2728 1592 2755 Accitus
1604 2728 1712 2763 Onager
1725 2728 1749 2754 id
1760 2735 1788 2754 se
1799 2727 1878 2761 jussu

1091 2775 1220 2809 Stephani
1241 2775 1385 2803 admisisse
1408 2775 1579 2803 testificatur.
1605 2775 1671 2808 Quis
1698 2775 1792 2808 pudor,
1818 2780 1879 2805 qua:

290 2870 331 2906 (α)
356 2871 452 2900 Athan.
482 2872 550 2901 (list.
580 2875 673 2903 Arion.
695 2877 738 2912 ad.
754 2877 903 2911 monachos,
931 2885 957 2906 n.
977 2878 1026 2910 i9;
1049 2877 1211 2907 Theodorei.
1232 2878 1250 2906 l.
1265 2885 1295 2910 tt.
1313 2885 1372 2910 cap.
1387 2878 1440 2906 Set
1456 2877 1484 2906 9.
