2016 3046
787 153 869 181 VlTA
888 154 917 183 S.
937 149 1132 181 ATHANASII.

1705 146 1760 169 CVII

152 214 265 244 infamia
283 213 347 241 hinc
367 213 530 241 consecuta!
556 212 754 240 Antiochenum
778 212 932 246 episcopum
948 214 968 242 Α
1019 209 1046 235 2.
1063 205 1222 234 Athanasius
1237 203 1404 231 Constantem
1422 199 1549 228 convenit.
1569 215 1604 220 —
1617 198 1692 246 Inter
1704 200 1762 229 hac

151 262 219 289 tanti
232 261 258 287 in
272 259 384 287 Oriente
395 259 523 291 nominis,
539 263 621 286 tanta:
638 258 664 285 in
679 257 800 285 Ecclesia
820 258 934 292 dignita-

152 308 189 335 tis
204 306 366 342 turpissimae
383 306 421 332 rei
440 306 571 333 artificem
593 304 807 338 deprehensum!
829 303 857 330 ln
875 311 934 331 sce-

154 353 219 380 leris
246 353 328 387 igitur
345 358 454 386 poenam
485 350 626 378 abdicatur
649 349 815 383 Stephanus,
839 349 933 376 Ariani

153 403 255 431 autem,
279 397 326 425 tali
351 398 452 424 amisso
469 401 594 431 patrono,
617 403 728 430 operam
752 395 883 422 dederunt
906 400 935 422 ut

154 445 223 472 alius
251 452 307 472 sine
336 443 464 471 factionis
493 443 520 470 in
551 442 609 476 ejus
634 442 721 469 locum
750 445 933 476 cooptaretur,

154 491 284 519 Leontius
297 491 403 518 scilicet
416 494 562 518 castratus.
572 489 596 517 Is
608 497 670 516 cum
683 488 830 516 Eustolium
840 496 935 523 quam-

155 538 217 564 dam
241 539 388 570 adamaret,
405 544 466 571 qua:
483 536 560 570 virgo
584 534 718 566 audiebat,
743 533 807 561 licet
829 533 934 561 Leontii

155 584 352 612 consuetudine
368 591 383 610 a
406 583 540 618 virginum
554 581 711 609 conditione
730 585 758 608 et
780 580 936 615 integritate

154 630 241 665 lapsa,
258 638 289 657 ea
314 631 347 657 de
371 636 401 656 re
420 632 572 659 accusatus,
587 635 642 662 quo
661 626 774 654 facultas
800 626 850 654 sibi
869 625 937 653 foret

155 682 218 703 cum
235 675 279 702 illa
303 675 454 707 habitandi,
473 681 534 702 sese
548 677 733 706 castraverat;
759 676 838 707 atque
857 672 935 704 adeo,

155 721 178 747 si
202 728 235 748 ex
263 720 455 748 ecclesiastica:
483 719 581 755 regulae
615 718 773 754 pra-scripto
802 725 863 746 cum
891 717 937 745 illo

155 771 245 794 actum
261 771 344 798 esset,
358 773 491 800 nunquam
504 765 590 793 fuerat
606 766 633 792 in
650 765 803 799 episcopum
826 771 937 798 promo-

155 813 268 840 vendus.
285 813 320 840 At
335 813 406 840 enim
422 811 568 839 Arianismi
584 811 702 838 studium
720 811 820 838 aditum
836 809 938 836 facino-

155 866 218 886 roso
236 858 338 885 homini
362 857 476 892 prtebuit
500 857 532 884 ad
557 857 648 884 sedem
675 856 881 883 Antiochenam.
897 855 938 882 Ab

984 255 1042 290 ipse
1053 252 1230 283 Athanasius,
1243 250 1288 285 qui
1300 249 1386 276 soluta
1405 246 1557 274 Sardicensi
1571 245 1673 282 synodo
1683 245 1761 272 Nais-

985 309 1045 329 sum
1062 301 1245 330 concesserat,
1263 296 1361 323 litteris
1376 302 1391 321 a
1408 293 1556 321 Constante
1578 292 1699 326 Augusto
1716 299 1763 318 ac-

984 346 1070 381 ceptis
1087 345 1136 380 (τ),
1157 343 1219 370 inde
1232 341 1369 377 profectus
1387 340 1537 374 Aquileiam
1555 343 1607 370 est,
1621 338 1664 364 ubi
1680 338 1763 372 impe-

984 397 1102 420 ratorem
1117 389 1214 417 comite
1241 386 1435 415 Fortunatiano
1462 384 1532 412 illius
1550 384 1625 411 urbis
1639 384 1764 418 episcopo

983 441 1025 465 est
1038 436 1180 463 allocutus.
1194 432 1378 466 Memoratque
1399 431 1468 458 idem
1484 429 1646 457 Athanasius
1664 436 1765 463 nequa-

984 490 1065 518 quam
1095 488 1125 508 se
1147 479 1326 508 Constantem
1354 476 1440 504 solum
1474 476 1638 510 remotisque
1654 475 1764 502 arbitris

984 527 1154 559 convenisse,
1173 526 1220 553 sed
1238 524 1338 553 comite
1360 529 1468 558 semper
1496 522 1623 556 episcopo
1638 522 1714 548 urbis
1737 521 1765 548 in

984 582 1037 610 qua
1052 574 1163 608 degeret
1183 572 1339 605 imperator.
1361 568 1493 596 Nimirum
1516 567 1616 595 Patavii
1632 575 1691 595 cum
1707 566 1766 595 Cri-

985 621 1064 656 Spino
1081 619 1167 654 ipsum
1192 617 1270 649 adiit,
1283 616 1396 643 Veronae
1416 621 1476 641 cum
1494 613 1606 645 Lucilio,
1627 613 1653 640 in
1676 613 1767 640 Laude

986 665 1112 700 Pompeia
1131 663 1170 700 (Δ)
1182 670 1243 690 cum
1262 661 1403 697 Dionysio,
1422 659 1483 687 aliis
1503 659 1529 686 in
1546 659 1612 686 locis
1627 666 1686 685 cum
1704 658 1767 685 Vin-

986 710 1077 738 centio
1103 709 1243 743 Capuano,
1273 707 1419 734 Maximino
1445 704 1618 736 Trevirensi,
1646 703 1767 731 Protasio

986 756 1191 788 Mcdiolaneusi,
1214 753 1331 790 Eugenio
1355 753 1417 780 item
1433 752 1570 786 magistro.
1586 750 1661 784 Quod
1677 750 1767 776 divino

987 803 1100 831 consilio
1116 806 1279 837 praecautum
1297 800 1381 827 fuisse
1391 798 1514 825 videatur
1531 806 1538 824 ε
1562 805 1623 824 nam
1645 801 1767 831 postmo-

988 851 1050 878 dum
1062 849 1166 881 Ariani,
1182 849 1253 883 quod
1266 846 1429 874 Athanasius
1443 845 1619 872 Constantem
1640 843 1768 877 frequens

155 906 292 940 episcopis
309 905 399 939 itaque
415 904 526 931 Arimis
549 908 687 938 promotus
711 902 756 930 illa
782 902 842 933 fuit,
858 907 939 936 atque
954 899 976 928 Β
990 896 1110 928 adiisset,
1142 895 1203 922 inde
1229 892 1390 920 criminandi
1414 898 1474 918 eum
1499 898 1592 918 ansam
1613 889 1767 924 arripuere;

155 952 284 985 deinceps
305 951 420 978 Arianas
443 958 486 978 res
499 957 547 985 pro
562 949 630 977 virili
652 949 742 981 auxit;
756 948 938 983 ementitaque

155 997 373 1024 mansuetudinis
403 997 503 1032 specie,
538 995 701 1026 Catholicos.
733 995 938 1030 praesertimque

155 1043 342 1074 Athanasium,
358 1042 446 1077 quoad
471 1042 556 1074 licuit,
574 1041 633 1069 dire
659 1040 782 1072 vexavit;
809 1040 850 1067 vel
875 1039 938 1066 hinc

154 1089 280 1116 omnibus
293 1088 391 1116 deinde
413 1088 517 1115 saeculis
538 1095 585 1122 pro
602 1086 706 1114 nefario
727 1090 754 1113 et
771 1085 938 1113 exsecrando

154 1135 305 1167 habendus,
321 1135 392 1170 quod
410 1134 515 1162 Aetium
534 1134 579 1160 τὸν
594 1133 672 1160 ἄθεον
688 1132 714 1159 in
731 1132 825 1159 amicis
839 1131 939 1158 habue-

155 1180 202 1213 rit,
220 1185 248 1208 et
266 1180 409 1208 diaconum
431 1179 576 1207 ordinarit.
592 1177 724 1205 Nimirum
747 1177 835 1208 κακὸς
853 1175 938 1203 κακὸν

154 1227 297 1263 ἡγηλάζει.

191 1284 218 1311 5.
233 1283 402 1311 Constantius
420 1287 521 1310 reuocat
538 1281 649 1310 exsules.
669 1296 704 1302 -—
722 1280 870 1316 Imperator
892 1288 940 1307 au-

157 1336 211 1357 tem
228 1329 401 1357 Constantius
418 1337 473 1356 rem
501 1329 527 1355 iu
543 1328 710 1363 Euphratam
727 1331 830 1362 gestam
846 1333 938 1353 secum

155 1381 296 1410 reputans,
312 1380 339 1402 et
364 1375 477 1402 crimine
502 1374 536 1401 ab
560 1380 613 1400 uno
639 1373 666 1400 id
691 1379 774 1407 genus
801 1379 861 1399 esse
887 1371 938 1398 alia

156 1423 318 1450 Arianorum
337 1421 363 1448 in
390 1426 503 1448 ca-teros
528 1420 669 1454 episcopos
694 1418 832 1445 molimina
849 1418 939 1451 suspi-

156 1474 233 1496 catus
246 1467 296 1504 (a),
314 1469 347 1495 de
363 1467 440 1494 solita
453 1467 478 1494 in
492 1466 592 1501 probos
603 1465 804 1500 catholicosque
818 1465 940 1492 homines

156 1513 258 1541 saevitie
274 1513 383 1548 paulum
405 1512 519 1540 remisit.
536 1510 717 1544 Quamobrem
735 1517 802 1544 quos
824 1509 940 1536 Alexan-

157 1561 215 1588 dria
231 1560 257 1587 in
279 1559 433 1587 Armeniam
451 1558 584 1593 relegarat
601 1557 784 1591 presbyteros,
799 1556 940 1583 diaconos-

157 1613 221 1640 que,
236 1605 336 1632 liberos
348 1592 545 1639 quamprimum
565 1603 663 1630 dimitti
676 1602 767 1638 jubet;
781 1602 939 1637 publiceque
953 1592 974 1622 (ἶ

158 1651 265 1680 litteras
278 1652 365 1679 mittit
386 1651 590 1681 Alexandriam,
612 1657 643 1676 ac
666 1652 738 1676 vetat
765 1649 846 1676 ullam
869 1648 940 1675 ulte-

158 1697 216 1724 rius
231 1697 302 1725 clero
326 1702 353 1725 et
369 1696 466 1732 populo
489 1696 672 1723 Alexandrino
694 1694 778 1730 inlligi
802 1694 942 1722 calamita-

159 1748 225 1770 tem.
251 1743 370 1778 Aliisque
393 1743 494 1778 pariter
519 1742 658 1770 exsulibus
687 1741 800 1768 liberum
821 1741 853 1767 ad
879 1747 942 1767 suas

158 1789 237 1816 sedes
255 1793 281 1816 et
300 1788 428 1816 ecclesias
450 1788 566 1816 reditum
593 1787 739 1815 concessit.
766 1786 835 1813 Tum
858 1786 942 1813 Atha-

159 1834 236 1861 nasio
257 1833 308 1861 fuit
322 1833 512 1861 Alexandriam
528 1833 722 1868 commigrandi
740 1831 864 1859 facultas.
886 1830 943 1858 Nec

160 1880 259 1906 mirum
281 1883 382 1911 tamen,
395 1879 417 1907 si
433 1884 574 1914 perspecta
598 1878 815 1906 adversariorum
838 1876 942 1909 fraude,

159 1925 366 1959 Constantiique
381 1925 499 1957 levitate,
516 1924 628 1952 insidias
643 1931 753 1957 cavens,
776 1930 829 1950 non
853 1922 942 1950 conti-

161 1980 215 2000 nuo
229 1979 289 1999 sese
302 1972 352 1999 via:
365 1971 539 2000 commiserit.

194 2028 269 2055 ANNO
282 2027 344 2055 559.
355 2042 388 2047 —
397 2027 422 2054 1.
434 2025 573 2062 Gregorius
584 2026 615 2053 ab
627 2025 815 2053 Alexandrinis
835 2024 944 2051 obtrun-

160 2080 245 2101 catur.
268 2088 303 2094 —
328 2072 482 2100 Secundum
508 2073 576 2106 haec,
602 2072 701 2107 elapsis
727 2079 824 2106 nempe
851 2070 942 2098 decem

161 2125 220 2155 post
241 2118 370 2151 Stephani
389 2118 587 2147 abdicationem
606 2119 755 2150 mensibus,
769 2115 943 2144 Alexandrini

161 2166 273 2194 nefariis
284 2166 406 2201 Gregorii
420 2165 467 2192 τοῦ
481 2164 698 2200 ψευδεπισχόπου
712 2164 859 2191 sceleribus
871 2170 944 2190 com-

162 2212 240 2247 moti,
258 2211 466 2246 mitioribusque
485 2215 621 2245 postremo
633 2210 703 2238 datis
723 2209 874 2237 Constantii
887 2209 944 2244 jus-

988 941 1059 976 quod
1088 940 1192 968 scilicet
1227 938 1374 967 simultatis
1404 938 1475 964 inter
1508 936 1606 964 fratres
1631 935 1769 963 movenda

987 995 1069 1014 causa
1086 994 1146 1014 cum
1170 986 1316 1013 Constante
1334 983 1461 1018 frequens
1481 982 1613 1018 colloquia
1634 982 1767 1008 misceret.

987 1033 1036 1060 Cui
1063 1031 1252 1068 propulsanda:
1279 1030 1421 1057 calumnia:
1444 1029 1615 1056 commodum
1639 1032 1769 1063 opportu-

988 1084 1108 1112 numque
1119 1077 1180 1109 fuit,
1193 1075 1264 1111 quod
1275 1082 1413 1109 nunquam
1428 1074 1515 1102 solum
1530 1073 1704 1101 Constantem
1722 1080 1770 1102 so-

988 1121 1030 1149 lus
1046 1121 1226 1149 convenisset.

1024 1167 1051 1195 5.
1074 1167 1243 1194 Constantius
1257 1165 1432 1193 Athanasium
1455 1164 1575 1191 hortatur
1589 1164 1624 1191 ad
1648 1163 1769 1191 reditum.

987 1226 1023 1231 —
1034 1210 1165 1246 Aquileiae
1179 1218 1239 1238 cum
1260 1210 1380 1245 degeret,
1394 1209 1641 1244 ecclesiasticisque
1655 1216 1772 1236 conven-

989 1259 1061 1286 tibus
1079 1265 1189 1292 operam
1207 1257 1291 1288 daret,
1309 1255 1336 1283 in
1357 1257 1456 1290 templo
1471 1256 1541 1291 quod
1558 1261 1612 1283 tum
1636 1255 1772 1283 excitaba-

989 1310 1045 1337 tur,
1075 1304 1188 1332 necdum
1219 1309 1308 1331 tamen
1337 1304 1480 1336 absoluto,
1507 1302 1648 1330 collectam
1678 1302 1772 1329 haberi

989 1348 1142 1384 conspexit,
1169 1349 1211 1376 cui
1236 1349 1318 1376 ctiam
1347 1348 1441 1375 aderat
1467 1347 1598 1375 Constans
1623 1346 1772 1382 Augustus.

989 1396 1055 1431 Quae
1070 1404 1115 1424 res
1135 1396 1239 1430 pariter
1256 1395 1305 1429 ipsi
1323 1395 1397 1422 utilis
1412 1394 1460 1421 fuit
1476 1394 1510 1421 ad
1531 1393 1611 1420 aliam
1633 1393 1773 1427 depellen-

989 1444 1051 1471 dam
1074 1442 1303 1473 criminationem,
1318 1446 1346 1468 ut
1362 1440 1476 1468 inferius
1497 1440 1611 1467 dicetur.
1627 1439 1656 1466 ln
1678 1439 1772 1466 eadem

990 1491 1056 1518 urbe
1079 1489 1184 1516 litteras
1201 1488 1298 1522 accipit
1324 1486 1473 1515 Constantii
1499 1487 1685 1521 imperatoris,
1713 1485 1772 1520 qui,

993 1535 1160 1570 deprehensa
1192 1534 1354 1561 Arianorum
1399 1532 1425 1559 in
1462 1531 1563 1566 legatos
1599 1530 1774 1558 Sardiceuses

991 1580 1190 1616 coniuratione,
1205 1579 1309 1607 leniore
1323 1585 1386 1612 erga
1399 1576 1580 1608 Athanasium
1592 1580 1653 1603 erat
1663 1575 1772 1602 animo:

991 1631 1019 1653 et
1036 1631 1098 1652 tunc
1114 1624 1244 1652 desaevire
1265 1627 1411 1657 tempestas
1425 1621 1507 1656 coepit
1524 1620 1568 1656 (ε).
1586 1619 1713 1647 Sanctum
1729 1619 1774 1647 ille

992 1671 1133 1707 praesulem
1153 1670 1325 1702 hortabatur,
1346 1673 1376 1695 ut
1398 1668 1450 1695 iter
1464 1666 1493 1694 in
1510 1666 1624 1702 patriam
1639 1670 1667 1693 et
1685 1665 1773 1693 eccle-

991 1718 1060 1746 siam
1084 1724 1162 1744 suam
1180 1716 1341 1750 susciperet,
1359 1714 1404 1742 diu
1426 1721 1486 1741 esse
1510 1712 1581 1748 quod
1605 1715 1775 1745 exspectaret

991 1767 1136 1791 venturum
1157 1762 1228 1789 ultro
1242 1769 1274 1789 ac
1296 1759 1425 1788 redeundi
1449 1759 1603 1786 facultatem
1620 1757 1773 1793 postulatu-

992 1818 1062 1837 rum.
1076 1807 1115 1836 ΝΘ
1128 1812 1217 1835 metus
1229 1806 1365 1834 ulterioris
1380 1812 1462 1832 mora)
1483 1811 1564 1832 causa
1582 1807 1665 1834 esset,
1682 1802 1776 1837 jubere

993 1862 1022 1882 se
1046 1858 1075 1881 ut
1102 1853 1175 1881 omni
1202 1851 1290 1887 posita
1318 1850 1462 1878 formidine
1488 1850 1539 1877 iter
1562 1848 1775 1884 ingrederetur:

993 1900 1134 1934 scripsisse
1150 1906 1180 1926 se
1203 1897 1282 1925 fratri
1305 1896 1449 1925 Constanti
1473 1900 1503 1922 ut
1523 1895 1647 1922 veniendi
1669 1893 1775 1928 copiam

993 1946 1104 1974 faceret.
1124 1945 1160 1972 At
1182 1952 1243 1973 cum
1269 1942 1446 1975 Athanasius,
1474 1946 1513 1969 tot
1530 1946 1591 1969 ante
1614 1940 1693 1968 malis
1708 1938 1776 1966 allii-

993 1996 1065 2023 ctus.
1080 1991 1125 2018 vix
1141 1998 1156 2017 a
1174 1990 1289 2025 pristino
1312 1993 1385 2016 metu
1410 1987 1568 2023 respiraret,
1590 1984 1777 2020 comperendi-

994 2040 1075 2063 natus
1087 2039 1129 2062 est
1142 2035 1227 2062 donec
1250 2034 1336 2061 altera
1353 2033 1496 2060 accederet
1518 2031 1690 2065 imperatoris
1710 2029 1778 2057 Con-

994 2081 1087 2109 stantii
1116 2080 1253 2116 epistola,
1284 2087 1338 2114 qua
1371 2079 1458 2106 virum
1484 2078 1596 2113 jubebat
1629 2083 1777 2104 conscenso

994 2127 1103 2163 publico
1126 2126 1251 2155 vehiculo
1269 2133 1298 2154 se
1319 2125 1476 2157 convenire,
1500 2129 1529 2151 ut
1552 2123 1650 2158 optatis
1672 2122 1777 2148 fruere-

997 2178 1049 2201 tur.
1065 2172 1185 2200 Tertiam
1201 2172 1264 2199 item
1279 2170 1418 2206 epistolam
1441 2169 1618 2196 Conslantius
1632 2174 1678 2201 per
1694 2165 1777 2192 Achi-

997 2224 1050 2247 tam
1065 2219 1208 2246 diaconum
1228 2217 1302 2244 misit
1326 2216 1360 2242 ad
1383 2220 1516 2243 sanctum
1531 2212 1683 2246 praesulem,
1698 2218 1778 2245 quem

160 2257 200 2285 sis
219 2257 309 2284 animo
332 2257 490 2284 audaciores
504 2257 553 2291 (b),
574 2260 605 2283 ut
622 2263 680 2283 mos
698 2260 739 2283 est
756 2255 943 2287 multitudinis,
960 2262 983 2290 ι)
998 2265 1181 2293 diuturnior“
1201 2263 1309 2290 trahere
1327 2269 1418 2288 moras
1432 2268 1504 2295 3.8m
1525 2259 1646 2290 {el-31,3“
1659 2263 1778 2290 conque-

161 2303 269 2330 afﬂictis
281 2303 362 2330 rebus
376 2302 474 2337 frangi,
489 2301 614 2329 secundis
628 2302 697 2329 ultra
722 2301 830 2328 modum
845 2299 943 2332 efferri,

161 2349 263 2383 impetu
285 2349 366 2381 facto,
387 2349 531 2376 scelestum
550 2347 690 2382 prtesulem
713 2347 858 2374 trucidant.
881 2346 946 2379 Qum

161 2402 254 2428 causa,
278 2401 372 2429 quaave
392 2394 464 2421 ratio
487 2394 579 2426 caedis,
602 2393 721 2421 omnium
746 2393 848 2427 pariter
877 2391 944 2419 scri-

161 2445 269 2475 ptorum
302 2440 408 2468 silentio
432 2441 574 2475 premitur.
602 2439 701 2467 Verum
730 2438 854 2470 fortasse,
880 2437 944 2472 quia

161 2486 308 2521 superstite
323 2485 454 2521 Gregorio
475 2485 551 2519 plebs
567 2483 748 2512 Alexandrina
774 2482 945 2518 optatissimo

160 2532 212 2559 sibi
236 2532 386 2559 Athanasio
418 2532 559 2566 prmeisam
589 2537 649 2558 esse
679 2528 843 2563 remigrandi
871 2535 945 2562 spem

161 2577 336 2612 intelligeret,
358 2577 384 2604 in
414 2577 441 2604 id
468 2575 594 2603 facinoris
620 2575 752 2610 prorupit.
778 2573 842 2608 Ejus
871 2573 946 2600 obitu

161 2623 278 2650 levatum
295 2623 447 2651 Athanasio
462 2621 513 2649 fuit
534 2628 614 2649 omne
641 2621 743 2648 reditus
769 2619 948 2654 impedimen-

163 2673 229 2695 tum.

197 2737 236 2774 (α)
255 2737 355 2765 Athan.
381 2736 454 2764 Hist.
476 2736 572 2764 Arion.
598 2737 632 2764 ad
661 2737 812 2769 monachos,
844 2745 869 2764 ιι.
899 2735 945 2770 21,

256 2807 419 2835 Theodoret.
438 2807 485 2835 lib.
501 2815 532 2838 ιι,
551 2815 609 2841 cap.
626 2807 666 2834 12.

162 2772 208 2801 2‘2.

198 2807 224 2859 εξ

199 2842 234 2875 (c)
255 2842 356 2869 Athan.
376 2842 453 2874 Apol.
469 2843 502 2869 ad
518 2842 670 2876 Constant,
691 2851 716 2870 ιι.
732 2844 758 2871 5.

200 2878 239 2913 (d)
257 2877 325 2904 Lodi
343 2878 455 2904 vercftio.

998 2315 1056 2338 stus
1071 2316 1101 2337 se
1113 2308 1219 2345 jamdiu
1231 2307 1305 2335 illum
1318 2311 1487 2342 exspectare,
1499 2312 1578 2340 quem
1594 2303 1687 2338 patriae
1700 2301 1780 2329 resti-

1000 2361 1076 2383 tuere
1101 2358 1256 2390 peroptaret
1281 2358 1309 2380 et
1330 2352 1454 2380 ecclesiae
1477 2359 1541 2379 suac.
1575 2348 1688 2384 Scripsit
1715 2347 1779 2374 item

998 2400 1139 2428 Constanti
1168 2400 1259 2432 fratri,
1278 2406 1377 2434 rogans
1390 2402 1418 2424 ut
1429 2404 1490 2424 eum
1503 2397 1537 2424 ad
1554 2395 1670 2423 reditum
1685 2394 1781 2420 cohor-

1000 2451 1113 2474 taretur.
1131 2446 1167 2474 At
1186 2446 1258 2473 enim
1284 2444 1436 2472 afﬁrmabat
1459 2449 1489 2470 se
1516 2449 1616 2468 annum
1645 2441 1780 2474 integrum

997 2496 1181 2526 exspectasse,
1196 2498 1283 2526 neque
1305 2489 1473 2517 concessisse
1493 2494 1577 2514 novas
1597 2486 1655 2513 dari
1675 2485 1780 2516 turbas,

999 2538 1140 2572 aliumque
1151 2536 1274 2571 Gregorii
1291 2535 1350 2563 loco
1365 2535 1445 2570 deligi
1461 2533 1628 2568 episcopum.
1647 2530 1780 2558 Nimirum

998 2584 1026 2612 id
1040 2583 1199 2618 satagebant
1210 2582 1303 2608 Ariani
1321 2580 1478 2616 imperatori
1498 2579 1620 2606 suadere.
1636 2576 1672 2604 Ut
1691 2581 1781 2602 autem

998 2636 1107 2658 omnem
1121 2628 1273 2655 formidinis
1288 2633 1398 2654 causam
1414 2625 1530 2657 levaret,
1549 2623 1663 2650 comites
1675 2628 1781 2656 quoque

998 2683 1075 2708 suos,
1087 2675 1187 2710 quibus
1201 2673 1318 2700 maxime
1333 2671 1455 2699 habenda
1468 2670 1534 2698 fides
1548 2673 1616 2702 erat,
1633 2668 1779 2696 Polemiull

1037 2733 1072 2769 (ε)
1089 2733 1188 2760 Athan.
1216 2731 1294 2769 Apol,
1321 2730 1356 2757 ad
1386 2730 1542 2769 constant...
1563 2735 1591 2754 n.
1621 2725 1762 2769 15;]15'“.

1000 2761 1096 2796 Aria'n.
1119 2768 1153 2794 ad
1179 2761 1329 2798 monachos,
1357 2773 1383 2792 ιι.
1409 2765 1460 2796 2i;
1477 2764 1559 2798 Apol.
1571 2768 1661 2789 contra
1677 2761 1781 2790 Atiam.

1001 2813 1029 2832 n.
1047 2804 1091 2836 51,
1108 2803 1160 2834 55;
1185 2803 1291 2828 Socrat.
1313 2800 1358 2836 lib.
1369 2808 1400 2833 tt,
1418 2807 1478 2834 cap.
1494 2797 1657 2836 Ξὸέξοιοιιι.
1679 2797 1725 2824 lib.
1739 2803 1781 2828 tu,

1000 2847 1059 2874 cap.
1076 2834 1123 2872 i0;
1150 2837 1310 2866 Theodoret.
1337 2835 1383 2863 lib.
1406 2842 1436 2868 ll,
1458 2842 1515 2869 cap.
1532 2834 1573 2861 ll.
