2016 3046
262 138 326 160 (ΖΠΗ

939 131 1207 159 PROLEGUMENA.

261 186 375 218 scilicet,
396 186 549 220 Datianum,
572 187 744 219 Bardionem,
772 187 943 220 Thalassum,
971 187 1042 214 Tau-
1060 188 1166 218 Asiam
1196 187 1314 221 aliquam
1347 186 1520 214 Alexandria:
1550 187 1659 214 Arianis
1691 187 1724 213 ad
1754 186 1882 214 collectas

262 240 322 260 rum
337 238 364 260 et
379 232 557 266 Florentium,
579 234 730 265 Athanasii,
743 239 772 261 ut
787 234 902 266 videtur.
920 242 1044 262 necessa-

262 279 318 307 rios
333 278 474 315 (a).jussit
490 280 620 314 epistolas
637 280 671 307 ad
688 280 865 308 Athanasium
877 281 1044 308 dimovendae

262 325 425 358 suspicionis
441 332 522 352 causa
538 326 656 353 mittere.

297 369 323 396 4.
337 369 477 397 Athanasii
493 371 604 398 reditus.
619 385 654 390 —
668 370 819 405 Imperator
830 378 896 406 ergo
911 370 1045 398 Constans

261 416 365 444 iteratis
381 417 472 444 fratris
488 417 530 444 sui
544 417 641 445 litteris
657 422 795 452 permotus
807 417 854 453 (b),
867 418 1045 445 Athanasium

260 465 359 492 accivit
379 465 405 492 in
419 465 531 493 Gallias.
547 465 598 499 Qui
616 473 679 492 mox
699 466 832 500 Aquileia,
846 466 890 493 ubi
909 471 964 493 tum
983 473 1046 493 ver-

260 512 381 544 satiatur,
400 511 548 546 profectus,
562 511 675 539 Romam
696 513 780 544 venit,
795 512 921 546 episcopo
934 511 1005 538 .Iulio
1019 516 1046 539 et

259 556 387 584 Ecclesiae
394 557 454 583 vale
463 557 595 584 dicturus.
604 557 671 584 Tum
682 557 800 584 Ecclesia
811 557 929 584 Romana
943 557 1044 591 ingenti

259 602 358 636 gaudio
374 601 497 636 perfusa,
514 601 657 636 Juliusque
671 602 791 636 pontifex
815 603 937 630 redeunti
953 607 1045 635 gratu-

259 646 341 680 latus,
364 647 470 675 litteras
491 648 564 675 dedit
579 648 612 675 ad
633 648 734 675 clerum
747 653 774 676 et
786 649 913 683 populum
928 648 1045 676 Alexan-

259 693 377 724 drinum,
392 693 490 727 quibus
510 700 539 721 se
553 693 750 721 testificabatur
769 702 940 729 summopere
959 694 1044 722 laetari

259 739 293 766 de
312 739 400 766 reditu
424 740 491 767 tanti
514 741 661 775 tandiuque
686 741 799 776 expetiti
822 741 956 776 praesulis,
988 741 1045 768 lau-

260 785 326 812 dare
349 786 480 820 propositi
496 793 591 814 eorum
616 788 860 821 perseverantiam,
882 795 962 822 quam
979 795 1045 815 con-

259 829 340 865 digna
366 835 392 857 et
408 831 580 864 optatissime
601 832 672 860 Deus
688 832 761 860 exitu
781 833 919 861 donasset.
940 833 1044 860 Laudat

1095 233 1218 261 concedi.
1232 232 1335 265 Quibus
1357 240 1460 259 morem
1484 239 1581 267 gerens
1594 232 1782 264 Constantius,
1804 238 1880 267 rogat

1096 280 1286 312 Athanasium,
1302 278 1521 314 quandoquidem
1538 279 1595 312 ipse
1609 287 1642 306 ex
1660 279 1719 313 ejus
1743 283 1806 306 voto
1825 287 1881 306 0m-

1096 326 1139 352 nia
1158 329 1262 361 agerct,
1279 326 1330 353 sibi
1344 325 1425 352 etiam
1445 324 1489 351 ille
1501 325 1574 359 quod
1595 325 1621 352 in
1643 325 1742 359 optatis
1754 330 1814 351 erat
1826 333 1879 351 non

1096 373 1254 407 denegaret,
1270 377 1300 399 ut
1312 371 1418 399 scilicet
1427 371 1614 403 ecclesiarum,
1627 378 1686 405 qua:
1701 370 1768 398 bene
1789 371 1880 396 multa:

1095 424 1175 446 erant
1195 419 1376 452 Alexandria,
1393 426 1474 446 unam
1499 418 1610 446 Arianis
1628 417 1695 444 tradi
1719 418 1880 444 concederet

1096 473 1145 500 pro
1182 464 1360 493 couventibus
1393 464 1513 500 agendis.
1545 463 1586 490 Ad
1618 466 1674 490 hare
1703 463 1880 494 Athanasius,

1095 518 1202 546 mquum
1219 511 1327 545 quidem
1345 517 1406 538 esse
1423 510 1563 545 respondit
1585 509 1755 544 imperatoris
1781 509 1880 543 placito

1095 566 1126 585 ea
1140 558 1166 584 in
1183 565 1213 585 re
1225 557 1430 591 obtemperare;
1445 557 1491 584 sed
1511 555 1574 591 quia
1593 555 1668 583 multi
1684 556 1765 582 etiam
1784 555 1880 582 Antio-

1095 604 1164 632 ehiae
1179 603 1310 631 Catholici
1329 604 1468 638 degerent,
1494 603 1540 637 qui
1565 603 1599 630 ab
1624 602 1785 629 Arianorum
1805 609 1879 628 com-

1095 651 1223 678 munione
1247 649 1442 682 abhorrerent,
1464 649 1600 684 postulare
1625 655 1654 675 se
1674 652 1765 674 mutuo
1785 648 1879 674 iisdem

1094 694 1128 720 ad
1143 694 1272 720 collectas
1288 693 1464 720 celebrandas
1477 692 1619 720 ecclesiam
1634 693 1757 720 concedi.
1773 693 1803 719 Et
1815 700 1881 719 vero

1096 746 1149 766 non
1171 739 1263 772 iniqua
1283 738 1437 773 imperatori
1455 738 1511 764 visa
1525 737 1575 764 fuit
1588 737 1718 772 ejusmodi
1742 737 1774 764 ab
1796 738 1880 764 Atha-

1096 785 1174 812 nasio
1187 784 1276 812 oblata
1290 785 1419 812 conditio.
1432 784 1530 811 Verum
1544 784 1635 810 Ariani
1651 791 1728 811 secus
1741 783 1879 810 existima-

1095 832 1170 859 bant.
1187 831 1254 858 Nam
1269 838 1331 858 cum
1344 831 1454 866 grandis
1465 831 1605 858 Athanasii
1621 834 1692 857 esset
1708 830 1879 858 Alexandriae

259 876 358 903 exinde
382 876 522 905 Athanasii
551 877 680 906 virtutem
694 898 701 910 .
726 879 913 907 fortitudinem
940 881 1042 911 animi,
1060 873 1081 900 Β
1095 878 1256 909 auctoritas,
1273 885 1326 905 non
1343 878 1434 912 magni
1452 878 1582 904 interesse
1600 877 1730 912 putabant
1745 876 1881 903 sodalibus

259 922 417 956 patientiam
444 925 470 950 in
495 924 640 954 adversis:
662 925 750 952 virum
774 930 815 953 tot
837 926 966 960 periculis
983 934 1041 960 per-

259 968 379 995 functum
404 968 459 1003 jam
487 970 630 998 clariorem
656 972 754 999 reverti
786 979 868 1007 quam
894 977 957 1000 ante
983 973 1044 1000 fue-

259 1017 310 1044 rat,
334 1020 367 1040 ex
394 1014 485 1042 animo
510 1022 540 1043 se
564 1016 684 1050 gaudere
701 1017 910 1052 pr-OSpicientem
939 1018 964 1045 in
995 1019 1044 1045 ad-

259 1064 342 1086 ventu
367 1060 511 1088 Athanasii
544 1061 664 1090 laetitiam
693 1063 797 1098 populis
823 1063 942 1091 futuram
967 1074 974 1092 :
1006 1065 1046 1092 sic

259 1106 395 1138 prrclcrita
415 1107 486 1134 mala
501 1107 563 1134 laeto
578 1109 653 1135 exitu
670 1109 832 1136 oblitterari.
849 1109 917 1137 Tum
939 1109 1046 1138 decedit

260 1150 344 1178 Roma
368 1151 395 1179 in
411 1151 524 1188 Gallias,
545 1154 751 1190 Augustumque
770 1157 898 1184 convenit
920 1155 1044 1184 Athana-

259 1205 325 1225 ειυς.

295 1243 321 1271 5.
337 1243 521 1273 Constantium
539 1247 658 1273 conuenit
673 1247 845 1275 Athanasius.
863 1262 898 1267 —
913 1247 1045 1276 Haesimus

259 1297 309 1316 nos
326 1290 471 1325 aliquando
483 1292 579 1320 incerti
590 1293 750 1326 Aquileianc
763 1295 789 1320 in
803 1293 914 1327 Gallias,
926 1294 1045 1328 acceptis

262 1336 376 1372 Augusti
403 1337 512 1370 litteris,
536 1337 679 1365 confestim
707 1344 780 1366 recta
810 1339 984 1374 properarit,
1013 1347 1046 1366 ac

258 1383 357 1410 deinde
375 1390 408 1410 ex
435 1383 530 1411 Galliis
545 1385 712 1412 concesserit
726 1385 855 1419 Romam;
872 1393 906 1412 an
921 1385 1044 1420 Aquileia

260 1429 397 1462 profectus
424 1430 538 1457 Romam
567 1431 690 1464 venerit,
721 1437 867 1466 antequam
896 1431 929 1459 de
957 1432 1044 1464 Italia,

258 1477 408 1510 Augustum
433 1476 568 1509 aditurus,
584 1475 737 1504 decederet.
765 1477 862 1504 Verum
886 1477 941 1512 jam
967 1478 1045 1506 nobis

258 1529 327 1557 pene
341 1525 459 1553 constat,
479 1522 543 1556 quia
560 1523 726 1551 Athanasius
741 1523 916 1559 Adrianopoli
931 1524 1044 1551 Alexan-

258 1566 345 1593 driam
370 1567 520 1601 remigrans
537 1567 709 1601 pertransiit,
733 1567 857 1602 Aquileia
872 1568 984 1596 Romam
1000 1577 1044 1596 ve-

257 1611 331 1640 nisse
355 1618 500 1646 antequam
526 1613 562 1641 ad
585 1611 760 1641 Constantem
786 1619 956 1649 properaret,
982 1616 1045 1643 inde

257 1665 325 1686 vero
350 1665 399 1693 per
425 1658 600 1687 Germaniam
626 1660 756 1694 secundo,
782 1666 811 1688 ut
838 1665 959 1696 putatur,
984 1661 1043 1689 lstri

257 1703 369 1732 ﬂumine
385 1712 509 1740 magnam
529 1706 634 1734 itineris
655 1711 760 1740 partetn
775 1707 935 1735 confecisse.
947 1708 1045 1735 Adria-

258 1751 376 1785 nopolim
394 1759 455 1779 cum
477 1753 645 1786 pervenisset
664 1753 711 1788 (ι’).
733 1754 825 1781 decem
842 1754 982 1785 laicorum,
999 1756 1043 1790 qui

257 1796 420 1824 Arianorum
436 1798 580 1832 prarsulum
594 1798 672 1832 jussu
694 1799 758 1827 caesi
781 1799 900 1833 fuerant,
925 1801 1044 1828 tumulos

257 1843 400 1877 conspexit
426 1850 535 1878 propter
554 1846 648 1872 urbem
674 1845 752 1874 sitos.
778 1846 842 1874 lude
869 1854 932 1874 vero
947 1847 1044 1874 Antio-

258 1888 348 1915 chiam
375 1889 527 1917 concedens
548 1890 738 1917 Constantium
765 1892 855 1924 adiit;
882 1893 928 1926 qui
957 1894 1044 1919 virum

257 1934 464 1968 perhumaniter
475 1935 594 1970 excepit,
608 1936 678 1963 comi
698 1937 858 1971 placidoque
873 1938 947 1965 vultu
963 1939 1045 1965 intui-

259 1983 314 2008 tus.
341 1979 409 2007 Cum
438 1985 527 2008 autem
543 1981 708 2010 Athanasius
730 1983 764 2010 de
779 1983 840 2013 .sibi
867 1984 948 2012 illatis
969 1985 1045 2012 malis

258 2030 483 2060 conquereretur,
501 2034 533 2054 ac
549 2027 671 2055 benelicii
688 2033 716 2055 et
735 2029 830 2063 gratite
848 2029 905 2057 loco
927 2035 1042 2064 peteret,

258 2076 287 2098 ut
304 2079 337 2099 ne
349 2071 555 2100 criminationes
576 2073 795 2102 adversariorum
819 2081 879 2110 post
894 2075 1043 2103 discessum

258 2126 337 2146 suum
358 2118 482 2153 audiret;
502 2120 560 2153 sed,
576 2119 600 2147 si
615 2119 728 2153 luberet,
743 2121 798 2155 jam
819 2122 967 2150 maledicos
980 2129 1044 2150 evo-

258 2168 344 2196 caret,
369 2168 398 2191 ut
418 2171 512 2192 coram
529 2165 678 2201 objicerent
697 2167 812 2194 crimina
825 2187 833 2200 ,
859 2167 885 2195 id
902 2168 1044 2204 denegavit

1093 924 1151 951 suis
1172 924 1366 951 Alexandrinis
1381 924 1453 958 quod
1470 923 1618 951 Ecclesium
1635 923 1799 953 obtinerent,
1817 931 1879 950 cum

1095 970 1161 996 tanti
1181 971 1230 996 viri
1258 970 1368 997 monitis
1394 975 1476 1005 atque
1503 969 1734 997 adhortationibus
1759 969 1876 996 futurum

1095 1016 1293 1050 prospicerent,
1317 1021 1346 1043 ut
1369 1016 1466 1051 exigua
1492 1020 1536 1042 aut
1557 1015 1627 1042 nulla
1654 1014 1723 1041 foret
1747 1015 1882 1043 Arianicis

1097 1064 1176 1091 rebus
1200 1063 1332 1096 accessio,
1352 1063 1459 1090 etiamsi
1475 1062 1618 1090 ecclesiam
1640 1062 1677 1088 illi
1701 1063 1877 1097 possiderent.

1094 1109 1194 1137 Contra
1231 1116 1295 1137 vero
1333 1109 1485 1136 Antiochia:
1513 1109 1704 1136 Eustathianos
1734 1108 1881 1135 cernebant

1096 1163 1193 1190 magno
1209 1162 1270 1183 esse
1283 1162 1415 1187 numero;
1431 1156 1490 1190 qui,
1510 1155 1532 1182 si
1550 1154 1664 1182 ecclesia
1686 1154 1738 1181 sibi
1753 1154 1882 1181 concede-

1095 1207 1179 1233 retur,
1194 1202 1275 1229 rebus
1297 1202 1352 1228 suis
1373 1201 1501 1235 augendis
1517 1201 1656 1228 studerent
1675 1201 1701 1227 in
1719 1201 1825 1227 Arianae
1841 1200 1881 1225 fu-

1095 1247 1195 1274 ctionis
1217 1248 1311 1282 ingens
1335 1247 1539 1274 detrimentum.
1562 1246 1628 1273 Nam
1650 1252 1704 1274 tum
1722 1247 1802 1273 etiam
1819 1254 1882 1273 cum

1095 1293 1195 1320 nullam
1208 1293 1349 1326 haberent,
1360 1293 1410 1320 sibi
1425 1298 1514 1320 tamen
1530 1292 1667 1320 formidini
1680 1298 1768 1320 erant.
1782 1292 1880 1326 Quam-

1094 1340 1187 1366 obrem
1204 1339 1359 1373 imperatori
1381 1343 1506 1366 auctores
1528 1337 1617 1371 fuere,
1642 1342 1671 1366 ut
1692 1339 1724 1366 ab
1747 1338 1879 1373 ejusmodi

1095 1384 1236 1420 postulatis
1250 1384 1403 1412 absisteret.

1129 1431 1156 1458 7.
1174 1430 1300 1463 Epittoltz
1326 1430 1477 1458 Constantii
1497 1432 1525 1458 in
1543 1432 1658 1467 gratiam
1672 1431 1822 1459 Athanasii.
1847 1446 1883 1452 —

1093 1476 1269 1505 Constantius
1286 1482 1374 1504 autem
1390 1477 1417 1504 vi
1441 1482 1468 1504 et
1484 1478 1593 1512 ingenio
1616 1477 1733 1505 hominis
1753 1478 1882 1512 obstupe—

1095 1530 1175 1550 scens
1190 1523 1241 1559 (ά),
1255 1523 1344 1550 missis
1358 1523 1391 1550 ad
1412 1525 1502 1551 varios
1525 1531 1573 1557 per
1587 1523 1690 1551 diversa
1706 1522 1762 1550 loca
1776 1522 1884 1556 judiccs

1097 1569 1212 1602 litteris,
1236 1569 1335 1604 quibus
1359 1575 1423 1596 ante
1444 1569 1565 1604 iusserat
1591 1570 1681 1597 aditus
1703 1569 1882 1596 intercludere

1096 1621 1200 1648 omnes,
1212 1619 1267 1642 tum
1276 1615 1438 1649 significavit
1450 1620 1478 1642 ut
1493 1616 1607 1643 liberum
1623 1616 1774 1650 praaherent
1788 1622 1879 1643 trans—

1096 1660 1173 1687 itum.
1193 1659 1258 1686 Data
1291 1660 1354 1687 item
1377 1660 1489 1694 epistola
1510 1661 1644 1696 episcopis
1665 1668 1698 1689 ac
1715 1662 1880 1696 presbyteris

1095 1705 1270 1738 renuntiavit,
1283 1713 1312 1733 se
1331 1705 1507 1733 Athanasium
1532 1707 1625 1740 patria:
1640 1712 1668 1734 et
1686 1707 1807 1734 ecclesiae
1824 1714 1879 1733 sua:

1096 1751 1249 1782 restituere,
1272 1751 1363 1778 omnia
1387 1758 1448 1786 qua:
1473 1751 1603 1778 adversus
1624 1758 1684 1778 eum
1710 1750 1810 1785 scripta
1838 1749 1879 1776 vel

1095 1801 1170 1830 gesta
1185 1796 1293 1823 fuerant
1309 1797 1452 1831 abrogare,
1466 1797 1665 1830 decernereque
1679 1800 1708 1823 ut
1722 1796 1811 1824 clerici
1821 1795 1879 1830 ejus

1095 1843 1188 1869 eadem
1213 1849 1265 1877 qua
1281 1847 1345 1870 ante
1365 1843 1513 1878 gauderent
1534 1843 1703 1870 immunitate
1721 1852 1729 1870 :
1749 1843 1805 1870 dari
1821 1843 1879 1877 epi-

1095 1889 1196 1923 scopis,
1214 1889 1271 1916 dari
1296 1889 1404 1916 clericis
1428 1889 1514 1917 eidem
1535 1889 1688 1917 adhaerendi
1704 1890 1877 1921 facultatem;

1095 1941 1153 1960 eam
1172 1933 1230 1961 fore
1245 1934 1342 1962 exinde
1363 1939 1454 1961 notam
1472 1939 1713 1969 argumentumque
1729 1934 1794 1961 recti
1817 1941 1878 1968 pro-

1095 1979 1186 2014 positi,
1202 1979 1224 2007 si
1238 1980 1298 2015 quis
1313 1980 1453 2007 Athanasii
1473 1981 1688 2008 communionem
1709 1985 1877 2015 sequeretur.

1095 2026 1182 2053 Aliam
1210 2027 1274 2054 item
1300 2026 1374 2054 dedit
1401 2027 1433 2053 ad
1458 2025 1667 2053 Alexandrinam
1691 2026 1812 2061 plebem;
1833 2025 1877 2052 ubi

1096 2077 1239 2107 postquam
1254 2073 1367 2099 summis
1387 2071 1568 2099 Athanasium
1586 2072 1710 2099 laudibus
1726 2071 1877 2102 exornavit,

1095 2118 1186 2153 populi
1202 2118 1288 2152 carpit
1309 2118 1428 2145 animum
1456 2118 1604 2153 inquietum
1625 2125 1656 2145 ac
1673 2117 1878 2148 tumultuosum.

1096 2164 1221 2191 hortatur
1244 2163 1278 2190 ad
1306 2171 1399 2199 pacem
1428 2168 1455 2191 et
1484 2164 1665 2196 concordiam,
1684 2169 1774 2191 monet
1796 2163 1878 2190 senn-l

259 2209 416 2244 imperator.
429 2210 464 2237 At
477 2210 550 2237 enim
566 2211 696 2245 quidquid
713 2212 845 2240 adversus
863 2221 924 2240 eum
939 2220 972 2240 ex
994 2222 1041 2242 ca-
1058 2218 1081 2245 Ι)
1096 2210 1247 2245 iterumque
1269 2215 1298 2236 υι
1323 2211 1417 2238 “tritas
1445 2210 1570 2238 movendi
1601 2210 1680 2237 ﬁnem
1706 2209 1822 2241 ίεὶοίευτι
1848 2217 1878 2236 se

259 2253 367 2282 lumniis
397 2253 588 2287 inimicorum,
619 2255 717 2283 litteris
747 2261 776 2284 et
803 2256 917 2291 publicis
944 2257 1042 2285 tabulis

258 2300 415 2327 mandatum
430 2305 517 2333 esset,
531 2301 625 2328 abradi
640 2305 667 2328 et
677 2301 825 2328 oblitterari
836 2301 1041 2336 jussit,pollici-

258 2351 303 2373 tus
317 2346 478 2380 juratusque
493 2346 582 2374 nullas
598 2346 712 2375 ulterius
735 2348 917 2375 admissurum
938 2355 967 2375 se
989 2347 1042 2376 cri-

257 2392 430 2419 minationes.

293 2437 320 2464 6.
338 2437 491 2465 Antiochiae
507 2437 570 2464 dum
586 2436 696 2473 degeret
710 2437 886 2470 Athanasius,
897 2445 911 2464 ρ
934 2437 1040 2466 Leontii

257 2486 473 2518 ca‘terorumque
487 2482 648 2510 Arianorqu
664 2489 798 2511 conventu
813 2489 840 2510 et
853 2485 1042 2512 communione

256 2535 364 2562 semper
381 2528 523 2561 abstinuit,
545 2529 591 2556 sed
606 2530 638 2556 ad
654 2529 780 2557 collectas
803 2530 1040 2556 Eustathianorum

257 2571 384 2607 frequens
397 2575 555 2602 ventitabat.
569 2574 652 2601 Erant
669 2579 725 2602 tum
738 2583 770 2602 ex
787 2575 907 2607 Arionis,
919 2576 963 2610 qui
978 2583 1039 2602 cum

257 2619 344 2653 gratia
362 2619 508 2654 plurimum
526 2621 647 2649 valerent
671 2622 740 2657 apud
768 2623 970 2656 imperatorem,
993 2631 1041 2649 au-

257 2668 346 2691 ctores
363 2664 413 2699 ipsi
433 2671 511 2693 erant
535 2672 563 2692 ut
582 2672 691 2694 curaret
715 2667 936 2702 provideretque,
951 2667 1040 2694 eccle-

294 2753 332 2787 (α)
351 2754 449 2782 Athan.
470 2755 542 2782 Hist.
561 2757 655 2783 Ατὶηη.
677 2757 711 2782 ad
729 2757 880 2787 monachos.
898 2764 925 2783 ιι.
941 2756 985 2784 2'2.

307 2789 332 2821 bl
350 2790 449 2817 Athan.
467 2791 542 2821 Apol.
558 2799 648 2818 contra
669 2792 774 2821 Arium.
791 2801 817 2818 ιι.
836 2792 881 2818 55.

307 2824 331 2857 ι)
348 2824 448 2866 Alban.
473 2824 545 2851 Hist.
573 2827 674 2866 Aria";
695 2827 729 2852 ad
754 2827 904 2866 monac/tos,
933 2834 959 2852 n.

261 2857 368 2887 Socrat.
395 2859 443 2888 lib.
461 2867 491 2893 ιι,
512 2867 570 2898 cap.
589 2861 640 2894 2'5;
659 2861 766 2890 Sozom.
784 2861 829 2888 lib.
855 2869 897 2894 nt,
911 2869 971 2895 cap.
986 2857 1039 2895 ‘20,

1092 2256 1230 2291 judicibus
1253 2257 1414 2291 praecepisse
1438 2261 1467 2284 nt
1489 2261 1622 2292 quotquot
1646 2256 1790 2283 seditiosos
1817 2262 1878 2282 esse

1095 2301 1286 2336 comperirent,
1310 2302 1397 2336 legum
1427 2301 1591 2336 subjicerent
1616 2301 1722 2328 ultioni.
1750 2301 1878 2328 Fortasse

1095 2346 1216 2381 Gregorii
1235 2355 1301 2374 nece
1316 2351 1467 2374 commotus
1483 2347 1640 2382 imperator,
1656 2347 1776 2374 animum
1793 2354 1877 2381 appu-

1096 2392 1125 2420 lit
1139 2394 1171 2420 ad
1187 2393 1272 2421 mittas
1294 2393 1445 2428 hujusmodi
1468 2393 1652 2428 proferendus.
1671 2392 1757 2421 Jussit
1771 2398 1879 2428 prrcter-

1094 2446 1136 2471 ea,
1154 2447 1321 2475 quaecunque
1338 2439 1446 2468 Eusebii
1470 2439 1682 2467 Nicomediensis
1704 2438 1815 2467 consilio
1829 2439 1877 2464 ad-

1094 2490 1188 2510 versus
1203 2483 1380 2510 Athanasium
1402 2485 1429 2511 in
1449 2485 1658 2512 commentarios
1675 2490 1764 2511 essent
1782 2483 1875 2515 relata,

1094 2528 1241 2556 oblitterari
1258 2536 1285 2556 et
1304 2529 1428 2565 abrogari
1444 2539 1452 2557 :
1468 2531 1620 2566 missusque
1643 2531 1774 2558 Eusebius
1794 2531 1876 2558 decu—

1094 2575 1135 2601 rio
1151 2582 1182 2602 ea
1202 2575 1310 2602 abstulit
1325 2583 1358 2602 ex
1381 2576 1489 2604 tabulis.
1505 2576 1588 2611 Cujus
1612 2577 1648 2604 rei
1666 2584 1747 2603 causa
1771 2576 1876 2603 litteras

1094 2621 1167 2648 misit
1181 2621 1356 2649 Constantius
1371 2622 1404 2649 ad
1416 2622 1570 2650 Nestorium
1581 2621 1690 2658 .‘Egypli
1708 2621 1874 2657 prtelectum,

1093 2667 1211 2702 itemque
1225 2667 1258 2694 ad
1274 2667 1415 2702 praefectos
1428 2668 1657 2703 Augustanmicac,
1673 2667 1818 2695 Thebaidis
1847 2672 1874 2693 ct

1094 2757 1227 2784 Theudor.
1245 2757 1291 2784 lib.
1307 2766 1336 2789 ll,
1351 2767 1411 2794 cap.
1428 2759 1468 2786 l2.
1870 2773 1872 2775 ’

1129 2793 1166 2827 (d)
1186 2794 1284 2830 Athan.
1299 2794 1376 2830 Apol.
1395 2801 1484 2822 contra
1499 2794 1601 2830 Arium,
1617 2803 1642 2822 ιι.
1655 2794 1699 2827 54,
1714 2799 1740 2822 et
1759 2793 1826 2821 Iliat.
1840 2795 1875 2821 ad

1092 2829 1242 2862 monachos,
1263 2837 1289 2857 ιι.
1303 2829 1349 2856 9.5.
