2016 3046
792 164 874 192 VlTA
893 165 923 193 S.
946 165 1141 193 ATHANASII.
1731 177 1775 196 cn

154 229 315 264 Libyarttm;
333 226 525 261 mandasitque
544 231 573 253 ut
588 226 761 253 abolerentur
776 234 942 261 quaecunque
958 232 978 258 Α
996 227 1022 254 in
1049 227 1172 255 ecclesiis
1184 247 1192 259 ,
1223 227 1360 262 episcopis
1389 227 1509 261 undique
1537 229 1570 254 ad
1603 215 1775 256 Athanasium

155 276 183 302 lu
205 275 332 301 damnum
357 278 384 300 ct
407 272 598 299 contumeliam
625 272 766 299 Athanasii
783 273 892 299 decreta
914 278 941 300 et

155 320 309 354 conscripta
334 325 435 350 essent,
454 318 566 354 ejusque
588 318 696 346 clericis
722 319 834 353 pristina
861 319 941 346 resti-

156 371 278 394 tuere-tur
295 366 465 392 immunitas.

192 413 218 438 8.
235 412 372 445 It‘zcipitur
383 411 543 438 Athanasius
557 416 573 437 tt
591 410 690 445 synodo
707 410 941 446 Jerosolymitana.

155 473 191 478 —
208 457 255 484 llis
279 459 314 484 ita
331 459 413 491 gestis
432 457 470 492 (a)
485 476 492 488 ,
510 462 650 491 postquam
677 457 856 484 familiaribus
884 457 943 484 vale

159 504 270 530 dixisset
284 503 466 535 Athanasius,
491 509 553 529 sese
576 502 626 528 vim
650 502 795 529 commisit.
821 503 944 536 Dumque

160 548 268 583 Syriam
282 551 448 582 peragraret,
465 546 543 573 amici
554 547 671 572 atuicutn
692 546 826 577 videntes,
841 546 941 578 laetari;

160 595 206 622 alii
222 603 253 622 ex
267 600 400 629 gestorum
413 593 578 620 conscientia
587 601 647 620 cum
663 594 767 627 pudore
781 601 942 625 occurrere;

160 649 225 677 pars
251 648 281 669 se
299 647 390 668 coram
415 640 514 667 sistere
529 647 582 667 non
607 639 686 672 ausi,
711 647 771 667 sese
786 639 942 671 occultare;

161 689 206 716 alii
220 688 380 724 pta-nitentia
405 687 477 714 ducti
505 686 606 721 scripta
630 687 761 713 adversus
787 687 944 720 episcopum

161 743 208 762 sua
228 735 381 768 repudiare.
398 733 425 760 ln
437 733 608 759 qulmstittaut
627 737 714 759 atttem
729 740 788 760 cum
807 733 945 767 perVenis-

161 786 203 808 sct
216 801 223 814 ,
247 788 345 807 omnes
360 779 431 806 illius
448 780 592 814 provincite
609 779 725 814 episcopi
743 799 750 811 ,
773 779 878 806 duobus
905 779 945 805 vel

162 829 251 856 tribus
265 828 386 862 exceptis
400 848 406 859 ,
421 827 578 861 Patropbilo
593 827 696 854 scilicet
720 831 747 853 et
770 826 870 853 Acacio
885 847 892 857 ,
918 831 948 853 ut

161 875 279 901 amicum
305 881 452 908 excepere;
482 873 632 908 litterisque
655 873 776 900 nonnulli
800 872 868 907 apttd
885 880 944 898 eum

163 929 194 948 se
220 921 353 947 factorum
372 921 503 954 pmniterc
520 919 655 946 testificati
674 923 758 950 sunt,
777 926 826 944 nec
853 922 946 951 suopte

164 972 237 994 motu
253 974 285 993 ac
299 967 409 993 consilio
422 987 428 998 ,
453 966 499 993 sed
523 972 594 993 metu
622 974 654 992 ac
677 970 780 991 terrore
794 963 947 997 compulsos

164 1011 269 1038 litteras
293 1011 420 1037 adversus
436 1017 496 1037 eum
523 1010 640 1036 dedisse.
660 1009 786 1043 Synodus
813 1012 901 1034 autent
920 1007 946 1033 in

164 1057 281 1084 adventu
298 1057 369 1083 illitis
383 1055 560 1091 Jerosolymis
570 1060 736 1082 convocatur
751 1063 758 1081 :
778 1054 821 1080 ubi
833 1054 948 1080 comiter

163 1106 292 1136 exceptus
318 1102 502 1133 Athanasius,
529 1109 589 1128 cutn
619 1100 716 1126 litteris
742 1100 774 1126 ad
807 1099 948 1132 episcopos

163 1147 272 1183 Egypti
288 1147 473 1181 gratulatorlis
481 1147 635 1173 dimittitur.
651 1146 847 1180 Epist-operum
862 1144 949 1170 nomi-

165 1201 209 1225 na,
227 1194 272 1227 qui
290 1193 412 1228 synodali
429 1193 552 1227 cpistola:
569 1193 764 1226 subscripsere,
777 1191 833 1217 ha-c
846 1197 948 1216 mento-

166 1244 262 1264 rautur
277 1238 310 1264 ab
333 1238 484 1264 Atltanasio
505 1247 511 1264 :
532 1237 664 1264 Maximus
682 1235 926 1270 Jcrosolymitanus
939 1253 946 1265 ,

167 1284 276 1316 Aetius,
292 1284 371 1310 Arius
384 1304 391 1316 ,
409 1284 567 1311 Theodorus
577 1303 584 1314 .
607 1283 760 1310 Germanus
770 1303 776 1314 .
799 1282 930 1317 Sylvanus
940 1301 948 1313 ,

168 1331 283 1363 Paulus,
302 1330 454 1363 Patricius,
477 1330 613 1365 Elpitlius.
630 1329 789 1359 Germanus.
804 1328 948 1359 Eusebius,

167 1377 320 1410 Zeuobius,
343 1377 460 1409 Paulus,
487 1376 644 1408 Macrinus,
679 1374 776 1402 Petrus
812 1379 840 1401 et
867 1373 948 1400 Clau-

166 1424 236 1450 dius.

202 1469 229 1496 9.
249 1468 383 1496 Calidium
399 1467 638 1495 Alexandrinorum
658 1467 686 1492 in
706 1467 817 1493 aduentu
834 1465 950 1491 Athana-

167 1515 210 1542 sii.
223 1530 258 1534 —
272 1516 377 1548 Quanta
393 1522 473 1549 porro
493 1514 573 1540 fuerit
587 1518 703 1547 etquam
719 1513 802 1539 ell'usa
821 1512 846 1538 in
863 1511 950 1538 reditu

169 1563 307 1589 Athanasii
344 1562 591 1589 Alexandrinorum
618 1568 651 1586 ac
684 1561 871 1594 episcoporum
904 1565 952 1592 per

168 1607 314 1643 Egyptum
331 1612 357 1634 et
374 1607 541 1634 Thebaidem
568 1605 660 1632 laetitia
683 1604 731 1640 (ὁ),
750 1605 813 1630 liht-t
838 1612 870 1631 ex
893 1604 952 1637 ipso

169 1655 318 1682 Athanasio
333 1653 454 1680 ediscere
471 1662 478 1679 ί
496 1660 662 1687 quanquam,
677 1656 706 1678 ut
720 1655 762 1678 est
781 1651 824 1677 ille
849 1655 952 1684 tempe-

170 1708 235 1727 rans
247 1705 275 1726 et
287 1709 302 1726 a
317 1699 395 1726 laude
410 1698 518 1733 propria
535 1698 648 1729 alienus,
673 1704 725 1724 non
746 1697 798 1729 sui,
813 1697 860 1724 sed
880 1696 953 1730 pacis

171 1745 324 1773 conciliata
339 1752 432 1774 causa.
453 1744 552 1778 gaudio
576 1743 699 1778 perfusos
714 1748 834 1770 enarret.
849 1751 859 1768 ‹
876 1742 952 1775 Quod

170 1797 283 1826 spectat,
302 1791 400 1826 inquit,
435 1789 544 1824 ΕΒΗ)ιί
564 1793 591 1816 et
615 1788 760 1824 Libyarum
790 1788 931 1822 episcopos
945 1807 952 1818 ,

170 1847 275 1866 necnon
287 1838 442 1865 earumdem
467 1836 604 1870 regiottutn
629 1835 854 1868 Alexandriaeth
868 1841 953 1867 popa--

170 1885 220 1917 los,
230 1891 358 1911 enarrare
374 1883 443 1909 forte
457 1889 687 1916 supervacaneum
706 1881 955 1907 fuerit.Accurrerc

171 1931 242 1958 enim
266 1937 361 1957 omnes
389 1928 490 1964 ingenti
518 1927 617 1963 gaudio
645 1926 769 1962 perfusi,
796 1935 848 1954 non
868 1926 954 1953 solum

172 1976 242 2010 quod
260 1980 358 2010 prater
372 1983 446 2010 spem
465 1982 528 2002 suos
554 1974 709 2008 reciperent
731 1973 892 2004 incolumes,
908 1973 954 1999 sed

171 2023 252 2049 etiam
265 2024 334 2056 quod
347 2022 380 2048 ab
398 2021 533 2048 hmreticis
546 2021 726 2054 eriperentur,
741 2027 789 2046 ceu
804 2026 820 2045 ιι
833 2019 954 2054 tyrannis

172 2067 328 2102 rabidisque
342 2067 464 2093 canibus.
484 2065 601 2093 Grandis
618 2065 708 2098 itaque
729 2063 778 2090 fuit
796 2063 886 2090 lmlitia
909 2071 956 2098 po-

173 2113 298 2147 pulorum
323 2119 353 2138 se
380 2117 473 2138 mutuo
497 2111 522 2138 itt
541 2110 688 2145 synaxibus
704 2110 737 2136 ad
753 2110 881 2136 virtutem
908 2116 955 2136 co-

174 2157 350 2185 hortantium.
366 2156 436 2189 Quot
456 2157 585 2190 innttptze,
610 2155 729 2182 nubendi
752 2160 815 2182 ante
838 2154 954 2190 cupiam,

173 2204 291 2237 virgines
306 2203 415 2230 Christo
428 2202 541 2230 addicta:
554 2206 765 2236 permanserunt
780 2202 786 2228 l
811 2201 882 2234 Quot
893 2201 956 2227 ado-

992 274 1098 300 litteras
1114 274 1295 305 mittentibus,
1310 275 1344 300 ab
1361 281 1449 307 eoque
1466 273 1668 308 recipientibus.
1686 283 1696 299 ι

1027 319 1072 347 10.
1092 319 1232 346 Athanasii
1251 319 1442 346 Alexandriam
1459 320 1607 354 ingressum
1638 319 1778 354 magnifice

992 374 1042 394 suo
1058 373 1133 393 more
1148 366 1278 393 describit.
1305 365 1454 400 Gregorius
1469 365 1662 392 Nazianzenus.
1681 375 1690 391 t
1709 366 1778 393 Tum

994 413 1093 445 nobis,
1112 413 1219 447 inquit,
1237 412 1281 439 ille
1297 413 1398 438 athleta
1423 420 1455 438 ex
1472 412 1600 446 praeclara
1623 413 1779 446 peregrina-

995 460 1078 491 tione,
1095 458 1134 485 sic
1147 459 1218 485 enim
1237 457 1295 491 ejus
1315 466 1363 491 pro
1381 457 1514 484 Trinitalc
1530 463 1556 484 et
1570 465 1630 484 cum
1649 457 1779 485 Trinitate

994 509 1147 538 susceptam
1167 503 1257 538 fugam
1273 503 1387 537 appello,
1403 503 1570 536 remigratin
1589 503 1682 530 utbem
1699 511 1706 535 ;
1737 509 1778 529 at-

994 557 1046 584 que
1061 557 1092 576 eo
1115 550 1194 576 modo
1217 549 1285 575 lmtis
1297 548 1404 575 civibus
1426 548 1548 580 act-edit,
1569 549 1621 576 imo
1635 555 1698 576 vero
1723 554 1778 575 tota

996 600 1079 628 prope
1100 591 1218 627 ιλΕιςγριο
1241 593 1419 627 undequaqu
1439 593 1464 619 in
1485 600 1568 620 unum
1592 598 1777 622 concurrente.

997 640 1025 668 lu
1039 641 1148 668 tumulis
1164 641 1318 676 quibusque
1341 641 1418 667 turba
1442 642 1608 674 consistere,
1626 647 1654 669 ut
1678 642 1722 669 alii
1738 643 1779 668 vcl

996 687 1053 714 sola
1069 687 1209 714 Athanasii
1223 695 1300 718 voce,
1322 686 1366 713 alii
1382 687 1467 714 forma
1485 692 1511 714 et
1527 692 1635 722 aspectu
1655 687 1779 714 fruct-en-

997 736 1055 763 tur;
1072 732 1128 765 alii,
1145 732 1217 767 quod
1234 732 1267 758 de
1283 731 1412 766 aposmlis
1423 734 1593 767 accepimus,
1609 733 1649 758 vel
1663 740 1696 758 ex
1720 740 1780 759 um-

996 778 1044 805 bra
1061 779 1169 811 saltem,
1184 786 1271 807 vacuo
1288 779 1409 813 corporis
1427 779 1583 811 sinmlacro,
1609 779 1781 805 sanctitatem

997 826 1192 853 contraherent
1208 835 1215 852 :
1232 826 1268 852 ita
1283 829 1311 852 ιιι
1326 834 1386 852 cum
1398 825 1472 852 mttlti
1489 833 1672 859 sa‘pcnumcro
1680 827 1783 853 honore

997 878 1167 904 occursuque
1185 872 1345 905 populorum
1370 871 1459 898 ornati
1485 870 1606 904 fuerint,
1630 879 1678 898 nec
1703 872 1783 898 tnodo

1000 916 1117 951 prmfecti
1136 922 1163 945 et
1183 917 1314 951 episcopi,
1332 925 1426 944 verum
1439 918 1522 945 ctiam
1537 917 1588 944 viri
1609 918 1708 952 quique
1723 926 1782 944 am-

998 962 1110 996 plissitni
1137 963 1163 989 in
1191 963 1318 989 familiam
1334 970 1411 989 suam
1438 963 1557 996 reversi;
1585 963 1672 990 nullus
1694 968 1782 990 tamen

997 1016 1128 1036 occursus
1145 1009 1307 1044 frequentia,
1324 1010 1413 1036 mtlltts
1425 1010 1568 1044 splendore
1580 1010 1666 1043 major
1683 1018 1784 1037 memo-

997 1058 1084 1082 retur.
1102 1054 1180 1082 Unus
1204 1056 1335 1082 duntaxat
1351 1055 1515 1082 Athanasius
1538 1055 1687 1083 Athanasio
1709 1064 1784 1082 cont-

998 1102 1146 1136 parandus,
1164 1109 1234 1128 unus
1246 1102 1386 1136 ingressus
1398 1103 1530 1136 ingressui
1545 1111 1551 1128 2
1565 1109 1625 1128 cum
1639 1103 1740 1129 scilicet
1751 1110 1785 1130 cx

999 1148 1088 1182 priore
1102 1147 1177 1182 fuga,
1197 1148 1278 1174 simili
1301 1149 1333 1175 de
1347 1155 1428 1175 causa
1449 1153 1586 1183 suscepta,
1600 1157 1706 1175 sttmmo
1724 1157 1784 1176 cttut

999 1194 1100 1221 honore
1129 1195 1155 1220 in
1184 1194 1280 1221 urbem
1305 1194 1406 1221 rediret
1430 1202 1518 1221 suam.
1545 1204 1554 1220 ι
1574 1195 1607 1221 Et
1633 1196 1726 1229 paucis
1753 1196 1786 1222 de

1000 1239 1137 1274 Philagrio
1151 1239 1310 1272 interiectis.
1335 1248 1345 1265 ι
1372 1239 1439 1266 Τιιιιι
1457 1247 1472 1266 e
1489 1240 1568 1273 vulgo
1580 1240 1726 1275 quispiam.
1743 1242 1784 1268 cui

1000 1285 1104 1312 infinita
1121 1293 1181 1312 esse
1197 1290 1270 1312 tanta
1284 1285 1427 1312 multitudo
1444 1287 1594 1318 videbatur,
1611 1294 1659 1314 ceu
1678 1287 1787 1321 pelagus

1000 1331 1134 1365 quoddam
1156 1331 1234 1365 cujus
1251 1339 1303 1358 nou
1322 1337 1394 1358 esset
1421 1332 1500 1359 ﬂuctu
1527 1333 1613 1360 oculis
1640 1334 1787 1367 attingere,

1001 1377 1173 1410 familiarem,
1191 1382 1220 1404 ut
1237 1377 1306 1404 solet
1323 1378 1348 1405 in
1366 1377 1497 1412 ejusmodi
1515 1379 1606 1411 rebus,
1619 1379 1653 1405 ita
1674 1381 1788 1413 compcl-

1001 1423 1072 1450 lasse
1089 1422 1174 1450 fertur
1192 1434 1196 1450 :
1214 1432 1223 1448 ι
1249 1423 1296 1450 Dic
1309 1424 1386 1456 mihi,
1398 1424 1439 1450 vir
1455 1425 1565 1459 optime,
1584 1428 1722 1452 tantamne
1739 1434 1788 1452 uu-

1003 1478 1013 1494 ‹
1038 1476 1118 1503 quam
1133 1469 1330 1496 multitudinem
1351 1470 1452 1501 vidisti,
1478 1476 1586 1505 tamqtte
1610 1473 1789 1500 concordibus

1003 1525 1013 1542 ι
1036 1517 1132 1544 animis
1147 1517 1179 1542 ad
1193 1517 1431 1543 unumornandum
1444 1517 1577 1544 hominem
1586 1517 1698 1545 effusam
1713 1519 1724 1545 ?
1740 1519 1788 1545 Mi-

965 1572 987 1603 c
1007 1572 1016 1588 ι
1035 1563 1118 1594 nime,
1132 1563 1169 1589 ait
1183 1562 1236 1594 ille,
1253 1569 1286 1589 ne
1305 1563 1491 1589 Constantium
1508 1564 1615 1599 quidem
1633 1565 1718 1598 ipsum
1731 1566 1787 1600 pari

1005 1617 1015 1634 ί
1034 1609 1238 1635 honorificentia
1254 1615 1393 1642 exceptum
1405 1609 1435 1635 iri
1446 1609 1673 1644 arbitror,iquasi
1685 1611 1789 1638 scilicet

1004 1655 1195 1689 imperatorem
1212 1655 1387 1681 memorando
1407 1655 1517 1681 honoris
1531 1654 1667 1681 cutnulnm
1686 1655 1788 1682 indica-

1004 1706 1055 1727 ret.
1072 1700 1139 1726 Tnm
1156 1701 1199 1727 ille
1211 1708 1340 1734 perquam
1356 1700 1477 1727 suaviter
1488 1701 1712 1734 arritlens,tQuitl
1731 1702 1790 1727 ais?

1006 1755 1016 1772 ‹
1038 1746 1141 1780 inquit;
1159 1747 1212 1772 itno
1224 1746 1611 1779 ipsumqttoqueAthauasium
1624 1747 1680 1780 pari
1689 1747 1790 1774 honore

1008 1803 1018 1819 ε
1040 1797 1180 1826 exceptum
1210 1792 1253 1818 vix
1266 1791 1438 1824 crediderim,
1459 1800 1468 1816 ι
1479 1792 1549 1825 quod
1564 1792 1651 1825 patrio
1661 1792 1705 1818 ille
1715 1792 1791 1826 jura-

1007 1843 1096 1865 mento
1125 1837 1277 1864 affirmavit.
1302 1836 1340 1863 Eo
1359 1842 1448 1863 autem
1471 1837 1514 1863 hic
1531 1844 1621 1864 sermo
1641 1838 1790 1871 spectabat,

1006 1883 1233 1919 quemadmodum
1251 1883 1350 1916 cuique
1363 1888 1533 1917 perspectum
1555 1883 1683 1916 arbitror,
1699 1890 1727 1910 Ill
1742 1885 1791 1919 ipsi

1006 1930 1160 1964 imperatori
1177 1929 1355 1955 Athanasium
1375 1928 1533 1955 anteferret.
1551 1928 1636 1955 Tanta
1651 1930 1720 1964 apud
1734 1938 1793 1957 οιιι-

1006 1983 1053 2003 ncs
1079 1979 1139 2002 erat
1159 1974 1210 2001 viri
1239 1975 1394 2002 veneratio!
1421 1979 1496 2001 tanto
1520 1980 1631 2008 stupore
1653 1976 1794 2010 ἰιιμεςειιε

1006 2022 1064 2056 eius
1080 2021 1209 2047 tnemoria
1226 2019 1350 2048 homines
1364 2020 1512 2046 etiamnum
1537 2019 1617 2046 allicit
1631 2019 1638 2046 l
1657 2020 1723 2047 Nam
1743 2029 1794 2055 per

1006 2075 1099 2099 sexus,
1115 2070 1208 2093 a‘tates
1225 2072 1306 2100 atque
1321 2071 1394 2093 artes
1413 2065 1511 2100 singuli
1529 2066 1623 2098 divisi,
1647 2074 1700 2101 qtto
1714 2072 1796 2101 pacto

1007 2116 1076 2143 solet
1089 2115 1186 2142 civitas
1198 2115 1241 2141 illa
1256 2115 1364 2146 instrui,
1383 2122 1443 2141 etim
1461 2113 1568 2148 publico
1587 2114 1704 2148 aliquem
1716 2114 1793 2141 exci-

1006 2163 1045 2197 pit
1071 2162 1172 2189 honore
1199 2162 1294 2196 (ecqua
1317 2161 1390 2187 enirn
1415 2160 1466 2186 alia
1500 2161 1603 2186 ratione
1620 2160 1720 2193 possim
1737 2168 1794 2186 ma-

1006 2208 1132 2242 gnificum
1143 2207 1193 2234 hoc
1207 2206 1387 2240 spectaculum
1401 2205 1580 2238 declarare?»
1590 2204 1686 2231 ﬂuvius
1700 2211 1794 2232 omnes

173 2247 316 2279 lescentes.
334 2248 447 2275 alioruttt
463 2247 585 2282 exetnplo
596 2247 823 2278 concitati,vitam
839 2247 951 2281 amplexi

1010 2261 1079 2280 unus
1092 2257 1180 2280 erant.
1192 2252 1279 2278 Nilum
1293 2252 1374 2278 etiatn
1391 2251 1478 2284 quivis
1491 2255 1568 2284 poeta
1587 2250 1697 2281 dixerit,
1708 2249 1792 2282 illum,

173 2299 238 2322 sunt
251 2295 427 2322 monasticam
441 2295 448 2321 !
463 2296 534 2328 Quot
546 2300 671 2329 parentes
689 2294 750 2320 Iiliis
766 2295 822 2321 suis
835 2299 958 2321 auctores

173 2344 254 2368 erant
281 2341 406 2367 arctioris
427 2341 550 2368 ineunda:
570 2341 651 2367 vitze!
676 2340 747 2373 Quot
763 2340 809 2366 lilii
834 2345 959 2374 parentes

174 2387 364 2419 obsecrabant,
387 2392 415 2413 ut
429 2394 461 2413 ne
475 2395 550 2414 suam
568 2395 616 2422 pro
629 2387 731 2414 Christi
748 2394 840 2413 amore
855 2387 960 2413 excrci-

175 2433 306 2460 tationem
334 2433 561 2467 interpellarent!
579 2433 648 2465 Quot
669 2439 768 2459 uxores
786 2432 854 2458 viris
868 2452 876 2464 ,
894 2435 960 2466 quot

175 2482 227 2509 viri
244 2481 372 2508 uxoribus
384 2486 542 2513 suasere,ut
559 2482 704 2508 secundum
723 2481 843 2515 Apostoli
856 2480 960 2515 jussttm

175 2528 292 2555 orationi
313 2527 520 2554 incumberent!
542 2527 612 2560 Quot
628 2527 725 2557 viduae.
746 2531 811 2561 quot
833 2526 959 2560 orphani,

177 2574 249 2601 fante
265 2573 339 2607 prius
353 2581 385 2600 ac
401 2574 524 2600 nuditate
543 2572 633 2599 afﬂicti
645 2593 652 2604 ,
666 2580 700 2599 ex
722 2573 826 2599 ardenti
847 2572 958 2606 ιιορυιο-

177 2627 237 2646 rum
253 2619 361 2651 affectu,
388 2619 517 2646 alimento
539 2624 566 2646 et
579 2619 678 2645 vestitu
703 2618 811 2645 abunde
826 2623 888 2645 sunt
918 2619 961 2644 in-

178 2667 274 2693 structi
291 2666 297 2693 l
315 2665 401 2692 Tanta
419 2666 525 2692 demum
541 2670 602 2692 erat
617 2665 650 2692 dc
674 2665 774 2692 virtute
802 2664 941 2691 contentio
953 2683 961 2696 ,

179 2715 210 2737 ut
236 2710 356 2744 singulas
378 2710 506 2742 familias,
527 2710 646 2742 singulas
673 2710 781 2741 domos,
809 2716 842 2736 ex
871 2709 962 2743 probi-

181 2761 235 2784 tate
261 2756 468 2783 inhabitantium
499 2760 526 2783 et
551 2756 678 2790 precandi
698 2755 826 2788 fervore,
856 2760 895 2782 tot
919 2763 964 2782 ec-

179 2801 279 2829 clesias
310 2802 508 2829 existimasscs.
534 2801 625 2828 Altam
655 2808 747 2836 pacem
783 2801 875 2828 videre
906 2805 965 2828 erat

1007 2298 1130 2332 tiu-piam,
1151 2304 1215 2323 vere
1229 2295 1372 2322 auriﬂuutn
1387 2300 1414 2321 et
1433 2295 1516 2329 spicis
1539 2295 1661 2325 uberem,
1679 2295 1712 2320 ab
1727 2294 1794 2322 urbe

1010 2346 1042 2371 ad
1059 2345 1164 2371 Chcrett
1183 2348 1322 2369 retroacto
1343 2349 1423 2368 cursu
1447 2341 1584 2372 fluentem,
1610 2341 1716 2373 diurno,
1740 2341 1794 2367 imo

1010 2391 1134 2425 lengiore
1153 2390 1261 2416 itinere.
1281 2388 1375 2415 Liceat
1399 2388 1462 2414 tttihi
1483 2395 1530 2422 per
1542 2395 1601 2419 vos,
1614 2395 1716 2422 quteso,
1733 2396 1795 2422 pau-

1012 2437 1066 2464 lum
1084 2437 1170 2463 adlutc
1189 2436 1214 2462 in
1235 2436 1284 2461 hac
1302 2434 1614 2467 narrationeluxttriari;
1629 2441 1661 2460 eo
1679 2442 1794 2468 namque

1011 2482 1098 2508 fertur
1113 2482 1228 2513 animus,
1248 2488 1296 2507 nec
1320 2488 1472 2507 sermonem
1488 2481 1521 2507 ab
1538 2488 1568 2506 ea
1582 2480 1739 2506 celebritate
1752 2487 1795 2507 re-

1011 2535 1110 2554 vocare
1127 2527 1205 2552 facile
1221 2518 1339 2560 possum.
1356 2525 1446 2552 Pullus
1462 2527 1575 2552 vehebat
1590 2525 1679 2561 (absit,
1690 2533 1792 2560 quaeso,

1012 2573 1126 2600 insaniae
1151 2572 1289 2607 suspicio),
1303 2573 1373 2599 haud
1386 2581 1464 2600 secus
1483 2573 1537 2599 fere
1557 2581 1587 2599 ac
1599 2572 1690 2599 Jesum
1707 2581 1794 2599 meum

1011 2619 1099 2654 pullus
1125 2618 1169 2645 ille
1183 2618 1303 2645 famosus
1317 2638 1324 2650 ,
1350 2618 1407 2645 sive
1431 2618 1538 2653 gentilis
1554 2618 1686 2652 populus.
1715 2626 1794 2652 quem

1012 2672 1161 2691 conscensu
1183 2663 1321 2696 benefica,
1342 2663 1502 2696 ignorantiae
1526 2663 1640 2690 vinculis
1667 2663 1792 2694 absolvit,

1013 2710 1070 2736 sive
1083 2709 1146 2743 quid
1163 2708 1235 2735 aliud
1262 2709 1336 2735 hisce
1351 2709 1440 2736 verbis
1458 2709 1623 2743 designetur.
1642 2708 1698 2736 lloc
1711 2717 1792 2736 uuutn

1013 2754 1135 2782 ~Interfuit
1148 2755 1325 2786 discriminis,
1350 2755 1420 2789 quod
1441 2755 1576 2782 Christum
1595 2755 1661 2782 rami
1683 2763 1795 2790 excepe—

1015 2804 1132 2832 runt,et
1146 2801 1221 2827 varia
1243 2801 1411 2834 indumenta,
1438 2800 1579 2836 multiplici
1593 2800 1687 2829 ﬂorum
1699 2808 1798 2836 genere

217 2857 256 2891 (a)
269 2857 369 2884 Athan.
386 2857 462 2890 Apol.
476 2861 566 2885 contra
583 2857 689 2891 Arium,
701 2865 729 2885 n.
744 2858 826 2891 57,et
837 2856 954 2885 Historia
965 2857 999 2884 ad
1011 2858 1161 2892 monachos,
1180 2866 1206 2886 ιι.
1223 2857 1268 2885 25.

218 2893 254 2928 (b)
271 2892 370 2920 Athan.
384 2893 449 2920 ibid.
