2016 3046
251 165 285 184 ει

936 149 1203 179 PROLEGOMENA.

250 219 407 247 cottstrata;
420 214 547 242 excelsus
564 217 654 240 autem
664 216 692 239 et
711 211 872 247 magniﬁcus
886 210 928 237 vir
950 209 1035 236 Atha-
1048 209 1071 238 A
1087 207 1292 238 leralissimllm,
1317 212 1371 233 “0n
1397 204 1480 240 IJI'Obe
1503 208 1581 232 “om
1598 204 1813 242 (insomnium
1830 210 1868 236 M

251 262 345 289 nasius
371 261 396 287 id
417 260 528 287 honoris
554 259 666 285 minime
689 263 850 284 consecutus
865 260 916 287 est,
931 255 1034 283 Christi

252 307 358 334 scilicet
371 304 497 332 adventui
515 304 612 337 impar.
629 302 683 329 llac
701 308 809 336 quoque
823 301 848 327 in
865 307 895 327 re
905 299 1035 327 adventus

249 351 350 379 Christi
377 357 532 384 expressam
556 348 698 382 imaginem
723 353 835 374 cernere
855 345 940 376 licet,
963 344 1034 379 quod

249 402 326 424 erant
351 397 433 423 etiam
459 395 503 430 qui
533 394 677 429 prmeundo
692 393 861 424 clamarent,
877 399 909 418 ac
921 391 1033 418 chorum

249 447 359 475 agerent
374 452 380 469 :
399 442 451 469 nisi
468 442 539 476 quod
563 448 615 467 non
642 439 753 475 puerilis
770 438 856 465 solum
873 437 950 465 turba
974 436 1033 463 fau-

250 490 299 517 stis
310 490 394 515 virum
411 487 651 514 acclamationibus
664 486 803 519 exciperet
815 504 822 514 ,
835 491 926 511 verum
952 483 1032 510 etiam

248 534 336 562 omnis
352 534 440 567 lingua
462 540 575 559 concors
592 537 618 559 et
636 531 790 558 adversaria
818 530 954 556 hominum
975 536 1035 555 sese

248 585 340 607 mutuo
366 586 492 613 superare
506 577 735 604 contendentium.
749 575 816 602 Nam
832 574 897 609 quid
909 574 1032 607 publicos

247 626 358 660 plausus
376 630 595 655 commemorem,
623 627 649 649 et
673 624 824 648 aromatum
841 619 1011 654 profusiones
1024 640 1031 652 ,

247 669 386 704 pervigilia
403 673 430 695 et
444 672 526 694 totam
541 668 636 694 urbem
656 666 757 693 lumine
769 671 969 698 coruscantem,
981 673 1034 692 ca:-

248 721 359 749 teraqne
373 715 463 741 omnia
488 713 588 740 laetitiae
610 717 767 747 argumenta
782 732 790 743 ,
809 719 870 744 quae
885 711 1034 738 Athanasio

247 760 413 796 amplissime
427 781 434 793 ,
463 759 518 786 imo
533 766 612 792 supra
639 758 716 785 ﬁdem
742 757 970 784 conferebantur?
987 756 1033 784 Sic

246 810 288 836 vir
303 808 430 839 eximius,
450 814 481 834 ac
495 814 555 833 cum
572 805 617 832 tali
631 813 729 841 pompa
746 809 774 832 et
793 804 950 832 celebritate
964 803 1032 830 civi-

247 859 329 881 tatem
347 861 422 880 suam
441 853 600 887 ingreditur.
625 861 634 878 ι

282 897 326 924 Η.
346 897 402 924 Etsi
425 904 505 930 porro
519 896 668 930 Gregorius
689 895 876 923 Nazianzenus
891 895 1031 923 Athanasii

247 944 359 971 reditum
370 964 377 977 ,
394 944 437 977 qui
452 951 523 970 anno
542 942 605 974 562,
621 946 682 977 post
698 942 807 977 Georgii
832 950 924 970 necem
944 943 1031 970 conti-

246 990 295 1024 git,
311 997 423 1016 narrare
436 997 464 1016 se
478 989 648 1023 proﬁteatur,
664 988 847 1015 certissimum
863 992 962 1022 tamen,
983 996 1032 1015 ex-

246 1042 298 1068 que
313 1035 396 1067 ipsius
410 1035 500 1060 verbis
512 1033 681 1068 exploratum
697 1034 814 1065 videtur,
833 1033 970 1068 complura
986 1034 1030 1062 hic

245 1080 377 1107 recensita
400 1079 433 1106 ad
458 1079 573 1106 reditum
594 1083 622 1105 et
637 1078 788 1112 ingressum
813 1078 954 1106 Athanasii
969 1079 1030 1106 Aleo

246 1126 385 1152 xandriam
404 1125 538 1160 pertinere
552 1125 616 1152 anni
645 1125 707 1157 549,
733 1125 786 1152 imo
808 1133 873 1152 vero
887 1130 1030 1160 utrumque

245 1171 396 1205 ingressum
412 1171 565 1206 promiscue
581 1171 713 1205 superiori
740 1171 898 1199 narratione
913 1172 1029 1200 describi

245 1218 426 1244 existimatur.
441 1216 506 1244 Nam
520 1225 580 1251 quae
593 1217 627 1244 de
641 1217 801 1244 Constantio
815 1225 1029 1245 commemoran-

245 1268 301 1295 tur,
317 1263 431 1290 suadent
445 1263 525 1290 istnm
536 1283 544 1296 ,
556 1271 637 1297 quem
650 1269 743 1290 narrat
758 1263 919 1298 ingressum,
936 1271 1030 1299 super-

245 1311 309 1336 stite
332 1310 419 1336 adlmc
440 1309 601 1336 Constantio
621 1310 787 1345 contigisse;
804 1310 850 1344 qui
876 1318 935 1337 cum
959 1317 1029 1337 anno

243 1355 292 1382 561
307 1356 388 1382 vitam
398 1356 537 1387 clauserit,
551 1356 613 1383 hinc
624 1363 690 1383 sane
700 1357 876 1390 consequitur
889 1363 941 1383 non
951 1363 1029 1390 posse

243 1401 336 1428 isthmc
358 1402 390 1428 ad
414 1409 513 1428 annum
534 1401 586 1429 562
614 1402 707 1428 referri
723 1422 730 1433 ,
759 1402 805 1429 sed
835 1409 895 1429 esse
920 1402 945 1428 in
979 1409 1029 1428 an-

244 1455 307 1473 nmu
327 1447 380 1474 549
404 1447 582 1476 conferenda.
602 1446 716 1474 Inferius
738 1447 802 1474 item
820 1447 964 1483 Gregorius
980 1448 1029 1476 Na-

243 1494 412 1526 zianzenus,
427 1498 498 1521 orat.
524 1493 569 1526 2i,
596 1497 738 1528 postquam
761 1494 793 1521 de
816 1494 957 1521 Athanasii
981 1502 1028 1522 ve-

242 1540 396 1567 xatione-et
417 1539 478 1574 luga
503 1540 553 1566 sub
574 1539 683 1566 Juliano
705 1539 835 1574 Apostata
854 1540 933 1567 verba
954 1539 1027 1568 fece-

243 1589 301 1616 rat,
325 1584 383 1612 haec
399 1584 491 1618 adjicit
506 1593 513 1611 :
530 1585 603 1611 Ἔδει
624 1585 678 1620 γὰρ
696 1585 772 1620 τρισὶ
794 1585 962 1620 παλαίσμασι
982 1585 1028 1612 τὸν

240 1628 370 1662 γεννάδαν
385 1629 533 1663 νικήσαντα.
550 1629 655 1660 τελείας
670 1631 760 1664 τυχεῖν
782 1630 828 1656 καὶ
843 1630 892 1665 τῆς
906 1630 1027 1666 ἀναρῤή-

241 1681 331 1706 σεως,
351 1674 377 1701 id
397 1679 440 1701 est
459 1683 466 1702 :
486 1683 496 1700 t
516 1674 705 1701 Fortissimum
719 1674 790 1701 enim
818 1675 904 1701 virum
930 1675 1027 1710 triplici

242 1719 393 1747 certamine
419 1720 530 1747 vincere
555 1719 717 1754 oportebat,
737 1724 767 1746 ut
792 1720 941 1754 perfectum
965 1720 1027 1748 inde

241 1765 404 1799 prteconium
426 1770 645 1798 consequeretur.
662 1774 671 1791 ι
688 1764 746 1798 Quo
757 1765 886 1800 liquidum
901 1770 953 1798 est,
966 1767 1027 1793 bina

239 1817 302 1837 eum
317 1811 368 1838 sub
386 1811 542 1839 Constantio
565 1811 660 1838 exsilia
681 1815 708 1837 et
722 1812 870 1838 certamina
889 1811 1003 1838 miscere
1017 1831 1025 1843 ,

240 1861 322 1890 atque
344 1863 373 1883 ut
395 1864 476 1883 unum
494 1864 640 1887 enarrare:
662 1857 698 1883 ita
715 1861 743 1883 ut
766 1858 837 1891 quod
852 1856 901 1883 sub
918 1856 1026 1884 Juliano

239 1902 362 1936 contigit.
386 1906 511 1934 quartum
529 1909 641 1928 numero
656 1921 663 1934 ,
685 1906 716 1929 ut
731 1902 840 1929 tertium
861 1902 918 1936 ipse
933 1910 1026 1930 recen-

239 1952 307 1974 seat.
323 1947 413 1974 Primo
428 1955 543 1982 namque
560 1947 679 1975 Treviris
701 1948 836 1976 exsulavit
859 1948 1027 1976 Athanasius

238 1992 289 2018 sub
310 1991 505 2024 Constantino;
527 1993 647 2020 secundo
670 1993 761 2020 Romae
784 1998 812 2020 et
828 1994 854 2020 in
881 1993 1026 2021 Occidente

238 2041 369 2071 regnante
383 2036 558 2070 Constantio;
587 2037 666 2064 tertio
690 2037 716 2064 in
735 2038 843 2065 deserto
859 2037 968 2073 Egypti
997 2043 1025 2065 et

239 2082 392 2110 Thebaidos
408 2083 502 2109 eodem
523 2083 686 2117 imperatore
699 2103 707 2115 ,
724 2091 777 2118 quo
793 2083 918 2111 defuncto
932 2104 940 2116 ,
962 2083 1024 2112 Ale-

238 2129 378 2156 xandriam
393 2136 517 2156 reversus
532 2134 584 2161 est,
595 2134 694 2164 quarto
708 2129 758 2157 sub
771 2129 1022 2164 JulianoApostata.

237 2173 370 2202 Czeterum
380 2182 439 2209 qum
445 2174 478 2201 de
487 2174 622 2210 Philagrio
633 2175 765 2203 habentur
773 2176 842 2210 apud
853 2176 1022 2211 Gregorium,

1042 1559 1063 1587 C

1085 252 1212 280 laudibus
1227 251 1376 279 exornavit.

1119 299 1163 326 12.
1176 298 1251 325 Mors
1286 297 1432 325 Pachumii.
1454 297 1522 332 Ejus
1542 298 1669 325 sententia
1695 298 1728 325 de
1755 298 1870 325 Athana-

1084 345 1134 371 sio.
1147 359 1182 365 —
1196 343 1254 377 Quo
1272 348 1391 378 tempore
1414 343 1576 370 Athanasius
1593 350 1608 370 a
1629 343 1757 370 comitatu
1772 344 1799 370 in
1818 344 1868 371 Ec,

1086 389 1197 417 clesiam
1216 396 1294 416 suam
1320 388 1515 420 revertebatur,
1541 388 1667 415 monachi
1689 388 1796 422 quidam
1819 387 1868 416 Pa-

1084 435 1197 468 cbomii,
1215 443 1248 463 ex
1265 442 1379 469 quorum
1394 442 1507 462 numero
1521 435 1604 462 abbas
1622 434 1767 462 Zacchazus
1788 439 1865 469 erat,

1084 482 1232 509 Antonium
1252 489 1378 515 magnum
1398 481 1424 508 in
1439 481 1566 508 exteriori
1581 486 1671 508 monte
1686 486 1740 508 tum
1758 488 1868 508 versan-

1085 532 1138 555 tem
1151 528 1294 558 adeuntes,
1306 527 1495 554 renuntiarunt
1510 527 1610 554 obiisse
1627 526 1800 554 Pachomium
1811 526 1865 561 (n);

1083 581 1152 608 quos
1168 573 1213 600 ille
1234 573 1327 600 multis
1341 572 1494 600 consolatus
1517 573 1719 605 sciscitabatur,
1731 573 1791 607 quis
1810 572 1866 607 jam

1083 619 1143 654 ejus
1157 622 1230 646 vices
1254 619 1390 654 impleret.
1408 619 1614 653 Responderunt
1627 639 1635 652 ,
1649 618 1778 646 Orsisium
1794 625 1865 646 esse.

1084 665 1187 698 Quibus
1204 665 1248 691 ille
1265 674 1272 691 :
1289 673 1299 690 α
1318 663 1356 691 Ne
1368 663 1512 697 Orsisium,
1529 664 1632 699 inquit,
1647 665 1692 692 sed
1718 664 1866 692 lsraelitam

1084 711 1255 745 nuncupetis.
1275 710 1303 738 Si
1320 717 1385 737 vero
1399 711 1432 737 ad
1452 711 1607 745 episcopum
1620 710 1806 742 Athanasium,
1828 711 1866 737 vir

1085 763 1142 782 rtnn
1156 763 1189 784 eo
1201 755 1284 790 gradu
1294 755 1494 790 dignissimum,
1507 755 1582 782 vobis
1595 760 1636 782 est
1649 755 1709 787 iter,
1725 755 1764 782 sic
1778 755 1864 789 ipsum

1085 809 1144 828 meo
1161 802 1269 828 nomine
1280 801 1453 836 compellato:
1466 810 1476 827 ι
1493 801 1554 828 Ilaec
1567 801 1615 828 tibi
1630 802 1799 829 commendat
1811 802 1867 829 An-

1085 847 1187 874 tonius:
1205 847 1302 875 Curam
1317 847 1386 874 habe
1399 847 1512 875 ﬁliorum
1531 847 1667 877 lsraelilae.
1680 857 1690 874 ι
1713 847 1771 880 Quo
1784 848 1864 882 dicto,

1049 887 1070 915 Β
1084 893 1166 921 fausta
1182 894 1235 920 illis
1260 898 1403 928 precatus,
1429 901 1482 920 non
1502 893 1561 921 sine
1583 894 1810 921 commendatitiis
1831 894 1865 921 ad

1081 939 1259 966 Athanasium
1287 940 1384 967 litteris
1407 939 1518 967 dimisit.
1546 939 1596 973 Qui
1623 944 1652 966 ut
1675 939 1863 967 Ali‘xamlrjam

1081 990 1280 1020 pervenerunt,
1310 993 1325 1012 a
1351 985 1522 1013 sanctissimo
1544 985 1671 1019 pontiﬁce
1696 985 1730 1012 ob
1756 985 1863 1012 Antonii

1079 1031 1340 1064 commendationem
1352 1039 1446 1065 magna
1462 1030 1656 1058 benevolentiae
1668 1031 1863 1065 signiﬁcatione

1079 1077 1184 1111 excepti
1195 1082 1268 1105 sunt.
1286 1087 1296 1104 ι
1315 1077 1376 1105 llaec
1392 1078 1417 1104 in
1435 1077 1495 1105 Vita
1520 1077 1666 1104 Pachomii.
1681 1076 1735 1105 Nec
1753 1082 1864 1112 prmter-

1080 1123 1211 1150 mittenda
1225 1132 1285 1159 quae
1307 1124 1422 1152 inferius
1444 1124 1540 1151 eadem
1557 1124 1592 1152 de
1606 1132 1634 1152 re
1655 1124 1788 1152 feruntur.
1812 1123 1863 1152 Pa-

1079 1170 1202 1197 chomius
1216 1177 1278 1197 cum
1298 1170 1436 1198 didicisset
1450 1170 1629 1197 Athanasium
1646 1170 1706 1197 ﬁdei
1722 1177 1802 1197 causa
1817 1178 1864 1198 ex-

1079 1216 1180 1248 sulare,
1190 1223 1243 1243 non
1258 1216 1303 1243 diu
1317 1220 1381 1243 ante
1397 1217 1560 1251 praedixerat
1572 1223 1633 1243 eum
1647 1216 1702 1243 cito
1712 1217 1861 1243 rediturum

1079 1262 1111 1289 ad
1128 1262 1276 1289 Ecclesiam
1291 1270 1378 1290 suam.
1394 1262 1444 1295 Qui
1462 1263 1657 1290 sanctissimus
1669 1263 1861 1290 monachorum

1078 1313 1156 1343 pater
1167 1309 1217 1336 sub
1233 1309 1320 1343 ipsum
1339 1308 1480 1336 Athanasii
1497 1309 1623 1342 reditum,
1641 1309 1725 1344 signis
1740 1315 1767 1336 et
1784 1311 1863 1336 virtu-

1080 1354 1151 1380 tibus
1165 1353 1276 1386 clarus,
1306 1354 1376 1381 diem
1407 1354 1506 1382 clausit
1534 1360 1696 1382 extremum.
1723 1355 1772 1382 Diu
1800 1360 1863 1383 ante

1079 1399 1179 1426 obitum
1194 1399 1237 1427 his
1252 1399 1350 1427 fratres
1374 1407 1438 1427 suos
1449 1420 1457 1433 ,
1483 1400 1625 1428 Theodoro
1648 1402 1782 1429 monacho
1797 1409 1863 1436 prie-

1079 1450 1167 1479 sente,
1191 1446 1361 1473 sermonibus
1376 1450 1417 1472 est
1431 1445 1573 1473 allocutus.
1591 1455 1600 1472 t
1628 1446 1759 1474 Futurum
1774 1453 1816 1474 est
1832 1452 1862 1474 ut

1079 1491 1182 1518 nostris
1192 1498 1301 1525 quoque
1313 1491 1479 1525 temporibus
1492 1491 1541 1518 tria
1561 1491 1587 1518 in
1601 1491 1718 1527 Egypto
1732 1492 1862 1527 praeclara

1082 1536 1128 1563 Dei
1154 1536 1286 1563 henelicio
1313 1536 1414 1564 lumina
1442 1537 1605 1569 intueamur,
1627 1538 1654 1564 in
1682 1538 1861 1565 laborantium

1080 1581 1201 1608 omnium
1220 1582 1392 1608 commodum
1408 1586 1488 1616 atque
1509 1582 1664 1614 utilitatem,
1683 1582 1860 1609 Athanasium

1080 1626 1206 1654 videlicet
1222 1627 1377 1661 episcopum
1391 1647 1399 1660 ,
1425 1627 1584 1655 Christiame
1600 1628 1661 1655 ﬁdei
1684 1627 1862 1656 fortissimum

1079 1671 1230 1704 vindicem;
1249 1672 1374 1699 abbatem
1390 1672 1536 1700 Antonium
1549 1673 1675 1700 solitariae
1697 1674 1759 1700 vita:
1773 1673 1861 1708 perfe-

1078 1717 1230 1745 ctissimum
1244 1718 1398 1753 exemplar;
1417 1719 1584 1754 fratrumque
1597 1719 1858 1748 Tabennesiotarum

1078 1768 1191 1796 coetum,
1205 1764 1251 1798 qui
1266 1764 1392 1791 omnibus
1411 1765 1524 1791 salutem
1546 1767 1673 1800 consequi
1690 1765 1860 1800 cupientibus

1079 1808 1105 1835 in
1121 1809 1357 1843 praeclarissimum
1372 1810 1523 1846 exemplum
1546 1817 1578 1838 ac
1592 1818 1713 1839 normam
1728 1813 1860 1847 propositi

1077 1860 1151 1882 sunt.
1171 1864 1181 1880 ι

1114 1901 1158 1929 15.
1174 1900 1279 1929 Umm'i
1294 1907 1318 1929 et
1342 1901 1456 1929 Valentis
1470 1903 1631 1937 poenitentia.
1641 1919 1676 1924 —
1686 1903 1753 1931 Cum
1765 1911 1860 1932 cerne-

1077 1952 1140 1974 rent
1155 1954 1237 1982 porro
1253 1947 1382 1975 Ursacius
1395 1946 1533 1975 etValeus
1551 1953 1653 1977 tantam
1669 1949 1695 1977 in
1716 1951 1857 1978 Athanasii

1076 1995 1157 2021 rebus
1181 1994 1384 2022 inclinationem
1395 2013 1404 2026 ,
1420 2001 1467 2022 sua
1484 2002 1513 2023 se
1527 1995 1671 2023 damnante
1691 1996 1855 2024 conscientia

1076 2039 1255 2067 Mediolanum
1279 2046 1341 2068 sunt
1370 2040 1506 2075 profecti;
1532 2042 1577 2068 ubi
1599 2042 1749 2076 proscripta
1776 2047 1857 2076 atque

1075 2086 1252 2113 condemnata
1273 2086 1371 2113 Ariana
1386 2086 1493 2119 haeresi,
1512 2086 1626 2114 conﬁcta
1641 2094 1702 2114 esse
1719 2086 1858 2114 declarant

1075 2130 1190 2158 crimina
1203 2138 1217 2158 a
1230 2138 1260 2158 se
1275 2132 1379 2165 pridem
1395 2131 1547 2159 Athanasio
1559 2132 1660 2160 oblata.
1674 2132 1857 2167 Miserumque

1075 2177 1124 2212 ipsi
1148 2177 1297 2204 Athanasio
1321 2178 1497 2206 concilianda:
1514 2179 1608 2212 gratiae
1624 2186 1705 2206 causa
1729 2179 1854 2212 litteras,

236 2228 349 2255 quasque
372 2228 421 2248 nos
443 2221 584 2248 brevitatis
597 2229 678 2248 causa
703 2222 937 2256 praetermisimus,
954 2221 1021 2248 ἀσύ-
1037 2228 1058 2256 υ
1075 2224 1184 2250 tametsi
1199 2222 1285 2250 nullas
1306 2223 1338 2250 ab
1354 2231 1385 2250 eo
1397 2229 1558 2259 acceperant
1574 2223 1621 2259 (lt).
1638 2223 1747 2256 \‘erum,
1767 2229 1796 2251 nt
1823 2232 1857 2251 ex

238 2275 322 2294 στατα
336 2271 408 2294 sunt.
417 2266 507 2301 Neque
516 2267 587 2294 enim
603 2267 635 2293 ad
649 2267 796 2294 secundum
810 2267 851 2295 vel
866 2267 898 2294 ad
913 2268 1020 2294 tertium

235 2314 376 2341 Athanasii
405 2313 520 2340 reditum
550 2313 686 2346 pertinere
712 2318 834 2348 possunt.
859 2313 925 2340 Nam
950 2321 1022 2341 anno

235 2359 298 2392 349,
316 2367 368 2386 non
386 2359 547 2393 Philagrius,
564 2363 593 2385 ut
610 2359 698 2386 innuit
712 2359 859 2394 Gregorius
874 2359 1022 2387 Nazianze-

235 2413 302 2439 nus,
323 2406 369 2433 sed
386 2404 528 2433 Nestorius
541 2409 601 2433 erat
625 2405 734 2440 Egypti
764 2405 916 2440 praefectus.
942 2406 1020 2434 Anno

234 2458 325 2478 autem
346 2452 410 2484 562,
429 2460 482 2479 non
498 2451 584 2486 potuit
598 2450 752 2486 Philagrius
764 2459 823 2478 eam
847 2458 941 2486 gerere
951 2459 1020 2486 prte-

235 2496 377 2530 fecturam,
395 2505 457 2524 cum
469 2503 537 2525 teste
550 2497 722 2524 Nazianzeno
744 2501 770 2525 et
794 2498 852 2532 ipso
871 2497 1019 2524 Athanasio

234 2543 276 2570 his
295 2543 382 2571 solum
401 2544 588 2577 praefecturam
605 2543 718 2575 obierit;
734 2544 850 2576 primum
867 2551 938 2570 anno
950 2541 1019 2577 ‘535,

235 2594 263 2615 ut
274 2589 359 2623 liquet
370 2596 402 2615 ex
418 2588 507 2623 Tyriae
521 2589 613 2624 synodi
623 2588 744 2622 epistolis
757 2596 764 2620 ;
778 2588 936 2621 secundant,
949 2595 1020 2615 anno

234 2633 297 2664 5H.
312 2635 338 2661 in
353 2633 477 2668 Gregorii
494 2635 617 2669 ingressu
634 2634 826 2661 Alexandriam
840 2653 847 2667 ,
866 2638 894 2662 ut
910 2637 1020 2660 enarrat

233 2680 409 2708 Athanasius.
428 2680 513 2713 Quem
528 2679 706 2715 Philagrium,
723 2680 859 2707 hominem
874 2687 939 2707 sane
963 2687 1009 2707 sce

251 2794 387 2848 qgaixgga
400 2794 430 2822 S.
452 2793 600 2828 Pachumii,
618 2795 683 2822 Acta
706 2793 766 2826 SS.,
786 2794 847 2821 Maii
863 2794 906 2822 die
926 2794 970 2828 M,
987 2802 1013 2829 ῃ.

233 2829 295 2861 526,
313 2830 374 2856 5⁸26.

270 2864 307 2895 ib)
328 2864 426 2892 Athan.
451 2863 525 2897 Apol.
542 2870 633 2892 contra
655 2865 760 2897 Arium,
777 2873 804 2891 n.
819 2865 870 2894 ὅτι
894 2863 1011 2891 Historia

1073 2269 1217 2303 postremis
1233 2270 1371 2296 hominum
1387 2270 1470 2304 gestis
1484 2270 1653 2304 exploratum
1669 2269 1736 2302 fuit,
1754 2278 1806 2297 non
1823 2277 1856 2298 ex

1072 2321 1136 2341 vera
1152 2314 1189 2341 illi
1212 2315 1404 2342 maleﬁciorum
1425 2315 1582 2350 ptenitentia
1604 2315 1745 2342 Athanasii
1763 2315 1857 2342 amici-

1072 2358 1136 2386 tiam
1151 2363 1179 2386 et
1192 2359 1410 2386 communionem
1429 2359 1592 2394 expetebant
1607 2368 1615 2386 :
1634 2361 1680 2387 sed
1699 2360 1762 2393 quia
1775 2366 1856 2388 utres

1072 2411 1132 2432 sese
1149 2405 1261 2439 dabant,
1275 2406 1308 2432 ad
1325 2413 1501 2440 quascunque
1511 2406 1627 2433 transire
1637 2411 1727 2440 partes
1738 2407 1855 2440 prompti

1071 2450 1213 2484 paratique
1226 2455 1320 2483 erant;
1347 2455 1403 2477 tum
1426 2450 1594 2478 labefactatis
1615 2459 1647 2478 ac
1665 2459 1748 2486 prope
1759 2451 1855 2486 despe-

1069 2497 1137 2524 ratis
1149 2496 1313 2523 Arianorum
1329 2499 1421 2528 rebus,
1442 2496 1615 2523 aestimabant
1636 2497 1707 2524 haud
1721 2497 1780 2524 sine
1802 2505 1855 2524 ma-

1068 2549 1120 2577 goo
1133 2542 1253 2576 periculo
1264 2549 1343 2576 posse
1359 2549 1388 2569 se
1401 2542 1497 2576 coeptis
1509 2543 1644 2569 insistere.
1658 2542 1756 2569 Animo
1764 2547 1852 2569 autem

1068 2589 1106 2615 ita
1121 2588 1217 2622 fracti,
1231 2589 1268 2615 ita
1281 2589 1409 2624 prostrati
1425 2594 1514 2621 erant,
1528 2590 1573 2624 qui
1590 2596 1639 2616 nec
1659 2590 1703 2616 diu
1715 2594 1792 2616 antea
1807 2596 1854 2623 pe-

1068 2639 1137 2661 stem
1154 2635 1297 2662 catholicae
1310 2635 1463 2669 reipublicae
1473 2635 1662 2668 moliebantur,
1677 2639 1706 2661 ut
1719 2634 1852 2668 supplices

1068 2680 1182 2708 Romam
1200 2681 1399 2709 concederent:
1416 2681 1460 2708 ubi
1479 2681 1622 2708 maledicta
1639 2684 1720 2716 atque
1736 2681 1850 2708 crimina

1069 2795 1103 2821 ad
1129 2796 1278 2829 monachos,
1295 2804 1321 2823 n.
1333 2795 1383 2825 26:
1410 2794 1516 2825 Socrat.
1535 2796 1582 2824 lib.
1599 2803 1631 2829 tt,
1650 2802 1709 2830 cap.
1722 2794 1773 2828 2‘;
1799 2793 1849 2821 So.

1068 2839 1139 2858 tom.
1160 2831 1206 2860 lib.
1224 2839 1266 2865 nt,
1287 2838 1346 2866 cap.
1363 2831 1398 2858 23
1414 2836 1441 2859 et
1451 2831 1496 2859 ει.
