2016 3046
844 159 923 187 VlTA
943 159 973 187 S.
993 159 1187 187 ATHANASII.

1759 169 1804 189 εςι

177 225 193 245 a
219 224 249 246 se
273 217 404 246 hactenus
421 217 447 245 in
463 218 643 246 Athanasium
662 224 790 255 congesta
817 220 971 248 immerenti
986 222 1007 250 Α
1024 225 1118 248 contra
1146 220 1291 248 Photinnm
1323 220 1481 248 hereticum
1508 220 1628 256 synodus
1647 221 1806 248 sententiam

177 263 268 291 oblata
294 262 379 291 fuisse
392 264 521 297 confessi,
537 265 644 292 veniam
663 273 677 292 a
691 265 762 294 Julio
776 273 844 301 papa
856 271 883 294 et
894 274 969 294 com-

177 310 318 337 munionis
334 311 493 338 societatem
508 311 656 346 postulant.
668 311 804 345 Pontifex,
819 317 848 339 ut
859 313 969 347 pronior

177 360 238 383 erat
251 356 284 383 ad
301 356 479 384 condonanda
493 378 500 390 ,
523 364 605 392 quam
629 357 737 385 scelesti
756 358 792 384 illi
816 358 849 384 ad
872 365 968 393 perpe-

178 402 275 428 tranda
293 401 428 436 facinora,
445 403 570 430 homines
585 403 696 431 admisit
708 405 739 430 ad
754 404 966 431 ecclesiasticam

178 448 409 475 communionem.
432 448 544 476 Beversi
559 449 592 475 ad
606 456 669 476 suas
685 453 774 482 sedes,
789 450 903 478 necdum
920 457 967 483 po~

178 494 230 521 sita
250 493 412 526 formidine,
433 494 539 521 litteras
553 495 721 528 poenitentiae
738 503 793 522 sua:
815 500 896 522 testes
909 496 967 523 mit-

178 545 239 567 tunt
257 540 290 567 ad
312 540 411 567 Julium
431 547 527 575 papam
545 549 553 567 :
573 548 688 574 quarum
716 542 856 577 exemplar
881 543 967 570 Atha-

179 587 257 614 nasio
278 595 328 622 per
344 587 485 615 Paulinum
502 587 680 615 Tiburensem
703 588 858 623 episcopum
874 594 966 616 trans-

179 634 289 660 missum
312 634 372 662 fuit.
389 634 567 662 Tiburensem
579 635 650 662 enim
665 655 673 667 ,
694 643 747 662 non
775 635 964 663 Trevirensem

178 679 280 714 hiclegi
291 686 416 712 oportere
425 681 563 715 propalam
577 687 633 715 est;
648 681 756 716 quando
770 681 797 708 in
807 689 871 708 mss.
884 681 963 708 τισι.

178 734 234 762 ρων
250 726 359 761 Icgitur,
374 730 402 753 et
420 728 561 761 episcopus
573 728 733 756 Tiburensis
748 728 818 762 apud
835 728 961 755 Photiunt

175 778 289 800 vocatur
306 772 455 804 ἐπίσκοπος
469 773 616 809 Τιϐερέων.
633 774 704 801 Sane
718 774 773 801 veri
796 774 912 801 similius
922 778 964 801 est

176 817 357 845 'Iibureusem
371 819 524 854 episcopum
541 819 647 852 Italum,
663 827 745 854 quam
761 819 962 851 Trevirensem.

176 864 284 891 litteras
298 865 419 892 Valentis
443 871 470 892 et
496 865 598 893 Ursacii
625 865 658 892 ad
683 864 782 892 .inlinm
813 865 963 893 Athanasio

176 910 294 938 misisse.
311 910 388 937 Initio
403 911 567 943 fatebantur,
587 911 696 938 ilctitias
717 918 747 938 se
761 910 964 938 criminationes
981 908 1002 935 Β

177 957 204 984 in
216 957 393 984 Athanasium
409 957 566 991 protulisse;
592 957 692 984 Julium
707 962 796 984 tamen
817 964 866 992 pro
883 956 962 984 insita

176 1003 345 1031 humanitate
364 1004 470 1031 veniam
486 1003 550 1030 facti
576 1003 714 1031 tribuisse.
733 1003 858 1031 Pollkeri
884 1010 923 1035 se,
939 1004 961 1031 si

175 1049 210 1076 ab
222 1049 405 1077 Orientalibus
426 1051 468 1078 vel
484 1051 518 1078 ab
538 1049 690 1078 Athanasio
713 1051 740 1077 in
761 1051 806 1086 jus
820 1054 960 1081 vocentur,

174 1095 244 1122 citra
259 1095 453 1122 conscientiam
476 1095 538 1123 Julii
560 1104 613 1123 non
627 1096 784 1128 adfuturos;
804 1096 961 1123 luereticum

174 1140 267 1167 Arium
287 1141 417 1168 damnare
428 1149 467 1172 se,
480 1149 511 1169 ac
523 1148 631 1175 semper
648 1142 803 1170 damnasse.
819 1142 894 1174 Quod
905 1142 960 1176 jam

176 1187 202 1214 in
220 1187 309 1222 priore
323 1187 415 1215 libello
438 1196 487 1216 suo
503 1189 646 1217 Mediolani
662 1188 778 1224 professi
795 1188 913 1215 fuerant.
926 1187 962 1215 Ut

177 1237 268 1259 autem
282 1233 426 1261 Athanasii
440 1242 548 1270 quoque
564 1235 679 1269 gratiam
695 1234 817 1266 inirent,
834 1233 961 1268 paciﬁcas

175 1277 225 1312 ipsi
242 1278 344 1306 litteras
362 1287 409 1314 per
432 1279 560 1307 Musaeum
592 1280 779 1315 presbyterum
804 1279 960 1311 miserunt,

174 1330 300 1358 rogantes
319 1330 348 1352 ut
362 1333 391 1352 se
404 1327 437 1352 ad
458 1326 677 1353 communionem
698 1325 864 1356 admitteret,
888 1325 961 1352 litte-

174 1376 273 1403 rasque
289 1375 384 1397 mutuo
395 1371 473 1398 daret
484 1371 542 1405 ipse
559 1371 586 1398 in
599 1371 753 1399 concordia:
768 1371 961 1404 societatisque

174 1415 372 1443 testimonium.
393 1416 549 1444 Secundum
575 1417 633 1444 hac
662 1416 792 1444 Ursacius
809 1421 835 1444 et
846 1415 958 1448 Valens,

174 1459 271 1488 oblatis
295 1462 348 1488 sibi
372 1462 516 1490 Athanasii
531 1463 640 1490 nomine
656 1470 705 1497 per
732 1461 841 1490 Petrum
856 1467 883 1490 et
907 1462 961 1490 Ire-

175 1514 264 1535 menm
283 1508 460 1544 presbyteros
473 1515 502 1537 et
517 1516 565 1543 per
579 1507 752 1536 Ammonium
773 1508 872 1536 laicum
889 1507 961 1535 litte-

172 1553 224 1585 ris,
242 1553 358 1582 libenter
371 1555 604 1590 subscripserunt.

212 1601 257 1628 M.
282 1601 350 1628 Tam
362 1601 452 1629 fausto
469 1609 560 1628 rerum
578 1601 663 1633 exitu,
679 1599 884 1635 quaejubilatio,
898 1607 959 1632 quae

173 1648 266 1676 lastitia
279 1649 400 1675 omnium
413 1649 527 1676 subierit
542 1648 816 1680 animos,Atbanasio
829 1652 960 1674 narrante

172 1696 354 1730 comperimus
367 1694 416 1730 (ιι).
437 1703 446 1720 ‹
464 1694 530 1728 Quis
542 1714 550 1726 ,
565 1693 673 1729 inquit,
692 1693 734 1720 his
749 1693 958 1724 animadversis,

175 1747 306 1777 tantaque
318 1742 501 1769 Ecclesiarum
514 1749 584 1775 pace
596 1744 742 1775 conspecta
764 1747 821 1767 rem
839 1747 892 1767 non
909 1740 960 1766 mi-

172 1792 248 1815 ratus
261 1787 324 1815 est?
342 1787 409 1820 Quis
432 1795 487 1814 non
506 1787 603 1821 gaudio
627 1785 752 1821 perfusus
773 1790 816 1812 est
831 1805 839 1818 ,
855 1790 958 1812 tantam

171 1841 286 1861 cernens
316 1838 356 1861 tot
382 1834 570 1868 episcoporum
591 1832 786 1860 concordiam?
814 1831 880 1865 Quis
906 1839 958 1858 non

172 1879 295 1907 laudibus
312 1879 394 1906 Deum
409 1879 568 1911 celebravit,
591 1882 733 1913 perspecta
758 1878 784 1905 in
809 1877 959 1913 synaxibus

172 1930 247 1953 tanta
263 1925 352 1960 populi
370 1925 463 1952 laetitia
478 1925 490 1952 ?
504 1925 627 1958 Quantus
649 1932 744 1952 eorum
760 1932 900 1957 numerus,
913 1924 957 1958 qui

170 1979 232 2000 cum
255 1971 373 1998 inimicis
397 1976 460 1999 ante
484 1971 653 2007 computati,
673 1971 866 2006 resipiscentia:
881 1970 958 2005 signa

171 2017 329 2045 dederunt?
347 2016 434 2050 Quam
453 2017 530 2044 multi
553 2018 597 2052 qui
623 2016 697 2051 prius
715 2016 828 2043 crimina
851 2017 959 2051 objece-

171 2068 243 2095 rant,
256 2063 363 2090 veniam
381 2067 446 2090 sunt
459 2063 586 2097 precati?
599 2061 684 2095 Quam
698 2062 773 2089 multi
787 2070 822 2089 ex
837 2062 958 2090 inimicis

171 2109 243 2136 inter
257 2110 371 2141 amicos,
390 2116 467 2135 versa
488 2116 581 2135 rerum
601 2108 768 2140 conditione,
785 2108 957 2135 annumerati

171 2154 257 2181 sunt?
280 2154 366 2187 Quam
387 2153 465 2180 multi
490 2152 590 2179 litteris
613 2156 677 2179 ante
691 2153 778 2179 virum
808 2151 956 2184 criminati,

169 2200 336 2236 palinodiam
351 2198 539 2227 cecinerunt?
563 2197 635 2231 Quot
649 2197 706 2231 alii,
718 2197 764 2232 qui
783 2204 834 2223 non
849 2197 957 2231 proprio

171 2246 293 2278 c0nsilio,
310 2247 356 2273 sed
377 2246 402 2272 vi
414 2250 496 2280 atque
512 2244 676 2272 necessitate
687 2243 819 2277 compulsi
837 2243 869 2269 ad
883 2242 959 2269 Aria-

170 2299 221 2320 nos
244 2293 434 2323 desciverant,
453 2295 533 2318 noctu
558 2289 666 2317 veniam
687 2289 822 2324 precaturi
845 2290 958 2316 accede-

169 2338 236 2366 bant
253 2339 453 2372 :hznresimqne
475 2337 603 2364 ferientes
625 2336 811 2368 anathemate,
829 2335 961 2370 rogabant

170 2392 224 2411 non
240 2384 291 2411 sibi
303 2383 369 2411 vitio
383 2383 462 2415 verti,
478 2383 549 2417 quod
565 2385 637 2409 metu
653 2381 815 2408 insidiarum
832 2381 960 2408 crimina-

172 2430 342 2463 tiomnuque,
355 2437 449 2456 eorum
468 2429 648 2456 conventibus
660 2428 833 2459 interessent,
847 2434 908 2454 cum
922 2431 961 2454 ta-

171 2482 232 2502 men
249 2476 328 2502 corde
344 2481 371 2502 et
382 2476 562 2510 propensione
574 2473 722 2501 voluntatis
734 2481 795 2499 cum
807 2472 957 2500 Athanasio

171 2521 367 2548 convenirent!
402 2530 411 2546 ι
444 2520 564 2554 Quorum
594 2525 684 2546 tamen
711 2518 887 2554 postulationi
912 2521 957 2546 vix

171 2569 299 2594 credatur
312 2567 492 2595 Athanasium
508 2568 722 2601 obtemperasse,
733 2573 792 2592 cum
807 2565 957 2592 nullatenus

172 2612 274 2640 licitum
302 2614 338 2641 sit
368 2613 410 2640 vel
439 2612 616 2644 formidinis,
642 2611 684 2639 vel
713 2613 838 2639 humanae
865 2611 959 2646 gratiae

171 2665 252 2686 causa
269 2666 284 2685 a
298 2657 500 2685 Catholicorum
523 2657 639 2685 coetibus
656 2657 690 2683 ad
712 2656 856 2683 haereticos
872 2655 959 2682 desci-

171 2711 258 2731 scere.

207 2749 252 2777 15.
266 2749 413 2776 Damnatur
435 2748 575 2775 Photinus.
591 2763 626 2769 —
648 2748 750 2775 Eodem
774 2755 846 2775 anno
865 2746 959 2775 Sirmii

207 2807 246 2840 (τι)
263 2805 333 2833 llist.
347 2807 438 2833 Anan.
452 2807 486 2833 ad
499 2805 648 2837 monac/tos,
663 2812 690 2831 rt.
708 2804 754 2831 27.

207 2838 243 2878 (ω
263 2841 356 2878 [Idam
367 2842 420 2870 col.
437 2842 505 2868 ηυσ
518 2851 526 2874 ;
539 2841 655 2878 νδοιοιιι.
671 2840 707 2867 lib
722 2847 772 2878 __i_v,
787 2847 847 2874 cap.
860 2839 887 2866 6.

208 2875 243 2912 (τ)
260 2876 338 2904 Socr.
351 2876 397 2903 lib.
411 2885 438 2910 ιι,
455 2884 516 2911 cap.
532 2877 583 2909 ‘20;
598 2878 707 2903 Sozom.
722 2875 769 2902 lib.
785 2882 894 2910 tii,cap.
909 2875 954 2903 21.

1025 266 1085 293 tulit
1097 266 1144 303 (b).
1161 267 1211 300 Qui
1225 267 1370 294 damnatus
1396 274 1456 294 cum
1485 265 1591 300 fuisset,
1620 267 1807 301 interpellante

1024 312 1105 339 turba
1123 311 1224 346 populi,
1245 312 1287 338 cui
1303 312 1392 339 adhuc
1410 316 1469 338 erat
1485 312 1645 346 eloquentia!
1662 312 1747 346 gratia
1759 318 1806 338 ac—

1023 357 1209 391 ceptissimus,
1222 357 1372 389 abdicatus,
1391 357 1429 384 uti
1454 359 1592 384 decretum
1622 356 1720 389 fuerat,
1734 357 1809 384 sede-

1020 411 1074 437 que
1091 403 1182 438 pulsus
1195 411 1248 431 non
1263 411 1314 432 est.
1333 404 1439 432 Photini
1454 404 1657 431 damnationem
1686 403 1806 438 episcopi

1023 449 1186 477 Sirmienses
1199 451 1290 478 missis
1306 451 1486 485 undequaqne
1509 451 1605 477 litteris
1623 450 1804 484 publicarunt.

1020 495 1049 522 In
1065 494 1176 523 Oriente
1202 504 1278 527 vero,
1305 497 1434 530 praesules
1448 500 1527 523 erant
1553 496 1669 531 prompti
1701 503 1805 530 semper

1021 542 1164 577 paratique
1181 542 1214 569 ad
1229 543 1380 577 captandas
1396 542 1456 569 belli
1477 543 1668 576 turbarumque
1683 541 1806 568 occasio-

1019 596 1089 616 nes:
1106 589 1151 623 qui
1171 589 1232 616 data
1253 590 1287 616 ad
1302 588 1490 616 Occidentales
1512 588 1624 623 epistola
1649 587 1803 614 Marcellum

1019 635 1194 670 Ancyranum
1207 634 1317 662 Photini
1333 635 1470 662 conscium
1484 640 1508 662 el
1525 634 1664 670 ὁμόφρονα
1681 641 1742 662 esse
1754 634 1805 660 cri-

1018 681 1204 713 minabantur,
1221 688 1254 708 eo
1265 689 1361 716 nempe
1375 681 1490 708 consilio
1516 687 1545 708 ut
1571 681 1739 708 Sardicensis
1763 686 1806 709 sv-

1018 729 1092 760 nodi,
1108 735 1167 762 qua:
1186 727 1345 754 Marcellum
1363 727 1503 754 innoxium
1537 726 1692 753 declarabat
1707 745 1715 757 ,
1743 731 1803 753 acta

1017 775 1150 809 abrogare
1176 778 1204 801 et
1226 779 1350 801 evertere
1366 778 1486 808 possent,
1514 772 1665 807 exindeque
1691 772 1804 799 facultas

1017 820 1086 847 foret
1101 820 1244 847 Athanasii
1262 820 1350 847 denuo
1366 819 1537 847 criminandi.

1052 867 1128 894 Auno
1140 866 1247 893 550.—
1259 866 1286 892 Ι.
1297 866 1436 892 Athanasii
1451 866 1630 900 reducisgesta
1640 865 1667 891 in
1677 864 1800 890 Arianae.

1016 913 1218 940 —Athanasius
1228 913 1330 939 interea
1339 913 1395 939 sedi
1406 920 1460 939 sua:
1471 912 1623 942 restitutus,
1634 911 1802 942 Arianosque

1014 966 1064 986 nec
1077 959 1251 992 indiligenter
1262 959 1384 991 adortus,
1398 958 1549 992 rescriptis,
1563 957 1742 988 orationibus,
1759 956 1803 982 lit—

1014 1007 1077 1034 teris
1102 1006 1284 1040 uudequaque
1309 1005 1400 1032 missis
1427 1004 1592 1039 exagitabat.
1621 1003 1649 1030 Si
1668 1003 1734 1030 fides
1760 1007 1803 1029 est

1015 1052 1119 1080 Socrati
1138 1053 1344 1087 Sozonienoque
1362 1051 1409 1086 (c),
1425 1052 1482 1085 ejus
1495 1056 1574 1078 sectae
1584 1050 1722 1085 praesules.
1734 1056 1802 1083 quos

1014 1099 1091 1135 pravi
1107 1099 1215 1126 consilii
1229 1099 1386 1133 errorisque
1397 1103 1506 1126 tenaces
1522 1097 1702 1131 conspiceret,
1725 1095 1802 1122 abdi.

1012 1147 1103 1178 cabat,
1123 1153 1153 1174 ut
1174 1155 1268 1174 eorum
1296 1148 1375 1175 sedes
1394 1146 1485 1182 probis
1513 1144 1708 1176 catholicisqne
1735 1141 1801 1168 viris

1011 1193 1196 1224 contraderet,
1213 1199 1246 1219 ac
1263 1192 1380 1219 Nictenzc
1403 1192 1464 1218 fidei
1483 1190 1658 1218 lizcrentibns.
1679 1188 1712 1215 Et
1737 1194 1801 1214 vero

1012 1239 1132 1275 episcopi
1147 1239 1335 1270 Alexandrini,
1348 1238 1425 1272 cujus
1441 1245 1546 1265 summa
1564 1241 1623 1263 erat
1640 1236 1666 1262 in
1684 1235 1801 1272 Egypto

1012 1291 1039 1312 et
1058 1284 1141 1320 Libya
1159 1285 1320 1315 auctoritas.
1336 1285 1386 1312 hoc
1404 1291 1502 1311 manus
1521 1284 1572 1310 hoc
1587 1282 1703 1310 olliciuni
1720 1287 1799 1313 erat,

1012 1336 1042 1358 ut
1057 1331 1199 1358 haereticos
1210 1331 1356 1362 antistites,
1369 1330 1415 1365 qui
1428 1330 1454 1356 in
1468 1329 1636 1365 popularium
1652 1329 1800 1363 perniciem

1012 1378 1172 1413 spargeudis
1187 1377 1329 1404 erroribus
1344 1376 1533 1411 advigilareut,
1551 1376 1615 1402 sede
1631 1374 1742 1409 pelleret
1758 1378 1800 1401 at-

1012 1431 1065 1459 que
1079 1423 1244 1458 profligaret.
1266 1422 1366 1449 Verum
1395 1422 1466 1456 quod
1493 1422 1572 1448 iidem
1591 1425 1713 1451 narrant,
1740 1427 1802 1447 sar:-

1013 1475 1086 1497 ctum
1103 1477 1200 1505 nempe
1217 1470 1370 1504 prazsulem,
1387 1476 1447 1496 cum
1468 1468 1494 1495 in
1518 1468 1604 1495 reditu
1621 1468 1710 1494 varias
1740 1473 1800 1500 per-

1013 1520 1121 1551 agraret
1139 1516 1304 1550 provincias,
1321 1516 1341 1542 si
1354 1522 1423 1550 quos
1431 1514 1644 1549 deprehenderet
1659 1513 1801 1548 episcopos

1013 1561 1112 1588 Ariana
1130 1560 1190 1588 labe
1204 1560 1412 1594 conspersos,in
1425 1560 1547 1586 ordinem
1565 1560 1711 1594 redegisse,
1726 1559 1801 1585 aliis-

1014 1614 1067 1641 que
1091 1607 1240 1633 contulisse
1261 1605 1440 1642 dignitatem,
1462 1606 1532 1633 hami
1551 1605 1630 1632 facile
1649 1607 1798 1632 credatur:

1013 1653 1034 1680 si
1051 1653 1159 1687 quidem
1174 1657 1199 1679 et
1216 1659 1320 1687 magna:
1338 1653 1446 1679 invidia:
1467 1660 1510 1679 res
1536 1651 1631 1679 fuisset
1655 1651 1682 1677 in
1705 1650 1802 1676 alienis

1014 1698 1173 1732 regionibus
1187 1699 1332 1732 episcopos
1351 1698 1487 1731 abdicare,
1505 1703 1533 1726 et
1559 1697 1676 1731 ingentis
1690 1703 1779 1730 operae
1792 1717 1799 1728 ,

1015 1744 1165 1771 transeunti
1184 1745 1301 1770 maxime
1316 1749 1398 1778 atque
1423 1744 1455 1770 ad
1479 1743 1669 1778 imperatorem
1702 1748 1800 1776 prope-

1013 1789 1096 1821 ranti,
1118 1790 1218 1817 invitos
1241 1789 1406 1822 deturbare,
1427 1788 1524 1822 quibus
1547 1787 1616 1814 haud
1643 1786 1725 1814 dubie
1746 1793 1799 1813 non

1013 1837 1168 1870 spernenda
1179 1836 1318 1862 civitatum
1334 1843 1398 1869 pars
1412 1835 1539 1861 lnereret.
1555 1833 1652 1860 Mirum
1668 1832 1799 1867 profecto,

1013 1881 1036 1908 si
1050 1880 1091 1907 sic
1105 1887 1148 1907 res
1174 1885 1236 1907 acta
1264 1880 1310 1913 sit,
1333 1880 1449 1907 Arianos
1467 1880 1612 1913 episcopos
1634 1885 1687 1905 non
1708 1877 1799 1904 aerius

1012 1926 1201 1960 expostulasse
1212 1933 1273 1953 cum
1290 1926 1346 1958 illo,
1366 1926 1409 1960 qui
1424 1926 1519 1960 quavis
1533 1925 1643 1952 minima
1655 1924 1799 1951 occasione

1012 1973 1138 2008 ingentes
1155 1972 1278 1999 excitare
1305 1971 1397 1998 turbas
1413 1971 1484 1998 soliti
1512 1976 1599 1998 erant.
1616 1970 1685 2004 Quid
1709 1977 1799 1997 causa:

1013 2018 1096 2052 igitur
1115 2021 1167 2048 est,
1183 2017 1254 2051 quod
1270 2018 1423 2052 bujusmodi
1440 2017 1549 2051 querela
1567 2017 1637 2043 inter
1648 2015 1800 2043 accusatio-

1012 2062 1143 2090 ncsinl‘ra
1163 2063 1363 2096 memorandus,
1389 2070 1441 2089 non
1467 2061 1642 2097 compareat?
1664 2060 1798 2088 Nimirum

1011 2109 1044 2136 de
1063 2109 1237 2136 abdicatione
1249 2109 1392 2144 prtesulum
1408 2116 1462 2136 non
1478 2108 1504 2134 in
1522 2108 1624 2134 crimen
1645 2111 1798 2137 vocassent,

1010 2155 1056 2190 qui
1072 2155 1143 2189 quod
1168 2154 1319 2189 lschyrain,
1338 2155 1385 2189 qui
1403 2162 1518 2182 vacuum
1531 2153 1679 2189 presbyteri
1700 2160 1798 2179 nomen

1011 2202 1171 2236 usurpabat,
1191 2208 1332 2229 sacrorum
1356 2200 1448 2226 ofiicio
1466 2204 1493 2226 et
1519 2199 1592 2225 aditu
1616 2197 1799 2224 interdixisset

1013 2246 1179 2274 Athanasius
1194 2255 1202 2280 ;
1228 2253 1288 2273 eum
1307 2245 1421 2272 inﬁnitis
1433 2251 1514 2279 prope
1529 2242 1739 2274 calamitatibus,
1756 2248 1800 2268 ve-

1012 2292 1182 2324 xationibus,
1197 2291 1294 2318 exsilio
1308 2291 1416 2318 demum
1437 2290 1546 2317 multari
1564 2287 1749 2316 curaverant?

1043 2337 1070 2365 ‘2.
1085 2337 1214 2365 Constans
1223 2338 1361 2365 occiditur.
1372 2336 1465 2364 dees
1478 2335 1715 2362 Remis—Ineunte
1724 2341 1797 2361 anno

1009 2382 1071 2416 350,
1088 2384 1291 2418 conspiratione
1310 2382 1470 2414 Marcellini,
1494 2382 1600 2409 Chresti
1612 2380 1796 2415 etMagnentii

1009 2437 1096 2457 cassus
1109 2431 1284 2465 snblatusque
1308 2434 1349 2456 est
1364 2429 1495 2456 Constans
1518 2428 1669 2462 Augustus,
1691 2427 1798 2454 fervens

1009 2475 1150 2502 Athanasii
1171 2480 1300 2509 patronus
1313 2475 1362 2510 (ά).
1378 2475 1545 2510 Magnentius
1557 2479 1657 2505 autem,
1667 2478 1798 2506 occupato

1010 2520 1163 2548 Occidentis
1173 2522 1296 2556 imperio,
1306 2521 1403 2547 bellum
1413 2521 1524 2554 parabat
1532 2520 1660 2546 adversus
1668 2519 1795 2545 Constant-

1012 2567 1089 2593 tium.
1106 2567 1204 2593 Audita
1225 2567 1382 2594 Constantis
1412 2574 1488 2598 nece,
1507 2566 1635 2592 Vetrauio
1647 2566 1754 2599 quidam
1768 2565 1796 2590 in

1012 2611 1152 2639 Pannonia
1168 2613 1283 2645 legatus,
1297 2613 1401 2639 curavit
1419 2619 1434 2638 a
1449 2612 1579 2638 militibus
1594 2611 1735 2645 imperium
1750 2610 1797 2637 de-

1010 2658 1076 2685 ferri
1095 2658 1157 2685 sibi.
1183 2657 1219 2685 Ut
1243 2663 1334 2685 auteiu
1364 2658 1501 2692 permistis
1528 2658 1618 2688 rebus,
1636 2657 1796 2690 turbatoqne

1009 2703 1115 2738 imperii
1131 2704 1235 2735 ordine,
1250 2704 1337 2731 solent
1349 2702 1426 2730 multi
1443 2704 1468 2729 in
1485 2702 1545 2737 ejus
1569 2702 1693 2737 potiundi
1719 2709 1796 2736 spem

1007 2751 1111 2783 venire,
1138 2751 1302 2785 Nepotianus
1319 2750 1439 2784 Eutropii
1459 2750 1562 2776 sororis
1579 2749 1750 2776 Constantini
1764 2747 1797 2774 ii-

1049 2806 1087 2842 (d)
1105 2808 1260 2843 Eutropius,
1278 2807 1404 2835 Zosimus
1428 2808 1534 2836 Socrat.
1547 2807 1594 2835 lib.
1616 2815 1646 2841 ti,
1662 2814 1722 2842 cap.
1737 2805 1793 2840 25;

1015 2841 1124 2872 Soaom.
1140 2841 1211 2871 libii
1223 2851 1249 2876 v,
1261 2851 1321 2878 cap.
1340 2844 1352 2870 i
1367 2848 1393 2871 et
1401 2851 1477 2878 seqq.
