2016 3046
218 142 271 162 C‘Ill

909 137 1174 165 PROLEGOMENA.

222 191 273 217 lius
291 190 384 218 Romae
399 190 600 225 inauguratur;
625 193 671 220 sed
686 192 795 219 vixdum
808 192 909 226 elapsis
924 200 1008 219 xxvut
1024 196 1045 222 A
1063 200 1139 223 nece.
1156 201 1278 220 rumores
1291 194 1379 221 denuo
1396 201 1522 229 spargere
1538 200 1689 230 coeperunt,
1706 201 1786 232 atque
1800 207 1847 227 oc-

221 238 316 264 diebus
334 245 348 264 a
371 238 513 273 Maguentii
539 238 626 272 legato
649 238 805 266 Marcellino
823 239 910 266 victus
939 239 1009 273 peri-

221 285 313 310 tnitttr.
329 283 396 312 Tum
430 284 512 312 notua
529 284 670 318 th-potiani
689 289 864 319 cognatorum
893 284 1008 312 familia-

222 331 347 364 ritttttque
374 330 505 364 sanguine
536 335 676 357 cruentata
693 330 743 365 (α).
761 330 920 364 Eutropium
949 330 1009 364 ejus

223 382 310 402 mater
323 376 483 402 olttrttnrata
499 380 540 402 est
558 385 563 402 :
578 377 640 403 caesi
658 376 722 402 item
736 376 887 403 Abuterius
903 381 928 402 ct
943 375 1009 410 Spe—

223 421 326 448 rantius
345 424 377 448 de
402 421 551 448 Athanasio
578 422 646 448 bene
666 422 766 452 meriti.
785 421 831 456 qui
857 429 930 452 eum,
949 429 1008 448 cum

223 467 314 494 Ruina:
342 467 469 501 degeret,
501 466 640 494 benefiriis
670 467 801 500 donisque
826 466 1008 493 cumularunt.

224 514 343 546 Quorum
356 513 477 539 omnium
489 521 582 540 cnstitit
597 512 758 546 deploravit,
775 512 899 546 fusisque
918 511 1010 546 lacry-

223 560 275 585 niis
288 563 446 592 prosecutus
460 563 501 585 est
522 558 697 585 Athanasius.
847 582 853 587 _

258 604 284 631 5.
297 603 466 631 Constantius
483 604 548 630 bello
564 603 672 630 Persico
685 603 830 636 expeditus.
845 603 1011 639 Magnentius

225 656 344 678 aratores
362 651 439 676 mittit
464 651 498 675 od
524 650 716 676 Constantium.
729 665 763 669 -—
780 649 846 676 Dum
870 649 1011 676 seditioni-

224 696 273 723 bus
291 696 422 723 Occidens
439 695 631 729 conflagraret,
651 696 677 722 in
691 695 801 722 Oriente
814 695 904 722 Persae
921 695 1010 721 rediu-

225 747 330 776 tegrato
347 742 417 769 bello
431 743 481 769 sub
495 742 596 775 Sapore
618 749 679 776 rege
693 741 741 776 (ὑ),
755 741 860 768 Nisibin
886 740 1012 768 Orienta-

225 787 290 814 lium
321 789 436 821 partium
463 787 619 822 praesidium
649 787 706 820 jam
732 787 812 814 tertio
839 786 1010 813 obsidebant.

225 833 347 867 Cumque
358 838 451 859 centra
467 838 555 859 tantas
577 832 745 859 difficultates
761 831 936 859 Constantius
948 839 1013 858 cett-

225 878 286 905 silio
301 878 367 904 satis
383 879 522 912 providere
536 885 588 904 ttott
608 882 716 911 posset,
732 882 882 910 opportune
898 877 1012 903 accessit

227 924 272 951 Dei
286 924 448 951 subsidium.
467 924 595 950 Precibus
611 930 728 957 namque
748 921 839 950 Jacobi
862 921 1012 948 Nisibeusis

228 975 284 997 ttttu
299 970 445 997 sanctitate
460 970 598 1003 signisque
613 969 748 1003 prteclari,
770 967 858 995 Persa:
872 968 954 994 variis
971 968 1012 994 di-

225 1017 327 1044 vinitus
342 1016 472 1043 immissis
492 1016 616 1043 cladibus
637 1015 892 1048 calamitatibusque
909 1013 1011 1043 amicti,

227 1063 311 1098 fugati
327 1063 433 1090 tandem
448 1069 522 1091 sunt.
535 1062 710 1089 (laustantius
724 1069 789 1088 vero
810 1069 842 1088 ea
862 1065 939 1091 parte
958 1059 1013 1086 sol-

228 1110 375 1138 lici.udinis
391 1109 505 1140 levatus,
519 1109 662 1142 diligenter
681 1107 799 1140 undique
815 1106 841 1133 in
867 1105 1012 1132 Vetranio—

228 1161 331 1182 tn-met
358 1155 542 1189 Magnentium
571 1153 664 1187 copias
690 1153 823 1187 cogebat,
857 1151 1014 1186 ingentique

227 1205 384 1236 coruparato
400 1201 531 1232 exercitu,
550 1199 650 1226 milites
671 1206 794 1233 quosque
817 1198 941 1224 hortatus
961 1201 1013 1229 est,

228 1248 274 1284 qui
292 1248 409 1274 nomium
426 1253 503 1274 sacro
519 1245 691 1280 baptismatis
717 1245 790 1271 fonte
810 1243 893 1270 abluti
909 1247 1011 1273 essent,

229 1299 257 1320 ut
270 1293 469 1328 quamprimum
484 1293 648 1319 sacramenti
670 1290 749 1324 huius
763 1290 894 1317 beneﬁcio
915 1296 1013 1323 pecea-

229 1345 316 1366 torum
329 1339 423 1366 sordes
432 1339 606 1373 deponerent.
618 1337 689 1364 Inter
701 1338 757 1364 lucc
770 1336 941 1370 Magnentius
953 1342 1014 1361 ora-

230 1390 303 1413 tores
320 1386 352 1413 ad
367 1385 555 1412 Constantium
575 1384 648 1413 misit
661 1384 811 1411 Serv-alium
829 1382 1012 1418 Tuugrensem

229 1432 398 1465 episcopum,
412 1437 438 1458 et
460 1431 604 1457 Maximum
628 1431 690 1458 item
716 1431 883 1464 episcopum,
900 1430 1015 1455 aulicos-

229 1485 282 1512 que
300 1478 377 1508 duos,
393 1477 571 1504 Clementium
589 1481 616 1504 et
639 1476 789 1504 Valentem.
817 1474 916 1502 Valens
929 1476 954 1502 in
970 1475 1015 1502 Li-

229 1523 309 1560 byam
324 1525 474 1554 contendit.
500 1524 567 1558 ejus,
586 1529 614 1550 ut
629 1524 746 1556 vidctttr,
775 1523 808 1550 ad
836 1523 1014 1551 defectionem

230 1571 409 1598 sollicitanda!
425 1573 524 1598 studio.
544 1571 710 1598 Athanasius
724 1577 805 1606 porro
820 1578 882 1596 cttm
899 1571 1015 1604 accepis-

230 1623 272 1645 set
286 1617 424 1644 Valcutettt
440 1625 487 1651 per
499 1617 610 1651 Libyam
629 1617 680 1644 iter
694 1617 793 1643 habere
803 1636 811 1648 ,
842 1617 1016 1643 vehementer

232 1664 366 1696 extimuit,
384 1664 485 1691 veritus
500 1672 532 1690 ne
548 1663 685 1698 quidpiam
710 1663 754 1690 ille
775 1663 905 1690 facinoris
922 1669 1016 1696 aggre-

231 1710 361 1743 deretur;
390 1718 440 1737 neu
457 1709 614 1737 Constantis
629 1709 733 1741 amicis,
752 1710 851 1744 quibus
871 1708 930 1742 ipse
955 1715 1016 1734 eum

231 1755 327 1790 primis
355 1755 603 1786 annttmerabatttr,
621 1755 755 1782 violentas
780 1755 894 1782 inferret
912 1761 1015 1781 manus.

232 1801 366 1834 Quorsum
382 1807 472 1829 autem
499 1802 615 1829 abierint
632 1801 772 1836 ejusmodi
804 1801 926 1828 Valentis
941 1800 1018 1827 moli-

233 1848 318 1879 tuitta,
331 1848 412 1882 quive
424 1848 462 1874 rei
477 1847 558 1874 fuerit
571 1848 670 1878 exitus,
689 1855 741 1874 non
763 1846 849 1874 fertur
863 1846 932 1881 apud
947 1846 1017 1872 illius

233 1894 282 1920 aevi
301 1894 459 1928 scriptores.
478 1892 644 1920 Clementius
667 1893 736 1920 alter
763 1892 885 1926 legatus,
902 1891 1018 1918 Alexan-

234 1938 321 1964 driam
335 1939 480 1972 profectus,
499 1938 676 1964 Athanasium
695 1938 838 1970 convertit;
858 1944 974 1972 cutttqne
987 1937 1019 1964 de

234 1983 381 2011 Coitstante
399 1991 508 2010 suorum
525 1982 636 2017 perfidia
657 1983 792 2009 trucidato
807 1982 887 2008 verba
906 1981 1017 2011 faceret.

234 2029 262 2056 itt
280 2029 414 2063 lacrymas
440 2033 551 2055 sanctus
583 2027 681 2062 pracsul
704 2028 802 2061 erupit,
823 2027 1020 2062 gemitibusque

234 2074 285 2101 viri
302 2074 401 2101 caedem
419 2073 627 2100 lamentabatur.
652 2071 719 2098 Tum
738 2078 786 2104 pro
809 2070 961 2098 Constantii
980 2071 1021 2096 itt-

214 2151 218 2155 ,
233 2120 389 2147 columitate
406 2118 510 2146 Domini
528 2126 604 2152 opem
628 2117 800 2152 imploravit;
826 2115 1020 2151 praesentibus-

234 2173 286 2200 qtte
302 2165 470 2192 Felicissimo
485 2164 596 2200 [Egyptl
616 2163 694 2195 duce,
715 2155 812 2190 Rufino
829 2161 997 2188 thesaurario
1012 2181 1019 2193 ,

1060 238 1133 265 culte
1147 238 1299 266 maledictis
1316 246 1435 273 serpere,
1449 239 1563 266 crimina
1578 240 1632 274 jam
1663 241 1726 268 olim
1742 244 1844 276 oblata,

1062 284 1198 319 totiesque
1213 285 1324 319 depulsa
1341 285 1466 313 ementiri
1486 293 1550 312 vera
1568 293 1639 317 esse.
1666 287 1771 316 Arsenii
1799 299 1848 318 ne.-

1059 338 1130 363 cem,
1145 338 1265 359 ntensam
1278 338 1412 363 eversam,
1426 331 1542 358 fractum
1557 332 1682 366 poculutn
1696 334 1784 362 detttto
1799 344 1848 370 0p-

1060 383 1170 408 pouere,
1188 384 1220 403 eo
1238 383 1334 411 nempe
1348 376 1472 408 consilio,
1487 381 1517 403 ut.
1543 385 1619 404 versa
1637 386 1727 406 rerutn
1754 382 1848 408 condi-

1062 421 1146 453 tione,
1162 422 1239 449 liberi
1269 427 1363 454 metu,
1389 423 1565 450 Athanasium
1590 423 1710 459 aliosque
1735 426 1848 455 infestos

1062 467 1114 494 sibi
1127 466 1255 501 prmsules
1268 472 1328 494 asttt
1346 467 1506 502 insidiisque
1521 469 1763 498 circumvenirent.
1779 472 1843 505 Qui-

1062 512 1112 540 btts
1136 513 1285 547 perspectis
1311 513 1476 542 Athanasius
1500 514 1633 548 prolixam
1662 516 1734 543 illam
1764 519 1848 546 edidit

1062 558 1225 592 apologiam,
1244 563 1401 592 anteqttam,
1413 565 1443 586 ut
1463 567 1496 586 ex
1512 561 1696 595 compluribus
1713 561 1770 596 ejus
1784 563 1848 590 locis

1062 604 1279 632 animaduertere
1304 611 1362 640 est,
1381 607 1510 635 Ursacius
1535 614 1564 635 et
1586 609 1695 641 Valens,
1715 611 1760 645 qui
1786 611 1847 638 ﬁcta

1063 649 1222 684 pmtiitentia
1250 651 1407 679 defecerant
1425 654 1591 687 ahArianis,
1615 660 1723 683 mntattc
1750 657 1847 683 iterum

1062 697 1202 723 sententia:
1214 697 1288 732 signa
1303 698 1410 732 darent,
1429 707 1461 726 ac
1475 708 1543 727 nova
1557 701 1714 729 molirentur
1726 703 1751 728 io
1763 703 1849 730 Atha-

1063 742 1132 768 nasii
1148 743 1306 776 perniciem.
1329 743 1357 770 ln
1376 752 1406 771 ea
1431 745 1512 779 igitur
1534 746 1656 781 apologia
1673 748 1715 774 vir
1738 753 1848 776 sanctus

1064 794 1095 813 ex
1110 787 1175 822 ipsis
1192 795 1282 816 rerum
1297 789 1366 816 ac.is
1380 793 1406 816 et
1421 792 1603 818 monumentis
1620 792 1688 819 falsa
1702 792 1753 819 sibi
1775 801 1850 819 cmu-

1064 834 1171 866 prohat,
1191 838 1218 860 et
1233 834 1290 868 jam
1320 835 1455 863 ntultoties
1486 837 1594 871 repulsa
1609 837 1690 872 objici
1714 839 1848 866 crit-tina:

1067 879 1164 905 malam
1183 885 1312 911 utentem,
1331 881 1429 908 malum
1451 882 1570 909 animum
1587 883 1756 910 inimicorum
1773 890 1850 918 pate-

1066 925 1139 951 facit.
1156 925 1391 959 Snpervacaneum
1409 928 1456 960 ait,
1481 927 1514 954 de
1542 928 1639 962 quibus
1657 929 1849 963 totiesjudica-

1065 973 1120 996 tum
1139 970 1234 1003 fuerat,
1249 970 1342 998 eadem
1359 971 1445 998 denuo
1469 972 1495 998 in
1515 971 1648 1006 judicium
1665 974 1767 1000 vocari.
1785 975 1851 1001 Esse

1067 1015 1170 1042 Ursacii
1187 1021 1213 1042 et
1229 1015 1351 1044 Valentis
1368 1017 1553 1051 ptenitcntiam
1569 1018 1600 1045 ad
1620 1018 1781 1046 innocentize
1793 1028 1849 1047 sua:

1066 1062 1248 1089 testimonium
1266 1063 1353 1096 satis;
1383 1070 1433 1090 suo
1456 1064 1528 1097 ipsos
1544 1069 1621 1096 nuttt,
1647 1065 1774 1100 nulloque
1805 1074 1852 1093 co-

1066 1112 1156 1140 gente,
1177 1107 1240 1134 farti
1253 1108 1360 1134 veniam
1377 1107 1540 1140 postulasse.
1560 1108 1663 1136 Ctetera
1686 1115 1775 1136 autent
1791 1117 1851 1144 quae

1067 1151 1111 1178 ille
1125 1153 1307 1186 persequitur,
1328 1153 1383 1180 suis
1395 1153 1452 1188 jam
1468 1153 1493 1180 itt
1509 1153 1576 1181 locis
1587 1154 1719 1190 descripta
1731 1160 1755 1182 et
1770 1163 1851 1183 enar-

1067 1202 1123 1223 rata
1139 1203 1212 1224 811111.

1105 1242 1132 1269 5.
1143 1241 1291 1269 Constantii
1309 1243 1404 1270 littera:
1417 1244 1450 1270 ad
1466 1243 1653 1271 Athanasium.
1665 1259 1699 1265 —
1713 1245 1757 1271 Ait
1771 1252 1851 1278 porro

1068 1287 1196 1314 Socrates
1213 1286 1264 1323 (ό),
1281 1288 1388 1315 eosdem
1405 1288 1544 1315 Athanasii
1559 1289 1728 1316 adversarios
1753 1297 1850 1316 nomen

1067 1333 1125 1365 ejus
1140 1333 1208 1368 apud
1227 1333 1417 1368 imperatorem
1444 1333 1583 1365 detulisse,
1604 1335 1675 1368 quod
1702 1341 1748 1368 per
1772 1334 1853 1370 Egy-

1068 1385 1141 1413 ptum
1159 1383 1239 1413 atque
1261 1378 1372 1414 Libyam
1391 1379 1484 1406 turbas
1511 1379 1710 1414 seditionesque
1733 1380 1853 1407 concita-

1068 1432 1119 1458 ret,
1137 1429 1218 1460 atque
1237 1431 1336 1459 printer
1352 1424 1479 1452 Ecclesiae
1493 1426 1612 1460 regulam
1632 1426 1657 1453 in
1673 1426 1770 1454 alienis
1788 1433 1850 1461 pro-

1069 1472 1164 1499 vinciis
1186 1472 1327 1507 episcopos
1341 1473 1527 1501 constitueret.
1554 1473 1651 1500 Vernnt
1677 1472 1851 1500 Constantius

1070 1517 1259 1552 Magnentiauo
1287 1521 1341 1544 tum
1360 1518 1430 1544 bello
1457 1523 1615 1552 occupatos.
1644 1526 1675 1545 ac
1697 1519 1850 1553 propediem

1066 1571 1181 1598 pugnam
1195 1563 1400 1596 commissurus,
1422 1564 1534 1596 veritus,
1548 1570 1576 1591 ut
1592 1565 1720 1591 credibile
1744 1569 1785 1591 est
1801 1564 1851 1600 (ρ),

1066 1617 1111 1640 ne,
1122 1609 1150 1643 _’si
1171 1617 1251 1644 qualn
1266 1609 1416 1636 Athanasio
1428 1609 1538 1638 inferret
1553 1611 1703 1638 molestiam
1717 1614 1762 1637 aut
1779 1611 1852 1637 cala-

1068 1654 1203 1686 mitatem,
1223 1655 1285 1682 hinc
1300 1663 1387 1682 causae
1405 1656 1505 1683 irarum
1521 1656 1708 1683 suborireulur
1732 1664 1763 1683 ac
1781 1656 1853 1683 sedi~

1067 1700 1167 1727 tiouunt
1182 1701 1252 1735 apud
1267 1701 1477 1729 Alexandrinam
1491 1701 1743 1736 plebetnAtltanasii
1762 1709 1854 1729 antan-

1068 1745 1210 1778 tissimam,
1229 1747 1366 1774 Asterittm
1399 1749 1539 1782 comitem,
1564 1748 1628 1777 olim
1649 1748 1783 1775 Armenia:
1803 1747 1852 1775 du-

1067 1798 1137 1823 cem,
1165 1796 1192 1818 et
1215 1791 1362 1818 Palladium
1389 1793 1480 1827 palatii
1510 1793 1668 1828 magistrum
1696 1793 1768 1820 tuisit
1791 1800 1852 1819 ctttn

1067 1836 1164 1863 litteris
1179 1836 1212 1862 ad
1232 1836 1428 1864 Felicissimum
1452 1837 1560 1873 Egypti
1585 1838 1681 1865 ducem
1704 1843 1732 1865 et
1757 1838 1789 1864 ad
1807 1837 1857 1865 Ne-

1068 1882 1181 1908 storium
1195 1882 1362 1917 praefectum,
1377 1884 1462 1911 arceri
1476 1883 1574 1917 jubens
1591 1883 1744 1918 Philippum
1765 1891 1855 1917 quent-

1069 1928 1130 1954 dam
1143 1936 1174 1956 ac
1187 1929 1311 1962 quemvis
1324 1929 1407 1956 alium
1423 1930 1455 1956 ab
1471 1929 1574 1956 ittsidiis
1594 1929 1742 1956 Athanasio
1757 1937 1854 1965 paran-

1069 1974 1120 2000 dis.
1144 1974 1296 2010 Iisdemque
1322 1976 1426 2003 litteras
1453 1975 1527 2003 dedit
1557 1975 1654 2003 Latine
1680 1975 1796 2010 scriptas
1822 1975 1854 2002 ad

1069 2021 1247 2048 Athanasium
1260 2022 1439 2055 deferendas;
1453 2022 1551 2057 quibus
1568 2021 1705 2056 deplorata
1721 2022 1854 2049 ConStau-

1073 2066 1106 2092 tis
1123 2066 1215 2094 fratris
1242 2074 1319 2100 nece,
1342 2068 1520 2094 Athanasium
1534 2068 1617 2095 fidere
1641 2067 1724 2101 jubet,
1745 2075 1794 2093 nec
1809 2067 1856 2093 ad-

1074 2112 1256 2140 versariorum
1274 2113 1499 2141 machinamentis
1519 2114 1674 2149 perterreri,
1698 2114 1744 2140 sed
1774 2121 1856 2146 popu-

1073 2157 1126 2184 lum
1141 2158 1253 2185 edocere
1268 2165 1359 2186 veram
1373 2159 1501 2193 pietatem
1512 2167 1544 2186 ac
1558 2159 1725 2194 religionem,
1743 2159 1812 2186 velle
1828 2167 1855 2185 se

235 2211 373 2246 Stephano
387 2212 525 2246 magistro,
542 2211 648 2237 Asterio
662 2209 774 2240 comite,
795 2207 916 2234 Palladio
930 2206 1018 2240 palatii
1036 2207 1057 2235 1)
1073 2210 1103 2229 ac
1117 2208 1262 2237 peroptare
1276 2207 1305 2230 ut
1324 2203 1351 2230 in
1366 2203 1431 2230 sede
1441 2204 1621 2230 Alexandrina
1645 2204 1856 2238 imperturbatus

235 2259 375 2293 magistro,
388 2259 432 2292 qui
452 2258 534 2284 atubo
554 2257 628 2283 missi
646 2256 764 2288 fuerant,
782 2259 810 2281 ut
825 2261 886 2280 mox
902 2253 1018 2283 dicetur.

233 2312 250 2331 a
267 2303 441 2336 Constantio;
456 2303 590 2330 Antiocho
606 2307 634 2329 et
646 2302 762 2336 Evagrio
782 2300 924 2336 agentibus
937 2299 962 2325 in
979 2307 1020 2326 re-

233 2350 295 2383 bus,
313 2351 394 2378 hasce
406 2350 540 2384 supplices
556 2349 697 2376 emittebat
715 2355 815 2374 voces:
843 2345 952 2372 Oremus
973 2353 1020 2378 pro

234 2396 320 2422 salute
329 2395 441 2429 piissimi
455 2395 568 2428 Augusti
589 2393 750 2420 Constantii.
778 2391 948 2426 Populusque
967 2397 1019 2416 una

234 2448 301 2468 voce
310 2441 400 2468 statim
411 2440 568 2467 acclatnavit
578 2449 584 2466 ;
594 2439 705 2471 Christe,
714 2438 845 2464 auxiliare
854 2436 1018 2463 Constantio.

236 2486 269 2513 Et
284 2487 341 2514 haec
353 2488 488 2521 precamlo
504 2485 659 2521 aliquandiu
672 2484 864 2519 perseVeravit.

273 2531 299 2558 ι.
320 2531 417 2558 Ariani
431 2531 543 2557 crimina
562 2531 740 2564 redintegrant
758 2529 784 2555 in
799 2529 1020 2555 Athanasium.—

237 2576 395 2604 Coustantis
411 2583 482 2603 ntetu
499 2582 526 2603 et
541 2576 703 2603 auctoritate
729 2574 863 2609 perterriti
879 2573 1019 2600 Athanasii

238 2623 396 2654 adversarii,
421 2623 487 2649 ttiltil
501 2623 557 2649 ausi
577 2626 651 2654 sntit,
679 2621 725 2647 illo
745 2619 900 2654 superstite,
919 2620 945 2646 in
961 2626 1021 2644 san-

239 2671 311 2692 ctum
327 2666 468 2701 prtesulem
495 2673 604 2693 tuovere
630 2665 675 2700 (ς).
705 2664 768 2698 Ejus
788 2667 876 2690 autem
897 2661 1021 2696 evulgata

275 2754 313 2790 (η)
327 2756 426 2782 Athan.
446 2754 523 2790 Apol.
542 2754 575 2780 ad
591 2753 737 2790 conﬂatm,
757 2762 771 2780 ιι
800 2754 826 2780 6.

275 2788 322 2825 (ὅ)
342 2791 455 2820 Victor.,
472 2789 597 2823 Eutrop,
613 2788 714 2815 Zosim.

279 2823 317 2859 ir)
329 2826 436 2859 Apolog.
450 2830 539 2859 contra
552 2825 633 2851 Aritm
649 2843 656 2856 ,
670 2826 718 2852 sub
733 2823 850 2852 initium.

277 2861 316 2894 (ά)
330 2860 387 2888 Lib.
404 2867 431 2892 tt,
441 2865 499 2892 cap.
517 2858 561 2885 20.

1072 2256 1178 2283 semper
1191 2249 1331 2276 consistat.
1350 2249 1438 2277 [fasce
1452 2249 1555 2277 litteras
1576 2250 1741 2277 Athanasius
1756 2257 1804 2276 ceu
1818 2250 1857 2276 in-

1073 2294 1165 2320 ducias
1185 2294 1259 2327 belli,
1283 2294 1355 2321 hattd
1378 2295 1414 2322 ita
1427 2296 1510 2322 tuulto
1531 2300 1590 2330 post
1609 2294 1702 2327 futuri,
1720 2295 1856 2330 accepisse

1074 2338 1197 2364 videtur:
1216 2347 1269 2365 tton
1287 2339 1408 2373 ignarum
1436 2340 1535 2374 quippe
1561 2339 1644 2366 fuisse
1667 2340 1832 2366 arbitramur
1848 2360 1855 2372 ,

1073 2389 1263 2418 exasperatum
1282 2385 1432 2412 Constantii
1452 2386 1571 2412 animum
1586 2385 1711 2412 simulato
1729 2385 1857 2412 beneficio

1073 2430 1212 2457 occultari.

1111 2475 1138 2502 6.
1161 2474 1283 2502 Vetranio
1301 2476 1451 2502 abdicatus.
1467 2475 1687 2503 -—-Constantius
1701 2483 1781 2510 porro
1797 2483 1855 2502 cum

1075 2522 1167 2555 grandi
1184 2522 1280 2549 itinere
1307 2522 1453 2557 multisque
1475 2523 1626 2558 peragratis
1649 2522 1802 2549 nationibus
1831 2522 1855 2548 in

1076 2567 1183 2594 Daciam
1200 2569 1380 2604 pervenisset,
1401 2568 1587 2596 Vetranionem
1600 2576 1743 2596 numeroso
1758 2569 1856 2595 instru-

1074 2618 1146 2640 ctutu
1163 2615 1285 2642 exercitu
1300 2615 1412 2643 offendit
1427 2615 1462 2650 (Ι)
1476 2623 1483 2648 ;
1502 2620 1681 2649 eventumque
1703 2622 1797 2649 pugnte
1814 2622 1856 2640 re-

1078 2658 1242 2693 formidans,
1259 2665 1288 2687 ut
1306 2666 1364 2688 astu
1378 2661 1536 2693 declinaret,
1557 2661 1589 2688 de
1606 2660 1680 2694 paris
1693 2659 1856 2687 conditioni—

1110 2751 1145 2786 (ρ)
1158 2752 1267 2787 Apolog.
1281 2753 1314 2780 ad
1332 2752 1525 2784 Constantium,
1555 2760 1582 2779 ιι.
1598 2750 1643 2783 ‘2‘2,
1660 2750 1712 2784 25;
1738 2749 1855 2776 Historia

1074 2790 1107 2814 ad
1121 2789 1270 2820 monac/tos,
1287 2796 1313 2814 ιι.
1329 2788 1373 2814 24.

1110 2822 1143 2883 (ρ
1161 2822 1266 2850 Socrat.
1282 2823 1328 2850 lib.
1344 2830 1374 2858 tt,
1393 2831 1452 2858 cap.
1468 2823 1524 2857 28;
1543 2822 1654 2850 Sozam.
1672 2820 1718 2847 lib.
1744 2827 1778 2851 tv,
1794 2825 1854 2851 cap.

1144 2859 1223 2883 osim.
1239 2858 1284 2883 lib.
1300 2866 1328 2883 ιι.

1073 2859 1106 2892 ι;
1123 2858 1223 2887 Zosim.
1239 2858 1284 2886 lib.
1300 2866 1328 2885 ll.
