2016 3046
787 158 868 185 VITA
887 159 915 186 S.
937 157 1130 186 ATHANASH.

1693 168 1758 188 CXII!

135 223 186 251 bus
198 227 277 257 agere
290 219 358 247 velle
375 218 494 246 simulat.
511 217 579 245 Tum
601 217 645 244 ubi
661 223 744 244 senex
770 217 829 250 ille,
848 217 922 244 Con-
936 220 960 248 Α
975 217 1037 250 tius,
1055 217 1100 251 qui
1122 217 1178 250 jam
1201 215 1312 244 nimium
1337 217 1364 244 in
1384 217 1500 245 Arianas
1517 225 1560 246 res
1583 217 1673 246 animo
1697 226 1762 254 prn~

135 267 229 295 stantii
244 269 303 292 arte
318 264 438 296 delusus,
455 263 480 289 in
509 266 683 297 conspectum
701 261 760 296 ejus
786 263 922 293 venisset.

135 315 162 340 in
175 317 330 347 suggestum
345 310 426 337 ambo
439 309 636 339 conscendunt,
661 308 925 335 circumsistentibus

136 360 255 394 undique
267 357 410 385 militibus.
425 354 601 383 Constantius
615 359 723 386 autent,
747 355 792 389 qui
817 355 923 381 occulta

135 406 278 442 largitione
290 405 406 431 militum
421 403 472 429 sibi
487 401 592 428 animos
611 401 781 434 devituerat,
803 401 924 436 pluribus

137 457 348 479 commemorare
376 447 547 476 Canstantini
571 447 702 474 beneﬁcia
717 467 725 479 ,
751 451 923 474 sacramenta

137 498 252 525 militum
265 497 299 524 ob
313 495 408 523 oculos
422 501 535 529 ponere,
551 502 608 520 rem
638 494 777 527 indignam
807 493 902 520 dicens
915 514 922 526 ,

141 551 282 581 tyrannum
292 551 361 571 caeso
369 541 541 569 Constantini
554 541 609 568 lilio
621 541 763 575 imperium
780 540 922 567 invasisse.

140 591 209 618 'l‘mn
227 591 325 617 milites
340 597 394 616 uno
406 596 455 616 ore
471 589 600 620 clamare,
619 587 726 614 nonnisi
751 587 923 614 Constantini

141 636 197 663 ﬁlio
212 635 384 662 deferendum
402 634 543 668 itnperium
556 641 626 664 eSse,
643 633 729 668 ipsum
746 633 830 659 solum
847 633 925 658 inau-

139 682 229 717 gurari
247 687 382 716 oportere.
399 680 526 707 Vetranio
543 684 632 706 autem
646 684 720 706 tanta
737 686 826 705 rerum
847 677 924 704 ineli-

139 729 248 756 natione
259 727 430 762 pertcrritus,
448 727 570 760 protinus
601 733 633 752 ex
658 730 784 760 suggestu
813 725 925 751 descen-

137 775 214 806 dens,
229 774 346 808 insignia
358 773 462 807 imperii
478 772 510 798 ad
527 772 607 807 pedes
620 771 772 798 Constantii
788 770 923 804 depOSuit;

138 828 218 855 quem
236 820 440 854 perhumaniter
472 818 646 845 Constantius
676 822 818 850 exceptura
833 836 839 847 ,
859 816 926 842 Pru-

138 867 262 900 siamqne
291 866 317 892 in
345 864 467 898 Bithynia
489 863 612 894 missum,
634 862 759 888 omnibus
775 862 808 887 ad
826 862 924 888 victum

141 913 338 946 honestumque
352 911 452 938 cultum
483 910 645 937 necessariis
671 908 810 936 instruxit.
834 907 923 934 Senex

139 966 206 985 vero
226 957 276 992 piis
291 958 352 984 hinc
366 957 492 992 operibus
509 957 626 988 deditus,
643 956 777 992 reliquum
794 955 855 981 vitre
871 961 926 980 sua:

139 990 246 1038 tempus
274 1003 355 1037 probo
385 990 412 1030 et
440 1007 469 1030 ut
494 990 685 1030 Christianum‘
696 1001 806 1027 decebat
825 1001 922 1034 exegit.

137 1050 256 1085 Contigit
273 1049 444 1076 Vetranionis
461 1049 597 1076 abdicatio
610 1055 680 1074 anno
694 1046 798 1074 Domini
808 1045 870 1078 350,
883 1045 928 1072 die

139 1096 269 1124 vicesima
281 1096 376 1130 quinta
393 1094 557 1122 Decembris.

175 1142 250 1169 Auno
271 1141 334 1168 35f.
348 1155 383 1160 —
393 1140 418 1167 l.
436 1138 587 1166 Sirmieuris
602 1137 717 1172 synodus
736 1135 864 1163 Photinus
879 1135 928 1162 ab-

139 1188 243 1223 legatur
268 1188 295 1214 in
321 1187 456 1214 exsilium.
473 1201 508 1206 —
521 1186 599 1212 Anno
627 1189 758 1218 sequente
776 1183 929 1209 celebratur

140 1233 259 1260 secunda
281 1232 437 1260 Sirmiensis
461 1232 580 1266 synodus
612 1231 745 1256 adversus
770 1227 927 1258 Photiuum,

140 1283 266 1306 versante
280 1283 335 1305 tum
364 1277 456 1305 Sirmii
485 1276 644 1304 Constantio
663 1274 713 1310 (α).
742 1274 792 1307 Qui
817 1274 930 1300 aderant

139 1324 273 1359 episcopi,
299 1323 416 1350 maxima
437 1330 499 1357 pars
513 1321 666 1350 Orientales
685 1325 773 1347 erant.
799 1318 929 1346 Photinus

142 1378 236 1406 porro,
249 1377 310 1397 cum
337 1369 474 1396 obstinato
501 1368 592 1394 animo
618 1368 652 1393 ad
675 1371 826 1392 extremum
845 1371 930 1398 usque

141 1423 251 1443 errores
268 1419 454 1451 propugnaret
471 1421 545 1446 suos,
572 1414 662 1447 impia:
688 1412 821 1439 doctrinae
848 1418 929 1438 causa

141 1463 290 1490 damnatus
304 1462 497 1497 depositusque
512 1460 573 1487 fuit.
586 1459 645 1493 Quo
661 1464 782 1494 peracto,
799 1458 879 1484 aliam
900 1458 930 1485 fl-

141 1509 184 1536 dei
197 1508 341 1535 formulam
355 1508 468 1542 adjectis
481 1507 681 1540 duodetriginta
698 1504 931 1532 anathetnatismis

975 265 1130 298 pendebat,
1156 268 1228 290 totus
1255 264 1363 291 demttm
1391 266 1425 292 ad
1456 265 1644 292 haereticorum
1669 271 1761 300 partes

974 310 1127 336 accederet.
1147 309 1222 342 Quod
1237 317 1289 344 qua
1305 311 1411 338 ratione
1425 316 1530 345 gestant
1547 312 1596 344 sit,
1613 312 1648 339 ita
1667 318 1761 340 narrat

976 355 1108 390 Sulpitius
1126 355 1242 382 Severus
1261 364 1267 382 :
1292 365 1302 381 ι
1317 355 1393 382 Nacti
1411 364 1475 391 ergo
1498 357 1590 384 Ariani
1608 357 1760 386 istiusmodi

974 402 1155 434 occasionem.
1173 402 1332 436 conspirant
1357 403 1464 437 penitus
1483 402 1651 431 Sardicensis
1666 404 1761 440 synodi

975 450 1085 477 decreta
1102 449 1272 477 subvertere.
1290 449 1396 476 Etenim
1412 450 1451 476 eis
1471 450 1546 476 color
1557 450 1668 485 quidam
1695 457 1762 484 sup-

976 501 1070 530 petere
1102 495 1263 523 videbatur:
1295 496 1367 530 quod
1387 501 1440 522 Iam
1462 496 1560 530 injuste
1586 495 1683 523 fuisset
1712 504 1762 529 pro

974 541 1127 568 Athanasio
1139 540 1300 575 judicatutn,
1320 549 1401 576 quam
1419 542 1560 568 Marcellus
1576 542 1664 569 fuerat
1681 543 1763 570 abso-

975 588 1057 621 lutus,
1078 588 1125 622 qui
1147 596 1218 614 nttne
1236 589 1320 614 etiam
1335 588 1478 614 Athanasii
1502 588 1603 622 judicio
1618 589 1762 616 haereticus

975 641 1035 661 esse
1047 635 1218 668 probaretur.
1234 633 1356 667 Namque
1379 633 1523 660 Marcellus
1536 634 1694 661 Sabelliaua:
1711 635 1763 661 ha:-

975 681 1044 708 resis
1056 685 1182 708 assertor
1195 681 1337 708 exstiterat
1350 688 1356 706 :
1373 679 1503 706 Photinus
1516 687 1580 706 \ero
1595 687 1690 706 novam
1706 680 1762 707 ha:-

976 728 1058 754 resim
1071 726 1126 761 jam
1158 732 1219 754 autc
1242 727 1402 761 protulerat,
1421 734 1435 752 a
1464 725 1584 753 Sabellio
1610 726 1717 760 quidem
1736 726 1762 753 in

976 774 1075 800 unione
1097 774 1278 804 dissentiens;
1309 773 1355 800 sed
1375 773 1480 799 initium
1498 772 1598 799 Citriin
1624 780 1656 800 ex
1677 772 1763 801 Marii:

975 819 1250 855 prmdicabathitur
1278 819 1372 846 Ariani
1387 824 1477 846 astuto
1504 819 1620 846 consilio
1648 820 1763 846 miscent

977 866 1117 893 innoxium
1142 866 1298 893 critnitmsis
1324 865 1582 899 damnationemque
1602 865 1710 893 Photini
1736 872 1764 894 et

976 913 1130 939 Mareeltiet
1153 911 1297 938 Athanasii
1320 913 1414 938 eadem
1435 912 1569 938 sententia
1587 912 1765 944 comprehen-

975 959 1055 986 dunt:
1074 959 1136 985 illud
1153 959 1280 985 nitnirum
1291 957 1360 992 apud
1375 958 1566 992 itttpcratorttttt
1580 959 1684 985 animos
1695 967 1764 992 pra:-

975 1010 1120 1035 struenles,
1138 1010 1166 1031 ut
1185 1012 1236 1032 non
1247 1009 1410 1038 putarentur
1420 1005 1452 1030 de
1465 1005 1614 1031 Athanasio
1622 1013 1764 1039 perperam

973 1050 1118 1084 iudicasse,
1134 1058 1179 1084 qtn
1193 1050 1227 1076 de
1238 1049 1360 1075 \Iat-cello
1368 1054 1395 1077 et
1406 1049 1519 1076 Photiuo
1531 1056 1594 1075 vera
1606 1050 1763 1077 sensissent.

977 1096 1169 1123 Verumtumrn
1189 1103 1221 1122 ea
1233 1099 1393 1130 tempestate
1415 1095 1507 1121 Ariani
1527 1094 1664 1128 perfidiam
1687 1102 1764 1122 suam

976 1142 1164 1175 occultabant,
1190 1143 1319 1173 nouansi
1346 1141 1432 1176 palam
1457 1141 1559 1168 erroris
1577 1141 1618 1168 sui
1639 1141 1765 1176 dogmata

977 1189 1143 1224 praedicare;
1168 1187 1317 1215 catholicos
1333 1195 1361 1214 se
1375 1187 1515 1221 gerebant,
1534 1188 1599 1214 nihil
1618 1190 1668 1216 sibi
1688 1189 1763 1223 prius

979 1237 1110 1270 agemlntn
1129 1236 1192 1268 rati,
1212 1243 1292 1269 quam
1319 1239 1348 1261 ut
1362 1234 1540 1261 Athanasium
1557 1234 1684 1263 Ecclesia:
1701 1236 1766 1262 sub-

978 1286 1128 1313 moverent,
1151 1282 1195 1316 qui
1221 1287 1329 1315 semper
1347 1281 1387 1307 eis
1414 1280 1488 1307 velut
1503 1288 1595 1307 murus
1612 1282 1764 1314 obstiterat,

979 1335 1031 1362 quo
1050 1332 1154 1354 remoto
1174 1326 1292 1361 reliquos
1316 1327 1341 1353 in
1367 1326 1503 1353 libidinem
1535 1333 1611 1353 suam
1640 1334 1766 1354 cessuros

979 1373 1132 1406 sperabant.
1161 1371 1214 1398 Sed
1246 1378 1308 1406 pars
1337 1371 1543 1405 episcoporum,
1575 1379 1634 1404 qua;
1670 1372 1764 1398 Arium

979 1419 1152 1455 sequi-batur,
1175 1419 1376 1445 damnationem
1410 1418 1549 1444 Athanasii
1577 1418 1696 1451 cupitam
1722 1426 1768 1445 ac-

980 1466 1062 1500 cepit,
1088 1472 1151 1499 pars
1169 1464 1255 1490 coacti
1281 1467 1352 1489 metu
1368 1468 1396 1490 et
1411 1461 1528 1489 lactione
1549 1462 1575 1489 in
1592 1464 1678 1489 studia
1702 1471 1765 1497 par-

981 1511 1047 1537 tium
1072 1513 1273 1537 concesserant.
1300 1508 1392 1542 Pauci,
1418 1508 1514 1542 quibus
1534 1509 1600 1535 fides
1631 1510 1711 1536 cltara
1740 1513 1768 1536 et

143 1556 288 1584 ediderunt
302 1554 462 1585 Orientales,
475 1561 554 1588 quam
571 1552 746 1579 transmisere
761 1551 838 1578 nobis
848 1551 931 1578 Atha-
945 1566 965 1593 ε
983 1557 1083 1584 veritas
1101 1557 1189 1591 potior
1207 1561 1276 1586 erat,
1290 1555 1418 1590 injustam
1435 1555 1567 1589 judicium
1591 1563 1644 1581 non
1658 1563 1769 1589 recepe-

144 1602 237 1629 nasius
253 1606 279 1628 et
293 1600 411 1628 llilarius
426 1599 473 1635 (b).
488 1599 515 1626 III
526 1607 558 1626 ea
575 1597 680 1625 tametsi
700 1597 768 1624 nihil
792 1602 930 1632 rounparct

144 1650 178 1675 ab
193 1647 378 1675 ecclesiastica
397 1647 448 1673 fide
467 1646 613 1677 absonum,
639 1645 665 1673 id
686 1645 865 1678 suspiciosum
891 1650 930 1671 ta-

144 1702 206 1721 men
221 1699 264 1720 est
275 1693 345 1728 quod
359 1691 406 1718 τοῦ
421 1691 564 1726 egeo-acleo
581 1699 677 1718 nomen
692 1695 806 1722 tacetur,
823 1698 871 1717 nec
883 1697 931 1717 εκ.

144 1734 263 1767 chfditnr
275 1739 409 1765 haereseos
431 1744 576 1764 venenum.
608 1736 723 1763 Photino
752 1735 843 1762 oblata
870 1735 930 1762 tidei

114 1784 117 1786 ’
145 1784 261 1812 formula
276 1788 327 1815 est,
337 1788 375 1814 nt,
389 1783 410 1810 si
425 1791 485 1809 eam
504 1782 583 1809 vellet
596 1781 797 1816 subscriptione
811 1789 858 1807 sua
874 1789 932 1807 mu-

146 1831 215 1863 nire,
232 1829 344 1864 integris
359 1829 440 1856 rebus
455 1835 532 1855 suam
548 1832 682 1862 repeteret
697 1827 801 1854 sedem.
815 1826 932 1861 Respuit

147 1876 190 1903 ille
207 1875 412 1907 conditionem,
440 1873 588 1908 adiensque
616 1873 818 1904 Constantium,
840 1879 869 1899 se
887 1872 933 1899 im-

147 1927 296 1949 merentem
310 1921 402 1947 vexari
416 1925 442 1946 et
455 1920 575 1946 abdicari
589 1920 772 1953 querebatur;
804 1918 826 1944 si
855 1918 931 1952 copia

149 1968 219 1995 foret
243 1967 295 1994 sibi
321 1965 513 2000 congrediendi
533 1973 594 1992 cum
616 1964 791 1996 adversariis,
809 1971 841 1990 ex
859 1963 933 1990 Scri-

149 2019 288 2049 pturarum
303 2021 333 2040 se
344 2012 506 2040 testimoniis
521 2010 682 2038 sententiam
695 2017 773 2037 suam
788 2011 931 2037 confirma-

151 2065 250 2087 turutn.
273 2058 450 2086 Constantius
477 2062 568 2083 autem
598 2055 707 2083 Photini
737 2056 933 2090 conquestione

151 2110 300 2141 permotus,
314 2109 420 2138 septem
441 2102 539 2129 aulicis
560 2101 719 2136 designatis,
743 2101 819 2135 jubet
842 2110 933 2129 coram

152 2151 216 2185 ipsis
231 2151 291 2178 iniri
306 2149 533 2178 controversiam.
558 2148 717 2182 Quanquam
740 2149 826 2183 turpis
841 2149 935 2176 condi-

154 2197 201 2229 tio,
218 2197 281 2232 quia
298 2201 387 2223 tamen
406 2195 431 2221 id
448 2195 603 2229 imperatori
621 2194 646 2220 in
660 2195 762 2228 optatis
779 2200 849 2226 erat,
863 2195 927 2222 deli-

982 1608 1061 1636 runt;
1079 1603 1150 1630 inter
1171 1609 1241 1637 quos
1259 1601 1388 1629 Paulinus
1412 1603 1554 1636 epist-opus
1575 1601 1766 1633 Treverorum,

981 1649 1069 1676 oldata
1087 1649 1136 1676 sibi
1152 1648 1264 1682 epistola
1283 1649 1319 1674 ita
1342 1648 1537 1680 subscripsisse
1554 1647 1680 1680 traditur,
1698 1655 1726 1674 se
1741 1648 1766 1674 in

983 1692 1088 1720 Pltotini
1108 1697 1188 1727 atque
1206 1692 1322 1720 Marcelli
1343 1693 1542 1719 damnationem
1568 1694 1688 1726 praebere
1703 1700 1769 1719 con-

983 1746 1103 1770 sensum,
1117 1740 1149 1766 de
1163 1739 1313 1766 Athanasio
1329 1746 1380 1765 non
1393 1737 1598 1772 praebere.Tum
1612 1746 1676 1764 vero
1689 1739 1767 1765 Aria-

983 1786 1022 1816 ni.
1049 1786 1092 1812 ubi
1116 1785 1168 1812 doli
1200 1793 1294 1820 parum
1315 1789 1513 1819 processerant,
1529 1784 1554 1810 vi
1579 1792 1660 1819 agere
1674 1785 1770 1812 decer-

983 1835 1061 1857 nttnt.
1077 1830 1197 1864 Namque
1215 1829 1351 1862 quodlibet.
1368 1830 1467 1856 audere
1487 1834 1567 1864 atque
1589 1837 1668 1864 agerc
1691 1830 1770 1857 facile

983 1881 1050 1908 erat,
1080 1877 1152 1911 regis
1178 1876 1298 1903 amicitia
1324 1875 1462 1907 subnixis,
1487 1883 1567 1910 quem
1597 1876 1648 1902 sibi
1679 1876 1770 1910 pravis

984 1923 1182 1950 adulationibus
1210 1923 1410 1950 devinxerant:
1429 1922 1576 1956 quinetiam
1603 1929 1636 1948 ex
1657 1929 1772 1949 consen-

984 1971 1060 1997 sione
1081 1969 1224 1996 tnultorum
1242 1968 1465 2003 inexpugnabiles
1477 1972 1565 1994 erant.
1587 1967 1653 1994 Natu
1674 1975 1771 1994 omnes

985 2015 1041 2042 fere
1073 2015 1187 2042 duarum
1223 2014 1425 2042 Pannoniarum
1462 2013 1603 2048 episcopi,
1641 2014 1772 2048 multique

985 2060 1161 2088 Orientalium
1186 2068 1217 2087 ac
1238 2066 1291 2087 tota
1315 2061 1376 2087 Asia
1402 2059 1427 2086 in
1442 2060 1554 2093 perfidia
1569 2067 1661 2086 eorum
1679 2059 1773 2092 conju-

986 2111 1121 2133 raverant.
1145 2106 1198 2132 Sed
1224 2105 1359 2140 principes
1381 2105 1443 2132 mali
1468 2106 1546 2132 istius
1569 2105 1735 2132 habebantur
1757 2113 1771 2132 a

986 2152 1137 2186 Singiduno
1158 2151 1297 2184 Ursacius,
1317 2151 1415 2178 Valens
1436 2158 1451 2178 a
1473 2150 1574 2184 Marsa,
1593 2152 1626 2177 ab
1647 2149 1771 2177 Heraclia

987 2196 1156 2230 Theodorus,
1189 2197 1344 2231 Stephanus
1376 2196 1573 2229 Antiocheuus,
1609 2196 1724 2222 Aeacius
1756 2204 1772 2222 a

151 2243 225 2278 gitur
239 2249 255 2269 ί
269 2242 373 2276 synodo
386 2241 500 2267 Basilius
525 2239 695 2274 Ancyranus,
711 2239 756 2274 qui
784 2240 929 2267 Photinum

987 2243 1121 2277 Casarea,
1137 2243 1316 2277 .‘ilenophanI-s
1332 2242 1365 2268 ah
1383 2242 1498 2276 Epheso,
1516 2241 1649 2276 Georgius
1666 2249 1680 2268 a
1700 2239 1773 2268 Lao-

152 2289 210 2323 ipso
236 2292 367 2322 praesente
380 2287 538 2314 Constantio
556 2286 716 2317 confutavit,
737 2291 818 2320 atque
831 2294 864 2313 ex
890 2293 935 2313 sa-

152 2335 207 2362 cris
218 2333 368 2368 Scripturis
382 2333 504 2368 coarguit
522 2333 677 2360 hzereticum
689 2339 760 2360 esse.
776 2331 824 2359 llic
838 2333 934 2359 deinde

152 2380 180 2407 in
195 2379 318 2407 exsilium
334 2380 501 2413 deportatus,
519 2379 612 2405 multis
626 2382 688 2412 post
702 2378 780 2404 annis
795 2378 821 2404 in
838 2378 935 2413 impie-

153 2431 209 2452 tate
221 2424 413 2459 perseveravil.
428 2424 460 2451 Et
473 2425 534 2458 quia
554 2425 634 2450 rebus
657 2423 713 2450 suis
729 2422 856 2458 augendis
867 2427 936 2450 stre-

153 2478 206 2498 nue
215 2470 306 2498 Ariani
316 2470 500 2504 iuvigilabant,
511 2469 676 2496 Germinium
686 2469 827 2502 quemdam
837 2476 890 2495 5th
899 2467 938 2494 fa-

154 2517 252 2545 ctionis
261 2518 393 2543 hominem
404 2521 533 2543 curarunt
544 2516 569 2542 in
581 2515 687 2542 Photini
703 2515 790 2542 locum
804 2515 935 2549 cooptari.

189 2562 217 2590 2.
234 2562 354 2589 Mursina
370 2563 444 2588 clade
459 2561 552 2588 accitur
566 2569 606 2588 res
618 2561 774 2595 Maguenlii.
787 2575 823 2581 -—
837 2560 937 2588 Eodem

156 2615 237 2639 anno,
250 2607 396 2634 commisso
410 2606 443 2633 ad
469 2605 589 2634 Mursam
619 2606 722 2641 praelio,
750 2605 796 2632 diu
825 2606 936 2640 ancipiti

157 2659 243 2680 marte
256 2658 402 2688 pugnatum
417 2657 468 2680 est.
482 2653 575 2680 Victus
590 2653 699 2680 demum
721 2652 892 2687 Magnentius
909 2653 934 2679 in

157 2700 260 2727 Italiam
275 2707 306 2727 se
321 2700 433 2734 recepit,
446 2704 475 2726 ut
490 2706 540 2734 pro
552 2698 679 2726 facultate
692 2699 786 2733 copias
801 2699 939 2726 instaura-

159 2750 207 2772 ret.
223 2746 328 2774 Accidit
341 2752 441 2779 autem,
459 2750 489 2773 ut
504 2752 625 2780 tempore
638 2751 744 2780 pugnze,
761 2745 824 2772 dolo
848 2752 881 2771 ac
901 2744 939 2773 si-

158 2791 303 2819 mulatione
322 2791 441 2819 Valentis
458 2791 515 2826 ejus
528 2791 646 2818 civitatis
658 2791 790 2826 episcopi,
802 2790 937 2820 Coastan—

193 2892 232 2928 (a)
251 2891 358 2920 Soerat.
370 2891 417 2920 lib.
432 2899 462 2924 ιι,
475 2898 534 2926 cap.
547 2891 602 2926 20;
619 2890 727 2920 Sozom.
741 2891 787 2918 lib.
803 2899 838 2924 tv,
850 2898 910 2926 cap.
920 2890 946 2918 8.

987 2286 1072 2321 dicea',
1090 2289 1232 2316 Narcissus
1248 2296 1262 2315 a
1284 2288 1420 2322 Neropoli.
1445 2287 1476 2314 lli
1495 2288 1531 2314 ita
1551 2287 1678 2321 palatium
1692 2294 1774 2314 ooeu-
1794 2319 1797 2325 _

989 2339 1128 2370 paveranl,
1145 2341 1175 2362 ut
1193 2335 1258 2361 nihil
1278 2335 1338 2361 sine
1352 2342 1444 2361 eorum
1459 2339 1524 2361 ntltu
1548 2339 1640 2369 ageret
1657 2334 1774 2368 impera-

990 2387 1050 2408 tor:
1069 2382 1202 2407 obnoxius
1224 2380 1333 2415 quidem
1353 2380 1491 2413 erunibus,
1505 2380 1551 2407 sed
1567 2380 1702 2414 praecipue
1721 2378 1773 2406 Va-

990 2426 1056 2454 lenti
1074 2427 1190 2454 deditus.
1212 2425 1277 2452 Nam
1294 2433 1326 2453 eo
1344 2430 1474 2460 tempore,
1494 2433 1547 2460 quo
1566 2426 1635 2460 apud
1657 2426 1772 2452 Mnrsam

991 2478 1085 2500 contra
1113 2471 1295 2506 Magnentium
1319 2472 1403 2499 armis
1425 2476 1570 2502 certatum,
1600 2471 1775 2498 Constantius

991 2517 1154 2546 descendere
1187 2517 1213 2544 in
1241 2521 1415 2552 conspectum
1438 2524 1534 2551 pugna:
1555 2524 1609 2543 non
1631 2524 1724 2548 ausus,
1747 2517 1774 2543 in

991 2563 1101 2590 basilica
1129 2562 1277 2598 Martyrum
1306 2568 1384 2590 extra
1420 2563 1546 2597 oppidum
1575 2563 1638 2594 sita,
1664 2562 1776 2590 Valente

992 2613 1048 2635 tum
1061 2608 1118 2642 ejus
1135 2609 1186 2636 loci
1199 2609 1324 2643 episcopo
1342 2609 1367 2635 in
1381 2609 1509 2636 solatium
1522 2613 1672 2643 assumpto,
1686 2609 1775 2636 diver~
1805 2620 1809 2642 ι

991 2660 1065 2681 satus
1079 2659 1131 2682 est.
1146 2654 1280 2682 Cancrum
1294 2655 1394 2682 Valens
1417 2654 1514 2682 callide
1531 2663 1578 2689 per
1600 2662 1664 2682 suos
1684 2655 1776 2689 dispo-

992 2705 1092 2730 suerat.
1116 2705 1146 2727 ut
1167 2702 1227 2735 quis
1248 2701 1334 2735 praelii
1349 2700 1445 2728 fuisset
1462 2705 1586 2732 eventus.
1601 2702 1704 2735 primus
1729 2707 1776 2727 co-

991 2750 1134 2780 gnosceret
1152 2755 1159 2773 :
1177 2745 1219 2773 vel
1236 2745 1350 2780 gratiam
1370 2746 1443 2779 regis
1465 2750 1587 2779 captans,
1604 2745 1627 2773 si
1644 2747 1718 2781 prior
1728 2745 1777 2773 bo-

992 2799 1056 2818 num
1074 2791 1197 2818 nuntium
1223 2791 1384 2823 detulisset;
1403 2791 1445 2818 vel
1461 2791 1523 2818 vita:
1541 2792 1697 2832 consulens,
1712 2795 1777 2819 ante

1022 2890 1057 2926 (ὁ)
1071 2890 1201 2919 Athana].
1219 2890 1257 2919 De
1277 2889 1401 2926 agnatis;
1415 2888 1500 2918 Hilar.
1519 2888 1556 2918 De
1571 2889 1688 2926 synodia.
