2016 3046
242 164 304 184 CXIV

937 151 1202 181 PROLEGOMENA.

243 219 371 249 capturus
391 213 508 248 fugiendi
527 212 654 248 spatium,
672 213 695 240 si
719 212 783 247 quid
802 215 896 239 contra
912 211 1028 238 accidis-
1043 214 1065 242 Α
1081 213 1149 238 sium
1171 210 1398 242 Alexandrinum,
1423 215 1450 238 et
1472 210 1600 244 gentilem
1626 211 1683 244 ejus
1701 210 1868 245 Romanum,

243 265 294 287 set.
313 259 406 294 Itaque
422 259 515 294 paucis
531 258 576 292 qui
595 258 667 285 circa
685 264 776 292 regem
797 261 876 284 erant
891 261 962 282 metu
976 261 1030 282 tre-

245 307 324 341 pidis,
341 308 503 341 imperatore
519 306 612 338 anxio,
635 305 738 338 primus
757 304 862 331 nuntiat
881 304 973 330 hostes
990 303 1030 329 fu-

243 360 316 386 gere.
331 353 397 380 Cum
413 352 458 378 ille
482 351 597 378 iudicent
618 351 705 385 ipsum
729 350 871 377 itttroutitti
895 355 1027 383 posceret,

247 398 342 426 Valens
367 403 396 424 ιιι
416 398 592 424 reverentiam
616 398 655 424 sui
683 397 808 429 adderet,
826 396 950 430 angelum
977 395 1028 422 sibi

244 444 326 471 fuisse
341 445 463 470 nuntium
477 444 623 478 respondit.
639 443 737 470 Facilis
752 443 784 470 ad
799 442 964 469 credendum
980 442 1029 468 int-

243 496 357 525 perator,
378 490 464 524 palam
481 495 572 523 postea
596 490 686 517 dicere
700 494 740 516 est
759 489 864 520 solitus,
885 496 914 515 se
934 488 1028 514 Valen-

244 537 278 564 tis
297 537 408 569 nteritis,
428 544 480 563 nott
502 537 602 563 virtute
623 536 772 567 exercitus,
793 536 900 562 vicisse.
918 535 958 561 Ab
978 535 1029 561 hoc

243 582 320 608 initio
338 582 418 608 illecti
438 581 568 616 prittcipis
582 581 703 608 extulere
719 581 824 607 animos
856 580 960 611 Ariani,
981 587 1028 613 po-

243 632 341 654 testate
363 628 432 662 regis
452 628 539 658 usuri,
560 627 604 653 ubi
623 628 783 653 auctoritate
799 633 847 652 sua
873 632 967 660 parum
983 632 1029 650 va-

243 674 366 700 luissent.
383 683 393 699 ι
414 673 475 700 ΙΙςιεε
492 673 624 706 Sulpilius
640 672 780 707 Severus,
797 672 838 698 cui
864 672 890 698 in
907 679 938 698 co
957 670 1028 698 ltaud

243 720 359 746 libi-nter
383 719 570 752 astipulantur,
587 719 656 752 quod
680 718 717 744 ait
736 717 892 744 Marcellum
907 724 939 743 eo
959 721 1026 743 tetu-

243 774 309 801 pore
333 766 452 792 haeretici
479 764 538 791 loco
566 765 687 791 ltabitunt
707 765 741 791 ab
755 764 916 794 Athanasio,
929 763 1027 798 quippe

243 820 303 839 cum
322 813 348 838 itt
373 811 494 837 Historia
513 811 677 838 Arianorum
699 810 736 845 (α)
757 818 827 837 anno
846 810 898 837 358
915 811 947 836 ad
970 817 1027 837 mo-

243 861 346 887 nachos
361 860 453 892 tnissa,
466 860 538 886 inter
551 859 680 894 praesules
692 859 737 893 qui
757 864 836 886 recta:
851 859 911 886 ﬁdei
923 867 955 887 ac
970 861 1026 894 pie-

243 907 307 933 tatis
327 914 407 933 cattsa
421 907 454 933 ab
468 907 575 933 Ariauis
591 906 721 941 exagitati
737 907 881 941 vexatique
896 907 1024 940 fuissent,

241 958 434 980 annunteretttr
450 952 601 979 Marcellus.

276 1000 351 1026 Anno
365 998 427 1025 ⁵552.
439 1013 473 1017 -
487 999 511 1025 1.
529 998 635 1024 Librum
647 999 739 1024 scribit
752 998 913 1026 Athanasius
927 1000 958 1026 de
973 999 1026 1027 Ni-

241 1044 320 1070 ca'nis
337 1044 457 1075 decretis,
471 1047 494 1069 et
510 1043 541 1069 de
560 1043 685 1069 sententia
702 1043 876 1078 Dionysii.—
891 1045 945 1071 Etsi
963 1053 1026 1073 vero

240 1091 331 1117 omnia
347 1089 380 1116 ad
399 1089 544 1124 perniciem
560 1089 711 1116 Athanasio
728 1089 895 1116 inferendam
918 1097 1024 1125 parata,

239 1137 426 1170 Arianuntqtte
464 1135 561 1162 hetlum
601 1140 639 1163 tot
666 1136 808 1170 pnesultnn
838 1137 1024 1164 luereticorutn

240 1189 321 1216 opera
336 1189 396 1208 mox
416 1181 626 1216 redintegratum
647 1182 679 1208 iri
694 1181 810 1208 formido
833 1187 901 1215 erat,
919 1182 944 1209 in
959 1191 1025 1217 pace

243 1233 332 1255 tamen
359 1228 532 1254 Alexandria
560 1227 718 1254 versabatur
750 1228 924 1261 Athanasius,
954 1235 1025 1256 verae

242 1274 303 1301 ﬁdei
322 1274 427 1301 tuendae
439 1274 622 1307 augendaaque
637 1273 779 1308 plurimum
792 1273 920 1301 intentus.
936 1273 1025 1309 Popu-

241 1319 283 1347 lus
308 1325 397 1346 autem
427 1318 644 1350 Alexandrinus,
669 1319 755 1346 sancti
782 1319 832 1346 viri
862 1320 973 1347 monitis
996 1325 1024 1347 et

240 1364 534 1399 exentplisiusntuttts,
553 1364 666 1391 florebat
687 1365 797 1399 pietate,
812 1373 876 1392 vera
896 1366 947 1392 fide
966 1374 1023 1393 uto-

241 1418 355 1444 rumque
375 1411 506 1445 probitate
526 1415 648 1438 ornatus.
674 1409 739 1443 Qua:
759 1419 803 1438 res
821 1410 927 1438 Eusebii
945 1412 1023 1439 soda-

241 1455 306 1482 lium
325 1455 450 1482 invidiam
474 1454 667 1482 inﬁamtnabat.
683 1455 834 1489 Qttmritare
855 1456 892 1483 illi
916 1464 1023 1492 semper

240 1501 356 1536 spatium
377 1501 603 1536 occasioncmque
626 1502 778 1534 turbarum,
795 1510 865 1529 nova
884 1504 1022 1530 machina-

241 1554 331 1576 menta
353 1547 534 1578 comminisci.
549 1548 647 1581 quibus
664 1553 765 1573 tantum
781 1548 889 1582 pietatis
903 1550 1020 1576 studium
1037 1567 1060 1599 ϐ

240 1594 464 1622 interturbat-ent.
483 1594 593 1628 Aliquot
618 1599 706 1620 tamen
729 1595 808 1621 annis
830 1595 978 1622 Athanasio
994 1596 1024 1623 li-

239 1641 295 1667 cuit
310 1642 337 1666 itt
351 1647 399 1666 sua
418 1639 530 1666 ecclesia
550 1638 703 1670 considere,
719 1639 805 1666 donec
824 1641 929 1667 scilicet
943 1641 1022 1668 Aria-

241 1693 336 1713 norum
352 1685 438 1717 furor,
455 1692 506 1719 ope
521 1685 660 1719 principis,
673 1692 728 1720 quo
744 1691 897 1720 erumperet
911 1687 1024 1714 haberet

241 1731 339 1760 locum.
357 1731 412 1759 Nec
434 1733 546 1759 deerant
567 1731 667 1758 interea
689 1732 812 1766 quaedam
830 1739 880 1759 ceu
904 1733 1023 1760 velifica-

241 1778 339 1809 tiones,
354 1778 380 1804 in
391 1778 501 1812 diesque
517 1778 719 1805 coittroversias
732 1777 828 1813 agitari
846 1779 936 1805 videre
951 1783 1021 1813 erat,

240 1830 269 1851 ut
290 1825 357 1852 solet
385 1825 443 1852 fieri
462 1832 523 1852 cuttt
548 1825 684 1851 contraria
703 1825 792 1851 studia
821 1825 1021 1852 multitudinem

240 1870 268 1897 in
289 1870 378 1897 Varias
399 1871 554 1897 distrahunt
576 1875 676 1904 partes.
695 1870 760 1897 Erat
775 1875 831 1897 tum
855 1871 965 1905 quidam
989 1879 1022 1899 ex

239 1916 378 1943 Athanasii
407 1916 596 1946 familiaribus,
614 1916 660 1950 qui
679 1916 712 1943 de
734 1917 786 1944 ﬁde
809 1917 936 1952 frequens
960 1926 1022 1946 cum

239 1962 347 1988 Arianis
373 1961 549 1995 disceptabat,
572 1961 723 1995 litterisque
750 1963 876 1989 ntonebat
905 1964 1024 1991 Athana-

240 2008 310 2034 sium
330 2007 393 2041 quid
413 2008 538 2042 utrinque
558 2007 657 2034 dictum
680 2007 846 2043 allatumque
863 2014 947 2041 esset,
969 2018 1022 2044 qua

238 2053 354 2088 quisque
372 2054 476 2080 ratione
497 2054 659 2080 sentetttiatn
677 2060 800 2080 asserere
815 2062 892 2081 suam
917 2060 1023 2090 satage-

240 2104 281 2126 ret
291 2097 340 2134 (ο),
353 2097 381 2124 In
406 2099 522 2132 quadam
537 2105 602 2125 vero
620 2098 811 2132 disputatione,
833 2100 875 2126 cui
901 2101 1021 2127 nonnulli

239 2145 390 2172 intererant
415 2144 523 2171 [Eusebii
552 2144 710 2177 familiares,
735 2153 796 2171 cuttt
823 2144 903 2172 fracti
929 2146 1021 2173 Ariani

239 2191 372 2226 planeque
399 2190 432 2217 ab
455 2190 606 2225 hojusmodi
628 2190 687 2217 viro
708 2191 849 2222 couftttati;
865 2199 898 2218 eo
914 2193 1020 2219 tandem

1083 257 1290 291 Origenentque.
1308 256 1440 283 Memorat
1455 261 1546 283 autem
1561 256 1696 283 fusiorent
1713 259 1865 292 epistolam,

1080 310 1160 337 quain
1176 302 1263 328 eidem
1281 301 1410 328 familiari
1431 302 1620 335 rescripserat,
1634 302 1746 335 jamque
1768 303 1868 337 injuria

1081 352 1232 382 temporum
1262 347 1399 374 amissam.
1425 346 1523 373 Vocem
1544 347 1626 374 etiam
1653 348 1811 384 ἀγέννητον,
1841 350 1867 377 in

1079 393 1156 427 cujus
1178 401 1226 420 usu
1253 392 1382 420 ludebant
1407 392 1512 424 Ariani,
1533 393 1623 427 quoad
1652 395 1744 421 varias
1769 396 1868 429 quibus

1079 440 1165 474 accipi
1181 439 1249 466 solet
1263 438 1478 473 signiﬁcationes
1497 440 1601 466 erudite
1621 440 1758 474 explanat.
1782 441 1867 468 Occa-

1080 486 1166 517 sione,
1183 486 1326 519 utquidem
1341 486 1518 517 aestimamus,
1528 486 1607 518 hujus
1620 485 1754 520 epistolae,
1769 487 1868 515 Ariani

1078 539 1140 559 cum
1163 533 1258 559 eodem
1270 532 1413 559 Athanasii
1428 532 1519 559 amico
1536 533 1689 566 c0ngressi,
1709 533 1864 568 Dionysium

1077 577 1290 604 Alexandrinum
1328 578 1379 605 sibi
1406 585 1515 612 suasque
1540 578 1683 606 sententia
1720 580 1865 614 astipulari

1079 624 1278 651 contendebant
1291 622 1338 658 (c).
1354 623 1386 650 Et
1400 631 1467 651 sane
1488 623 1604 650 Basilius
1619 632 1671 651 tton
1687 625 1804 652 obscure
1824 626 1866 652 in-

1078 669 1149 701 nuit,
1167 669 1255 695 minus
1275 670 1358 702 probe
1378 671 1410 696 de
1427 674 1489 696 ortu
1505 669 1567 696 Filii
1589 670 1637 697 Dei
1659 671 1741 698 verba
1767 671 1865 699 fecisse

1079 713 1249 748 Dionysium.
1264 712 1364 740 Verum
1380 714 1558 747 Athanasius,
1573 716 1635 741 data
1652 716 1748 742 iterum
1763 716 1865 750 episto~

1077 759 1112 791 la,
1126 768 1218 786 sanant
1234 760 1320 787 sancti
1336 760 1386 786 viri
1401 761 1482 787 fuisse
1495 760 1574 788 ﬁdem
1587 763 1745 795 comprobat
1755 769 1788 788 ex
1803 762 1864 789 aliis

1077 806 1197 840 ejusdem
1220 806 1332 840 scriptis
1354 811 1383 833 et
1401 807 1540 841 operibus.
1558 806 1622 840 Quae
1637 815 1689 840 res,
1702 809 1764 842 quia
1779 808 1863 842 pluri-

1078 853 1129 880 bus
1146 852 1201 886 jam
1220 861 1234 879 a
1247 853 1325 880 nobis
1340 857 1508 888 pertracmta
1525 858 1576 882 est.
1591 861 1625 880 ne
1652 854 1773 882 historia:
1794 855 1862 882 ﬁnes

1042 889 1064 916 Β
1077 898 1260 933 praetergressi
1286 902 1363 925 extra
1390 902 1490 925 metam
1506 905 1693 933 excurramtts,
1718 908 1772 927 non
1795 901 1864 929 ulte‘

1077 944 1133 971 rius
1147 945 1192 971 hic
1204 945 1385 979 ittdagabitur.

1110 990 1139 1019 2.
1154 990 1222 1017 Julii
1237 999 1320 1021 mors,
1336 995 1361 1018 et
1375 990 1471 1018 Liberii
1487 993 1622 1019 exordium
1637 993 1815 1028 pontiﬁcatus.
1827 1007 1862 1014 -—

1077 1036 1132 1064 Hoc
1145 1044 1227 1069 anno,
1244 1037 1403 1064 duodecittta
1428 1039 1529 1066 mensis
1550 1039 1662 1073 Aprilis,
1676 1038 1773 1072 Julius,
1793 1040 1861 1067 invi-

1075 1088 1135 1110 ctus
1153 1083 1196 1110 ille
1212 1082 1355 1109 Athanasii
1368 1087 1512 1117 patronus,
1524 1084 1596 1111 diem
1614 1085 1681 1112 obiit
1696 1091 1859 1118 extremum,

1075 1137 1136 1156 cutn
1149 1129 1240 1156 sedem
1257 1129 1436 1163 apostolicam
1460 1130 1575 1157 rexisset
1592 1139 1677 1158 annos
1693 1132 1858 1166 quindecim,

1075 1183 1183 1202 menses
1197 1176 1274 1207 duos,
1290 1180 1400 1210 tresque
1418 1175 1486 1203 dies.
1503 1175 1530 1202 ln
1546 1175 1604 1210 ejus
1627 1185 1692 1205 vero
1710 1177 1797 1205 locttm
1817 1178 1860 1205 die

1075 1222 1201 1249 vicesima
1211 1222 1330 1249 secunda
1349 1221 1411 1249 Maii
1427 1222 1555 1257 deligitur
1566 1223 1690 1250 Liberius
1707 1223 1854 1251 Romanus.

1074 1268 1109 1300 Is,
1125 1268 1148 1295 si
1162 1269 1226 1302 quid
1239 1267 1300 1294 fidei
1313 1267 1353 1295 vel
1369 1269 1541 1295 auctoritatis
1557 1269 1657 1296 inesset
1674 1271 1796 1304 epistolae
1808 1271 1859 1306 (ά),

1073 1321 1133 1348 quae
1150 1314 1219 1340 illius
1235 1313 1344 1340 nomine
1357 1314 1427 1341 inter
1445 1314 1540 1341 Hilarii
1559 1314 1720 1350 Fragmenta
1734 1317 1855 1343 circum-
1888 1315 1891 1317 ’

1075 1360 1170 1392 fertur,
1201 1367 1262 1386 mox
1290 1359 1324 1386 ab
1349 1359 1415 1386 inito
1438 1360 1595 1394 pontiﬁcatu
1617 1362 1766 1389 Athanasio
1790 1362 1859 1389 infe-

1074 1411 1143 1437 stus,
1161 1405 1247 1432 virtnn
1261 1413 1276 1432 a
1294 1405 1422 1432 societate
1439 1411 1466 1433 et
1479 1408 1670 1434 communione
1684 1415 1732 1435 sua
1750 1409 1858 1443 repulit.

1073 1451 1218 1478 Enimvero
1234 1458 1295 1478 cum
1324 1451 1442 1484 litteras,
1457 1457 1486 1479 ut
1503 1452 1590 1479 fertur
1606 1453 1716 1485 ibidem,
1731 1454 1860 1482 adversus

1072 1497 1249 1524 Athanasium
1261 1498 1294 1525 ab
1309 1497 1490 1525 Orientalibus
1501 1497 1572 1526 Julio
1583 1499 1691 1532 missas,
1706 1500 1763 1534 ipso
1777 1501 1861 1528 inter-

1075 1550 1106 1570 ea
1140 1544 1281 1570 detnortuo
1298 1564 1306 1577 ,
1335 1544 1459 1572 Liberius
1491 1545 1662 1578 excepisset,
1687 1547 1860 1582 presbyteros

1075 1588 1198 1623 Lucium,
1215 1589 1326 1616 Paulqu
1340 1595 1367 1617 et
1387 1590 1529 1617 Helianum
1546 1599 1607 1618 cum
1623 1591 1720 1619 litteris
1739 1593 1857 1620 Alexan-

1073 1635 1159 1662 driam
1175 1635 1285 1669 legavit,
1303 1636 1454 1664 Athanasio
1467 1637 1566 1672 jubens
1586 1643 1615 1664 ut
1637 1643 1788 1666 maturaret
1803 1638 1859 1665 Ro-

1073 1689 1156 1714 mam,
1171 1682 1402 1710 exectdesiastica:
1420 1684 1519 1718 regula:
1537 1684 1695 1719 praescripto
1707 1684 1859 1712 oblatorum

1073 1726 1216 1753 criminum
1238 1727 1393 1755 redditurus
1407 1729 1558 1762 rationem;
1575 1730 1598 1757 si
1615 1737 1667 1757 non
1689 1730 1859 1764 properaret,

1073 1771 1201 1800 Ecclesia:
1226 1773 1353 1800 Romanae
1383 1775 1574 1802 communione
1609 1776 1782 1803 interdictum
1814 1776 1857 1804 iri.

1072 1817 1200 1846 Reversis
1212 1823 1301 1846 autem
1318 1819 1426 1853 legatis,
1448 1821 1721 1856 renuntiantibnsque
1738 1823 1859 1849 Athana-

1074 1865 1142 1891 siutn
1158 1867 1309 1891 detrectare
1332 1865 1384 1891 iter
1401 1864 1563 1898 Romanum,
1584 1867 1709 1896 Liberius
1724 1870 1805 1896 missa
1824 1870 1859 1897 ad

1072 1910 1225 1939 Orientales
1242 1911 1357 1946 epistola
1375 1912 1514 1943 indicavit,
1533 1921 1594 1940 cum
1616 1915 1669 1942 illis
1691 1916 1755 1948 sibi,
1777 1916 1858 1944 mini-

1073 1965 1169 1993 meque
1195 1965 1256 1985 cuut
1281 1958 1430 1986 Atltanasio
1461 1967 1555 1993 pacem
1586 1965 1614 1987 et
1639 1963 1856 1990 communionem

1072 2011 1141 2032 esse.
1160 2004 1277 2037 Verum,
1301 2008 1330 2032 ut
1354 2005 1438 2040 probe
1461 2012 1705 2035 contutonstratunt
1719 2016 1733 2035 a
1758 2010 1858 2037 nostris

1073 2050 1123 2077 fuit
1149 2051 1175 2077 itt
1207 2055 1344 2085 postrema
1372 2051 1466 2078 Hilarii
1492 2052 1627 2085 edttiotte,
1652 2053 1711 2081 inec
1739 2055 1857 2090 epistola

1073 2101 1165 2131 aperte
1179 2096 1270 2132 νοθείᾳ
1286 2097 1398 2124 laborat.
1414 2098 1579 2126 Athanasius
1592 2099 1674 2131 enim,
1691 2101 1736 2136 qui
1755 2101 1857 2128 illatam

1073 2143 1114 2169 sui
1143 2143 1287 2169 damnandi
1316 2150 1396 2170 causa
1422 2142 1530 2171 Liberio
1548 2146 1602 2172 vim
1628 2147 1711 2174 variis
1736 2148 1762 2174 in
1790 2148 1858 2176 iOL‘iS

1074 2193 1277 2221 commemorat,
1294 2189 1362 2216 nihil
1383 2190 1487 2223 uspiam
1503 2191 1597 2218 horum
1612 2191 1713 2226 innuit;
1732 2194 1858 2229 quodque

239 2242 458 2272 argumentorum
472 2236 562 2271 inopia
574 2236 760 2270 confugerent,
776 2242 802 2264 ttt
816 2237 952 2264 Nicmttattt
973 2245 1020 2273 sy-
1036 2234 1218 2269 Dplul‘imulll
1244 2240 1348 2269 urgeat,
1377 2236 1433 2270 ipse
1455 2235 1592 2270 Liberius,
1615 2246 1676 2265 curti
1704 2241 1786 2274 patrii
1808 2240 1859 2268 soli

239 2285 350 2311 nodum.
365 2282 428 2316 quia
453 2282 564 2309 vocibus
581 2289 613 2308 ex
634 2282 774 2317 Scriptura
799 2291 876 2309 sacra
893 2291 946 2310 non
962 2292 1020 2311 tnu-

239 2329 321 2356 tuatis
336 2336 383 2355 usa
400 2328 506 2359 fuisset,
531 2329 718 2363 repudiarent:
742 2336 796 2355 rem
813 2329 857 2355 ille
870 2330 1018 2358 Athanasio

240 2375 386 2411 signiﬁcat.
405 2375 573 2409 Quapropter
590 2375 753 2401 Athanasius
770 2375 840 2402 hunc
856 2375 975 2409 circiter,
990 2381 1020 2403 ut

239 2429 376 2457 putamus,
390 2429 489 2448 annum
504 2421 644 2456 epistolam
658 2421 732 2447 dedit
746 2421 778 2447 de
793 2420 909 2448 Nicatnis
922 2422 1019 2450 decre-

239 2470 273 2496 tis
286 2469 457 2503 inscriptam;
473 2468 517 2494 ubi
533 2475 592 2502 qua:
608 2472 681 2502 gesta
695 2468 750 2494 siut
765 2468 790 2494 in
811 2476 888 2495 sacra
904 2469 947 2495 illa
975 2476 1021 2505 sy-

240 2515 320 2547 nodo,
333 2515 375 2542 cui
388 2515 444 2549 ipse
459 2521 578 2549 prmseus
591 2514 908 2548 interfueratgrecenset,
923 2522 1018 2550 quaeve

239 2569 320 2587 causa
338 2561 419 2587 fuerit
432 2562 506 2588 vocis
519 2560 662 2596 ὁμοούσιον
681 2562 851 2595 usurpandae,
866 2568 920 2596 quo
939 2566 1019 2595 pacto

239 2607 371 2634 Eusebius
386 2609 442 2642 ipse
465 2608 596 2643 Pamphili
613 2615 706 2635 vocem
723 2607 796 2633 illam
811 2607 951 2634 censuerit
971 2607 1018 2634 ad-

239 2654 398 2679 mittendam
423 2653 449 2679 in
471 2660 519 2679 sua
542 2653 575 2679 ad
590 2652 773 2680 Ctesarienses
789 2653 913 2688 epistola,
933 2660 1020 2686 neque

240 2699 336 2725 deesse
350 2706 382 2726 ex
399 2699 519 2733 antiquis
534 2698 659 2725 Patribus
678 2699 724 2733 qui
741 2705 773 2725 ea
798 2698 855 2732 ipsa
879 2702 926 2725 aut
941 2698 1019 2724 simi—

240 2743 312 2771 libus
326 2745 380 2771 sint
394 2745 504 2772 vocibus
521 2745 572 2772 usi.
596 2745 797 2779 'l‘heogoostum
819 2744 895 2778 dicit,
919 2744 1018 2780 Diony-

276 2810 315 2846 (a)
331 2811 386 2838 Sub
399 2812 516 2840 initium.

288 2847 426 2881 b)jAthan.
447 2848 523 2881 epist.
536 2848 574 2875 De
585 2848 703 2875 Niconis
714 2847 892 2881 decretis,sub
904 2847 1021 2876 initium.

288 2884 312 2916 ε)
323 2883 422 2911 Alban.
442 2883 519 2916 epist.
530 2883 567 2910 De
579 2884 703 2910 sententia
719 2883 849 2917 Dionysii.

1075 2281 1213 2316 repetendi
1229 2281 1362 2309 desiderio
1379 2282 1507 2316 ﬂagrans,
1522 2283 1705 2312 Orientalibus
1724 2288 1857 2315 rescribe-

1074 2332 1116 2354 ret
1129 2327 1176 2362 (e),
1195 2328 1233 2354 ait
1249 2335 1278 2354 se
1296 2328 1383 2355 virum
1406 2328 1466 2355 ideo
1479 2329 1622 2357 admisisse
1637 2331 1670 2358 ad
1688 2333 1858 2360 communio-

1073 2380 1146 2406 nem,
1158 2374 1220 2408 quia
1234 2375 1400 2408 5uscepisset
1413 2383 1474 2402 eum
1491 2375 1618 2403 decessor
1636 2377 1695 2412 ejus
1713 2377 1808 2411 Julius,
1826 2387 1859 2407 ne

1074 2418 1101 2446 in
1117 2420 1295 2454 quorumdam
1310 2420 1498 2453 oﬁ'ensiouem,
1512 2421 1647 2456 despectis
1662 2424 1781 2451 defuncti
1799 2425 1857 2460 pla-

1073 2466 1146 2498 citis,
1165 2467 1315 2494 incurreret
1329 2476 1335 2494 :
1349 2472 1378 2493 at
1396 2468 1440 2494 ubi
1460 2467 1684 2502 deprehendisset
1708 2470 1768 2504 jure
1783 2472 1859 2498 dam-

1075 2515 1167 2538 natum
1180 2511 1272 2544 fuisse,
1285 2517 1340 2539 tum
1351 2512 1408 2546 ejtts
1422 2512 1583 2541 abdicatiOni
1597 2521 1657 2542 esse
1670 2516 1856 2551 astipulatnm.

1075 2558 1177 2590 Quibus
1191 2559 1281 2586 verbis
1297 2559 1384 2593 palam
1396 2560 1494 2592 innuit,
1505 2567 1535 2587 se
1554 2566 1609 2587 tum
1627 2561 1712 2588 solum
1731 2564 1858 2590 condem-

1074 2612 1153 2631 nasse
1172 2605 1361 2638 Athanasium,
1377 2613 1438 2632 cum
1459 2606 1583 2633 Beroeam
1607 2608 1754 2643 relegatus,
1778 2610 1856 2636 tmdio

1074 2651 1252 2678 diuturnioris
1275 2652 1363 2679 exsilii
1386 2652 1500 2685 fractus,
1524 2653 1596 2681 sedis
1616 2661 1671 2681 sua:
1696 2655 1857 2690 recipiendae

1074 2703 1154 2724 causa
1171 2697 1345 2731 Arianorum,
1361 2705 1430 2732 quos
1451 2706 1535 2732 penes
1553 2704 1616 2727 tuttc
1639 2707 1744 2727 summa
1764 2708 1855 2727 rerum

1073 2747 1142 2776 erat,
1155 2744 1269 2778 gratiam
1280 2741 1450 2778 etmgitaret.
1463 2743 1541 2777 Quod
1554 2751 1588 2772 ex
1602 2744 1663 2773 aliis
1676 2745 1740 2773 item
1755 2745 1857 2773 Liberii

1113 2813 1150 2849 (η)
1172 2813 1255 2842 llilar.
1267 2813 1319 2849 φι.
1334 2814 1412 2841 ιδοῃ.

1111 2848 1145 2885 (ε)
1165 2848 1250 2876 Hilar.
1269 2848 1391 2884 Fragm,
1408 2850 1460 2879 col.
1480 2849 1557 2878 I556.
