2016 3046
799 156 817 182 ν
824 155 878 182 l'l‘A
894 155 925 184 S.
946 154 1141 183 ATIIANASII.

1721 163 1772 185 ειν

148 213 218 248 Ipttd
232 211 362 240 Hilarium
377 212 447 241 locis
460 213 606 241 advertere
621 218 674 241 est.
693 212 866 249 Compertum
883 213 932 241 ita-
946 218 970 247 Α
984 213 1038 240 lum
1053 217 1211 249 eruperunt.
1226 214 1392 242 Athanasius
1405 222 1488 249 porro
1507 221 1567 242 cum
1580 215 1771 243 exacerbatnm

148 266 200 294 que
225 259 450 293 exploratumque
467 259 545 287 nobis
565 264 604 286 est
632 259 780 292 Liberium,
795 260 880 287 donec
906 260 932 287 in

147 305 273 332 exsilium
296 305 390 340 pulsus
410 305 444 332 ab
461 305 612 334 Athanasio
629 305 769 338 deﬂceret,
786 306 845 341 ejus
863 314 935 334 sem-

147 357 196 385 per
214 351 298 378 fuisse
314 351 437 385 partibus
452 352 598 380 addictum.

183 397 210 424 3.
230 396 309 424 Livor
323 398 482 424 Arianorum
498 398 641 432 prorutum
655 399 682 425 in
699 399 885 427 Athanasium.
899 415 933 420 —

148 441 205 469 Hoc
221 443 332 469 circiter
346 448 451 477 tempus
464 443 624 470 Arianorum
644 445 791 480 principes,
805 445 934 473 Leontius

148 488 346 520 Antiochenus,
361 487 494 522 Georgius
520 489 700 522 Laodicenus.
720 491 834 518 Acacius
847 492 934 520 Catsao

145 533 255 566 fiensis,
274 533 431 560 Tlteodorus
449 533 630 567 Heracleotes,
646 541 674 562 et
693 536 837 564 Narcissus
848 537 933 564 Nero-

148 580 248 610 niadis,
265 580 310 614 qui
326 587 433 611 omnes,
452 580 564 607 Leotttio
584 587 709 615 excepto,
730 583 848 610 abdicati
871 583 932 611 fue-

147 630 212 652 rant
234 626 260 652 in
283 625 385 660 synodo
403 626 559 653 Sardiceusi
574 626 624 662 (a),
639 627 737 654 invidia
760 628 835 662 juxta
851 634 932 664 atque

147 676 221 698 metu
237 672 341 706 agitati,
357 672 462 706 magnis
478 680 586 699 rursum
602 673 753 701 excitandis
772 675 932 703 tumultibus

148 721 229 751 atque
252 717 336 744 turbis
360 717 456 744 intenti
477 718 641 751 sollicitique
659 725 748 746 erant.
772 720 806 747 Et
822 721 931 755 quidem

147 762 248 789 itn‘idia
267 762 304 789 illi
321 770 427 789 summa
450 762 611 796 ﬂagrabant,
629 764 699 797 quod
720 768 822 792 tantam
838 773 932 793 cerne-

148 812 209 834 rent
221 808 410 842 epismporum
426 815 485 834 cum
497 809 646 835 Athanasio
662 810 834 837 concordiam
852 818 930 837 :nam

143 853 207 888 plus
222 854 426 888 quadringentis
452 858 539 886 erant,
559 855 605 888 qui
626 862 687 882 cum
714 856 760 882 illo
780 863 874 890 pacem
904 861 930 884 et

987 259 1159 294 imperatoris
1176 261 1295 287 animum
1317 268 1376 288 esse
1395 266 1584 294 cognosceret,
1599 269 1772 294 persuasum-

985 312 1037 339 que
1058 305 1170 332 haberet
1191 306 1306 333 insidias
1322 307 1373 334 sibi
1401 307 1427 333 in
1448 307 1548 342 palatio
1566 308 1694 334 adornari
1709 305 1766 343 (c);

986 351 1041 385 ipse
1064 352 1171 385 quidem
1197 352 1228 378 ad
1252 353 1426 386 imperatoris
1443 354 1602 380 comitatum
1631 352 1770 386 proficisci

984 404 1035 424 ttec
1048 405 1141 430 ausus,
1160 405 1210 424 tice
1223 405 1238 424 e
1252 406 1280 425 re
1303 398 1360 425 fore
1386 406 1434 426 sua
1458 406 1545 429 ratus,
1561 399 1680 426 delectos
1692 399 1772 432 quin-

984 449 1038 481 que
1056 443 1209 476 episcopos,
1225 451 1258 470 ex
1282 451 1397 478 quorum
1422 450 1482 471 erat
1501 452 1613 471 nuntcro
1637 444 1770 477 Serapion

985 488 1177 521 Thmuitauus,
1191 490 1343 516 admirabili
1359 491 1399 516 vir
1412 490 1590 518 sanctimonia
1602 495 1628 516 et
1642 490 1771 524 eloquen-

985 535 1032 566 tia,
1048 542 1151 569 parque
1172 535 1217 562 tali
1240 537 1346 570 negotio
1373 537 1502 571 gerendo,
1523 537 1556 563 ad
1578 537 1769 571 imperatorem

984 580 1010 606 itt
1028 579 1184 608 Occidentis
1210 581 1333 614 partibus
1354 585 1408 607 tum
1430 582 1572 615 degentem
1597 581 1682 613 misit,
1697 581 1769 608 datis

981 625 1124 660 legationis
1139 627 1286 654 comitibus
1306 627 1393 653 tribus
1413 628 1592 662 presbyteris,
1607 628 1655 661 qui
1671 635 1767 655 omnes

983 679 1035 698 una
1054 679 1070 698 a
1090 680 1119 699 se
1142 679 1268 699 aversum
1292 671 1444 699 Constantii
1461 673 1580 698 aninmut
1599 673 1767 706 mitigarent,

981 723 1010 745 et
1036 719 1254 746 adversariorum
1275 719 1483 746 criminationes
1503 719 1681 753 depellerent,
1702 727 1769 746 cuu-

982 764 1025 791 c'ta
1048 765 1165 800 denique
1185 770 1307 801 agerent,
1335 773 1395 800 quae
1416 773 1476 792 cum
1492 765 1541 792 sibi
1564 771 1618 792 tum
1640 766 1769 793 Ecclesia:

981 811 1134 837 conducere
1146 811 1334 838 existimarent
1353 819 1360 837 :
1375 811 1433 844 qui,
1445 817 1474 837 ut
1485 818 1517 837 ex
1540 811 1768 844 subsequentibus

982 855 1066 890 gestis
1081 855 1143 882 licet
1155 857 1295 890 augurari.
1310 863 1338 882 re
1352 855 1454 882 infecta
1469 856 1570 883 reversi
1588 861 1660 883 sunt.

147 901 307 928 societatem
322 900 453 928 foverent.
473 900 542 928 Metu
559 901 621 929 item
645 902 812 935 laborabant,
826 911 859 930 ne
873 904 931 938 epi-
947 894 968 921 Β
1016 900 1092 928 Λιικο
1105 901 1166 928 553.
1181 915 1213 921 -ι
1232 901 1258 927 l.
1279 900 1426 936 Magnentii
1445 909 1526 928 mora.
1546 916 1582 922 —
1597 901 1768 936 Magnentius

147 946 223 981 scopi
239 954 322 980 nuper
341 947 434 974 fraude
449 954 481 974 ac
498 947 603 974 insidiis
615 947 673 974 suis
686 949 878 981 circumventi,
896 949 930 977 ad

148 996 252 1018 tantam
266 991 464 1018 multitudinem
487 992 616 1027 paulatim
636 993 795 1026 deﬂuerent,
816 1002 867 1022 neu
881 996 929 1022 de-

147 1038 214 1065 serti
235 1038 286 1070 illi,
303 1038 468 1072 lueresisque
494 1046 587 1066 eorum
611 1040 753 1072 infamata,
779 1041 806 1068 in
833 1041 929 1068 trium-

146 1083 240 1119 phum,
255 1084 293 1111 ait
305 1084 481 1116 Athanasius,
498 1092 551 1112 una
566 1085 742 1113 ducerentur.
757 1087 850 1114 Tantze
866 1095 930 1122 ergo

144 1128 310 1157 calamitatis
335 1129 502 1156 declinanda:
522 1138 614 1162 causa,
631 1131 748 1165 primum
768 1130 881 1159 Ursacio
902 1137 930 1160 et

148 1175 251 1203 Valenti
267 1180 391 1203 auctores
406 1180 478 1208 sunt,
500 1180 529 1202 ut
550 1182 651 1202 mutata
667 1177 764 1204 iterum
782 1178 929 1210 sententia,

143 1222 182 1250 ad
194 1229 258 1249 suas
271 1223 359 1249 denuo
378 1228 469 1257 partes
486 1222 627 1255 deﬁciant,
649 1223 730 1257 idque
745 1224 930 1252 excusationis

142 1268 305 1300 obtendant,
320 1276 349 1296 se
367 1269 494 1296 nimirum
519 1269 675 1296 Constantis
695 1269 809 1303 Augusti
834 1269 930 1296 fortui-

146 1315 209 1342 dine
222 1315 375 1350 compulsos
386 1314 471 1344 fuisse
485 1315 519 1342 ad
534 1315 722 1350 paenitentiam
738 1315 928 1342 simulandam.

145 1361 211 1395 Qua:
228 1369 270 1388 res
286 1367 386 1394 tamen,
404 1362 443 1388 ait
468 1361 644 1394 Athanasius,
664 1368 775 1395 prorsus
791 1368 930 1389 commen-

142 1408 203 1434 titia
229 1413 298 1434 erat.
322 1407 400 1434 Nullo
420 1407 553 1442 siquidem
572 1407 763 1440 contpcllenle,
784 1407 858 1433 nullo
881 1414 927 1434 co-

142 1459 233 1488 gente.
252 1454 324 1480 nullo
340 1459 508 1485 accersente,
524 1453 572 1487 ipsi
587 1453 659 1480 ultro
673 1452 786 1479 Ruinam
801 1452 928 1487 profecti,

144 1499 173 1526 in
186 1503 258 1526 cuitu
273 1498 411 1530 Ecclesiae,
428 1498 472 1526 ubi
489 1498 562 1526 nulla
581 1503 710 1526 extranea
724 1497 841 1525 formido
859 1502 928 1531 erat,

144 1542 209 1571 facti
218 1544 321 1571 veniam
331 1544 428 1578 precati
438 1549 509 1571 suttt.
519 1544 545 1570 ld
555 1551 628 1576 vero,
638 1551 696 1570 mea
705 1544 812 1578 quidem
821 1549 930 1570 senten-

145 1589 192 1621 tia,
207 1589 246 1617 sic
262 1590 440 1624 intelligatur;
465 1597 516 1616 non
531 1589 602 1624 quod
617 1589 653 1616 illi
674 1589 928 1623 uulloimperatoris

143 1635 298 1663 Constantis
307 1641 418 1668 urgente
434 1636 530 1663 timore
547 1636 580 1662 ad
603 1635 779 1662 simulandam
795 1636 928 1670 praeniten-

145 1680 210 1708 tiam
231 1680 337 1708 deducti
351 1681 405 1707 sint
419 1681 468 1715 (ad
491 1680 555 1715 quid
569 1681 639 1707 enim
655 1680 699 1707 illa
714 1684 788 1708 tanta
805 1681 927 1713 terroris,

145 1732 218 1755 tanta
231 1727 307 1755 fracti
319 1728 400 1754 animi
412 1728 488 1762 signa
498 1727 675 1762 pertinerent.
690 1728 741 1754 nisi
759 1727 928 1762 imperatoris

118 1784 126 1787 "
143 1782 232 1804 metus
242 1774 436 1810 accessisseti),
450 1775 576 1809 sedquod
589 1774 658 1801 nulla
667 1774 928 1809 Constantisjussio—

143 1831 188 1856 ne,
206 1822 286 1850 nullis
302 1822 440 1849 intentatis
460 1821 550 1854 minis,
563 1821 612 1855 ipsi
633 1820 704 1847 ultro
722 1820 780 1854 ejus
800 1821 925 1848 mandata

143 1873 343 1903 prmvertentes,
350 1866 487 1895 ’factorum
496 1874 525 1894 se
543 1866 674 1900 pmnitere
682 1865 878 1893 sintulaveriut.
887 1866 926 1893 Ad

142 1914 330 1941 hzcreticorum
355 1913 446 1947 itaque
468 1918 605 1939 catervam
626 1912 727 1938 reversi
750 1910 880 1938 Ursacins
897 1916 926 1939 et

143 1959 252 1992 Valens,
267 1966 319 1986 una
335 1966 396 1985 cum
421 1958 482 1985 aliis
498 1957 688 1992 imperatorem
705 1957 820 1988 adeunt;
835 1957 878 1983 cui
892 1963 924 1983 ea

142 2008 407 2036 commemorarent,
435 2011 494 2038 quae
518 2002 572 2037 jam
601 2001 826 2036 przenuntiassent
859 2006 924 2030 ante

142 2050 282 2077 Athanasii
303 2050 430 2081 reditum,
444 2049 570 2076 nimirum
586 2048 608 2075 si
627 2047 713 2075 exsuli
733 2047 802 2074 foret
824 2047 857 2074 ad
878 2055 921 2074 ec-

141 2095 251 2122 clesiattt
283 2095 494 2122 Alexandrinam
522 2102 662 2129 regressus
692 2093 772 2126 liber,
804 2093 919 2120 exitium

141 2146 221 2168 secta:
232 2149 286 2168 sum
300 2141 405 2175 parari;
420 2148 513 2168 omnes
525 2140 557 2167 ab
573 2139 726 2174 hujusmodi
741 2139 799 2167 viro
811 2138 920 2167 Arianis

140 2187 326 2220 infestissimo,
345 2194 360 2214 a
376 2187 432 2214 suis
445 2187 568 2222 partibus
588 2187 734 2214 abductum
748 2186 798 2218 iri,
814 2185 919 2220 pericu-

981 952 1082 978 autem,
1100 947 1146 981 qui
1168 951 1227 980 post
1243 946 1391 973 Mursinam
1416 947 1521 973 cladem
1545 946 1766 981 seseAquileiam

981 997 1132 1027 receperat,
1147 992 1236 1020 victus
1255 992 1283 1019 in
1303 992 1377 1019 Italia
1391 992 1542 1025 anno‘552,
1555 1001 1617 1020 cum
1637 996 1670 1020 ad
1685 994 1767 1030 Alpes

980 1039 1098 1073 praesidii
1118 1047 1199 1066 causa
1212 1039 1405 1072 concessisset,
1426 1039 1535 1066 demum
1561 1040 1660 1068 accisis
1686 1042 1767 1070 rebus

980 1094 1052 1114 anno
1078 1086 1131 1113 553
1158 1086 1279 1121 Lugduni
1307 1094 1402 1114 manus
1427 1087 1517 1114 intu-Iit
1549 1088 1611 1120 sibi,
1632 1096 1695 1116 cum
1712 1094 1766 1117 tres

980 1139 1065 1158 annos
1079 1140 1112 1159 ac
1123 1132 1264 1159 dimidium
1285 1133 1457 1167 tyrannidem
1473 1139 1634 1168 occupasset
1647 1134 1698 1170 (ά).
1718 1135 1766 1163 llis

980 1185 1109 1212 prospere
1121 1179 1214 1212 gestis,
1232 1177 1408 1205 Constantius
1424 1178 1537 1206 victoria
1553 1180 1652 1213 elatus,
1667 1188 1766 1214 super-

980 1224 1079 1258 biaque
1097 1228 1213 1255 tumens,
1231 1231 1263 1251 eo
1278 1224 1392 1251 insania:
1406 1231 1564 1260 progressus
1579 1230 1631 1259 est,
1646 1231 1675 1252 ut
1689 1231 1766 1254 aeter-

980 1276 1045 1296 num
1072 1277 1102 1297 se
1125 1270 1318 1304 dominumque
1341 1270 1423 1298 totlus
1451 1271 1536 1303 orbis,
1555 1280 1604 1300 nec
1631 1273 1690 1299 sine
1709 1274 1765 1301 risu

981 1315 1133 1350 gentilium,
1149 1315 1278 1350 appellari
1293 1315 1412 1350 juberet.
1439 1316 1507 1344 Tum
1529 1317 1622 1345 videre
1642 1323 1702 1345 erat
1722 1327 1766 1346 as-

981 1360 1147 1387 sentantium
1160 1360 1323 1387 Arianorum
1340 1361 1545 1396 impudentiam,
1558 1363 1603 1396 qui
1627 1363 1696 1391 Filio
1715 1364 1765 1392 Dei

980 1406 1158 1433 aeternitatem
1186 1406 1322 1441 denegare
1335 1408 1406 1439 ausi.
1423 1407 1565 1436 leviusculi
1588 1409 1688 1444 ingenii
1713 1411 1764 1438 lto-

985 1450 1095 1482 miuem,
1112 1455 1242 1477 aeternum
1276 1451 1440 1485 compellare
1464 1460 1516 1479 tton
1533 1453 1707 1481 verebantur.
1734 1453 1764 1481 In

980 1495 1056 1530 Cujus
1071 1495 1261 1531 appellationis
1284 1497 1456 1524 insolentiam
1471 1498 1573 1525 acriter
1596 1499 1764 1527 invehuntur

982 1543 1155 1575 Athanasius,
1171 1542 1301 1576 Hilarius,
1312 1548 1339 1571 et
1354 1543 1462 1571 Lucifer
1476 1544 1657 1572 Calaritanus.

943 1567 964 1596 ϐ
1015 1586 1042 1614 2.
1060 1586 1147 1614 Fraus
1169 1588 1329 1614 Arianorum
1351 1588 1472 1623 insignis.
1488 1603 1523 1609 —
1540 1589 1598 1617 Hoc
1613 1591 1675 1616 item
1691 1597 1764 1618 anno

978 1632 1070 1659 Ariani
1092 1634 1211 1669 episcopi
1239 1642 1285 1662 sua
1303 1639 1398 1661 contra
1418 1635 1596 1663 Athanasium
1624 1636 1763 1665 molimina

977 1678 1046 1710 orsi,
1065 1679 1176 1706 fictilias
1205 1679 1312 1707 litteras
1343 1679 1504 1707 Constantio
1530 1680 1687 1708 obtulerunt
1714 1682 1761 1718 (ο),

978 1725 1055 1757 quasi
1079 1725 1112 1751 ab
1132 1726 1282 1753 Athanasio
1313 1726 1491 1760 conscriptas,
1516 1726 1614 1760 quibus
1642 1731 1761 1761 rogaret,

977 1769 1062 1804 ipsius
1084 1770 1199 1804 Augusti
1230 1771 1346 1798 adeundi
1364 1771 1462 1805 gratia,
1486 1770 1642 1798 facultatem
1666 1771 1717 1798 sibi
1734 1773 1762 1799 in

977 1816 1083 1843 italiam
1095 1818 1256 1852 properandi
1277 1819 1402 1850 concedi,
1416 1823 1445 1845 ut
1459 1826 1510 1845 una
1527 1820 1560 1846 de
1572 1819 1763 1847 ecclesiasticis

977 1862 1160 1890 instaurandis
1182 1863 1263 1890 rebus
1288 1871 1369 1899 agere
1386 1865 1489 1892 liceret.
1506 1864 1543 1892 Eo
1556 1870 1659 1897 autent,
1676 1870 1705 1892 ut
1722 1866 1763 1893 vi-

977 1909 1064 1941 detur,
1077 1908 1191 1936 consilio
1205 1910 1247 1936 his
1263 1910 1368 1937 insidiis
1383 1911 1423 1937 usi
1452 1916 1516 1938 sunt
1530 1910 1635 1943 Ariani,
1657 1916 1686 1938 ut
1698 1912 1762 1946 quia

976 1960 1072 1982 sancto
1093 1955 1202 1990 pra-stili
1223 1956 1401 1983 Alexandrini
1427 1957 1516 1991 populi
1539 1965 1615 1984 amor
1634 1958 1762 1992 praisidio

975 2007 1044 2034 erat,
1061 2001 1170 2030 facilius
1189 2008 1262 2030 esset
1280 2002 1464 2038 peregrinanti
1491 2003 1638 2038 perniciem
1657 2004 1763 2031 machi-

977 2048 1046 2074 nari.
1063 2048 1096 2075 Et
1111 2048 1234 2076 fortassis
1249 2049 1307 2082 ipse
1321 2048 1498 2076 Constantius
1513 2049 1538 2076 in
1554 2053 1660 2084 partem
1677 2048 1760 2077 fabu-

975 2092 1008 2120 la:
1021 2099 1143 2121 venerat.
1164 2093 1212 2121 Vix
1228 2102 1346 2128 namque
1361 2097 1498 2126 credatur,
1517 2094 1687 2128 imprudente
1708 2096 1760 2121 im-

975 2143 1108 2172 peratore,
1128 2139 1269 2166 Athanasii
1289 2139 1398 2166 nomine
1419 2139 1526 2166 litteras
1546 2147 1662 2166 exarare
1680 2147 1761 2168 ausos

975 2183 1059 2211 fuisse
1082 2185 1215 2217 Arianos;
1240 2191 1301 2212 eum
1325 2192 1386 2212 mox
1408 2185 1557 2212 Athanasio
1583 2185 1760 2218 reclamante,

139 2233 248 2268 lumque
266 2233 324 2260 fore
341 2241 375 2261 ne
393 2233 442 2268 ipsi
461 2241 522 2260 mox
543 2232 604 2262 soli.
623 2232 818 2259 deficientibus
833 2231 922 2259 omni—
940 2245 963 2273 ι)
977 2231 1153 2267 fraudemque
1180 2232 1332 2267 aperiente,
1361 2231 1532 2265 exploratum
1559 2231 1640 2262 foret,
1674 2231 1761 2258 ittscio

138 2279 198 2310 bus,
216 2280 383 2312 deserantur,
400 2285 480 2314 atque
494 2286 554 2306 cum
577 2277 733 2306 Manichteis
745 2285 925 2306 annumereu-

139 2329 183 2353 tur
196 2325 384 2353 haereticorum
403 2324 585 2360 aequissimis.

171 2371 200 2398 4.
216 2371 375 2397 Athanasius
397 2370 581 2398 Constantium
604 2369 723 2403 mitigare
745 2369 847 2404 frustra
863 2373 923 2397 ten-

137 2419 187 2442 tat.
201 2429 237 2435 ——
252 2415 427 2442 Constantius
451 2421 552 2448 autem,
566 2415 611 2450 qui
635 2419 691 2441 tum
708 2414 853 2450 Magnentii
875 2415 922 2442 de-

138 2461 255 2489 bellandi
274 2469 355 2489 causa
375 2462 534 2496 properabat
548 2461 595 2496 (ὁ),
612 2465 757 2496 cOuspecta
771 2465 810 2488 tot
825 2465 916 2488 tanto-

137 2515 252 2542 rumque
268 2508 457 2542 episcoporum
485 2515 546 2534 cum
561 2507 711 2534 Athanasio
726 2507 869 2539 societate,
882 2510 923 2533 at-

136 2562 192 2589 que
203 2554 237 2581 iis
250 2559 276 2581 et
291 2555 424 2582 similibus
440 2553 602 2582 Arianorum
621 2554 712 2581 verbis
726 2552 920 2586 inﬂammatus,

137 2609 199 2628 cum
227 2608 284 2627 rem
300 2608 470 2635 concoquere
487 2608 539 2628 non
564 2604 665 2635 posset,
682 2599 782 2626 exinde
800 2599 860 2626 viro
874 2599 921 2626 ad-

137 2647 240 2675 versari
264 2646 487 2682 calamitatesque
509 2654 606 2681 parare
627 2645 725 2680 erepit,
747 2645 922 2679 iuramento-

138 2699 197 2719 rum
215 2693 293 2726 juxta
308 2700 341 2720 ac
360 2692 523 2725 litterarum,
537 2691 704 2727 fraternique
717 2690 801 2718 oﬂ‘tcii
825 2690 922 2718 imme-

138 2747 215 2767 mor:
230 2746 290 2774 quae
307 2739 416 2773 quidem
433 2739 511 2766 tertio
526 2742 585 2773 post
599 2746 670 2765 anno
683 2738 710 2765 in
723 2743 850 2772 apertum
864 2736 921 2764 bel-

173 2810 211 2844 (a)
225 2810 324 2836 Athan.
340 2808 512 2837 HistJAriau.
528 2808 562 2834 ad
573 2807 725 2844 monachos,
736 2815 763 2834 υ.

171 2842 209 2882 (b)
221 2846 322 2872 Athan.
339 2845 408 2882 Hist.
422 2845 516 2870 Arion.
530 2843 566 2882 uti
580 2842 730 2876 titanas/tor,
744 2850 772 2872 ιι.
784 2842 830 2871 30.

172 2878 208 2917 (ι)
222 2879 439 2915 Sozam._tib.tv,
453 2885 512 2914 cap.
527 2878 554 2906 9.

977 2278 1115 2312 episcopo,
1133 2277 1306 2304 inimicorum
1321 2275 1383 2302 dolo
1394 2277 1472 2302 datas
1497 2275 1589 2303 fuisse.
1609 2275 1758 2310 Epistolam

975 2331 1056 2358 porro
1067 2323 1230 2355 Constantii,
1243 2330 1297 2357 qua
1313 2321 1384 2356 quod
1397 2320 1577 2348 fraudulentis
1601 2321 1700 2348 litteris
1712 2329 1760 2355 po-

974 2370 1102 2399 stulatum
1117 2369 1206 2397 fuerat
1222 2369 1395 2400 concedebat,
1412 2367 1562 2394 Athanasio
1575 2367 1670 2394 detulit
1686 2366 1761 2394 Mou-

975 2420 1053 2443 tanus
1068 2415 1226 2450 Palatinus;
1240 2420 1322 2450 atque
1343 2419 1373 2441 ut
1388 2421 1421 2441 es
1435 2413 1575 2441 Athanasii
1590 2413 1680 2440 verbis
1692 2420 1760 2440 con-

971 2461 1077 2496 jectare
1088 2461 1160 2493 licet,
1180 2460 1280 2496 publici
1306 2460 1424 2487 vehiculi
1439 2460 1546 2494 copiam
1564 2457 1682 2485 faciebat
1708 2457 1760 2485 im-

975 2511 1084 2542 perator
1098 2507 1131 2533 ad
1149 2506 1271 2533 Italicum
1283 2506 1336 2533 iter
1354 2505 1560 2533 instituendum.
1575 2503 1622 2531 llis
1640 2504 1759 2538 acceptis

973 2553 1073 2581 litteris
1100 2552 1277 2586 Athanasius,
1310 2551 1553 2585 auimadversaque
1586 2550 1759 2577 inimicorum

974 2597 1186 2632 conspiratione,
1202 2597 1305 2631 scripto
1315 2597 1452 2630 verboque
1476 2595 1641 2630 significavit
1658 2603 1688 2622 se
1707 2595 1759 2622 iter

975 2645 1086 2672 minime
1117 2643 1283 2675 detrectare,
1308 2642 1331 2669 si
1361 2642 1509 2676 imperator
1538 2645 1759 2669 accerseret:at

976 2697 1037 2718 cum
1051 2697 1104 2717 non
1121 2696 1170 2716 suo
1188 2687 1233 2715 ille
1247 2693 1325 2720 nutu,
1341 2688 1388 2715 sed
1400 2687 1461 2714 dolo
1474 2687 1637 2714 Arianorqu
1652 2686 1757 2715 litteras

975 2735 1105 2766 dedisset,
1122 2734 1200 2769 quasi
1215 2734 1273 2769 ipse
1287 2733 1476 2768 proficiscendi
1490 2732 1645 2760 facultatem
1667 2733 1759 2768 petiis-

1009 2802 1048 2865 (dz
1060 2803 1158 2830 Athan.
1169 2802 1220 2843 lib.
1238 2797 1274 2829 De
1287 2801 1405 2836 synodis,
1427 2801 1479 2830 sub
1506 2801 1622 2844 initium;
1638 2801 1757 2830 Ammia—

1011 2848 1022 2865 ε
1048 2838 1143 2865 larcel.
1158 2838 1205 2865 lib.
1217 2845 1261 2864 xv.

973 2848 1022 2868 nus
1035 2838 1143 2866 Marcel.
1158 2838 1205 2865 lib.
1217 2845 1261 2864 xv.

1008 2874 1042 2911 (cl
1054 2873 1152 2901 Athan.
1167 2872 1275 2909 Apolog.
1290 2871 1326 2900 ad
1336 2871 1530 2901 Constantium.
