2016 3046
250 150 310 170 CXVI

945 132 1214 161 PROLEGOMENA.

250 207 303 233 set,
316 201 362 236 qui
378 208 412 228 ne
425 200 449 227 id
464 200 595 234 cogitarat
610 197 733 232 quidem,
746 202 916 231 nequaquam
927 195 980 222 iter
995 194 1037 221 in-
1052 197 1074 224 Α
1090 193 1188 228 ligare,
1203 192 1295 219 omnia
1313 191 1401 218 denuo
1427 189 1545 216 breviter
1559 188 1786 223 perstringamus.
1815 187 1878 215 Ilaec

251 253 422 281 gressnrum,
436 246 486 271 nisi
501 244 606 271 sincera
616 248 643 270 et
668 241 839 276 imperatoris
850 240 964 268 consilio
974 241 1035 267 data

253 292 364 328 cpistola
375 291 525 318 accederet.
538 289 570 316 Et
578 289 629 315 hoc
642 288 667 314 in
676 287 792 322 capitale
800 287 901 313 crimen
915 287 1037 312 Athana-

253 340 293 366 sio
308 343 411 364 vertere
428 336 518 363 Ariani
540 341 602 362 sunt
614 334 715 366 conati,
734 339 763 360 ιιι
773 339 900 360 narratur
911 332 1036 360 inferius.

289 384 314 410 3.
339 383 399 410 Haec
423 382 531 409 circiter
557 387 688 415 tempora,
715 387 817 407 annum
846 380 944 414 quippe
970 379 1038 405 assi-

255 437 340 464 gnaro
364 429 390 455 in
415 433 539 462 promptu
564 435 616 454 non
637 431 688 457 est,
706 426 777 452 aliud
795 427 918 461 contigit,
937 433 970 452 ex
985 432 1038 460 quo

254 477 317 502 item
344 475 506 501 criminamli
530 473 672 500 Athanasii
704 472 848 499 materiam
876 472 949 498 nacti
975 476 1039 498 sunt

253 522 311 557 ejus
341 521 501 548 adversarii.
529 520 613 547 Erant
640 518 810 546 Alexandriae
834 518 955 545 ecclesize
979 525 1039 552 per-

254 567 354 598 inultte,
382 567 429 594 sed
453 574 503 600 pro
521 565 611 600 populi
641 563 791 598 frequentia
810 563 847 590 ita
863 568 994 596 angustae,
1012 568 1040 590 ut

254 614 324 640 haud
341 614 400 640 sine
421 611 623 646 przefocationis
637 609 757 644 periculo
767 614 857 643 posset
870 609 1040 637 Christiano-

255 667 314 685 rum
328 658 405 685 turba
421 662 571 684 conventus
584 656 723 683 celebrare
738 654 788 689 (α).
811 654 876 687 Quae
890 662 970 682 causa
988 655 1041 682 fue-

255 710 308 736 rat,
323 710 351 731 nt
375 703 523 738 Gregorius
548 704 562 729 ὁ
585 702 812 736 ψευδεπίσκοπος,
837 702 979 735 impetrata
1007 701 1041 727 ab

255 750 418 784 imperatore
435 749 593 776 Constantio
624 748 752 775 facultate
766 768 773 781 ,
790 747 952 774 Adrianenm
962 766 970 780 ,
984 746 1042 773 sive

257 797 384 830 templum
398 795 430 822 ab
448 795 567 822 Adriano
592 795 758 826 excitatum,
784 794 808 820 in
823 793 964 820 ecclesiam
978 800 1043 819 cou-

256 847 362 868 vertere
374 848 529 876 aggrcsmis,
556 840 700 867 aedilicium
718 839 815 874 opibus
831 838 982 865 Constantii
996 845 1043 865 ex-

1090 241 1179 275 itaque
1194 239 1321 266 deferunt
1338 237 1375 264 illi
1394 236 1428 263 ad
1453 236 1657 269 imperatorem.
1680 234 1782 266 Primo,
1804 234 1877 269 quod

1089 287 1194 314 crebris
1210 285 1342 312 itionibus
1357 289 1439 318 atque
1461 281 1603 316 colloquiis
1625 280 1800 308 Constantem
1820 281 1877 306 An-

1090 338 1197 369 gustum
1211 330 1242 359 in
1255 331 1444 358 Constantium
1456 335 1632 363 exasperare,
1648 327 1766 362 odiaque
1779 331 1806 353 et
1826 327 1878 353 ini-

1092 380 1208 407 micitias
1231 379 1302 405 inter
1323 378 1420 404 fratres
1446 382 1556 402 nmvere
1584 379 1698 402 conatus
1717 379 1800 401 esset.
1824 373 1876 401 Se-

1091 425 1190 457 cundo,
1206 424 1276 458 quod
1296 423 1449 457 Magnentio
1466 421 1561 456 gratia:
1582 420 1640 454 ejus
1657 420 1780 447 ineundae
1796 427 1877 446 causa

1092 471 1211 498 misisset
1227 470 1343 497 litteras.
1361 468 1464 497 Tertio.
1477 467 1547 501 quod
1571 467 1596 494 in
1617 465 1732 494 ecolesia
1748 466 1878 492 Ctesareas

1092 517 1176 547 dicta,
1193 515 1308 542 necdum
1328 513 1452 540 absoluto
1469 513 1593 545 aedilicio,
1611 515 1759 538 conventus
1771 510 1879 537 habuis-

1092 567 1144 591 set.
1170 561 1282 595 Quarto,
1303 560 1374 595 qttod
1401 559 1494 594 jussus
1508 566 1522 584 a
1539 557 1699 585 Constantio
1724 557 1750 582 in
1772 555 1875 582 ltaliam

1093 609 1177 644 ipsius
1192 607 1307 635 adeundi
1323 613 1404 634 causa
1423 604 1567 640 proﬁcisci,
1586 611 1638 630 non
1654 604 1877 636 obtemperasset.

1093 655 1122 682 Si
1139 655 1205 689 qttid
1221 654 1271 681 loci
1293 652 1415 687 aequitati
1442 651 1575 685 reliquum
1601 649 1710 680 fuisset,
1737 649 1810 675 hisce
1832 655 1881 673 ca-

1094 701 1204 728 lumniis
1227 700 1334 727 nonnisi
1349 703 1409 733 post
1424 702 1580 725 accuratam
1597 704 1686 723 rerum
1704 695 1880 730 perquisitio-

1094 755 1155 776 netu
1170 747 1248 774 fidem
1264 746 1405 773 habiturus
1418 743 1708 771 eratConstautius.At
1721 740 1880 768 illeinsidiis

1095 794 1283 828 obsequiisque
1295 793 1455 819 Arianorum
1470 791 1681 821 circumventus,
1691 788 1877 815 cunuchorum

1096 841 1202 875 agmine
1228 838 1364 869 obsessus,
1381 844 1494 872 quorum
1524 835 1634 862 audacia
1660 835 1717 868 ipso
1733 834 1882 868 imperante

257 892 383 917 strueret,
405 887 440 914 ita
459 892 547 913 tamen
570 890 598 912 ut
624 885 743 912 nondum
759 884 884 912 confecto
900 891 983 919 opere
995 884 1044 910 ob-

1100 885 1162 913 niltil
1175 893 1226 912 non
1235 883 1405 915 moliebatur,
1415 883 1510 909 horum
1517 881 1630 908 consilio
1643 885 1670 907 et
1681 888 1762 914 opera
1776 879 1875 906 nullam

258 939 402 962 truncatus
418 933 462 960 ille
482 933 574 960 fuerit.
592 932 619 959 lu
632 932 851 967 quadragesima;
868 932 950 966 igitur
963 938 1045 966 syna-

259 980 348 1010 xibus.
373 980 407 1007 ob
433 980 552 1006 locorum
575 979 726 1013 angustiam
744 978 939 1011 iugentemqtte
954 976 1044 1011 populi

258 1026 451 1060 freqm-ntiam,
478 1025 554 1052 multi
588 1024 717 1056 infantes,
748 1024 887 1054 mulieres,
919 1023 1045 1056 aniculae,

259 1073 456 1104 adolescentes,
472 1070 620 1105 compressi
635 1078 666 1097 ac
679 1077 746 1104 pene
761 1068 911 1096 exanimati
936 1069 1045 1095 domum

260 1119 340 1145 delati
365 1123 438 1150 sunt,
468 1118 503 1144 ita
531 1122 620 1144 tamen
638 1121 667 1143 ut
684 1116 784 1147 nullus,
802 1115 857 1142 Deo
870 1115 1046 1147 concedente,

261 1165 491 1198 exstinguerctur.
510 1162 562 1189 Sed
587 1162 713 1189 universa
731 1161 885 1191 multitudo.
908 1159 1046 1194 conqueri,

262 1210 470 1236 obmurmurare
493 1207 684 1242 postulareque
705 1211 734 1234 ut
755 1207 781 1233 in
807 1213 905 1240 magna
921 1205 1046 1236 ecclesia,

263 1255 326 1281 licet
341 1254 457 1281 nondum
476 1253 600 1280 absoluto
616 1260 708 1287 opere,
730 1251 934 1279 conveniretur.
959 1250 1047 1278 Acce-

262 1301 343 1328 deute
365 1305 454 1326 autem
480 1298 622 1326 Paschalis
645 1298 828 1329 solemnitate,
856 1297 951 1332 ingens
968 1297 1048 1324 Chri-

263 1347 412 1373 stianorum
429 1344 580 1379 frequentia
599 1343 714 1378 cogitur,
739 1347 767 1370 et
796 1342 891 1376 grandi
910 1343 984 1369 edito
1006 1346 1048 1368 ιιι-

264 1392 347 1419 multu
367 1398 461 1426 rogare
473 1397 568 1418 omnes
584 1394 614 1416 ut
641 1389 668 1416 in
692 1397 753 1416 eam
771 1389 914 1416 ecclesiam
930 1395 1049 1415 conven-

264 1443 306 1465 tus
317 1445 399 1464 causa
413 1437 617 1469 concederetur,
635 1443 669 1463 ne
680 1441 841 1462 ceterarum
866 1434 990 1469 angustia
1004 1441 1049 1461 ec-

265 1484 410 1511 clesiarum
429 1482 527 1509 multos
543 1483 571 1508 in
597 1481 747 1514 periculum
768 1481 938 1515 conjireret;
967 1481 1049 1507 Atba-

265 1531 357 1558 na~ius
383 1534 478 1556 contra
505 1529 620 1558 hortari.
652 1528 813 1562 turbamque
839 1528 995 1558 obsecrare,
1022 1531 1050 1553 ut

264 1576 331 1603 nihi'
349 1575 538 1611 properantius
555 1578 695 1609 ageretur,
719 1561 832 1607 remque
854 1573 987 1606 tantisper
1002 1571 1051 1598 dif—
1064 1561 1084 1590 (ἶ

265 1623 383 1655 ferrent,
407 1627 433 1649 et
459 1622 546 1648 donec
569 1619 734 1654 completum
760 1625 828 1652 opus
851 1623 931 1650 esset,
951 1618 977 1645 in
991 1618 1051 1645 aliis

265 1669 388 1697 ecclesiis
400 1669 527 1696 collectas
542 1667 724 1695 celebrarent.
745 1665 789 1698 At,
812 1666 883 1700 quod
901 1664 959 1692 fere
975 1665 1005 1691 ﬁt
1024 1665 1050 1691 in

266 1717 356 1751 populi
368 1714 457 1747 turba,
467 1718 495 1740 ut
510 1712 581 1748 quod
597 1711 679 1740 semel
690 1711 938 1746 appt‘ehenderunt,
951 1717 1052 1737 emere

268 1770 300 1790 ac
315 1762 457 1797 repudiare.
472 1760 515 1786 vix
537 1759 652 1794 possint,
669 1765 839 1793 nequaquam
856 1757 894 1783 illi
913 1757 1052 1790 obtempe—

267 1812 382 1839 rarnnt;
400 1807 454 1833 imo
469 1806 555 1840 parati
571 1809 649 1832 erant
663 1811 697 1831 ex
712 1805 779 1830 urbe
793 1803 896 1837 egredi,
915 1807 942 1829 et
956 1801 990 1828 ad
1006 1802 1053 1828 de-

267 1860 338 1882 serta
355 1855 412 1881 loca
429 1852 524 1880 orandi
538 1857 620 1878 causa
638 1850 784 1885 proficisci.
803 1849 939 1876 Malebant
954 1848 1053 1883 quippe

267 1901 372 1927 itineris
392 1899 512 1933 perferre
537 1898 665 1928 laborem,
692 1903 773 1931 quam
790 1903 851 1922 cum
876 1901 994 1922 mtemre
1013 1895 1052 1920 fe-

268 1951 339 1973 stum
366 1951 504 1980 peragere.
538 1942 606 1969 Tum
634 1942 801 1968 Athanasius
827 1941 926 1976 populo
952 1948 1052 1968 morem

269 1991 362 2027 gessit,
379 1991 480 2018 veritus
495 1994 522 2016 et
539 1989 596 2022 ipse
614 1995 647 2014 ne
661 1995 723 2014 cum
738 1987 896 2014 discrimine
908 1987 970 2013 vita
989 1994 1053 2014 con-

268 2042 366 2065 ventus
377 2042 512 2070 ageretur.
529 2035 588 2068 Qua
607 2034 640 2060 de
654 2041 684 2060 re
697 2034 759 2060 item
774 2034 816 2060 vir
835 2038 946 2060 sanctus
966 2032 992 2058 in
1009 2039 1055 2059 ca-

269 2084 334 2119 pitis
358 2084 460 2110 crimen
486 2086 598 2108 vocatus
611 2084 663 2107 est.
678 2079 715 2106 Ita
732 2079 871 2111 nimirum,
886 2083 916 2104 ut
931 2078 988 2112 ipse
1006 2085 1056 2105 nec

270 2130 354 2158 semel
372 2128 559 2162 conqueritur,
584 2131 644 2154 erat
667 2130 836 2160 opportunus
851 2124 956 2151 insidiis
976 2128 1056 2158 atque

271 2175 508 2205 criminationibus
524 2173 725 2201 haereticorum.

1095 932 1164 967 aequi
1184 931 1300 965 bonique
1311 930 1441 956 rationem
1458 928 1562 960 habuit,
1586 927 1634 954 sed
1643 927 1745 957 ,exinde
1757 926 1879 952 Athana-

1096 981 1136 1008 sio
1160 987 1254 1007 necent
1270 978 1363 1013 quavis
1380 978 1441 1004 data
1473 976 1615 1004 occasione
1633 974 1802 1002 machinatus
1826 979 1877 1001 est.

1131 1027 1158 1053 5.
1188 1025 1311 1061 Synodus
1338 1024 1511 1051 Arelalensia.
1534 1022 1636 1056 Lapsus
1670 1021 1803 1048 Vincentit'
1831 1020 1883 1046 Cn-

1096 1073 1187 1107 puani.
1201 1086 1236 1092 -
1250 1070 1428 1099 Constantius
1441 1074 1501 1104 post
1517 1068 1679 1095 debellatum
1704 1068 1883 1094 exstinctum-

1097 1126 1150 1154 que
1167 1117 1350 1153 Magnentium
1369 1116 1394 1142 in
1418 1114 1521 1142 Gallias
1540 1114 1612 1140 venit
1626 1112 1678 1148 (c),
1694 1112 1856 1145 Arelateque
1867 1119 1883 1138 a

1097 1167 1141 1193 die
1164 1166 1268 1192 decima
1297 1162 1422 1191 Octobris
1450 1161 1551 1188 mensis
1566 1160 1599 1186 ad
1614 1167 1715 1186 aunmn
1744 1159 1883 1185 ineuntem

1097 1212 1150 1240 554
1168 1210 1300 1239 consedit.
1316 1209 1354 1235 Eo
1371 1209 1396 1234 in
1414 1208 1472 1234 loco
1496 1207 1628 1233 adversus
1647 1205 1825 1232 Athanasium
1851 1204 1883 1230 si-

1098 1266 1150 1293 gna
1180 1263 1278 1284 canere
1302 1259 1443 1288 coeperunt
1456 1253 1515 1288 ejus
1538 1252 1698 1283 adversarii,
1717 1258 1777 1278 cum
1798 1249 1884 1277 sancti

1099 1303 1223 1339 praesulis
1240 1302 1383 1329 abdicandi
1399 1301 1486 1336 gratia
1504 1305 1630 1326 auctores
1645 1303 1708 1325 sunt
1724 1297 1881 1332 imperatori

1103 1357 1205 1378 convoc
1214 1350 1290 1376 aridae
1305 1348 1331 1375 in
1346 1349 1395 1376 ista
1409 1348 1474 1374 urbe
1489 1346 1593 1382 synodi.
1609 1346 1758 1381 Sperabam
1771 1344 1884 1374 scilicet,

1099 1402 1233 1431 prasente
1248 1403 1279 1422 ac
1291 1395 1479 1430 patrocinante
1495 1395 1625 1427 Augusto,
1649 1392 1750 1419 inimici
1773 1390 1886 1417 arbitrio

1099 1449 1149 1469 suo
1161 1441 1307 1468 ulciscendi
1324 1440 1478 1467 facultatem
1500 1438 1558 1466 fore
1573 1438 1636 1466 sibi.
1657 1437 1695 1464 Eo
1714 1437 1790 1463 missi
1807 1443 1822 1462 a
1839 1435 1887 1462 Li-

1100 1487 1175 1515 berio
1199 1491 1261 1514 sttnt
1285 1485 1441 1513 Vincentius
1462 1485 1607 1520 Capuanus
1633 1488 1661 1511 et
1686 1482 1831 1510 Marcellus
1856 1481 1885 1507 in

1101 1533 1248 1567 Campania
1265 1532 1416 1567 episcopus.
1436 1531 1506 1558 datis
1528 1531 1688 1565 quibusdam
1711 1529 1772 1555 aliis
1786 1528 1835 1554 vix
1848 1526 1888 1554 le-

1102 1581 1273 1617 gationisque
1288 1579 1381 1606 sociis.
1398 1577 1466 1611 Quia
1482 1584 1547 1604 vero
1564 1574 1770 1608 decretunijam
1786 1573 1886 1602 fuerat,

1103 1633 1132 1654 ιιι
1152 1627 1280 1662 Aquileiae
1295 1626 1412 1661 synodus
1426 1625 1620 1654 celebraretur,
1638 1628 1690 1648 non
1711 1626 1801 1646 autem
1818 1620 1888 1645 Are-

1103 1673 1169 1707 late,
1195 1672 1361 1707 postulatum
1384 1671 1559 1702 accedebant,
1579 1668 1648 1695 utin
1667 1667 1710 1694 illa
1726 1665 1801 1699 prius
1821 1663 1888 1689 assi-

1104 1725 1182 1755 gnata
1196 1719 1263 1745 urbe
1280 1722 1460 1745 evocarentur
1481 1722 1584 1743 omnes.
1610 1713 1709 1740 Detulit
1736 1711 1799 1737 item
1823 1708 1889 1735 Vin-

1103 1754 1210 1794 centius
1225 1763 1404 1791 Orientalium
1416 1762 1533 1792 litteras,
1551 1767 1600 1787 nec
1614 1766 1666 1785 non
1680 1758 1748 1783 alias
1761 1756 1794 1782 ab
1806 1754 1889 1789 Aigy—

1103 1813 1169 1847 ptiis
1185 1810 1319 1845 episcopis
1335 1808 1472 1843 octoginta
1490 1808 1515 1833 in
1534 1806 1647 1841 gratiam
1664 1802 1806 1830 Athanasii
1821 1808 1889 1827 cou-

1104 1845 1227 1893 scrlptas.
1253 1856 1373 1891 Rogabat
1400 1861 1481 1888 porro
1510 1860 1557 1887 per
1577 1855 1699 1878 oratores
1729 1855 1794 1874 suos
1808 1845 1889 1873 Libe-

1105 1906 1172 1937 rius,
1200 1908 1229 1931 ut
1256 1904 1288 1930 de
1314 1903 1365 1930 fide
1395 1902 1481 1935 deque
1509 1897 1652 1926 Athanasii
1678 1902 1758 1922 causa
1782 1893 1889 1920 sincera

1106 1957 1195 1979 mente
1209 1955 1345 1985 ageretur,
1359 1957 1413 1984 quo
1436 1954 1500 1974 vera
1525 1944 1659 1978 nullisque
1678 1940 1794 1968 obnoxia
1815 1937 1890 1964 frau-

1105 1999 1184 2026 dibus
1199 1982 1337 2024 insidiisve
1353 1982 1403 2030 pax
1417 1998 1508 2028 posset
1525 1988 1676 2017 conciliari.
1694 1987 1769 2014 llanc
1787 1982 1888 2030 Libet-ii

1106 2043 1314 2079 postulationem
1331 2028 1475 2076 periniquo
1489 2037 1550 2064 tulit
1562 2033 1749 2064 Constantius,
1768 2035 1796 2058 ut
1811 2028 1891 2056 nullis

1107 2078 1198 2124 postea
1212 2088 1270 2123 ejus
1283 2087 1362 2114 dictis
1374 2083 1649 2116 excusationibusque
1661 2078 1780 2113 mitigari
1797 2082 1892 2110 potue-

1108 2136 1164 2168 rit;
1180 2140 1233 2162 tant
1250 2133 1333 2161 feroci
1349 2132 1476 2159 nimirum
1496 2137 1529 2157 ex
1547 2128 1684 2164 prosperis
1706 2126 1820 2153 fortunae
1844 2130 1891 2150 ca-

1107 2182 1181 2209 sibus
1194 2185 1253 2208 erat
1268 2179 1368 2206 animo.
1385 2178 1523 2206 Grandem
1548 2177 1574 2203 in
1597 2174 1740 2201 Vincentio
1765 2171 1893 2204 Capuano

305 2234 333 2261 4.
351 2232 497 2261 Calumniw
517 2231 677 2258 Arianorum
704 2229 732 2256 in
754 2227 938 2255 Athanasium.
958 2243 993 2249 —-
1009 2227 1056 2255 His
1070 2232 1093 2260 1)
1108 2235 1182 2262 spent
1194 2225 1339 2260 repositam
1356 2224 1473 2251 habebat
1488 2222 1623 2252 Liberius,
1636 2219 1707 2254 quod
1724 2218 1747 2244 is
1761 2224 1818 2244 rem
1835 2222 1895 2250 quae

270 2278 496 2309 machinamentis
508 2277 600 2304 Ariani
616 2275 765 2303 Athanasio
781 2275 894 2302 exitium
913 2275 1054 2308 parabant,

271 2327 342 2362 quod
357 2324 481 2352 videlicet
498 2327 626 2358 putarent
641 2320 787 2355 perniciem
806 2320 866 2354 ejus
884 2327 945 2346 cum
959 2327 1055 2354 magna

270 2373 411 2401 catholicae
428 2373 466 2398 rei
481 2369 636 2397 calamitate
658 2373 717 2394 esse
745 2366 927 2401 conjunclam.
954 2365 1000 2392 Nte
1017 2365 1055 2393 illi

270 2421 324 2456 jam
342 2419 491 2446 inveterata
509 2416 628 2451 priorum
645 2413 788 2441 criminum
806 2413 920 2444 invidia,
949 2411 1056 2440 Arsenii

272 2473 377 2497 necem,
394 2470 514 2490 mensam
533 2462 700 2490 subversam,
716 2459 822 2493 aliaque
838 2458 863 2485 id
879 2465 962 2493 genus
974 2457 1055 2484 missa

273 2512 392 2539 faciunt:
407 2508 586 2544 gravioraque
600 2504 758 2536 commenti,
779 2503 957 2530 Athanasium
980 2508 1056 2529 reum

273 2561 358 2592 agunt
382 2556 452 2590 apud
473 2554 665 2588 imperatorem
682 2549 730 2584 (ὁ).
760 2548 819 2576 Etsi
837 2555 917 2583 porro
934 2547 1055 2582 quaedam

272 2603 386 2632 crimina
413 2601 468 2636 jam
498 2597 672 2626 meminimus
706 2596 740 2623 ab
763 2594 872 2622 Arianis
909 2592 1058 2621 Athanasio

274 2650 376 2681 oblata,
397 2654 450 2674 non
468 2647 604 2681 ingratum
618 2641 712 2670 lectori
726 2641 790 2673 erit,
805 2641 826 2668 si
842 2647 902 2668 cum
921 2639 1058 2666 memoria:

274 2702 367 2728 causa,
387 2698 441 2720 tum
459 2697 488 2719 ut
501 2691 581 2718 liceat
594 2687 748 2723 huiusmodi
772 2686 977 2714 criminationes
998 2690 1057 2710 om-

274 2749 324 2769 nes
337 2747 391 2775 quo
404 2738 500 2766 ordine
515 2737 542 2764 in
558 2735 677 2763 medium
693 2733 781 2761 allatas
793 2736 855 2760 sunt
866 2730 961 2766 paucis
976 2728 1058 2756 intel-

310 2806 348 2878 (αἶ
362 2805 460 2833 Athan.
479 2803 555 2838 Apol.
571 2801 605 2829 ad
623 2799 818 2832 Constantium,
831 2806 858 2825 η.
874 2796 917 2823 M.

310 2844 336 2878 (b
360 2842 470 2878 Athan_.,
488 2839 553 2878 ibid.
749 2877 755 2878 γ
780 2876 793 2878 Η
836 2868 910 2878 “nu

309 2839 470 2879 (b)Atltan_.,
488 2839 553 2879 ibid.
688 2870 720 2879 η
748 2876 810 2879 mw
836 2868 910 2879 “nu
935 2866 940 2879 ε

360 2863 676 2905 ﬂaminia;manu...
688 2870 735 2898 lib.
748 2876 812 2902 xtv;
836 2868 919 2896 llilar.
935 2866 960 2893 in
976 2863 1058 2899 Frug-

1110 2273 1276 2301 tractabatur
1302 2271 1424 2306 apprime
1443 2272 1632 2304 cognosceret,
1652 2271 1680 2292 et
1702 2265 1785 2298 jndex
1807 2263 1833 2289 in
1849 2269 1895 2289 ea-

1109 2321 1169 2349 dem
1187 2327 1268 2348 causa
1284 2318 1357 2346 inter
1370 2317 1512 2351 episcopos
1527 2314 1654 2348 frequens
1670 2311 1795 2338 sedisset.
1809 2309 1895 2334 luter-

1111 2367 1199 2394 l'uerat
1220 2365 1319 2400 quippe
1343 2362 1473 2389 Romanae
1497 2360 1601 2395 synodo
1626 2365 1690 2384 ann.
1713 2355 1777 2387 542,
1800 2353 1905 2380 SardiJ

1111 2412 1184 2440 censi
1205 2398 1344 2439 annf54‘l,
1362 2412 1400 2439 et,
1415 2411 1443 2434 ut
1458 2406 1513 2433 veri
1526 2404 1635 2439 quidem
1657 2401 1747 2429 simile
1762 2404 1813 2430 est,
1837 2398 1896 2432 ipse

1110 2457 1266 2486 Vincentius
1289 2461 1345 2482 tum
1366 2454 1511 2489 presbyter
1536 2450 1652 2478 Nicena:
1678 2447 1784 2483 synodo
1811 2446 1896 2472 inter-

1109 2505 1158 2532 fuit
1183 2511 1245 2531 cum
1270 2501 1367 2528 Vitone
1395 2501 1457 2528 item
1484 2498 1655 2534 presbytero,
1676 2494 1756 2529 legati
1782 2492 1862 2520 ambo
1879 2499 1895 2518 a

1111 2551 1254 2587 Sylvcstro
1270 2548 1407 2583 pontifice.
1423 2544 1524 2573 Verum
1537 2544 1619 2571 cessit
1635 2549 1679 2569 res
1703 2546 1796 2568 contra
1813 2545 1894 2573 quam

1110 2584 1184 2625 ratus
1199 2601 1269 2624 erat.
1285 2594 1391 2622 Ardens
1403 2593 1475 2619 enim
1488 2590 1579 2618 furore
1594 2596 1626 2615 ac
1638 2585 1742 2615 scelere
1767 2585 1792 2612 in
1813 2584 1896 2611 Atha-

1105 2644 1214 2670 ~nasium
1226 2641 1402 2669 Constantius
1415 2638 1467 2673 (dt,
1480 2643 1583 2664 terrore
1599 2633 1690 2661 omnia
1708 2637 1736 2659 et
1748 2629 1893 2658 formidine

1111 2689 1239 2722 complet,
1258 2686 1386 2714 exsilium
1406 2683 1597 2711 intermittatur
1606 2678 1751 2715 episcopis,
1767 2675 1813 2710 qui
1826 2674 1895 2701 bene

1110 2720 1186 2763 multi
1198 2742 1232 2762 ex
1250 2733 1326 2761 Italia
1347 2739 1380 2759 eo
1399 2731 1610 2761 concurrerant,
1637 2725 1691 2754 nisi
1715 2720 1897 2751 Athanasium

1113 2808 1210 2834 ment.;
1226 2801 1313 2830 Hilar.
1333 2804 1425 2827 contra
1439 2797 1564 2826 Arianae.

1147 2838 1186 2874 (Δ)
1204 2837 1340 2872 Sulpicius
1361 2835 1486 2861 Severus.
