2016 3046
796 156 876 184 VITA
896 156 926 186 S.
948 157 1146 186 ATliANASll.

1710 165 1782 185 CVV“

155 220 370 256 proscriberent.
398 218 478 246 Minis
504 217 658 252 huiusmodi
683 217 786 244 fractus
813 218 943 252 perlerri-
960 221 982 248 Α
997 219 1096 252 specie,
1120 217 1275 244 tnandatum
1303 223 1350 250 per
1373 215 1476 242 italiam
1511 220 1593 242 totam
1624 217 1734 250 prodiit,
1757 220 1786 243 ut

155 273 252 302 nisque
267 266 437 296 Vincentius,
458 273 492 292 eo
515 264 619 300 appulit
650 265 783 295 animum,
809 269 837 290 nt
863 271 944 299 quem

156 314 291 340 insontem
321 311 402 338 toties
425 311 602 341 declarasset,
622 310 678 345 jam
696 317 771 337 reum
792 314 885 344 ageret
903 315 946 336 at-

155 367 209 393 que
219 358 372 385 damnaret.
391 356 424 384 Et
437 357 572 391 principio
586 356 695 390 quidem
709 356 755 383 ille
772 355 888 391 integris
902 363 946 382 re-

156 406 206 432 bus
219 403 371 439 postulabat
388 404 431 438 agi
448 403 483 429 de
499 402 606 430 ﬁde-14‘
624 403 760 438 negabant
778 403 872 429 Ariani
887 403 945 436 epi-

157 452 243 487 scopi,
260 451 338 478 reriti
363 457 397 478 ne
422 449 445 477 si
470 449 496 476 in
518 449 637 476 medium
665 449 810 476 ati‘erretur
835 450 946 476 haeresis

156 499 271 531 Ariana,
297 497 521 525 Occidentalibus
552 497 724 523 stomachum
764 495 876 528 faceret,
915 503 947 522 ac

157 544 256 572 deinde
271 548 440 578 peroptatam
456 543 506 578 ipsi
519 543 662 569 Athanasii
680 543 885 570 damnationem
899 542 946 568 im-

157 596 267 627 petrare
279 599 330 618 non
347 594 468 626 possent.
482 590 549 617 Rem
564 590 645 624 paulo
657 597 738 617 secus
751 595 846 616 narrat
871 588 947 615 Libe-

161 640 221 665 rius
240 637 288 672 (a),
308 637 409 672 legatos
425 635 564 668 videlicet,
593 635 638 663 ubi
657 635 747 671 urgeri
766 642 796 663 se
814 635 847 662 ad
863 634 948 662 Atha-

159 686 266 714 nasium
291 684 477 712 damnandum
497 690 679 718 conspexere,
702 682 880 717 spopondisse
909 680 948 707 vi-

160 741 219 760 rum
232 739 262 760 se
276 732 462 764 damnaturos,
478 730 542 757 dum
556 730 750 757 damnarentur
761 729 825 756 item
840 728 947 754 Ariani.

160 782 192 810 lli
211 789 275 810 vero
289 789 319 809 re
336 788 429 809 secum
449 780 596 807 deliberata
615 777 791 813 respondent,
809 785 861 804 non
877 783 946 811 prae-

157 830 244 857 sentis
269 835 330 856 esse
352 827 467 855 instituti
491 826 549 853 Arii
582 825 736 852 doctrinam
761 823 946 860 proscribere,

156 875 206 903 sed
232 875 266 902 de
287 874 343 902 sola
366 872 507 900 Athanasii
529 871 703 900 damnatione
718 870 772 906 agi.
789 869 857 897 Tum
872 870 947 896 deni-

159 929 214 956 que
231 920 390 949 Vincentius
401 924 473 947 tanta
487 918 660 954 imperatoris
680 916 825 944 formidine
842 916 948 949 percul-

157 975 208 995 sus
225 971 277 999 est,
293 970 426 993 utcontra
442 972 524 1000 quam
548 971 612 992 vere
637 962 782 995 sentiebat,
809 962 950 989 simularet

159 1014 340 1042 Athanasium
364 1019 394 1040 se
423 1013 565 1044 damnare,
587 1012 701 1045 ejusque
729 1009 948 1037 communionem

160 1067 297 1095 respuere.
310 1059 377 1087 Eam
396 1064 486 1086 tamen
501 1063 593 1093 postea
618 1057 750 1084 maculam
777 1056 857 1083 diluit
881 1054 948 1082 Vin-

159 1108 274 1140 cen'ius,
292 1107 336 1134 tibi
352 1112 464 1133 strenue
479 1105 643 1132 Arianorum
664 1103 811 1131 conatibus
832 1102 948 1134 obstitit,

159 1154 307 1188 abnuitque
325 1152 396 1180 actis
412 1151 630 1179 Ariminensibus
643 1148 797 1185 suﬂ‘ragari.

195 1199 223 1226 6.
241 1198 349 1225 Paulini
372 1196 532 1225 Trem'rensis
550 1197 700 1223 constantia
720 1200 745 1223 et
761 1195 894 1222 exsilium.
914 1208 949 1214 -—

160 1245 261 1273 Eadem
279 1245 304 1271 in
320 1243 425 1280 synodo
439 1243 592 1271 Arelatensi
607 1242 767 1270 fortitudine
787 1246 868 1276 atque
884 1248 950 1268 con-

159 1293 261 1319 stantia
279 1291 389 1319 emicuit
406 1289 536 1318 Paulinus
553 1289 697 1325 episcopus
708 1288 882 1316 Trevirensis
900 1288 948 1324 (ὁ),

160 1339 207 1372 qui
225 1337 370 1364 Maximino
383 1339 554 1363 successerat
567 1334 709 1362 Athanasii
727 1334 890 1362 necessario.
913 1333 947 1366 Is,

160 1392 221 1410 cum
253 1383 310 1418 pari
344 1383 488 1414 violentia,
518 1381 661 1408 intentatis
700 1381 802 1412 minis,
828 1380 949 1415 episcOpi

161 1431 253 1456 Ariani
271 1430 414 1461 instarent,
430 1429 613 1463 juberentque
628 1432 657 1454 ut
674 1434 736 1454 cum
752 1426 863 1455 Arianis
882 1427 950 1453 ami-

160 1475 253 1502 citiam
265 1475 516 1508 commnniouisqne
531 1473 686 1500 societatem
697 1473 779 1500 iniret
800 1472 847 1508 (δ),
863 1471 948 1499 Atha-

158 1522 320 1556 nasiumque
338 1521 490 1551 damnaret,
507 1519 600 1547 maluit
612 1519 806 1547 sceleratorum
826 1519 950 1546 vindictas

158 1567 314 1602 subiacere,
341 1575 420 1601 quam
439 1568 470 1593 ad
500 1567 655 1593 indecoram
680 1566 881 1593 simulationem
904 1565 983 1602 de—C

161 1615 233 1646 duci,
251 1622 280 1642 se
292 1613 434 1641 Photinum
449 1614 524 1639 aiens
536 1618 563 1640 et
574 1611 730 1640 Marcellum
746 1611 949 1643 damnatorum,

163 1669 215 1689 non
236 1661 332 1688 adduci
359 1665 448 1687 tamen
468 1665 547 1692 posse
561 1662 591 1685 ut
607 1657 798 1687 Athanasium,
815 1662 894 1690 quem
910 1655 950 1682 in-

161 1713 267 1735 sontem
282 1707 440 1734 mstimaret.
457 1705 523 1732 Cum
539 1709 630 1732 autem
645 1712 660 1731 e
673 1711 702 1730 re
718 1703 777 1730 fore
800 1710 848 1730 sua
871 1705 950 1737 puta-
984 1719 986 1721 -

163 1759 224 1781 rent
250 1753 334 1788 iniqui
371 1752 504 1782 homines,
528 1751 551 1778 si
579 1758 594 1777 a
619 1751 695 1777 tanto
722 1749 782 1776 viro
807 1748 950 1776 Athanasii

161 1798 298 1826 damnatio
328 1800 547 1832 extorqueretur,
572 1795 761 1822 blandimentis
785 1798 867 1828 atque
890 1799 952 1827 pro-

163 1845 263 1876 missis,
277 1843 386 1878 quando
400 1842 426 1869 vi
441 1841 478 1869 nil
498 1841 686 1876 impetrarent,
703 1840 729 1867 id
751 1839 878 1867 obtinere
899 1839 951 1866 nisi

162 1894 235 1918 sunt.
250 1889 303 1917 Sed
323 1897 384 1916 cum
400 1887 501 1915 l‘rustra
516 1895 545 1914 se
562 1887 691 1913 invictum
709 1885 814 1913 Paulini
830 1885 950 1912 animum

161 1941 268 1963 tentare
283 1935 531 1962 animadverterent
546 1932 598 1968 (ιι),
616 1936 645 1959 ut
665 1931 785 1958 Ecclesia
811 1931 949 1966 indignum

163 1988 244 2017 atque
268 1982 404 2009 nefarium
421 1982 447 2008 in
466 1979 592 2008 exsilium
617 1978 754 2012 deportari
772 1984 877 2005 curant.
904 1976 950 2004 lic

164 2035 254 2056 autem
269 2029 310 2055 vir
323 2027 368 2055 ille
387 2026 552 2054 fortissimus
564 2024 710 2056 exsulavit,
730 2027 759 2050 ut
782 2031 834 2051 non
849 2023 894 2050 diu
908 2031 951 2050 eo-

163 2075 223 2102 dem
247 2074 305 2101 Ioco
325 2073 474 2100 consistere
497 2071 603 2103 liceret,
624 2069 671 2097 sed
688 2077 721 2097 ex
738 2068 788 2096 alia
813 2069 840 2095 in
868 2068 949 2095 aliam

162 2121 256 2148 urbem
284 2123 414 2154 raptatus,
442 2117 531 2144 varias
559 2120 719 2152 peragraret
738 2115 889 2150 regiones:
917 2121 949 2141 eo

163 2168 289 2194 nimirum
304 2165 429 2195 consilio,
448 2169 476 2191 ut
494 2163 595 2190 fractus
611 2162 690 2189 taedio
709 2160 886 2188 diuturnioris
906 2160 950 2187 iti-

162 2214 237 2241 neris
250 2213 339 2239 animo
353 2211 520 2241 concideret,
535 2215 692 2243 moremque
706 2211 811 2242 gereret
826 2206 947 2233 Arianis.

997 263 1114 298 episcopi
1129 269 1222 290 omnes
1242 261 1421 289 Orientalium
1437 261 1580 289 sententiis
1604 262 1784 296 astipularen-

1000 315 1054 342 tur,
1071 309 1202 344 gravibus
1215 309 1243 335 in
1254 315 1303 335 eos
1317 307 1362 341 qui
1377 315 1428 335 non
1442 308 1664 342 obtemperarent
1675 307 1784 342 jactatis

997 355 1272 383 interminationibus.
1291 354 1414 381 Liberius
1431 359 1531 384 autem.
1561 354 1604 381 cui
1629 358 1685 380 tum
1709 354 1785 381 cordi

996 408 1055 430 erat
1068 403 1202 437 atquitatis
1219 409 1343 436 vermqne
1366 401 1426 428 lidei
1450 408 1530 428 causa
1553 400 1599 436 (ε),
1617 405 1729 434 accepto
1746 400 1784 427 le-

997 456 1119 483 gatorum
1134 455 1245 475 suorum
1263 448 1350 482 lapsu,
1378 451 1452 474 tanto
1481 453 1598 482 punctus
1618 452 1659 474 est
1682 446 1785 484 dolore.

998 501 1026 521 nt
1041 495 1242 530 pra‘optandam
1256 494 1306 521 sibi
1322 494 1406 520 fuisse
1426 499 1544 520 mortem
1571 497 1718 520 testaretur
1732 493 1785 519 llo-

998 542 1038 568 sio
1058 541 1221 573 rescribens,
1240 548 1321 576 quam
1338 545 1368 567 ut.
1382 541 1408 567 in
1424 539 1519 575 legatis
1539 541 1596 568 suis
1622 539 1786 567 novissimus

997 588 1117 615 omnium
1134 587 1274 614 Athanasii
1291 587 1394 614 delator
1407 586 1545 614 videretur
1568 594 1640 618 esse,
1660 591 1708 613 aut
1724 593 1787 613 sen-

998 634 1090 661 tentiis
1103 634 1248 669 Evangelia
1273 633 1482 660 adversantibus
1509 631 1658 666 astipulari.
1687 631 1727 659 Ac
1752 639 1787 659 ne

997 679 1138 714 permultis
1162 679 1297 706 Vincentii
1322 679 1414 713 lapsus
1428 678 1552 713 exemplo
1566 677 1608 705 vel
1623 677 1787 705 oil‘entliculo

999 725 1078 759 foret,
1107 725 1213 752 litteras
1239 725 1321 752 mittit
1343 726 1376 752 ad
1401 725 1575 752 C:ccilianum
1611 724 1785 759 Spoletanum

998 772 1174 807 episcopum.
1200 772 1337 798 hominem
1361 771 1518 803 cohortaris,
1548 775 1576 798 ut
1603 778 1637 797 ne
1663 777 1679 797 a
1703 770 1786 805 probo

999 818 1113 846 consilio
1132 817 1266 844 Vincentii
1296 817 1514 851 transgressione
1539 821 1718 848 evocaretur;
1739 816 1785 843 lir-

1001 870 1115 897 musque
1131 863 1290 897 persisteret
1305 863 1330 890 in
1350 862 1486 897 aequitatis
1511 868 1634 896 veraque
1657 861 1787 888 doctrinae

1001 909 1181 937 sollicitudine
1200 917 1231 936 ae
1250 909 1349 936 studio.
1367 908 1400 935 Et
1424 915 1490 935 vero
1517 908 1552 934 ad
1574 914 1701 942 magnum
1721 907 1784 934 item

1001 955 1111 983 Hosittm
1126 955 1173 982 dat
1192 955 1309 987 litteras,
1328 954 1471 989 deplorans
1495 953 1644 988 legatorum
1671 952 1786 987 lapsum.

1000 1001 1086 1034 Quem
1113 1001 1237 1034 llosium,
1255 1009 1305 1029 ceu
1330 1000 1474 1035 quamdam
1493 999 1619 1027 Ecclesia:
1633 998 1787 1026 columnam

1000 1047 1183 1082 suspiciebant
1209 1051 1264 1074 tum
1285 1046 1416 1073 universi.
1441 1045 1543 1072 Praeter
1563 1044 1621 1072 Ι]ωο
1643 1048 1735 1072 autem
1754 1044 1788 1072 de

1000 1094 1106 1128 integro
1129 1097 1253 1120 oratores
1283 1093 1316 1119 ad
1339 1091 1528 1120 Constantium
1553 1090 1699 1118 mittendos
1723 1097 1788 1118 cen-

999 1139 1053 1167 suit
1082 1139 1128 1175 (f),
1161 1139 1315 1166 Luciferum
1341 1146 1437 1172 nempe
1460 1136 1653 1169 Calaritanum,
1674 1136 1719 1172 qui
1742 1136 1788 1164 Li-

999 1185 1103 1212 berium
1119 1184 1223 1215 adiens,
1243 1191 1304 1211 sese
1320 1183 1390 1209 ultro
1409 1182 1534 1217 legationi
1553 1183 1586 1208 ad
1599 1181 1786 1210 Constantium
1813 1191 1816 1195 ι

999 1230 1130 1258 obeunda;
1151 1230 1299 1262 obtulerat,
1322 1228 1495 1256 Pancratium
1512 1227 1683 1264 (Eutropium
1709 1231 1788 1254 vocat

999 1276 1176 1311 Athanasius)
1206 1276 1404 1311 presbyterum,
1427 1279 1455 1302 et
1482 1274 1614 1301 Hilarium
1641 1273 1787 1300 diaconum

999 1330 1060 1350 cum
1075 1322 1189 1357 epistola
1207 1321 1240 1348 ad
1254 1321 1417 1355 Augustum,
1432 1320 1504 1347 datis
1523 1319 1588 1347 item
1608 1319 1716 1352 litteris,
1730 1318 1786 1346 Eu-

1001 1369 1076 1397 sebio
1103 1367 1266 1396 Vercellensi
1296 1367 1392 1394 eodem
1412 1366 1518 1398 itinere,
1547 1369 1694 1400 antequam
1718 1363 1788 1392 Con-

1001 1415 1130 1443 stantium
1145 1414 1261 1445 adirent,
1281 1412 1439 1440 tradendis:
1457 1411 1534 1446 cujus
1547 1411 1598 1438 hoe
1621 1415 1681 1438 erat
1707 1417 1787 1445 argu-

1001 1466 1132 1494 mentum,
1147 1460 1245 1488 solatio
1269 1467 1330 1488 esse
1353 1459 1406 1487 sibi
1424 1458 1550 1485 invictam
1566 1456 1627 1492 ejus
1642 1456 1720 1484 iidem
1736 1457 1786 1491 (α),

1000 1509 1072 1544 quod
1096 1514 1161 1535 sane
1174 1507 1345 1534 commodum
1370 1509 1605 1540 opportunumque
1630 1503 1786 1530 accedebat.

1001 1555 1068 1582 Nam
1084 1559 1144 1589 post
1162 1552 1296 1580 Vineentii
1322 1559 1425 1583 casutn,
1441 1550 1625 1578 Orientalibus
1644 1550 1786 1583 obtempe-

1003 1605 1110 1627 raturos
1132 1598 1217 1626 fuisse
1241 1598 1358 1632 reliquos
1383 1604 1431 1631 per
1451 1596 1554 1623 Italiam
1569 1595 1788 1631 episcopos,nisi

1002 1645 1197 1681 superveniens
1208 1643 1316 1672 Luciler
1331 1651 1365 1670 ex
1381 1642 1518 1673 Sardinia,
1536 1641 1582 1676 qui
1600 1641 1683 1676 probe
1707 1644 1788 1668 norat

1002 1700 1096 1719 eorum
1109 1692 1135 1718 in
1151 1691 1329 1718 Athanasium
1351 1689 1480 1716 invidiam
1496 1693 1577 1723 atque
1590 1686 1786 1722 implacabilem

1002 1739 1083 1772 iram,
1096 1746 1157 1766 sese
1169 1739 1313 1767 obtulisset
1328 1737 1361 1764 ad
1373 1737 1535 1772 legationem
1551 1735 1621 1769 apud
1634 1735 1787 1768 Augustum

1001 1786 1166 1817 obeundam,
1181 1784 1366 1820 postulaturus
1393 1781 1562 1810 celebrandae
1581 1779 1677 1815 synodi
1700 1778 1788 1806 facul-

1003 1837 1097 1860 tatem.
1122 1831 1209 1867 ﬂogat
1232 1839 1281 1859 sua
1305 1836 1450 1858 suorumve
1471 1835 1553 1862 opera
1574 1826 1702 1854 Lucifero
1713 1825 1746 1853 ad
1761 1825 1787 1852 id

1002 1878 1200 1913 impetrandum
1227 1877 1297 1904 ierat
1319 1882 1396 1910 opem
1417 1883 1424 1907 ;
1449 1882 1505 1901 rem
1533 1873 1656 1908 pluribus
1678 1871 1782 1906 legatos

1001 1924 1052 1958 ipsi
1067 1929 1234 1951 narraturus.
1258 1921 1417 1948 timrstantio
1440 1926 1530 1947 autem
1551 1920 1671 1954 Augusto
1688 1919 1787 1945 litteris

1001 1970 1183 2006 signiﬁcabat,
1198 1976 1273 2004 spem
1296 1968 1382 1995 fuisse
1398 1967 1450 1994 sibi
1465 1973 1479 1992 a
1492 1965 1650 1994 Christiano
1669 1965 1788 1999 impera-

1002 2023 1060 2045 tore
1071 2021 1098 2044 et
1109 2014 1280 2044 Constantini
1299 2014 1355 2041 [ilio
1375 2012 1508 2048 postulata
1526 2010 1698 2039 concedenda
1718 2009 1787 2041 fore,

1001 2064 1051 2091 nisi
1067 2066 1257 2096 exasperatum
1273 2060 1333 2095 ejus
1348 2067 1415 2094 erga
1434 2065 1464 2085 se
1487 2057 1607 2084 animum
1631 2060 1787 2092 arguerent.

1000 2114 1060 2142 quae
1079 2107 1115 2134 ad
1131 2113 1160 2133 se
1183 2105 1357 2132 lacerandum
1382 2103 1482 2138 populo
1505 2102 1635 2130 misisset.
1661 2100 1788 2128 Miracqu

999 2159 1060 2180 esse
1073 2153 1124 2180 sibi
1147 2159 1162 2179 a
1181 2156 1234 2179 tam
1250 2151 1387 2179 clemente
1405 2149 1529 2185 principe
1556 2147 1706 2183 proiectam
1730 2154 1786 2173 rem

998 2199 1140 2234 ejusmodi.
1156 2198 1252 2227 Veram
1270 2205 1300 2225 se
1314 2204 1376 2225 cum
1402 2196 1567 2230 imperatore
1580 2201 1672 2229 pacem
1699 2193 1789 2227 requi-

164 2259 231 2285 Dnm
249 2258 271 2284 vi
291 2256 446 2291 compulsus
462 2256 540 2282 sedes
552 2254 668 2281 subinde
691 2256 854 2284 connnutat,
875 2251 901 2278 in
917 2258 948 2278 ea
964 2254 986 2281 ι)
1002 2253 1071 2278 rere,
1087 2253 1139 2272 non
1154 2245 1243 2272 lictam
1256 2248 1283 2270 et
1298 2242 1464 2270 simulatam.
1476 2240 1535 2268 Non
1552 2239 1693 2266 Athanasii
1709 2238 1788 2264 modo

159 2304 270 2330 demum
288 2302 346 2330 loca
363 2300 474 2336 appulit,
494 2300 537 2328 tibi
555 2298 620 2327 Iesu
642 2298 745 2325 Christi
770 2305 869 2324 nomen
896 2306 947 2324 non

160 2349 311 2380 colebatur,
326 2348 353 2374 in
370 2347 512 2382 Phrygiam
538 2345 640 2373 scilicet
664 2343 891 2371 Montanistarum
905 2350 946 2369 cr.

164 2396 271 2422 roribus
289 2394 425 2421 refertam.
442 2393 504 2420 Erat
521 2391 656 2427 siquidem
681 2391 763 2425 impia
781 2397 858 2417 mens
872 2389 947 2416 nefa-

161 2442 287 2476 riumque
313 2440 454 2468 consilium
477 2439 652 2471 Arianorum,
676 2441 703 2463 ut
725 2436 767 2464 vel
790 2436 862 2463 fame
887 2435 948 2462 istic

162 2487 297 2519 interiret,
311 2486 353 2514 vel
367 2486 481 2521 pollutos
499 2483 674 2511 exsecrandis
685 2482 804 2510 Montani
821 2486 848 2509 et
861 2481 946 2508 Maxi-

159 2533 242 2561 milla:
256 2533 350 2560 ritibus
364 2532 449 2564 cibos,
459 2530 570 2565 penuria
584 2533 708 2564 cogente,
719 2528 890 2561 cometleret;
903 2525 948 2561 qui

161 2581 282 2611 demum,
296 2586 348 2605 non
366 2578 466 2604 fractus
483 2576 584 2606 animo,
601 2574 648 2601 sed
660 2573 749 2601 inedia
762 2573 948 2606 aermnnisque

159 2627 325 2656 debilitatus,
337 2625 476 2652 confessor
488 2628 515 2649 et
534 2621 610 2650 exsul
624 2619 753 2648 occubuit
765 2627 835 2646 attno
850 2618 913 2645 558.

196 2673 270 2699 ANNO
289 2672 352 2698 53L
371 2685 407 2690 —
421 2671 448 2697 1.
471 2668 569 2695 Liberii
587 2672 659 2703 gesta
681 2665 821 2692 Athanasii
853 2673 946 2691 causa.

158 2733 197 2739 —
221 2718 282 2745 Post
304 2717 488 2745 Arelatensem
508 2714 651 2750 synodum,
667 2712 742 2748 pacis
770 2711 948 2739 conciliandae

197 2805 236 2841 (η)
254 2805 341 2841 llilar.
354 2804 476 2841 [θημιὲ
496 2803 549 2841 eoi.
564 2801 643 2841 i332.

195 2835 234 2879 {0),
247 2840 394 2879 litarcellin.
408 2835 433 2879 ξι
445 2838 581 2879 Faust_in.,
599 2838 626 2864 in
645 2835 755 2864 Libello.

192 2874 231 2911 {ej
248 2875 369 2902 Historia
381 2875 415 2901 ad
428 2874 580 2911 alanna/tos.

192 2908 235 2946 (at
253 2911 350 2942 llilar.,
367 2910 418 2937 col.
435 2908 514 2936 1282.

342 2959 480 2990 PATROL’.
501 2958 558 2988 Gn.
580 2957 682 2988 XXV.

1002 2299 1082 2319 causa
1098 2291 1189 2318 haberi
1207 2290 1339 2325 synodum
1357 2293 1485 2322 oportere
1500 2295 1508 2320 ;
1527 2286 1574 2313 sed
1598 2285 1650 2312 alia
1678 2291 1787 2318 quoque

1004 2338 1087 2366 nmlta
1107 2338 1209 2364 instare
1225 2336 1342 2371 negotia,
1362 2340 1442 2369 atque
1456 2334 1482 2361 in
1495 2333 1590 2368 primis
1607 2331 1641 2358 de
1655 2338 1717 2358 vera
1734 2330 1787 2356 ﬁde

1003 2392 1064 2412 esse
1079 2384 1224 2419 agendum.
1241 2383 1306 2409 Rem
1331 2381 1390 2416 ejus
1411 2380 1526 2415 imperio
1548 2379 1657 2414 dignam
1673 2384 1744 2409 esse,
1760 2382 1789 2403 ut

1001 2437 1041 2459 tot
1068 2430 1281 2464 disceptationes
1312 2429 1391 2455 tinent
1419 2428 1571 2454 inveniant.
1597 2425 1694 2452 Multos
1727 2430 1789 2450 esse

1002 2478 1177 2506 discidiorum
1195 2475 1368 2511 percupidos,
1394 2474 1439 2508 qui
1466 2481 1495 2500 se
1524 2473 1630 2499 litteras
1656 2469 1787 2505 quasdam

1002 2524 1152 2552 occultasse
1166 2523 1358 2554 mentirentur,
1373 2529 1426 2556 quo
1443 2523 1554 2554 possent
1568 2518 1652 2546 latere
1670 2515 1787 2544 crimina

1002 2569 1123 2598 damnati
1145 2568 1207 2599 viri,
1228 2574 1324 2601 nempe
1351 2565 1505 2593 Athanasii.
1532 2563 1567 2590 Se
1594 2563 1655 2590 illas
1678 2561 1787 2595 quidem

1002 2615 1142 2649 evulgasse
1154 2614 1267 2644 litteras,
1281 2612 1379 2646 legisse
1393 2610 1525 2641 ecclesia),
1540 2609 1639 2643 legisse
1652 2606 1786 2638 concilio;

1004 2661 1114 2688 minime
1132 2666 1221 2686 tamen
1233 2658 1266 2686 iis
1281 2658 1409 2685 habuisse
1423 2656 1513 2687 iidem,
1528 2655 1600 2689 quod
1623 2657 1730 2688 putaret
1743 2659 1788 2679 oc-

1004 2707 1106 2742 toginta
1129 2705 1316 2740 episcoporum
1337 2703 1371 2730 de
1397 2701 1548 2729 Athanasio
1570 2699 1732 2728 sententiam
1751 2697 1786 2725 iis

1035 2796 1069 2832 (ε)
1084 2795 1176 2822 Hilarii
1194 2794 1362 2832 Fragment"
1379 2791 1527 2832 col.155l.

1063 2825 1070 2865 )
1088 2831 1187 2858 Athan.
1206 2825 1277 2855 Hist.
1289 2828 1383 2865 {it-51m.
1401 2828 1434 2865 σιμ
1450 2827 1603 2860 monachos,
1617 2833 1645 2854 n.
1660 2825 1706 2852 Μ,

1049 2837 1070 2866 Ι)
1088 2837 1187 2858 Athan.
1206 2837 1277 2855 mat.
1289 2837 1383 2855 manu.
1401 2837 1434 2853 aa

1036 2837 1072 2903 ἓν)
1088 2866 1198 2898 itarem,
1214 2872 1278 2891 ann.
1293 2863 1356 2897 355,
1371 2872 1396 2889 ιι.
1410 2863 1437 2890 2.

1648 2947 1671 2975 1t
