2016 3046
264 163 345 185 CXVIII

923 158 1154 188 PROLEGOMEN
1159 159 1188 186 Α.

264 223 324 244 esse
349 215 561 243 anteferendam.
586 215 623 243 Ea
639 216 740 250 scripta
757 217 883 246 detulisse
896 218 1040 247 Eusebium
1057 223 1079 250 Α
1093 219 1180 246 stilum
1208 222 1268 245 vota
1295 215 1507 247 concurrebant;
1535 213 1580 247 qui
1604 211 1755 240 Constantii
1779 219 1830 248 ope
1847 217 1877 241 et

265 262 421 296 quemdam,
454 262 499 296 qui
526 262 578 288 iter
608 261 634 288 in
657 261 776 295 Africam
803 263 924 296 haberet,
948 265 1042 291 eadem

265 307 399 334 Arelatem
412 307 556 342 pertulisse
569 307 738 335 Vincentium
759 309 928 343 Capuanum.
942 309 1044 337 Exinde

265 361 340 386 vero,
355 358 383 380 ut
397 353 507 380 crimina
530 353 667 387 propulset
692 354 762 389 apud
780 354 968 382 Constantium
991 355 1044 382 sibi

265 401 367 432 oblata,
395 408 424 427 se
442 400 602 428 testiﬁcatur
621 401 687 428 nihil
710 408 742 428 ex
767 403 911 429 temerario
927 404 1043 437 quodam

266 447 368 478 furore,
386 446 452 473 nihil
470 453 516 480 per
527 446 686 481 jactantiam
702 451 749 474 aut
763 447 854 479 gloria:
868 448 1043 482 cupiditatem

266 493 397 519 hactenus
413 492 580 520 admississe.
597 491 712 519 Invitum
724 500 754 520 se
768 494 800 520 ad
815 493 930 521 delatam
953 495 1043 521 sedem

267 538 487 573 pontificiumque
508 546 604 564 ntttnus
627 538 786 571 accessisse,
805 546 882 566 suum
904 540 959 574 jam
984 547 1045 567 esse

266 593 327 613 cum
352 585 448 612 timore
471 585 516 611 Dei
545 585 636 612 omnia
654 592 793 620 peragere,
812 593 844 613 ac
869 593 967 613 curare
992 594 1044 613 non

265 639 325 661 sua.
353 630 400 657 sed
425 630 571 664 apostolica
595 635 695 657 statuta
716 631 839 664 servari;
859 639 887 658 se
905 632 968 658 nihil
983 631 1045 666 jura

266 676 380 702 Romani
403 677 573 710 episcopatus
596 676 688 708 minui,
714 676 781 703 nihil
806 677 897 712 augeri
913 685 972 705 esse
989 685 1046 712 pas-

265 730 337 754 sutn,
352 722 484 756 ﬁdemque
500 729 590 748 veram
605 722 733 759 illibatam
751 724 879 751 custodiri
895 731 924 751 se
939 731 1046 758 semper

265 773 404 802 exoptare.
422 767 580 802 Signiﬁcare
597 768 705 802 quidem
717 768 882 800 Orientales,
908 776 1001 803 pacem
1017 777 1046 797 se

266 820 327 839 cum
344 812 452 839 Liberio
467 818 493 839 et
511 821 571 839 cttnt
593 813 812 841 Occidentalibus
835 814 936 841 habere
955 814 1044 847 velle;

265 859 312 885 sed
328 858 427 884 nullam
439 866 500 885 esse
511 866 588 893 posse
603 866 663 885 cum
679 859 841 890 hominibus,
855 867 967 893 quorum
985 866 1046 885 ora-

1097 264 1256 290 auetoritate
1271 262 1343 294 freti,
1356 268 1385 288 se
1398 260 1463 288 nihil
1481 267 1534 286 non
1548 259 1574 286 in
1589 258 1691 293 synodo
1706 265 1754 292 pro
1766 257 1878 286 libidine

1097 313 1124 334 et
1137 307 1248 334 arbitrio
1262 313 1312 334 suo
1324 309 1515 332 consecuturos
1527 304 1681 338 sperabant.
1693 302 1800 337 Resque
1812 311 1878 330 sane

1098 353 1209 387 contigit
1224 357 1253 379 ut
1274 350 1450 386 peroptabant
1468 350 1529 384 ipsi.
1550 349 1577 376 In
1592 356 1690 375 annum
1707 349 1797 383 itaque
1814 357 1878 383 pro-

1098 398 1169 425 xime
1183 402 1340 432 sequentem
1361 396 1507 430 imperator
1523 395 1654 430 synodum
1669 395 1763 422 indicit
1777 395 1878 423 Medio-

1097 445 1151 472 lani
1166 443 1365 471 celebrandam.

1131 491 1159 517 4.
1183 489 1253 516 Galli
1269 497 1347 515 mors.
1361 502 1395 508 -—
1409 487 1465 514 Hoc
1479 494 1549 522 anno
1561 485 1652 513 Gallus
1668 485 1759 513 Casar
1776 486 1808 513 de
1823 493 1877 513 ca:-

1098 535 1176 562 dibus
1197 534 1311 568 aliisque
1334 533 1472 560 maleﬁciis
1495 532 1599 559 delatus
1621 532 1655 558 ad
1678 532 1877 562 Constantium,

1097 581 1173 615 jussu
1187 580 1246 615 ejus
1258 579 1345 614 capite
1358 583 1495 606 truncatus
1507 585 1600 612 poenas
1613 577 1671 604 luit.
1683 576 1804 604 Julianus
1815 584 1878 604 vero

1099 627 1184 652 frater
1202 625 1260 658 ejus
1275 625 1300 651 in
1316 632 1449 651 suntntttnt
1465 623 1560 656 capitis
1574 623 1718 649 discrimen
1737 622 1820 654 vertit,
1835 622 1877 648 vix

1100 674 1242 707 impetrata
1255 680 1269 699 a
1280 671 1437 699 Constatttio
1449 669 1640 696 incolumitate.
1653 669 1676 696 ls
1691 669 1747 703 ipse
1757 668 1880 695 Julianus

1099 723 1150 749 est,
1165 719 1210 753 qui
1229 718 1263 744 ad
1285 716 1425 751 imperiuut
1448 721 1540 750 postea
1557 719 1677 747 evectus,
1693 722 1708 741 a
1724 714 1878 742 Christiana

1100 764 1228 797 religione
1245 764 1277 790 ad
1299 762 1445 798 gentilitios
1463 762 1531 788 ritus
1551 761 1688 793 deﬁciens,
1706 761 1826 795 ingentes
1842 761 1881 788 itt-

1100 809 1161 836 tulit
1174 809 1301 836 Ecclesia:
1317 808 1493 835 calamitates.

1133 855 1160 881 5.
1181 853 1279 880 Missus
1297 854 1343 888 qui
1365 852 1543 879 Athanasium
1559 851 1721 884 deturbant,
1742 851 1848 885 pellitur
1864 859 1880 878 α

267 908 340 930 tores
358 908 420 931 ante
444 911 530 930 annos
550 909 612 931 octo
639 904 781 932 Mediolani
809 904 966 931 abnuissent
987 904 1043 931 Arii
1062 899 1081 926 B
1094 900 1211 934 plebe.-—
1219 899 1246 926 Si
1257 899 1322 926 fides
1338 904 1378 926 est
1395 898 1544 925 Sezomeno
1558 897 1608 932 (tt),
1623 904 1693 924 anno
1706 901 1765 932 post
1778 896 1880 924 delatas

265 949 426 976 sententiam
448 949 629 983 proscribere.
647 949 783 984 Erantque
801 949 818 976 ii
837 948 916 984 legati
929 954 1045 983 quatuor

265 994 383 1029 episcopi
401 994 491 1021 Ariatti
507 995 686 1028 Demophilus.
699 994 881 1024 Macedonius,
894 993 1042 1027 Eudoxius,

265 1044 292 1066 et
307 1038 460 1074 Martyrius.
480 1039 536 1066 Non
556 1047 616 1066 esse
635 1047 732 1066 novum
748 1040 818 1074 qttod
833 1039 888 1073 jam
901 1041 1046 1067 occasione

267 1085 382 1112 nominis
414 1085 553 1111 Athanasii
591 1085 769 1112 moliebantur
797 1084 901 1110 Ariani.
934 1084 1046 1111 Exstare

266 1131 365 1165 quippe
388 1131 490 1157 litteras
509 1130 653 1157 Alexandri
680 1130 851 1157 Alexandria:
875 1129 994 1164 episcopi
1011 1129 1045 1155 ad

267 1177 435 1212 Sylvestrum
455 1176 520 1203 olim
543 1175 727 1210 conscriptas,
754 1175 854 1210 quibus
877 1175 1047 1210 signiﬁcabat

267 1222 390 1249 undecim
407 1227 460 1248 tam
479 1223 651 1256 presbyteros
670 1228 749 1255 quam
763 1220 903 1253 diaconos,
917 1220 987 1255 quod
1000 1228 1047 1247 es-

268 1271 329 1294 sent
353 1266 408 1292 Arii
434 1267 572 1294 erroribus
592 1265 747 1300 conspersi.
770 1273 785 1292 a
810 1272 840 1293 se
853 1264 971 1292 Ecclesia
992 1265 1047 1299 eje-

266 1316 324 1339 ctos
341 1312 482 1343 fuisse;ex
495 1319 608 1346 quorum
622 1317 732 1337 numero
744 1310 852 1344 quidam
873 1315 1045 1343 superessent

266 1357 311 1391 qni
330 1357 433 1392 privata
449 1362 525 1384 extra
549 1357 692 1384 ecclesiam
707 1355 884 1383 conciliabula
903 1355 1045 1388 haberent,

267 1402 364 1437 quibus
381 1408 439 1429 erat
451 1403 582 1430 societate
597 1411 629 1429 ac
642 1402 832 1429 communione
844 1399 954 1436 junctus
965 1400 1047 1428 Geor-

266 1448 328 1483 gius
342 1448 493 1482 episcopus,
510 1453 539 1474 ut
551 1447 657 1474 videtur
672 1447 849 1474 Laodicenus.
866 1446 972 1474 Nullan:
986 1455 1046 1475 esse

267 1501 359 1529 pacem
373 1501 463 1528 posse,
479 1494 502 1521 si
516 1493 615 1520 talibus
642 1492 795 1520 hominibus
820 1499 952 1528 cogantur
969 1494 1047 1520 obse-

267 1540 313 1575 qui
329 1540 388 1567 ltali
408 1540 537 1574 episcopi.
552 1539 591 1566 Ex
607 1539 741 1566 Vincentii
759 1543 786 1566 et
799 1540 933 1566 sociorum
950 1538 1046 1565 litteris

1097 953 1112 972 a
1133 945 1260 972 Montano
1278 944 1468 972 Alexandriam
1484 944 1588 970 litteras
1601 943 1791 977 subsequente,
1805 943 1879 970 scili-

1096 995 1138 1018 cet
1159 992 1208 1018 ltoc
1222 998 1291 1018 anno
1312 990 1374 1022 554,
1392 995 1501 1022 testate,
1524 990 1590 1016 alter
1610 990 1643 1016 ab
1660 990 1822 1024 imperatore
1834 996 1879 1016 ca-

1096 1037 1155 1063 dent
1185 1036 1217 1064 de
1242 1044 1322 1064 causa
1345 1037 1442 1063 missus
1458 1035 1660 1067 Alexandriam,
1674 1043 1728 1062 una
1748 1043 1808 1063 cum
1823 1043 1880 1062 nta-

1096 1083 1252 1118 gistratibus
1273 1083 1357 1114 urbis,
1383 1082 1562 1109 Athanasiqu
1579 1082 1692 1116 urgebat
1717 1086 1746 1108 ut
1771 1081 1880 1108 civitate

1096 1130 1250 1161 decederet,
1266 1129 1511 1164 gravissimumque
1524 1128 1630 1156 clericis
1649 1127 1706 1161 ejus
1720 1128 1818 1155 bcllutn
1835 1127 1878 1154 itt-

1096 1175 1211 1202 dixerat.
1232 1176 1267 1202 At
1281 1183 1341 1202 cum
1363 1175 1504 1209 populares
1523 1174 1580 1209 ejus
1600 1174 1711 1209 appulsu
1729 1179 1809 1209 atque
1829 1173 1879 1200 itit-

1098 1227 1158 1256 petu
1175 1221 1310 1256 perterriti
1328 1221 1507 1256 respirassent
1526 1229 1540 1247 a
1555 1226 1626 1247 metu
1643 1220 1767 1255 pristino,
1784 1220 1879 1246 adver-

1097 1269 1172 1302 sique
1178 1272 1205 1295 et
1212 1268 1245 1294 ad
1256 1275 1369 1302 pugnant
1379 1267 1502 1294 instructi
1511 1267 1701 1298 consisterent,
1709 1266 1879 1300 imperatoris

1098 1314 1325 1348 legatusmetnens
1333 1313 1490 1340 seditionem
1509 1320 1540 1340 ac
1549 1312 1660 1344 credent,
1671 1319 1699 1339 re
1712 1312 1810 1339 infecta
1825 1310 1879 1338 dis-

1097 1359 1188 1386 cessit.
1201 1359 1237 1386 Eo
1248 1359 1297 1386 loci
1308 1358 1376 1393 apud
1394 1357 1572 1385 Sozontenum
1583 1358 1723 1392 perspicuo
1731 1358 1795 1384 vitio
1807 1357 1881 1383 labo-

1099 1410 1139 1432 rat
1147 1404 1242 1432 Valesii
1251 1404 1507 1439 interpretatio.ll:cc
1513 1404 1610 1439 quippe
1617 1404 1707 1435 verba,
1714 1403 1785 1438 τῷδὲ
1792 1404 1882 1437 ἐπιγε-

1100 1451 1203 1487 νομένῳ
1218 1451 1291 1486 θέρει
1303 1450 1520 1486 παραγενόμενος
1533 1450 1624 1486 ἕτερος
1632 1451 1664 1477 ὲκ
1675 1449 1815 1485 βασιλέως,
1833 1449 1880 1475 σὺν

1096 1498 1153 1529 τοῖς
1161 1498 1188 1524 ὲν
1195 1497 1233 1532 τῷ
1241 1497 1310 1524 ἔθνει
1323 1497 1446 1532 ἄρχουσι,
1459 1497 1623 1532 κατήπειγεν
1637 1495 1717 1523 αὑτὸν
1726 1495 1879 1530 ὲξιέναιτῆς

1099 1542 1210 1574 πολέως,
1224 1544 1258 1568 ita
1268 1542 1522 1576 interpretaturille:
1535 1540 1661 1576 Sequente
1673 1546 1762 1568 wrtate
1777 1540 1879 1567 alterab

266 1585 403 1620 propalam
425 1593 496 1618 esse,
521 1590 624 1612 terrore
648 1586 720 1620 ipsos
743 1584 881 1619 animique
905 1585 1047 1619 perturba~
1060 1574 1081 1602 θ
1100 1588 1255 1621 imperatore
1270 1588 1365 1614 missus
1380 1595 1438 1614 cum
1450 1587 1591 1622 provincia:
1607 1587 1752 1614 rectoribus
1770 1587 1881 1613 Alexan-

269 1633 351 1664 tione,
369 1639 421 1658 non
438 1631 547 1666 proprio
560 1631 672 1659 consilio
683 1631 830 1659 descivisse
843 1632 877 1658 ad
889 1631 1048 1658 sententiam

267 1677 444 1706 Orientalium
464 1686 472 1704 :
497 1678 670 1712 proposuisse
693 1682 782 1704 tamen
807 1683 836 1705 ut
860 1677 904 1704 alii
931 1677 1049 1712 episcopi

269 1723 398 1750 Arianam
415 1723 539 1750 haeresim
561 1723 775 1758 proscriberent,
792 1723 839 1750 sed
857 1722 990 1757 repulsam
1007 1727 1049 1749 tu-

269 1769 343 1796 lisse.
370 1768 502 1797 Obsecrat
527 1769 633 1796 dentum
654 1768 777 1796 Liberius
797 1769 1000 1803 imperatorem,
1021 1772 1050 1794 ιιι

269 1815 363 1841 isthaac
381 1815 489 1849 negotia
503 1818 580 1841 curet
596 1815 790 1848 provideatque
815 1815 840 1840 in
866 1813 970 1849 synodo
992 1813 1049 1848 agi-

269 1860 319 1886 tari
336 1869 342 1886 :
359 1859 462 1894 legatos
477 1866 541 1885 suos
556 1858 724 1890 Luciferum,
743 1858 914 1886 Pancratium
933 1863 960 1886 et
975 1858 1049 1885 llila-

268 1905 337 1931 rittnt
352 1905 515 1939 pcrhenigne
528 1904 649 1938 recipiat,
669 1905 854 1938 concedatque
879 1903 1048 1931 celebranda:

268 1951 363 1986 synodi
376 1950 541 1976 facultatem.

303 1995 330 2021 ‘2.
350 1995 481 2022 Proiectis
497 1999 586 2021 autent
601 1994 705 2028 legatis,
726 1994 832 2022 litteras
852 1994 987 2026 Liberius,
1001 1994 1050 2022 Ca-

265 2040 374 2075 lepodio
402 2041 516 2075 quodam
546 2040 696 2072 deferente,
726 2040 759 2067 ad
785 2041 932 2068 Eusebium
958 2040 1049 2070 misit;

269 2093 433 2123 rogatusque
458 2087 627 2118 tabellarius,
659 2091 689 2113 ut
715 2087 830 2114 Eusebio
853 2092 948 2113 auctor
977 2092 1050 2114 esset

269 2141 330 2161 cum
350 2133 446 2168 legatis
463 2133 496 2159 ad
510 2133 698 2160 Constantium
720 2133 917 2167 proﬁciscendi.
935 2132 1050 2168 Legatos

269 2183 357 2206 autem
373 2178 502 2205 Eusebius
515 2177 646 2206 Vercellis
660 2178 808 2206 honoriﬁce
827 2179 992 2213 comiterque
1005 2186 1051 2205 ex-

269 2225 342 2259 cipit.
375 2225 424 2252 vim
448 2224 525 2258 juxta
547 2228 627 2260 atque
653 2224 798 2259 legationis
820 2224 946 2252 comitem
969 2223 1048 2251 oll‘ert

268 2278 339 2298 sese.
358 2270 465 2298 Liberio
481 2271 626 2306 signiﬁcat,
640 2271 820 2298 libentissime
834 2278 864 2298 se
878 2271 942 2298 huic
968 2279 1048 2304 nego-

270 2318 307 2345 tio
323 2318 388 2344 dare
404 2324 526 2352 operam,
546 2323 595 2344 nec
613 2317 766 2344 defuturum
789 2316 888 2349 ofﬁcio,
910 2316 1048 2348 Ecclesiae,

270 2362 402 2390 Lucifero.
427 2362 474 2390 Cui
499 2370 560 2389 mox
586 2363 709 2389 rescribit
733 2362 867 2394 Liberius,
885 2363 1002 2397 gaudere
1017 2370 1048 2390 se

269 2415 302 2434 ex
316 2408 405 2436 animo
419 2407 488 2442 quod
506 2408 563 2441 ejus
579 2407 678 2441 negotii
694 2414 786 2434 curant
809 2408 967 2442 susciperet,
989 2415 1049 2442 spe-

269 2460 331 2480 rare
344 2452 457 2480 multutn
472 2460 527 2480 rem
542 2452 600 2485 ejus
612 2452 794 2479 sollicitudine
820 2452 936 2480 feliciter
950 2460 1048 2487 geren-

270 2499 349 2526 dam:
364 2498 506 2532 scripsisse
519 2496 715 2524 Fortunatiano
729 2497 906 2532 Aquileicnsi,
923 2505 957 2525 ex
970 2497 1046 2531 cujus

270 2544 333 2571 item
352 2544 468 2571 consilio
485 2548 565 2578 atque
583 2550 664 2577 opera
682 2543 856 2578 impetrandae
872 2544 967 2578 synodi
987 2551 1048 2578 spes

269 2590 420 2617 accederet.

304 2635 330 2662 3.
348 2635 472 2670 Synodus
488 2635 688 2662 Madiolanemis
706 2635 841 2662 indicitur.
857 2650 891 2654 —
907 2635 997 2670 Neque
1012 2639 1049 2662 ta-

270 2688 330 2708 men
347 2686 428 2708 tanta:
448 2683 498 2708 fuit
516 2690 604 2716 operte
619 2682 748 2717 synodum
769 2683 922 2715 impetrare,
942 2686 1049 2715 quanta:

270 2728 380 2754 rebatur
394 2727 516 2755 Liberius
532 2737 538 2754 :
555 2736 615 2755 ttattt
630 2736 663 2755 eo
678 2728 838 2754 Arianorum
860 2734 966 2761 quoque
979 2734 1050 2761 prte-

303 2830 341 2865 (n)
363 2829 470 2857 Snzom.
485 2829 533 2856 lib.
549 2838 587 2861 tv,
605 2837 666 2864 cap.
683 2831 711 2858 9.

302 2867 340 2902 (ον
361 2866 466 2892 Suctat.
485 2865 521 2891 lib
534 2873 552 2898 t,
569 2873 627 2900 cap.
643 2866 694 2898 36;
710 2865 819 2894 Sozout.
837 2865 882 2892 lib.
899 2872 935 2897 tv,
951 2871 1009 2899 cap.
1025 2864 1058 2898 9;

1100 1634 1186 1659 driam
1207 1633 1318 1664 veniens,
1340 1641 1398 1659 cum
1419 1640 1451 1659 ea:
1468 1632 1530 1659 urbe
1547 1632 1678 1659 discedere
1691 1632 1826 1667 compulit.
1851 1630 1879 1659 ltt

1099 1688 1150 1714 qua
1164 1679 1287 1706 versione
1302 1678 1434 1712 duplicem
1448 1686 1550 1704 naevum
1563 1679 1653 1705 statim
1666 1678 1802 1704 advertas.
1814 1677 1881 1704 lllud

1098 1725 1180 1757 enim,
1197 1726 1244 1752 σὺν
1259 1725 1314 1756 τοῖς
1329 1725 1357 1750 ἐν
1371 1723 1409 1759 τῷ
1422 1723 1492 1750 ἔθνει
1506 1724 1630 1760 ἄρχουσι,
1646 1730 1814 1758 nequaquam
1835 1730 1881 1750 co-

1099 1771 1244 1806 pulandum
1267 1780 1327 1800 cum
1353 1771 1521 1806 praecedente
1548 1778 1612 1797 vove
1641 1769 1879 1805 παραγενόμενος

1100 1826 1185 1852 neque
1199 1818 1270 1845 euitn
1293 1818 1442 1853 putandum
1465 1816 1640 1850 magistratus
1661 1815 1771 1850 Egypti
1786 1815 1827 1843 vel
1840 1815 1880 1843 ci-

1101 1865 1191 1892 vitatis
1212 1865 1411 1897 Alexandrinze,
1430 1871 1462 1890 ex
1486 1863 1614 1890 comitatu
1636 1862 1818 1897 imperatoris,
1836 1861 1881 1896 qui

1100 1917 1155 1937 tum
1167 1911 1193 1938 in
1207 1910 1302 1938 Galliis
1317 1910 1485 1941 versabatur,
1500 1908 1526 1934 in
1538 1907 1683 1942 Egyptutn
1697 1908 1822 1940 venisse;
1835 1906 1881 1934 sed

1096 1958 1193 1992 jungas
1204 1957 1283 1984 velim
1296 1963 1356 1984 cum
1370 1963 1436 1982 voce
1446 1956 1623 1990 κατήπειγεν,
1636 1959 1666 1981 ut
1677 1954 1810 1981 sententia
1825 1953 1879 1980 sit:

1099 2009 1160 2029 cum
1178 1999 1381 2036 magistratibus
1395 1998 1504 2033 Egypti
1521 1998 1626 2032 legatus
1646 1997 1690 2024 ille
1706 1995 1882 2029 compellebat

1100 2047 1276 2074 Athanasium
1295 2046 1361 2072 urbe
1379 2044 1521 2073 excedere.
1534 2044 1599 2071 lllud
1612 2044 1683 2070 enim
1698 2042 1797 2070 Valcsii
1809 2049 1881 2068 com-

1099 2092 1165 2127 pulit
1177 2092 1300 2118 vitiosum
1313 2091 1376 2117 item
1387 2096 1445 2122 est;
1459 2098 1545 2125 neque
1557 2090 1628 2116 enim
1641 2088 1802 2116 Alexandria
1817 2092 1882 2114 tunc

1101 2138 1214 2165 decessit
1230 2137 1404 2170 Athanasius,
1421 2143 1449 2164 ct
1467 2143 1534 2164 sane
1547 2137 1656 2164 verbum
1675 2136 1840 2171 κατήπειγεν
1854 2133 1880 2160 itt

1102 2184 1258 2219 imperfecto
1269 2184 1352 2218 jacet.

1068 2242 1088 2268 ο
1136 2231 1213 2257 Auno
1225 2229 1287 2258 555.
1304 2244 1338 2250 —
1357 2230 1382 2255 Ι.
1402 2229 1527 2265 Synodus
1545 2228 1760 2256 Mediolanensit.
1777 2242 1811 2247 —
1825 2227 1881 2253 An-

1103 2283 1153 2302 tttts
1165 2275 1217 2302 555
1234 2275 1272 2302 rei
1294 2274 1435 2302 catholica:
1455 2275 1586 2302 exitiosus
1609 2273 1675 2305 fuit;
1696 2273 1721 2299 in
1737 2279 1791 2307 quo
1806 2272 1832 2298 vi
1855 2275 1883 2298 et

1104 2322 1242 2356 tyrannica
1263 2320 1414 2347 Constantii
1436 2324 1568 2354 potestate
1593 2318 1730 2353 religionis
1743 2318 1804 2352 jura
1826 2317 1883 2343 vio-

1103 2366 1166 2398 lata,
1176 2365 1308 2392 haereticis
1316 2372 1418 2392 summa
1428 2365 1464 2392 rei
1473 2363 1658 2391 ecclesiastica:
1667 2361 1882 2390 administranda!

1103 2411 1249 2445 permissa,
1267 2410 1406 2438 catholicis
1436 2411 1592 2444 praesulibus
1621 2409 1661 2436 vis
1684 2408 1767 2440 illata,
1793 2407 1882 2434 oblata

1101 2456 1187 2483 exsilii
1203 2456 1350 2490 capitisque
1365 2455 1492 2490 pericula,
1506 2455 1556 2482 nisi
1576 2454 1751 2481 Athanasium
1771 2451 1881 2479 ferirent

1103 2501 1271 2528 anathemate
1284 2501 1331 2535 (ὁ).
1344 2500 1520 2528 Mediolanum
1531 2500 1620 2535 igitur,
1633 2504 1662 2526 ut
1673 2503 1801 2526 statutum
1811 2504 1882 2523 attno

1103 2545 1223 2580 proximo
1247 2545 1345 2578 fuerat,
1366 2550 1548 2572 convenerunt
1572 2545 1699 2580 episcopi,
1720 2552 1752 2572 ex
1773 2543 1882 2571 Oriente

1104 2590 1210 2625 quidem
1231 2590 1320 2625 pauci,
1344 2589 1452 2624 reliquis
1469 2594 1515 2616 aut
1539 2590 1636 2622 morbi,
1657 2595 1702 2616 aut
1723 2588 1881 2620 senectutis,

1104 2641 1150 2661 aut
1163 2635 1299 2670 longinqui
1317 2635 1422 2662 itineris
1434 2642 1514 2662 causa
1529 2642 1561 2662 eo
1573 2635 1720 2662 concedere
1732 2635 1882 2662 detrectan-

1105 2681 1175 2707 tibus
1192 2691 1198 2708 :
1214 2679 1398 2708 Occidentales
1414 2686 1502 2707 autent
1524 2680 1622 2714 ingenti
1642 2688 1762 2711 numero,
1775 2679 1807 2706 ad
1828 2683 1882 2704 tre-

1104 2731 1195 2753 centos
1207 2726 1278 2753 enim
1295 2725 1414 2753 adfuere.
1427 2725 1470 2759 Et,
1487 2725 1524 2752 uti
1537 2733 1616 2760 supra
1631 2725 1776 2759 tetigimus,
1794 2723 1882 2756 smpi-

1067 2863 1209 2899 _Sulpitius
1226 2863 1358 2895 Severus;
1376 2862 1472 2890 Baron.
1491 2869 1554 2889 ann.
1569 2861 1631 2893 355,
1648 2868 1674 2886 n.
