2016 3046
766 163 843 191 νιτΑ
864 162 1108 192 5.υΑἸἮΑΝΑ5Π.

1683 172 1750 192 ῦίἵς

133 232 188 260 cari
209 231 318 266 quidem
343 233 412 264 erat,
436 236 470 256 ea
495 227 643 257 Constantii
667 225 757 253 animo
784 225 917 252 diuturnis
931 228 952 255 Α
969 225 1104 259 principes
1118 223 1232 251 Nicamat
1248 223 1320 256 lidei,
1335 222 1375 250 cui
1390 219 1424 250 εἰ)
1438 222 1514 250 anuis
1527 222 1636 257 triginta
1652 223 1748 258 impla-

133 278 292 304 Ariauorum
308 275 422 302 fallaciis
436 275 630 305 circumvento,
645 278 732 305 exque
751 271 832 297 rebus
846 270 914 297 Are-

133 324 187 350 late
203 323 297 358 gestis,
309 322 470 348 Arianorum
491 319 635 355 praesulum
653 318 783 345 arbitratu
799 318 915 352 gerenda

133 370 222 396 omnia
239 369 306 396 fore.
321 366 500 401 Quamobrem
513 367 612 401 quibus
624 364 697 393 cordi
713 369 771 392 erat
786 364 915 392 ecclesia-

132 416 208 442 stica:
223 414 351 442 ductriuze
369 414 517 447 integritas,
539 413 614 446 cujus
637 418 762 440 strenuus
779 411 874 438 vindex
902 418 916 436 a

133 461 226 488 multis
242 462 320 487 annis
338 460 462 486 audiebat
478 459 651 490 Athanasius,
668 459 711 486 vix
732 457 822 485 induci
841 462 917 492 pote-

134 513 196 535 rant
209 513 239 534 ut
253 507 431 534 Mediolanum
456 506 646 537 concederent,
670 506 714 532 ubi
734 504 916 532 damnandum

134 553 334 588 prospiciebant
351 553 484 579 insontem
506 551 604 577 virum.
624 551 755 578 Eusebius
769 551 795 578 in
812 550 917 585 primis,

133 598 180 633 qui
198 598 318 632 proximo
337 604 407 624 anno
427 600 518 622 orator
541 595 721 622 Mediolanum
746 600 867 626 venerat,
891 595 916 621 itt

135 646 214 671 istam
231 643 334 674 urbem.
348 643 398 669 etsi
415 643 604 677 propinquam,
622 643 750 669 accedere
771 642 915 668 abnuebat.

134 690 233 718 Verum
248 689 342 717 Ariani
355 696 370 715 e
385 696 414 716 re
434 688 490 715 fore
504 695 551 714 sua
565 687 689 714 arbitrati
703 687 725 714 si
740 687 780 713 vir
797 686 840 714 ille
857 691 917 714 tan-

136 734 276 771 tussynodi
293 734 361 761 actis
377 733 575 768 astipularetur,
593 737 722 760 curarunt
742 731 837 758 litteris
851 738 916 766 syn-

134 783 177 810 odi
206 781 313 808 nomine
343 778 503 813 conscriptis
532 778 648 806 evocari.
679 777 710 804 Et
733 784 797 804 sane
821 777 917 804 litterae

134 828 283 856 maximum
298 826 370 861 pacis
383 825 574 859 charitatisque
587 824 703 851 studium
715 823 915 857 praefert-bant;

135 874 265 907 missique
284 873 337 899 duo
357 876 417 898 sunt
438 871 483 906 qui
508 871 579 897 inter
598 869 761 896 Arianorum
782 868 915 902 principes

967 273 1054 300 cabile
1077 271 1175 299 bellum
1191 271 1352 304 indixerant,
1379 271 1545 305 astipulaturi
1571 274 1661 297 erant.
1683 270 1750 297 Tum

968 324 1076 353 accepta
1090 318 1183 346 charta
1205 317 1347 353 Dionysius
1363 317 1579 347 Mediolanettsis.
1596 324 1665 344 vera:
1688 317 1751 344 titlei

967 368 1157 399 propugnator,
1186 363 1260 398 prior
1290 362 1447 397 suﬂ‘ragium
1482 362 1597 390 Nicaanze
1627 362 1750 390 formqu

968 411 1101 437 ascribere
1122 409 1212 444 ccepit.
1230 409 1327 436 Valens
1342 414 1430 437 autettt
1445 409 1575 437 calamum
1591 414 1617 437 et
1628 410 1750 437 chartam

969 457 1098 484 violenter
1110 455 1234 487 extorsit,
1253 454 1415 482 vociferatus
1438 455 1464 482 id
1482 455 1547 482 nihil
1563 455 1597 482 ad
1619 463 1675 483 rem
1692 463 1752 490 qua:

970 507 1024 530 tum
1048 503 1176 537 agebatur
1196 502 1341 536 pertinere,
1366 509 1416 529 nec
1436 502 1573 537 quidpiam
1589 510 1620 529 ea
1645 503 1751 529 ratione

969 549 1115 584 perfectum
1129 549 1172 576 iri.
1183 548 1299 576 Suborto
1311 548 1406 576 eximie
1420 548 1546 581 clamore,
1562 556 1603 576 res
1619 549 1644 576 in
1657 548 1752 584 vulgus

968 600 1086 627 emanat,
1099 595 1241 629 gravisque
1252 594 1372 621 omnium
1392 594 1496 622 animos
1507 594 1583 622 dolor
1597 594 1749 626 occupavit,

968 641 1039 676 quod
1056 642 1088 667 ab
1104 641 1169 676 ipsis
1184 640 1370 668 sacerdotibus
1389 640 1542 676 impugnari
1558 642 1636 669 iidem
1659 649 1752 669 cerne-

970 693 1038 714 rent.
1055 687 1151 714 Valcus
1163 693 1264 719 autem,
1281 686 1419 718 Ursacius,
1432 691 1459 714 et
1473 687 1566 722 reliqui
1589 688 1695 721 Ariani,
1709 688 1752 722 ju-

968 733 1065 760 dicium
1086 732 1174 766 populi
1197 732 1412 764 reformidantes,
1431 741 1464 760 ex
1488 733 1623 761 dominico
1644 741 1691 760 seu
1706 740 1753 761 ec-

967 778 1048 805 clesia
1075 779 1108 804 ad
1121 778 1248 812 palatium
1270 783 1418 810 transeunt,
1433 779 1510 813 quasi
1531 779 1633 807 scilicet
1646 779 1750 807 aulico-

969 832 1027 850 rttm
1045 824 1165 856 comitia,
1182 832 1233 850 ttott
1248 824 1448 858 episcoporum,
1464 829 1688 852 convocarentur.

1002 870 1028 896 9,.
1051 869 1172 896 Edictum
1197 869 1341 896 Constantii
1357 870 1465 904 αππιαν
1478 870 1700 897 subscribendum.
1716 884 1753 890 —

133 919 370 952 computabautur,
385 915 537 943 Eustomius
549 915 663 944 scilicet,
679 922 736 947 seu,
751 919 779 940 ut
794 919 915 948 putatur,
934 907 953 933 Β
970 915 1045 942 Intra
1070 915 1198 948 palatium
1220 916 1379 950 congregati,
1402 916 1438 942 alt
1467 916 1597 950 Sulpitius
1623 916 1752 948 Severus,

135 965 283 996 Eudoxius,
306 968 331 990 et
351 962 515 992 Germiuius,
541 962 586 996 qui
607 961 710 988 litteras
731 960 868 991 aﬂerrent,
891 958 919 987 et

135 1011 312 1038 Mediolanum
338 1009 480 1036 accedendi
501 1013 624 1034 auctores
637 1012 738 1034 essent.
757 1006 792 1034 Se
812 1007 919 1034 aiebant

133 1055 268 1089 aequitatis
280 1053 484 1087 concordiaeque
495 1060 587 1080 amore
599 1053 742 1079 adventum
759 1051 819 1086 ejus
836 1059 917 1086 expe-

135 1105 201 1132 tere,
214 1108 310 1135 rogare
323 1099 419 1134 legatis
430 1104 538 1134 gereret
553 1105 668 1130 morem,
684 1105 732 1125 nec
745 1102 919 1125 cunctaretur

134 1152 228 1174 contra
248 1145 403 1173 Marcellum
421 1150 447 1172 et
463 1145 609 1172 Photinum
631 1143 783 1176 haereticos,
801 1143 920 1170 Athana-

135 1193 259 1226 siumque
275 1190 435 1226 sacrilegum
456 1191 579 1223 delinire,
596 1198 655 1224 quae
678 1189 734 1224 jam
751 1197 832 1224 prope
847 1194 919 1216 totus

135 1237 284 1265 deiiniisset
300 1236 390 1269 orbis;
408 1236 485 1270 plura
498 1236 617 1262 dicturos
633 1235 743 1270 legatos.
762 1234 789 1261 Si
803 1242 853 1260 non
871 1234 920 1261 ob-

137 1286 310 1316 temperaret,
325 1289 357 1310 ea
370 1289 400 1309 se
415 1280 584 1316 pratstituros
598 1287 656 1314 quae
673 1279 820 1314 postularet
835 1279 920 1306 cccle-

135 1329 246 1355 siastica
266 1327 365 1362 regula,
381 1334 431 1354 nec
451 1327 500 1361 ipsi
521 1326 691 1360 querelarum
716 1325 802 1352 locum
827 1332 920 1357 super-

134 1373 205 1406 fore,
222 1375 329 1409 quando
344 1374 433 1400 missis
446 1373 540 1408 legalis
558 1376 668 1406 rogatus
685 1371 780 1397 fuerat.
796 1370 844 1397 Cui
860 1370 916 1404 epi-

137 1419 213 1447 stola;
241 1419 366 1454 permulti
401 1419 517 1453 episcopi
554 1417 783 1451 subscripserunt.
808 1416 920 1442 Exstant

137 1465 270 1499 ltodirque
285 1465 312 1491 itt
328 1463 570 1498 subscriptionibus
589 1462 697 1497 triginta
714 1461 856 1495 praesulum
871 1467 920 1487 no-

137 1509 225 1540 mina;
244 1515 276 1535 ex
296 1515 411 1542 quoruut
431 1514 542 1533 numero
565 1506 670 1537 Valens,
691 1505 830 1536 Leontius,
854 1505 921 1531 Aca-

137 1555 206 1584 cius,
223 1554 388 1585 Germinius,
410 1553 573 1580 Arianorum
598 1551 787 1586 primipilares.
804 1551 920 1578 Eusebio

137 1600 276 1634 rescripsit
299 1600 380 1626 etiam
404 1599 559 1632 imperator,
582 1605 679 1633 urgens
704 1598 863 1633 proiectum,
890 1605 922 1624 ac

137 1652 312 1672 commonens
327 1650 356 1671 ut
369 1651 430 1671 cttm
450 1644 554 1671 cauet-is
566 1643 697 1678 episcopis
717 1643 775 1678 paci
795 1642 922 1670 Ecclesia:

137 1691 311 1718 concilianda:
335 1694 445 1718 navaret
459 1697 578 1724 operam.
594 1690 772 1716 Accesseruut
788 1690 850 1716 item
879 1689 922 1715 lit—

137 1741 204 1764 terat
220 1735 348 1768 Luciferi,
365 1735 498 1763 Pancratii
512 1740 538 1762 et
556 1734 646 1761 llilarii
663 1734 822 1768 legatorum,
840 1733 922 1760 vehe-

138 1783 268 1810 mentiore
280 1789 312 1809 ac
326 1781 456 1814 mordaci,
478 1786 506 1807 ut
526 1780 628 1808 solebat
647 1779 844 1814 Lttcifer,.stylo
856 1787 922 1806 con-

135 1829 255 1863 scriptae,
267 1827 363 1862 quibus
380 1831 504 1854 auctores
524 1826 638 1853 Eusebio
652 1831 715 1853 sunt
732 1825 780 1860 (η),
797 1829 825 1851 ut
841 1832 921 1859 quan

137 1875 296 1902 maturrime
310 1873 504 1909 proﬁciscatur.
521 1879 595 1907 spem
609 1879 670 1900 esse
690 1876 718 1899 ut
734 1872 791 1905 ejus
805 1871 920 1898 adventu

137 1920 291 1955 propediem
315 1919 413 1946 Valens
435 1917 601 1953 proﬂigetur,
626 1918 840 1951 Arianorumque
865 1926 922 1945 ma-

137 1966 224 1993 eltiuze
238 1965 387 1992 obruantur
403 1973 409 1990 :
435 1971 464 1991 se
485 1969 654 1998 summopere
670 1963 728 1997 ejus
749 1962 919 1998 praesentiant

139 2018 165 2039 et
181 2019 290 2045 operam
310 2017 446 2045 expetere.
467 2010 514 2038 His
528 2010 676 2038 amicorum
697 2010 921 2045 inimicorumque

137 2059 235 2084 litteris
258 2057 382 2084 inductus
407 2057 547 2088 Eusebius,
571 2056 651 2083 missa
674 2056 708 2083 ad
731 2056 918 2083 Constantium

138 2105 268 2131 adventus
281 2104 322 2131 sui
333 2103 480 2138 praenuntia
489 2102 610 2137 epistola,
623 2102 800 2129 Mediolanum
817 2109 846 2129 se
857 2109 920 2129 cott-

139 2150 209 2177 tulit.
218 2150 275 2183 Quo
286 2149 392 2176 vixdum
403 2154 572 2184 pervenerat,
582 2156 642 2176 cum
657 2148 779 2176 ecclesia:
792 2149 864 2175 aditu
879 2148 919 2175 itt-

138 2197 317 2223 Iercluditur:
336 2203 367 2223 ac
385 2196 481 2223 deinde
497 2200 582 2223 totum
601 2196 693 2222 decem
710 2195 812 2222 dierum
829 2199 919 2222 extra-

969 961 1040 987 illiuc
1047 961 1182 995 epistolam
1192 962 1238 987 sub
1251 962 1417 995 imperatoris
1431 963 1533 988 nomine
1549 963 1668 995 mittunt,
1680 963 1752 989 omni

968 1007 1094 1041 pravitate
1111 1007 1231 1039 refertam
1247 1013 1257 1032 .'
1279 1015 1308 1033 eo
1327 1008 1449 1033 nimirum
1471 1007 1591 1040 consilio,
1606 1013 1633 1034 ut
1655 1008 1678 1034 si
1694 1015 1753 1034 eam

969 1053 1050 1087 a-quis
1068 1053 1173 1079 auribus
1188 1052 1300 1087 populus
1313 1054 1459 1086 recepisset,
1474 1052 1577 1086 publica
1595 1054 1753 1081 auctoritate

970 1099 1056 1133 cupita
1076 1097 1231 1132 proferrent.
1257 1098 1303 1126 Sin
1326 1099 1405 1125 aliter
1422 1098 1515 1132 fuisset
1532 1105 1647 1133 ncepta.
1666 1101 1752 1127 omnis

971 1145 1069 1172 invidia
1090 1150 1155 1172 esset
1172 1146 1198 1172 in
1224 1154 1290 1180 rege,
1310 1150 1334 1172 et
1353 1146 1410 1180 ipsa
1434 1147 1542 1173 venialis
1562 1153 1572 1173 :
1590 1148 1651 1182 quia
1673 1149 1753 1175 etiam

969 1198 1023 1217 tum
1041 1193 1237 1218 catechumenus
1253 1197 1442 1219 sacramentum
1465 1193 1527 1228 ﬁdei
1543 1195 1633 1221 merito
1651 1194 1753 1221 uidere-

971 1241 1015 1262 tur
1023 1237 1137 1270 potuiue
1152 1237 1257 1264 nescire.
1274 1238 1338 1264 Erat
1349 1238 1456 1272 quidem
1467 1239 1585 1267 edictum
1604 1240 1753 1275 magniﬁcis
1779 1255 1785 1262 κ

973 1281 1135 1316 descriptum
1154 1282 1241 1309 verbis
1264 1292 1270 1309 :
1297 1282 1439 1311 allectabat
1462 1285 1560 1320 quippe
1581 1285 1754 1315 Constantius

970 1326 1130 1354 eruditionis
1141 1332 1168 1353 et
1181 1327 1340 1362 eloquentia:
1351 1328 1460 1356 famam.
1475 1329 1584 1358 Arionis
1596 1332 1754 1359 auctoribus

970 1378 997 1399 et
1013 1374 1147 1408 magistris
1171 1375 1305 1402 haereseos
1319 1376 1430 1411 vestigia
1453 1376 1479 1404 in
1502 1377 1632 1410 ejusmodi
1653 1378 1752 1407 litteris

971 1418 1061 1446 videre
1073 1423 1149 1451 erat;
1170 1424 1197 1446 et
1210 1420 1280 1455 quod
1297 1420 1347 1448 fuit
1362 1422 1432 1449 male
1451 1422 1540 1451 feriati
1560 1425 1658 1458 capitis
1674 1434 1754 1461 argu-

972 1470 1100 1497 mentum,
1116 1472 1144 1491 se
1164 1473 1211 1500 per
1230 1474 1353 1493 somnum
1374 1467 1548 1496 Constantius
1571 1478 1630 1505 qua:
1652 1471 1754 1499 diceret

971 1517 985 1536 a
1003 1509 1059 1538 Deo
1073 1511 1212 1545 accepisse
1236 1513 1425 1540 mentiebatur.
1443 1513 1534 1542 Primo
1549 1515 1629 1551 igitur
1653 1517 1756 1551 episco-

935 1576 956 1604 ϐ
971 1556 1014 1604 pis
1030 1556 1147 1604 edictum
1168 1558 1389 1586 subscribendum
1411 1559 1523 1587 offertur
1545 1568 1593 1595 per
1610 1561 1711 1590 aulicos
1727 1568 1755 1590 et

973 1603 1114 1637 palatinos,
1128 1604 1252 1631 omnibus
1265 1604 1290 1631 in
1304 1605 1397 1632 eodem
1409 1614 1462 1640 quo
1474 1607 1619 1642 imperator
1633 1608 1755 1636 conclavi

972 1649 1192 1683 consistentibus,
1203 1651 1249 1677 sed
1264 1651 1322 1678 velo
1336 1651 1507 1686 intermedio,
1523 1654 1568 1688 qui
1583 1661 1641 1682 mos
1654 1660 1755 1683 eratea

972 1698 1141 1730 tempestate,
1152 1701 1180 1722 ut
1194 1696 1321 1731 perfacile
1339 1696 1513 1725 Constantius
1525 1699 1686 1734 colloquium
1704 1709 1754 1728 att-

972 1739 1040 1766 diret
1068 1740 1116 1776 (b).
1139 1741 1391 1768 Commeutorahanl
1409 1741 1488 1769 aulici
1509 1743 1679 1778 imperatoris
1698 1745 1755 1773 sol-

972 1785 1136 1813 licitudinem
1157 1787 1182 1813 itt
1199 1787 1368 1814 concilianda
1384 1787 1513 1816 Ecclesiae
1531 1797 1609 1824 pace,
1624 1789 1682 1824 ejus
1694 1797 1756 1819 esse

971 1836 1061 1859 votum
1077 1839 1109 1859 ac
1127 1832 1153 1859 iit
1173 1839 1205 1859 eo
1232 1837 1316 1860 totum
1335 1834 1450 1867 versari,
1468 1839 1498 1862 ut
1516 1835 1561 1862 Dei
1587 1836 1755 1865 voluntatem

973 1877 1111 1912 impleret;
1134 1877 1184 1904 etsi
1202 1885 1265 1905 vero
1282 1877 1390 1907 Lucifer
1405 1880 1514 1907 Arianae
1533 1880 1607 1908 illutn
1624 1882 1756 1910 doctrinae

972 1923 1106 1950 addictum
1127 1924 1327 1955 criminaretur,
1349 1933 1442 1952 sanam
1465 1926 1523 1961 ejus
1545 1934 1606 1955 esse
1627 1927 1705 1956 fidem
1723 1936 1758 1956 ex

971 1968 1076 1995 collatis
1090 1969 1139 2002 ipsi
1153 1977 1167 1995 a
1183 1968 1236 1997 Deo
1248 1970 1385 1998 beneﬁciis
1396 1977 1427 1998 ac
1440 1971 1561 1998 victoriis
1574 1973 1755 2007 comprobari.

971 2014 1011 2041 Ad
1020 2015 1076 2042 haec
1088 2014 1203 2048 Lucifer,
1218 2015 1368 2044 vehementi
1383 2017 1417 2045 de
1430 2025 1503 2045 more
1515 2018 1603 2046 studio
1620 2020 1755 2052 incensus,

972 2061 1108 2093 reclamat,
1123 2061 1258 2089 Nicmnam
1274 2062 1353 2089 ﬁdem
1376 2064 1482 2091 Arianae
1499 2066 1648 2100 oppositam
1672 2066 1757 2093 solam

971 2107 1052 2142 piam,
1063 2107 1145 2134 solam
1156 2115 1260 2142 sanam,
1269 2117 1317 2136 nec
1326 2110 1347 2136 si
1357 2110 1480 2137 adessent
1489 2111 1618 2138 universae
1625 2111 1759 2139 Constan-

971 2153 999 2179 tii
1009 2153 1090 2187 copiae
1097 2153 1279 2188 militaresque
1289 2159 1392 2186 turmas,
1402 2162 1480 2189 posse
1487 2162 1515 2182 se
1524 2155 1640 2182 edictunt
1651 2155 1758 2182 sacrile-

969 2206 1031 2233 gum
1048 2206 1100 2225 nou
1112 2199 1259 2234 despicere,
1274 2205 1300 2227 et
1315 2200 1452 2227 maledicta
1480 2201 1505 2227 in
1524 2200 1606 2227 Deum
1619 2208 1670 2227 non
1683 2207 1758 2228 exse-

138 2243 213 2270 hitur
227 2243 352 2277 spatium,
365 2247 509 2276 antequam
523 2241 652 2269 miscendi
664 2241 790 2275 colloquii
804 2241 917 2268 facultas
935 2254 958 2283 ο
971 2243 1050 2270 crari.
1061 2243 1129 2270 Tutn
1138 2244 1312 2272 Constantius
1323 2252 1354 2271 ea
1366 2245 1513 2279 legatorum
1524 2245 1650 2280 loquendi
1661 2245 1758 2272 litlucia

138 2294 219 2315 esset.
239 2289 297 2321 Quo
315 2293 370 2316 toto
391 2293 511 2323 tempore
530 2288 736 2322 conspirationis
757 2288 919 2315 adornanda;

138 2336 272 2361 rationem
295 2334 397 2361 inibant
419 2334 519 2362 Ariani.
537 2333 603 2361 Cum
623 2341 703 2367 porro
723 2339 813 2361 essent
830 2334 919 2361 omnia

138 2382 172 2407 ad
186 2380 307 2408 fraudem
327 2381 485 2414 composita,
509 2385 536 2406 et
555 2379 770 2407 machinamenta
796 2380 822 2406 itt
839 2381 922 2406 Atltao

139 2427 208 2454 nasii
223 2425 369 2460 perniciem
384 2429 549 2459 comparata,
571 2429 626 2451 tum
648 2429 774 2452 evocatur
788 2424 921 2452 Eusebius

138 2473 200 2498 etim
217 2470 360 2498 comitibus
382 2470 487 2505 legatis,
507 2476 521 2496 a
542 2470 640 2504 quibus
656 2477 746 2496 corattt
767 2470 922 2497 constitutis

139 2516 302 2550 postulatttm
318 2520 345 2542 ut
361 2515 499 2543 Athanasii
514 2516 679 2543 damnationi
695 2515 920 2550 astipularentur.

137 2563 173 2588 At
187 2561 317 2588 Eusebius
329 2567 423 2588 contra
437 2562 551 2596 priutum
567 2562 600 2589 de
612 2561 662 2588 ﬁde
675 2562 845 2601 tractattduttt
857 2569 922 2588 con-

140 2607 276 2638 tendebat,
291 2607 386 2634 adesse
405 2608 503 2642 quippe
523 2607 595 2634 viros
614 2607 742 2634 haeretica
761 2607 820 2634 labe
834 2607 919 2641 pollu—

140 2658 199 2685 tos;
219 2652 360 2686 oblatoque
377 2652 486 2680 Nicmuo
501 2653 630 2688 symbolo,
646 2661 686 2685 se,
709 2653 730 2680 si
751 2653 849 2680 vellent
871 2653 920 2687 ipsi

138 2699 269 2732 ejusmodi
282 2699 341 2726 lidei
356 2699 476 2726 fortttultc
487 2699 665 2731 subscribere,
675 2700 863 2727 damuaturum
875 2701 921 2727 lto-

141 2744 238 2770 mincm
258 2744 406 2778 pollicetur.
422 2745 507 2777 Quam
527 2744 570 2771 ille
592 2746 784 2779 conditionem,
802 2747 920 2780 iniquam

139 2789 211 2821 licet,
235 2795 291 2817 tuto
313 2790 442 2818 offerebat.
465 2800 473 2818 τ
499 2799 634 2827 nunquam
661 2793 731 2820 enim
757 2794 918 2820 Arianorum

174 2878 213 2914 (υ)
234 2879 330 2911 llilar.,
348 2880 399 2907 col.
415 2881 492 2908 1222.

974 2289 1102 2322 oﬂ‘ensus,
1123 2291 1246 2318 homines
1268 2299 1328 2318 esse
1350 2291 1504 2325 petulantes
1521 2292 1687 2325 exclamare,
1707 2300 1758 2319 nec

974 2335 1092 2370 ipsorum
1111 2344 1207 2363 munus
1222 2344 1282 2364 esse
1298 2337 1489 2371 imperatorem
1507 2337 1541 2364 ab
1560 2337 1616 2364 Arii
1635 2337 1757 2365 doctrina

974 2388 1121 2414 revocare;
1141 2389 1173 2410 ac
1193 2382 1350 2417 derepente,
1368 2389 1470 2411 mutato
1492 2384 1613 2416 consilio,
1632 2384 1759 2418 precibus

977 2427 1058 2460 viros,
1073 2429 1181 2461 quando
1199 2428 1417 2456 interminatione
1433 2429 1499 2456 nihil
1511 2429 1680 2461 conficiebat,
1699 2433 1760 2455 ten-

978 2478 1034 2499 tare
1050 2472 1140 2506 coepit.
1160 2472 1214 2499 Sed
1235 2472 1334 2500 frustra
1354 2481 1447 2500 eorum
1465 2474 1568 2501 animos
1583 2482 1644 2501 eum
1667 2475 1758 2506 minis,

977 2522 1032 2543 tnttt
1050 2517 1187 2544 blanditiis
1205 2518 1360 2552 impelebat.
1379 2519 1404 2545 ltt
1419 2525 1493 2553 petra
1509 2526 1624 2553 namque
1643 2519 1758 2552 fundati,

977 2568 1006 2590 ut
1021 2564 1184 2590 decumanos
1202 2563 1300 2592 ﬂuctus
1327 2566 1500 2599 imperterriti
1521 2572 1697 2600 exceperant,
1721 2567 1758 2593 ita

971 2617 1058 2643 tteque
1075 2609 1265 2637 blandimentis
1280 2620 1293 2636 λι
1314 2612 1453 2645 proposito
1468 2612 1651 2638 dimoveulur.

1005 2655 1031 2682 5.
1051 2655 1168 2690 Dionysii
1193 2656 1349 2690 suffragium
1367 2664 1426 2683 astu
1442 2657 1507 2683 delet
1526 2657 1665 2684 Eusebius.
1688 2657 1756 2684 Catt-

970 2702 1080 2728 stantius
1095 2701 1197 2735 [rustra
1222 2707 1303 2728 tentat
1326 2703 1467 2737 episcopos.
1490 2701 1612 2737 Episcopi
1637 2703 1711 2729 multi
1732 2706 1760 2729 itt

971 2747 1092 2773 exsilium
1106 2747 1229 2780 ablegati.
1243 2762 1277 2767 —-
1289 2740 1406 2780 Populus
1420 2740 1509 2774 autem
1527 2748 1624 2775 lectam
1642 2749 1668 2775 in
1685 2753 1758 2776 ccetu

972 2793 1100 2820 Ecclesiae
1109 2793 1258 2821 Constantii
1273 2793 1415 2828 epistolam
1428 2794 1587 2829 perindigne
1601 2796 1671 2824 tulit.
1681 2794 1761 2822 Plebs

949 2883 987 2919 (ὂ)
1008 2883 1124 2912 Lucifer.
1138 2884 1184 2912 lib.
1206 2883 1272 2912 Mor.
1287 2893 1335 2920 pro
1352 2884 1399 2922 Dei
1411 2883 1506 2928 Filio.»
