2016 3046
263 164 315 185 CXX

929 157 1191 186 PROLEGOMENA.

263 223 380 251 namque
409 215 616 244 Mediolauensis
643 223 714 243 vera:
742 215 801 243 fidei
832 217 1046 248 studiosissimo,
1061 218 1083 246 Α
1099 224 1149 242 non
1161 223 1239 243 suttm
1261 223 1321 243 esse
1343 215 1497 249 imperium,
1515 215 1560 241 sed
1580 215 1626 242 Dei
1641 215 1686 249 qui
1701 215 1854 244 tradidisset
1869 225 1878 244 :

263 260 394 296 quidquid
415 262 586 296 peregrinam
606 261 664 288 Arii
686 262 836 288 doctrinam
855 261 950 294 oleret,
973 269 1042 295 pne-

263 306 329 334 sulis
345 306 386 333 sui
399 307 517 342 vestigiis
533 306 670 339 insistens,
686 314 790 334 smmne
807 306 991 333 aversabatur.
1007 306 1043 333 De

255 351 391 388 .Dionysio
408 357 496 379 tamen
514 353 609 384 fertur,
627 353 652 379 iu
670 359 795 379 sermone
813 351 922 378 Maximi
945 351 1042 378 Tauri-

263 398 354 425 nensis
370 398 402 426 de
421 398 502 425 natali
521 399 564 426 die
583 399 670 426 sancti
688 399 807 428 Eusebii,
831 399 982 432 hnjnsmodi
1002 398 1042 424 lti-

261 445 344 472 storia
357 444 438 472 :Cum
454 444 616 472 Arianorum
636 445 705 471 dolis
725 445 925 472 circumventus
944 445 1042 480 Dioay-

261 490 327 521 sius,
343 490 500 524 suﬁragium
516 499 592 517 suum
609 491 737 517 adversus
752 491 927 517 Athanasium
942 491 1043 525 scripto

261 535 397 569 dedisset,
422 537 615 570 superveniens
632 536 775 569 Eusebius,
801 542 910 571 rogatus
933 541 962 563 ut
984 536 1040 570 pari

262 582 341 608 modo
358 586 387 608 ct
399 582 455 616 ipse
471 581 665 614 subscriberet,
680 590 709 609 se
721 583 789 610 velle
804 583 911 617 quidem
926 583 1040 616 idipstttn

261 632 390 661 praestare
402 627 548 659 simulavit,
566 628 611 654 sed
631 629 701 662 quod
716 628 766 655 sibi
786 627 868 654 ﬁlium
886 635 963 655 suum
980 627 1041 662 (sic

261 673 434 707 nuncupabat
459 673 632 708 Dionysium)
656 674 682 700 itt
702 674 902 708 subscriptione
929 678 1041 708 antepo-

260 718 390 748 suissent,
415 717 572 752 perindigne
591 719 674 745 ferre.
699 717 749 745 Vos
771 719 849 751 enim,
876 719 972 752 inquit,
995 719 1040 753 qui

260 762 348 788 dicitis
362 760 461 788 Filium
474 761 520 788 Dei
534 760 611 788 Patri
621 761 676 789 Deo
690 762 814 797 mqunlem
824 771 878 789 esse
892 771 942 789 non
955 771 1039 797 posse,

260 815 307 834 cur
317 807 381 834 milii
398 808 483 842 ﬁlium
503 808 702 842 pra'posuistis?
716 809 817 841 Quibus
829 809 865 836 illi
882 809 960 836 dictis
977 816 1039 843 per-

260 853 338 884 moti,
354 853 496 881 confestim
514 853 631 889 Dionysii
648 854 855 889 chirographum
872 855 1038 888 deleverunt,

260 899 361 933 primas
378 899 493 926 Eusebio
509 900 672 929 deterentes.
691 900 765 933 Quos
780 900 825 927 ille
842 900 987 935 obiurgans
1000 906 1040 927 at-
1056 889 1077 916 Β

259 952 312 979 que
330 945 444 972 irridens
463 945 501 971 ait
519 954 525 971 ε
553 943 643 979 Neque
663 953 709 979 ego
729 953 769 971 me
790 945 881 972 uestris
901 945 1040 973 sceleribus

258 990 358 1024 pollue,
382 998 461 1024 neque
491 990 575 1024 filium
606 998 690 1016 meum
720 990 850 1016 uobiscum
883 991 1040 1024 participare

258 1038 380 1065 concedo.
396 1036 472 1065 Unde
491 1045 552 1064 cum
569 1038 642 1064 dicat
659 1037 831 1071 Evangelium
851 1038 877 1063 in
895 1038 943 1064 hac
959 1045 1040 1072 gene—

258 1084 364 1111 ratione
381 1083 568 1117 prudentiores
587 1083 656 1111 filios
677 1082 849 1110 tenebrarum
873 1090 933 1109 esse
959 1090 1039 1117 qualn

258 1129 338 1162 locis,
356 1133 410 1156 tum
428 1129 491 1163 ipsis
515 1129 688 1156 tenebrarum
705 1129 767 1156 ﬁliis
788 1129 946 1164 prudentior
972 1129 1039 1156 lucis

258 1174 331 1203 ﬁlius
347 1180 501 1208 compertus
517 1179 568 1201 est.
594 1173 640 1202 Sic
656 1174 748 1202 delusa
767 1174 928 1201 Arianorum
945 1181 1040 1208 exspe-

258 1220 343 1248 ctatio
352 1220 412 1247 fuit.
425 1220 483 1248 Jam
497 1221 568 1255 quod
581 1219 741 1255 colloquium
758 1221 848 1248 invicti
868 1221 1039 1248 confessores

256 1275 317 1295 cum
332 1266 491 1295 Constantio
506 1267 661 1298 habuerint,
678 1266 829 1293 Athanasio
843 1272 971 1293 narrante
983 1266 1039 1293 edi-

256 1313 358 1340 scimus
376 1313 413 1348 (a)
431 1321 460 1340 :t
483 1311 594 1345 Accitis,
611 1312 697 1347 inquit
716 1311 770 1344 ille,
782 1311 926 1346 episcopis,
945 1318 1040 1345 nempe

255 1357 390 1390 Lucifero,
410 1358 526 1385 Eusebio
543 1364 570 1384 et
586 1357 730 1392 Dinnysio,
748 1357 828 1391 jussit
846 1357 992 1391 imperator
1010 1361 1040 1382 ut

257 1409 352 1432 contra
372 1404 552 1431 Athanasium
576 1403 703 1438 suifragia
720 1403 826 1430 darent.
851 1403 905 1436 Ipsi
929 1410 993 1429 vero
1013 1401 1037 1428 id

257 1457 317 1476 cum
338 1448 436 1476 ﬁducia
456 1456 566 1483 negare,
581 1456 793 1476 commemorare
814 1447 919 1476 Ursacii
942 1453 968 1474 et
986 1446 1038 1474 Va-

256 1494 336 1522 lentis
348 1495 544 1529 pmnitentiam,
565 1502 624 1528 qua:
639 1494 776 1521 Athanasii
799 1494 970 1521 adversarios
988 1493 1038 1519 fal-

255 1541 278 1567 si
298 1545 433 1575 argueret.
448 1539 506 1566 Non
523 1540 593 1567 ultra
616 1540 695 1566 [idem
716 1539 819 1566 Valenti
839 1539 968 1573 socioque
984 1540 1036 1566 1111-
1050 1565 1071 1593 C

255 1586 381 1617 bendam,
394 1585 438 1620 qui
452 1585 554 1620 jamdiu
567 1592 598 1612 ea
613 1585 764 1620 ejurassent
775 1592 834 1619 qure
851 1592 923 1612 nunc
941 1591 1035 1612 contra

254 1631 430 1659 Athanasium
459 1630 595 1658 alierreut.
618 1630 665 1658 llle
688 1630 833 1658 confestim
861 1637 1035 1664 exsurgens:

253 1677 322 1713 Ego.
340 1685 401 1712 ego,
428 1677 526 1712 inquit,
543 1677 685 1704 Athanasii
702 1681 845 1704 accusator
865 1678 972 1708 adsum,
994 1676 1035 1704 vel

254 1723 306 1750 mei
327 1724 414 1758 gratia
431 1731 524 1751 eorutn
540 1723 621 1751 dictis
635 1723 731 1750 habete
747 1723 837 1749 lldem.
860 1722 901 1749 llli
920 1728 1014 1750 contra
1028 1732 1034 1750 :

254 1768 303 1802 Qui
317 1774 460 1797 accusator
472 1776 533 1796 esse
546 1774 621 1803 potes
635 1769 746 1796 absente
759 1768 827 1796 reo?
840 1776 901 1795 nam
916 1769 965 1795 etsi
981 1774 1037 1796 tute

253 1816 291 1842 sis
305 1820 456 1847 accusator,
470 1815 502 1842 de
517 1816 626 1842 absente
638 1822 705 1842 sane
719 1815 833 1849 judicari
859 1815 962 1849 nequit.
978 1815 1034 1842 Non

253 1861 384 1896 judicium
391 1863 488 1896 qttippe
500 1860 652 1888 Romanum
666 1861 826 1892 instituitur,
836 1865 865 1887 ut
876 1861 933 1893 tibi,
944 1869 1036 1896 quam-

254 1908 296 1934 vis
318 1908 464 1942 imperator
480 1908 529 1938 sis,
545 1906 610 1934 ﬁdes
625 1907 770 1940 habeatur;
787 1907 834 1934 sed
855 1915 915 1934 cum
934 1908 966 1934 de
980 1908 1036 1942 epi—

253 1960 336 1987 scopo
349 1953 385 1980 sit
399 1955 599 1986 controversia,
615 1954 671 1988 pari
686 1953 747 1987 iure
762 1961 823 1980 cum
839 1958 997 1980 accusatore
1009 1958 1035 1980 et

253 2005 313 2025 cutn
331 2004 376 2024 reo
393 1998 470 2032 agier
490 2004 605 2032 oportet.
623 1998 673 2031 Qui
694 2003 784 2025 autem
808 2005 936 2025 accusare
960 2004 1035 2033 potes

254 2042 401 2076 hominem,
423 2050 456 2070 eo
479 2048 599 2078 tempore
622 2043 714 2078 procul
734 2048 886 2070 versantem
911 2048 938 2070 et
961 2048 1035 2071 tanto

253 2089 359 2116 itineris
375 2089 517 2117 intervallo
537 2089 683 2116 dissitum?
697 2089 773 2122 Quod
788 2089 809 2115 si
834 2089 886 2116 illis
898 2090 1036 2116 narranti-

253 2136 303 2164 bus
319 2136 398 2163 ﬁdem
412 2136 506 2168 habes,
519 2136 583 2170 quid
596 2135 719 2169 estquod
735 2134 881 2162 Athanasio
893 2142 944 2161 tton
958 2142 1033 2168 teque

252 2181 370 2210 habeas?
383 2181 430 2209 Sin
449 2181 514 2214 illis,
531 2190 582 2209 non
594 2182 657 2208 huic
669 2181 763 2214 habes,
781 2188 846 2208 sane
863 2181 925 2207 hinc
938 2187 1034 2214 propa-

1097 269 1191 296 rogare
1204 267 1232 288 ut
1245 270 1306 288 eum
1323 262 1439 292 timeret,
1459 270 1492 287 tte
1507 262 1651 295 derepente
1668 261 1759 288 datum
1777 262 1878 289 adime-

1095 313 1152 338 ret;
1171 307 1443 341 interminarijudicii
1458 307 1539 339 diem,
1561 307 1730 341 suadereque
1744 315 1777 334 tte
1793 308 1878 335 eccle-

1093 354 1215 380 siasticas
1232 361 1274 380 res
1286 361 1391 388 pessum
1405 354 1493 385 daret,
1508 361 1557 379 nett
1573 353 1722 380 Romanum
1737 354 1875 388 imperium

1093 407 1152 426 cutn
1165 399 1357 426 ecclesiasticis
1380 400 1489 426 statutis
1505 400 1705 431 commisceret,
1725 407 1773 426 nec
1795 401 1875 426 Aria-

1094 451 1154 470 nam
1171 443 1295 471 haeresim
1321 444 1507 471 introduceret
1528 444 1554 470 in
1579 444 1725 471 Ecclesiam
1750 445 1806 471 Dei.
1824 445 1873 472 Ve-

1093 497 1151 516 runt
1170 488 1214 516 ille
1234 496 1321 524 neque
1337 496 1428 515 aurem
1447 490 1568 523 praebuit,
1586 497 1676 524 neque
1695 489 1769 522 plttra
1785 491 1876 516 dicere

1092 535 1248 567 concessit;
1273 535 1336 568 quin
1359 539 1386 562 et
1414 536 1502 562 acrius
1526 535 1621 562 stricto
1646 535 1788 562 adversttm
1817 535 1875 562 illos

1092 580 1180 613 gladio
1191 580 1407 607 comminabatur
1421 589 1428 606 :
1446 581 1498 606 imo
1512 580 1654 607 nonnullos
1667 581 1700 606 ad
1713 581 1873 614 supplicium

1093 627 1150 660 rapi
1169 626 1463 660 abduciqnejusserat;
1478 627 1524 653 sed
1542 631 1632 660 postea
1650 631 1750 653 mutato
1763 628 1875 654 consilio

1091 673 1174 700 vitam
1190 681 1238 700 nec
1254 673 1410 707 rogantibus
1427 673 1569 699 concessit.
1591 682 1599 697 1
1626 672 1660 699 lis
1677 671 1786 700 Lucifer
1807 673 1875 704 adii-

1091 719 1138 750 cit,
1159 725 1218 745 eam
1237 719 1376 752 episcopos
1400 718 1530 745 obtulisse
1553 718 1747 748 conditionem,
1773 723 1872 752 prmsto

1091 771 1151 791 esse
1165 772 1193 791 se
1207 763 1263 791 suis
1281 764 1432 799 sumptibus
1448 763 1640 790 Alexandriam
1662 771 1819 797 properare,
1844 769 1874 790 ttt

1091 809 1189 836 auditis
1213 809 1345 836 dttntaxat
1368 809 1510 837 catholicis
1541 809 1757 841 accus:ttoribtts,
1782 810 1804 835 si
1827 810 1872 844 qtti

1091 855 1189 885 forent.
1214 864 1319 890 :cquum
1344 857 1377 882 de
1397 856 1535 883 Athanasii
1564 863 1645 882 causa
1670 855 1741 882 ferre
1763 861 1873 889 possent

1088 900 1229 935 judicium.
1252 902 1308 929 Hac
1331 909 1396 928 vero
1418 901 1557 936 repudiata
1579 901 1742 930 conditione,
1762 902 1873 928 habitis-

1090 953 1142 981 que
1161 951 1189 973 ttt
1203 954 1283 981 supra
1299 947 1452 981 colloquiis,
1469 946 1548 980 (qua:
1565 950 1653 973 tamen
1667 946 1755 972 omnia
1778 946 1874 973 ordine

1090 992 1127 1018 uti
1144 996 1219 1025 gesta
1236 997 1298 1018 sunt
1320 999 1372 1018 non
1392 992 1416 1018 in
1441 996 1564 1026 promptu
1582 996 1623 1018 est
1637 999 1766 1019 enarrare
1786 999 1793 1017 :
1808 999 1871 1018 nam

1090 1048 1151 1075 hinc
1170 1052 1197 1074 et
1212 1048 1273 1075 inde
1289 1056 1321 1075 ex
1337 1048 1418 1075 variis
1440 1047 1553 1075 collecta
1578 1047 1754 1082 scriptoribus
1777 1055 1871 1074 conse-

1089 1098 1203 1128 quenter
1223 1101 1364 1121 recensere
1379 1094 1493 1121 facultas
1514 1101 1567 1120 non
1582 1093 1644 1127 est,)
1659 1097 1714 1120 tres
1729 1093 1873 1128 episcopos

1089 1140 1263 1167 Constantius
1290 1140 1317 1166 in
1345 1140 1468 1167 exsilium
1495 1139 1580 1172 misit,
1607 1138 1780 1166 Pancratium
1807 1139 1872 1165 item

1089 1186 1273 1221 presbyterum
1291 1185 1384 1220 (quem
1400 1186 1556 1219 Eutropium
1578 1189 1656 1212 vocat
1671 1185 1870 1218 Athanasius),

1088 1238 1140 1257 una
1161 1238 1221 1256 cum
1236 1229 1362 1256 Lucifero
1379 1237 1392 1256 a
1407 1228 1517 1256 Liberio
1534 1229 1650 1263 legatum
1669 1229 1769 1262 pariter
1779 1233 1872 1255 extor-

1088 1283 1145 1303 rem
1169 1275 1241 1302 fecit.
1262 1274 1392 1302 llilariutn
1416 1280 1504 1301 autem
1520 1275 1678 1305 diaconum,
1699 1275 1818 1309 ejusdem
1835 1273 1873 1301 le-

1088 1320 1203 1355 gationis
1217 1321 1355 1351 comitem,
1367 1319 1495 1347 Ursacius
1510 1325 1536 1347 et
1553 1320 1648 1348 Valens
1663 1328 1714 1347 ttna
1731 1327 1790 1347 cum
1807 1328 1870 1353 spa-

1088 1368 1185 1393 dotntnt
1203 1372 1311 1393 caterva
1328 1367 1371 1393 ubi
1390 1367 1546 1398 nudassent,
1564 1371 1644 1399 atque
1662 1367 1745 1394 dorso
1761 1366 1871 1401 ﬂagellis

1087 1412 1264 1443 (accidissent,
1289 1413 1314 1438 iu
1338 1413 1461 1439 exsiliunt
1485 1412 1547 1439 item
1571 1413 1705 1446 deportari
1729 1417 1869 1439 curarunt.

1087 1457 1159 1484 Inter
1174 1457 1359 1492 ﬂagellatulnm
1374 1462 1462 1484 autem
1479 1459 1536 1484 hate
1549 1458 1672 1485 scelerati
1688 1459 1811 1485 homines
1829 1465 1871 1483 vo-

1088 1504 1269 1531 ciferabantur
1285 1504 1319 1538 (ε)
1341 1513 1347 1531 :
1366 1503 1452 1537 Quare
1466 1503 1574 1531 Liberio
1591 1511 1642 1530 non
1662 1504 1806 1531 obstitisti?
1822 1512 1871 1531 cur

1088 1549 1146 1583 ejus
1166 1549 1284 1576 detulisti
1300 1548 1421 1575 litteras?
1439 1548 1570 1574 Diaconus
1589 1555 1653 1574 vero
1669 1548 1739 1574 inter
1757 1548 1868 1574 verbera

1087 1595 1189 1628 gratias
1205 1594 1318 1621 Domino
1339 1595 1488 1628 rependere
1509 1598 1590 1628 atque
1614 1594 1703 1620 dicere
1723 1603 1730 1620 :
1756 1593 1869 1620 Dorsum

1086 1647 1171 1666 meum
1186 1639 1297 1674 ﬂagellis
1311 1638 1401 1666 obtuli.
1423 1637 1462 1665 llli
1477 1643 1566 1665 autem
1583 1638 1697 1665 irridere
1717 1647 1747 1665 ac
1761 1639 1870 1665 cachin-

1087 1693 1135 1711 nos
1150 1684 1298 1717 effundere,
1320 1692 1370 1712 nec
1385 1684 1543 1711 erubescere
1559 1684 1629 1718 qttod
1651 1684 1758 1710 levitam
1778 1689 1867 1710 contu-

1087 1730 1173 1757 meliis
1191 1735 1217 1758 et
1239 1731 1325 1765 plagis
1339 1734 1496 1757 onerarent.
1516 1729 1545 1756 in
1561 1729 1686 1757 exsilium
1707 1730 1798 1764 itaque
1817 1729 1868 1756 acti

1086 1776 1170 1802 sancti
1187 1775 1363 1806 confessores,
1378 1782 1493 1802 excusso
1508 1775 1618 1809 pulvere
1634 1775 1741 1808 pedum,
1754 1775 1867 1802 erectis-

1085 1830 1137 1856 que
1148 1822 1180 1848 ad
1193 1821 1275 1848 Dettm
1291 1821 1389 1852 oculis,
1404 1821 1480 1854 cujus
1493 1829 1586 1848 amore
1597 1828 1684 1855 neque
1696 1820 1867 1855 imperatoris

1086 1868 1140 1894 iras
1156 1867 1409 1898 reformidaverant,
1424 1873 1510 1900 neque
1525 1866 1611 1892 stricti
1633 1866 1713 1899 gladii
1732 1869 1803 1891 tucttt
1820 1872 1866 1891 ve-

1087 1914 1191 1939 ritatem
1219 1913 1404 1946 prodiderant,
1429 1912 1553 1938 exsilium
1583 1919 1631 1945 pro
1655 1911 1796 1938 ministerii
1825 1911 1867 1938 stti

1085 1957 1171 1983 ofﬁcio
1189 1957 1349 1984 habuerunt.
1367 1956 1433 1983 Dum
1454 1956 1525 1983 ettim
1547 1956 1604 1983 loca
1622 1956 1797 1990 civitatesque
1811 1963 1869 1990 pert-

1085 2008 1218 2038 agrarent,
1246 2004 1296 2030 etsi
1322 2003 1434 2030 vinculis
1452 2002 1602 2036 constricti,
1631 2009 1703 2029 Sana:
1723 2001 1782 2028 ﬁdei
1801 2009 1868 2034 prte-

1085 2050 1247 2076 dicatiottcm
1265 2050 1330 2076 nihil
1351 2049 1575 2082 inlermittebant,
1593 2049 1723 2076 Arianam
1743 2048 1865 2074 baarcsim

1086 2097 1193 2130 itnpiam
1208 2096 1306 2129 ubique
1319 2096 1520 2127 renuntiabant,
1539 2095 1768 2129 lradttcebantque
1787 2093 1868 2120 Ursa-

1085 2142 1118 2169 cii
1144 2147 1170 2168 et
1199 2141 1318 2168 Valentis
1344 2141 1543 2175 paenitentiam.
1566 2140 1642 2174 Quod
1669 2145 1764 2167 contra
1787 2147 1868 2173 quam

1086 2187 1137 2214 rati
1159 2191 1246 2218 erant,
1271 2186 1353 2213 cessit
1376 2186 1591 2213 insidiatoribus.
1608 2185 1673 2212 Nam
1690 2191 1789 2220 quanto
1812 2186 1870 2211 lou-

253 2227 304 2254 lam
319 2232 362 2255 est
377 2227 448 2262 ipsos
463 2227 496 2254 ad
519 2227 555 2254 tui
569 2227 682 2262 gratiam
697 2226 840 2254 ineundatn
857 2226 1033 2253 Athanasium
1051 2230 1071 2257 D
1087 2232 1160 2267 giore
1176 2232 1263 2265 spatio
1278 2236 1304 2257 et
1324 2232 1524 2266 intercapedine
1545 2231 1660 2258 distabat
1681 2231 1770 2258 exsilii
1786 2231 1868 2262 locus,

252 2280 392 2300 accusare.
418 2283 428 2300 1
449 2273 509 2300 Alio
530 2278 620 2300 autem
647 2273 705 2300 loco
728 2273 786 2300 haec
812 2273 893 2299 habet
915 2271 1034 2298 Athana-

252 2320 308 2346 sius
327 2318 363 2355 (b)
386 2327 394 2347 :
426 2328 435 2344 t
464 2319 529 2346 Cum
553 2318 661 2353 juberet
682 2318 829 2353 imperator
851 2318 923 2345 viros
940 2322 1032 2345 contra

251 2365 429 2393 Athanasium
450 2365 578 2399 suffragia
600 2365 732 2397 scribere,
757 2372 789 2391 ac
812 2371 872 2391 cum
898 2364 1034 2391 haereticis

251 2412 470 2444 communicare;
487 2412 540 2438 illis
563 2411 601 2438 rei
619 2411 762 2438 insolentia
783 2410 965 2444 stupentibus,
983 2417 1032 2444 pu-

220 2467 222 2494 ε
250 2458 448 2492 gnantihusque
461 2458 488 2485 id
506 2457 682 2484 ecclesiastici
703 2463 754 2483 non
771 2464 831 2483 esse
842 2457 922 2492 juris,
938 2457 1029 2483 statim

220 2503 223 2537 ᾖ
250 2503 318 2530 ille:
336 2502 370 2530 At
386 2503 458 2537 quod
479 2503 543 2529 milti
564 2503 667 2529 libitum
684 2506 740 2535 est,
755 2503 780 2529 id
795 2502 971 2530 ecclesiastici
986 2501 1031 2535 ju-

249 2550 288 2577 ris
302 2550 363 2577 loco
377 2550 507 2577 habeatur
520 2559 526 2576 :
541 2550 606 2576 mihi
617 2550 718 2584 quippe
732 2550 769 2576 ita
781 2549 899 2584 loquenti
911 2553 1032 2575 annuttnt

250 2595 312 2631 Syri
329 2595 447 2631 episcopi
463 2605 470 2623 :
483 2601 529 2622 aut
544 2596 625 2631 igitur
635 2596 831 2630 obtemperate,
844 2600 889 2621 aut
905 2595 954 2629 ipsi
965 2602 1032 2629 quo-

222 2666 224 2671 ,
248 2649 302 2677 que
316 2647 438 2669 extorres
454 2642 535 2669 futuri
551 2642 625 2669 estis.
645 2641 691 2668 His
703 2642 803 2668 attditis
815 2641 944 2675 episcopi,
961 2647 1033 2667 rem—

249 2694 301 2720 que
323 2695 493 2722 summopere
510 2688 610 2719 mirati,
631 2687 766 2722 supplices
787 2687 820 2713 ad
836 2686 918 2714 Deum
935 2693 1032 2712 manus

250 2732 371 2766 tendere,
388 2740 448 2760 cum
473 2732 569 2761 ﬁducia
584 2733 747 2767 compellare
763 2733 862 2766 virum,
880 2734 1032 2767 docereque

282 2819 321 2854 (a)
334 2820 431 2847 Athan.
455 2819 523 2847 Hist.
540 2821 629 2848 Arion.
645 2821 678 2848 ad
695 2820 845 2853 monachos,
861 2830 886 2848 n.
903 2821 946 2849 76.

281 2857 319 2891 (b)
334 2856 400 2882 lbid.
419 2864 444 2882 tt.
466 2855 509 2887 53,
528 2855 571 2882 54.

1085 2285 1158 2306 tanto
1172 2279 1279 2313 gravius
1291 2278 1317 2305 in
1330 2278 1426 2313 impios
1439 2278 1561 2304 homines
1571 2276 1758 2304 concitabatur
1767 2276 1868 2307 odium,

1083 2323 1217 2358 latiusque
1238 2324 1364 2357 serpebat
1380 2322 1478 2349 invidia
1495 2322 1570 2350 facti.
1592 2322 1755 2349 Sanctorum
1779 2320 1875 2355 itaque

1084 2368 1226 2402 przcsttlum
1235 2368 1352 2402 demigro
1358 2368 1404 2399 tio,
1414 2375 1476 2394 vere
1484 2367 1639 2401 prtedicatio
1649 2367 1706 2397 fuit,
1716 2374 1769 2401 qua
1777 2374 1869 2393 eorum

1085 2413 1231 2447 impietatis
1242 2413 1311 2439 fama
1323 2413 1419 2448 ttbiqtte
1428 2418 1559 2439 manaret.
1568 2413 1632 2445 Quis
1644 2413 1714 2439 enittt
1725 2412 1786 2438 dttttt
1795 2419 1871 2445 pera-

1085 2463 1197 2493 grantes
1205 2463 1339 2488 cerneret,
1351 2466 1403 2485 non
1414 2458 1534 2484 laudibus
1544 2457 1748 2484 utconfessores
1756 2464 1870 2484 exorna-

1084 2504 1139 2531 vit?
1150 2504 1209 2538 quis
1219 2511 1269 2530 non
1280 2503 1393 2530 Arianos
1404 2503 1553 2530 maledictis
1562 2508 1589 2529 et
1602 2503 1710 2536 probris
1722 2503 1870 2530 insectatus

1083 2557 1123 2577 est
1138 2555 1166 2577 ut
1179 2550 1286 2584 impios,
1305 2550 1447 2576 carniﬁces
1456 2553 1483 2576 et
1498 2549 1657 2581 homicidas,
1670 2555 1698 2576 et
1712 2557 1762 2576 ttott
1775 2549 1870 2583 quovis

1084 2596 1174 2629 potius
1195 2604 1275 2630 quattt
1304 2594 1520 2622 Christianorum
1547 2595 1656 2622 nomine
1682 2594 1870 2628 compellavit?

1085 2642 1217 2669 Caeterum
1237 2642 1353 2674 exsules,
1372 2642 1406 2668 ait
1427 2641 1558 2675 Sulpitius
1581 2640 1711 2672 Severus,
1725 2641 1791 2668 satis
1803 2647 1870 2667 con-

1086 2693 1139 2714 stat
1157 2688 1239 2715 totius
1255 2687 1330 2714 orbis
1345 2687 1441 2714 stttdiis
1453 2687 1619 2719 celebratos,
1633 2687 1814 2721 pecuniasque
1827 2686 1869 2713 eis

1087 2737 1111 2760 in
1125 2740 1260 2767 sumptum
1277 2732 1377 2760 aﬁatim
1396 2738 1548 2768 congestas,
1566 2733 1748 2767 legationibus
1761 2739 1869 2766 quoque

1118 2822 1153 2856 (ε)
1169 2822 1266 2849 Athan.
1287 2823 1349 2849 ibid.
1361 2823 1404 2849 11.
