2016 3046
765 156 841 183 VITA
864 159 892 184 S.
915 158 1108 186 ATHANASII.

1675 177 1736 198 CXII

124 215 173 234 eos
188 207 272 241 plebis
287 208 425 236 catholicae
437 216 467 236 ex
481 211 606 238 omnibus
621 211 675 239 fere
691 213 836 246 provinciis
854 216 904 240 l're-
925 216 945 242 Α
962 223 1034 242 IIICI‘O
1047 215 1258 245 Fortunatianus
1277 220 1467 254 Aquileiensis,
1483 226 1509 249 et
1522 222 1643 251 Eremius
1653 224 1738 253 Thes-

123 258 281 288 qnenlatos.

159 309 185 335 4.
205 308 301 335 Liberii
316 309 411 337 littera:
425 311 459 336 ad
483 313 652 343 (σημείου-ει.
669 328 704 332 ——-
724 313 844 348 Accepto
864 313 907 340 Li-

123 355 215 382 berius
230 363 320 383 rerum
347 355 488 384 Mediolani
506 363 641 392 gestarum
661 359 753 386 nuntio
767 380 774 390 ,
789 360 906 394 gratula-

124 404 208 429 torias
222 403 360 431 exsulibus
374 405 447 432 misit
465 404 579 436 litteras,
600 406 734 439 quamvis,
749 407 833 437 aiens.
850 415 906 434 ma-

124 450 156 476 lis
170 449 238 476 δαὶρί
252 450 405 481 videantur.
428 451 500 485 ipsos
513 456 600 478 tamen
616 452 759 487 singularis
774 461 829 479 sua:
844 453 904 480 fidei

122 503 204 523 causa
229 497 430 532 acceptissimos
444 504 504 524 esse
521 497 594 528 Deo.
618 503 645 525 et
663 498 719 532 jam
741 500 774 526 ad
788 499 903 526 futuram

123 543 245 577 martyrii
266 543 377 578 gloriam
390 544 554 578 designatos.
572 544 686 579 Optasse
703 551 731 572 ut
753 546 803 573 sibi
821 547 903 580 priori

123 588 149 614 id
161 589 222 615 boni
237 589 418 624 contingeret;
437 589 483 616 sed
498 589 559 623 quia
578 590 613 616 illi
628 592 844 624 praevertissent,
858 600 901 619 ro-

123 642 187 668 gare
198 640 224 661 ut
236 642 264 662 se
277 635 364 662 studio
380 643 524 670 amorequc
540 641 698 670 praesentem
715 637 880 665 aestimarent
894 647 900 665 :

122 684 149 705 et
172 687 232 706 cum
254 687 302 714 per
324 680 474 715 hujusmodi
502 689 636 709 aerumnas
661 687 741 717 atque
766 682 902 709 calamita-

123 729 163 752 tes
181 726 290 760 propius
315 727 347 752 ad
371 726 453 753 Deum
479 728 676 760 acceSsissent.
700 729 824 763 precibus
846 729 900 764 jam

123 771 179 798 suis
205 771 254 806 ipsi
280 771 484 807 opitularcntur.
512 773 632 800 Postulat
657 775 783 808 demum,
814 775 901 802 missis

123 817 219 844 litteris
242 817 293 844 sibi
318 819 382 852 quid
400 823 503 854 gestum
518 819 553 846 sit
575 824 701 847 accurate
726 821 875 855 significent
892 843 899 854 ,

121 869 157 889 ne
182 862 241 897 ipse
268 863 342 890 inter
368 864 484 891 incertos
501 865 571 900 vulgi
597 873 718 894 rumores
738 866 821 893 animi
835 874 898 901 pen-

121 908 194 935 deat.

157 966 185 993 5.
204 965 263 998 Quo
277 970 365 994 autem
390 967 555 994 acerbiorem
577 967 664 996 exsilii
681 975 786 1002 ptenam
814 970 899 997 sancti

119 1011 248 1045 prresules
258 1013 455 1045 experirentur,
468 1013 548 1047 (quod
562 1019 621 1041 erat
635 1013 824 1042 haereticorum
836 1023 900 1043 con-

118 1053 208 1084 silium
230 1058 503 1093 stttdiumque,)non
524 1067 605 1086 unum
629 1060 655 1086 in
677 1060 764 1087 locum
790 1062 898 1097 relegati

119 1107 191 1134 sunt,
203 1103 249 1130 sed
263 1103 290 1130 in
303 1105 392 1131 varias
406 1105 525 1132 etmulto
538 1105 793 1134 intervallodissitas
808 1112 895 1135 trans-

119 1149 192 1176 missi
209 1149 344 1184 regiones,
375 1157 409 1177 ne
427 1151 511 1177 mutui
530 1156 690 1186 conspectus
711 1153 807 1180 solatio
832 1161 896 1188 sup-

119 1194 191 1227 plicii
214 1195 287 1222 dolor
311 1195 457 1224 levaretur.
473 1197 582 1229 Verum.
601 1203 629 1224 ut
644 1205 714 1226 caeca
729 1207 773 1227 res
786 1205 826 1227 est
842 1208 898 1228 ma-

117 1240 186 1272 litia,
214 1248 266 1268 non
291 1242 466 1270 advertebant
485 1245 627 1276 scelerati,
652 1246 678 1271 in
704 1254 783 1279 grave
810 1255 897 1274 rerum

117 1294 227 1313 suarum
243 1288 431 1316 detrimentum
439 1290 560 1318 veritatis
571 1298 707 1325 prmcones
723 1300 754 1319 ac
767 1293 897 1321 haereseos

118 1333 210 1360 hostes
228 1334 299 1360 varia
324 1334 382 1362 loca
408 1343 561 1370 peragrare,
577 1345 630 1371 quo
649 1336 728 1364 latius
757 1344 898 1365 tuanarent

118 1378 161 1405 illa
188 1379 306 1413 perfidiae
328 1380 436 1409 Arianae
459 1387 626 1416 argumenta.
648 1382 731 1410 Nemo
747 1384 817 1411 enim
834 1392 898 1411 con-

116 1426 217 1459 spectis
239 1427 340 1454 sanctis
354 1427 418 1454 viris
437 1433 538 1456 tantam
553 1436 601 1463 pro
617 1430 730 1457 veritate
753 1430 895 1459 calamita-

118 1475 171 1496 tem
186 1470 353 1504 ferentibus,
371 1473 563 1501 sceleratorum
591 1475 762 1509 iniquitatem
787 1485 839 1504 non
856 1483 897 1505 est

115 1521 282 1544 exsecratus.
305 1518 436 1546 Eusebius
457 1520 539 1554 igitur
552 1520 724 1556 Scythopolin
740 1523 827 1550 exsilii
858 1524 896 1551 lo-

959 260 1155 295 salonicensis,
1181 270 1294 298 quorum
1321 265 1430 300 lapsum
1460 267 1583 302 deplorat
1610 269 1735 298 Athana-

957 315 1022 334 stus.

994 363 1018 389 7.
1038 363 1170 392 Maximus
1185 368 1245 393 sede
1256 368 1373 400 pellitur.
1394 384 1430 389 —
1446 369 1563 398 Eminuit
1580 376 1667 399 autem
1691 373 1735 401 ἰη-

958 411 998 433 lcr
1024 409 1142 436 veritatis
1168 412 1336 440 confessorus
1367 413 1497 442 Maximus
1517 415 1734 451 Neapolitanus;

955 453 1000 485 qni
1017 461 1077 480 cum
1094 455 1255 489 aegritudine
1268 459 1399 486 stomachi
1421 459 1568 495 laboraret,
1580 463 1614 490 ab
1628 463 1734 493 Arianis

955 499 1177 533 subscriptionem
1196 510 1271 529 suam
1289 509 1451 539 extorquere
1468 508 1630 537 conantibus
1643 510 1733 538 multis

955 548 997 570 cst
1010 543 1126 572 afllictus
1139 546 1226 574 malis.
1239 547 1274 574 At
1287 555 1347 576 cum
1368 549 1411 577 ille
1425 550 1452 578 in
1466 559 1539 587 aegro
1553 561 1667 589 corpore
1692 557 1733 584 in-

954 589 1054 616 victum
1076 597 1183 625 gereret
1195 593 1327 625 animum.
1345 595 1425 624 nullis
1442 597 1539 626 cedens
1555 601 1730 636 cruciatibus,

954 634 979 661 in
997 635 1120 663 exsilium
1139 638 1244 665 tandem
1268 639 1360 673 pulsus
1375 646 1426 670 est.
1442 641 1469 669 In
1493 643 1570 679 cujus
1584 644 1669 673 locum
1685 634 1731 674 co;

952 686 1061 716 optatur
1077 681 1198 711 Zosimus
1211 685 1331 719 quidam.
1352 686 1376 715 Is
1391 695 1450 715 cum
1467 689 1598 718 hactenus
1613 693 1730 720 catholi-

952 736 1010 756 cam
1031 729 1109 758 fidem
1133 737 1288 761 constanter
1311 742 1507 772 propugnasset
1521 759 1528 771 ,
1548 743 1602 766 tum
1624 740 1732 770 Arianis

952 775 1031 802 rebus
1041 777 1214 806 emolumenti
1229 787 1310 807 causa
1326 782 1435 810 studere
1450 784 1543 818 cmpit.
1568 785 1626 818 Quo
1640 787 1732 814 audito

951 819 1082 850 Maximus
1097 824 1155 851 dira
1177 825 1277 853 homini
1296 827 1469 862 imprecatus,
1486 832 1651 865 praenuntiat
1668 840 1730 860 eum

951 873 1003 894 non
1011 867 1055 894 diu
1065 869 1206 905 episcopali
1219 873 1245 900 in
1259 874 1322 902 sede
1335 882 1551 908 permansurum.
1566 877 1669 905 Accidit
1688 885 1731 906 res

952 917 979 940 ut
993 914 1122 948 prmfalus
1137 917 1180 944 ille
1194 918 1292 947 fuerat.
1309 919 1376 948 Cum
1398 922 1470 948 enim
1486 921 1607 950 Zosimus
1623 924 1729 958 episco-

949 959 1000 992 pali
1015 968 1126 989 muncre
1142 962 1168 990 in
1185 965 1276 998 populi
1292 971 1366 993 cmtu
1391 965 1561 1002 fungeretur,
1574 970 1730 1005 {derepente

949 1003 1038 1039 lingua
1053 1006 1217 1035 horrendum
1231 1009 1258 1036 in
1277 1011 1384 1037 modum
1397 1011 1472 1040 foras
1486 1003 1585 1048 erupit,
1599 1021 1628 1043 ut
1643 1003 1730 1051 neque

950 1050 1093 1079 reducendi
1110 1053 1225 1082 facultas
1240 1061 1321 1083 esset.
1341 1057 1417 1090 Quod
1439 1065 1500 1086 cum
1517 1061 1638 1095 repetitis
1664 1050 1730 1090 vici-

949 1096 998 1124 bus
1015 1098 1159 1126 accidisset
1171 1119 1178 1131 .
1192 1101 1278 1129 sensit
1300 1101 1345 1129 ille
1359 1103 1488 1132 divinitus
1503 1106 1651 1134 immissum
1673 1116 1731 1136 nia-

949 1143 1022 1176 lum,
1054 1145 1182 1180 novitque
1214 1155 1267 1175 non
1309 1147 1409 1177 frustra
1438 1152 1613 1180 vaticinatum
1646 1153 1729 1183 fuisse

948 1188 1117 1224 Maximum,
1145 1199 1178 1219 ac
1202 1199 1298 1227 sponte
1328 1195 1486 1228 dignitatem
1518 1198 1593 1224 exuit
1624 1199 1729 1232 episco-

948 1234 1043 1268 palem.
1074 1235 1205 1265 Maximus
1233 1243 1325 1266 autem
1359 1240 1385 1266 in
1414 1241 1502 1269 exsilii
1530 1241 1589 1270 loco
1622 1250 1727 1278 postre-

949 1287 1020 1307 mum
1044 1281 1113 1309 obiit
1134 1282 1204 1310 diem
1221 1304 1228 1317 ,
1248 1284 1429 1314 confessionis
1451 1287 1546 1316 exinde
1568 1289 1652 1323 gloria
1669 1291 1728 1318 cla-

948 1334 1003 1354 I’US.

981 1385 1008 1413 8.
1035 1385 1193 1422 Martyrium
1207 1388 1353 1423 Ruﬁniani.
1371 1405 1406 1410 —
1421 1390 1516 1419 Iisdem
1532 1398 1729 1423 annumeratur

947 1430 1009 1458 item
1026 1430 1187 1460 Rufinianus
1210 1434 1320 1468 quidam
1337 1435 1398 1463 vita
1421 1438 1599 1465 sanctimonia
1620 1439 1728 1474 conspi-

946 1483 1030 1508 cuus;
1052 1479 1096 1512 qui
1115 1478 1177 1506 ﬁdei
1193 1487 1275 1507 causa
1293 1481 1328 1508 ab
1349 1481 1509 1517 luipiissimo
1525 1483 1646 1518 Epicteto
1659 1485 1728 1513 Ceu~

948 1523 1145 1552 tum-cellarum
1166 1526 1293 1561 episcopo
1311 1527 1455 1555 immanem
1478 1529 1504 1556 in
1522 1530 1632 1557 modum
1644 1538 1726 1558 vexa-

115 1570 178 1589 cum
201 1565 340 1598 pervenit;
366 1565 443 1599 cujus
465 1566 539 1594 urbis
564 1568 705 1602 episcopus
727 1574 786 1596 erat
799 1570 895 1597 Patro-
909 1568 930 1596 C
947 1572 990 1595 tus
1004 1589 1012 1601 .
1028 1574 1092 1597 ante
1114 1577 1223 1598 currum
1240 1572 1298 1606 ejus
1315 1573 1451 1601 concitato
1476 1581 1556 1602 cursu
1581 1577 1728 1610 procedere

117 1608 204 1641 philus
217 1609 334 1636 Arianus
346 1631 353 1642 ,
372 1611 417 1644 qui
441 1615 513 1638 tanta
534 1620 601 1639 cura
613 1633 621 1645 ,
638 1613 790 1649 Epiphanio
806 1619 873 1643 teste
887 1636 895 1648 ,

115 1651 268 1681 Catholicos
286 1661 300 1680 a
315 1662 362 1681 sua
375 1656 493 1688 par(ecia
512 1663 649 1692 exegerat,
667 1662 696 1685 ut
709 1660 813 1687 nonnisi
828 1668 896 1687 unus

115 1696 214 1732 δοξερῦ
229 1706 320 1726 comes
334 1700 414 1728 isthic
441 1707 605 1736 superesset,
629 1704 673 1738 qui
688 1705 818 1732 Arianum
843 1713 895 1733 non

115 1747 266 1772 sectaretur
284 1752 415 1773 errorem.
440 1747 498 1774 Erit
522 1747 636 1776 fortasse
666 1751 793 1778 narrandi
821 1752 896 1780 locus

115 1790 180 1823 quid
198 1791 257 1822 ejus
282 1798 344 1818 cura
372 1797 399 1818 et
423 1799 663 1828 opera'perpessus
688 1796 724 1823 sit
754 1796 895 1824 Eusebius.

116 1834 179 1862 Fuit
203 1840 291 1863 autem
317 1836 432 1864 Eusebio
463 1840 687 1873 peregrinationis
720 1840 896 1876 laborumque

117 1881 209 1910 socius
223 1881 432 1917 Exuperaatius,
447 1885 492 1918 qui
512 1890 604 1919 postea
622 1886 672 1913 fuit
695 1887 720 1914 in
744 1887 895 1916 Torlonen-

115 1934 175 1954 sent
202 1928 357 1962 episcopum
377 1935 530 1964 cooptatus.
560 1929 668 1958 Lucifer
695 1930 894 1958 Germaniciani

115 1973 250 2005 mittitur;
268 1974 345 2009 cujus
361 1979 417 2001 tum
433 1976 576 2010 episcopus
591 1981 651 2003 erat
668 1976 895 2005 EudoxiusAria-

115 2025 176 2045 nus.
192 2019 250 2052 Quo
265 2019 291 2046 in
310 2019 369 2047 loco
390 2021 488 2054 quibus
503 2022 538 2049 sit
554 2023 686 2050 aerumnis
704 2022 832 2055 affectus,
849 2024 895 2050 de-

116 2064 209 2091 scribit
220 2065 277 2099 ipse
289 2065 314 2092 in
329 2073 378 2093 sua
390 2067 423 2093 ad
440 2067 628 2095 Constantium
642 2068 764 2103 epistola.
783 2068 810 2095 In
833 2076 894 2095 car-

116 2117 179 2137 cere
192 2111 290 2145 quippe
313 2111 437 2139 reclusus
459 2119 490 2139 ac
505 2113 564 2141 luce
583 2113 717 2148 privatus,
733 2114 758 2140 in
774 2114 895 2142 tenebris

116 2156 321 2189 asservabatur,
340 2161 369 2183 ut
392 2164 426 2184 ne
441 2157 555 2192 cuipiam
581 2158 639 2191 ejus
665 2159 796 2186 invisendi
817 2160 894 2193 copia

115 2204 199 2226 esset.
214 2200 357 2235 Dionysius
379 2206 468 2228 autem
482 2201 689 2230 Mediolaneusis
707 2203 732 2230 in
757 2202 895 2237 Cappado-

115 2246 187 2272 ciam
211 2246 366 2280 deportatus
380 2266 387 2278 ,
403 2247 457 2275 illic
479 2248 566 2276 exsilii
590 2249 666 2283 juxta
691 2256 722 2276 ac
737 2250 798 2276 vitae
813 2249 894 2277 ﬁnem

115 2291 234 2324 invenit;
252 2291 394 2319 Dominum
412 2298 537 2327 precatus
552 2294 667 2327 scilicet,
681 2299 710 2321 ut
727 2302 759 2322 ex
778 2296 829 2322 bac
841 2296 895 2323 vita

113 2335 269 2370 demigrare
295 2336 408 2369 liceret,
431 2344 465 2364 ne
486 2345 609 2366 reversus
622 2359 630 2372 ,
654 2340 801 2374 paroeciam
819 2348 895 2367 suam

113 2381 216 2408 Ariana
234 2382 295 2410 labe
310 2383 437 2410 infectant
466 2384 690 2419 deprehenderet.
708 2386 742 2413 Et
769 2393 836 2413 sane
854 2394 898 2414 res

114 2431 144 2454 ut
160 2428 344 2462 augurabatur
360 2429 520 2462 accidisset,
548 2431 570 2457 si
594 2431 696 2459 diutius
710 2432 897 2466 |protraxisset

114 2473 209 2499 vitam.
224 2473 251 2500 In
265 2474 324 2509 ejus
336 2476 434 2510 quippe
445 2475 533 2504 locum
549 2475 676 2504 sulfectus
692 2482 734 2505 est
744 2477 896 2507 Auxentius

115 2519 279 2546 Arianorum
301 2520 464 2549 deterrimus
480 2540 488 2554 ,
517 2529 532 2549 a
557 2521 687 2557 Gregorio
713 2523 896 2552 Alexandrino

114 2564 257 2599 presbyter
268 2565 420 2598 ordinatus,
436 2567 482 2602 qui
497 2568 605 2596 Arianae
618 2569 656 2596 rei
673 2570 801 2604 augendae
815 2576 896 2606 atque

114 2611 308 2643 promovendae
318 2615 429 2640 strenue
445 2620 554 2647 operam
566 2614 650 2642 dedit.

150 2664 177 2691 6.
195 2665 300 2694 Praeter
312 2654 477 2697 memoratos
494 2676 582 2698 autem
602 2672 753 2706 episcopos,
770 2673 813 2700 alii
835 2682 897 2708 pcr-

115 2711 193 2745 pauci
232 2713 320 2740 exsilii
356 2721 463 2748 pmnam
494 2717 584 2743 subire
616 2719 788 2751 maluerunt,
815 2727 896 2754 quam

115 2755 156 2782 vel
181 2756 359 2786 Athanasium
384 2762 513 2788 damnare
529 2783 535 2793 ,
561 2763 602 2790 vel
628 2772 689 2790 cutn
712 2765 820 2791 Arianis
844 2766 897 2792 itii-

117 2810 146 2829 re
170 2804 338 2832 societatem.
370 2806 482 2834 Maxima
510 2816 572 2842 pars
605 2811 707 2843 minis,
735 2811 834 2838 terrori
866 2820 897 2839 ac

118 2848 260 2876 fraudibus
285 2850 433 2879 Constantii
451 2861 629 2888 concessere;
655 2863 688 2882 cx
716 2864 828 2891 quorum
848 2865 897 2884 nu-

948 1613 1100 1647 compulsus
1114 1619 1156 1642 est
1174 1624 1181 1642 :
1197 1623 1252 1650 quo
1265 1616 1365 1644 factum
1381 1636 1390 1650 ,
1409 1622 1439 1645 ut
1453 1623 1637 1654 erumpentem
1662 1627 1726 1647 san-

946 1658 1052 1693 guinem
1065 1666 1112 1687 ore
1127 1667 1267 1695 evomens,
1281 1662 1433 1690 exstinctus
1447 1663 1494 1691 sit.

981 1714 1008 1742 9.
1033 1714 1141 1743 Vexatio
1155 1716 1298 1745 Catholici:
1318 1726 1364 1753 per
1378 1719 1465 1746 orbem
1479 1719 1606 1747 illata.—
1617 1719 1672 1748 Nec
1684 1728 1728 1749 so-

947 1760 999 1787 lum
1014 1767 1104 1788 autem
1121 1762 1262 1791 Mediolani
1287 1771 1319 1791 ac
1343 1771 1392 1799 per
1417 1764 1522 1792 Italiam
1547 1766 1648 1794 Ariana
1669 1767 1727 1796 lues

946 1807 1138 1841 grassabatur;
1161 1809 1207 1836 sed
1237 1817 1285 1844 per
1301 1814 1386 1838 totum
1407 1810 1558 1839 Romanum
1585 1812 1727 1848 imperium

947 1854 1062 1881 horrore
1076 1854 1165 1881 omnia
1180 1854 1258 1889 plena
1275 1864 1283 1882 :
1299 1856 1389 1890 minae,
1413 1857 1515 1888 multae.
1525 1858 1630 1890 exsilia,
1644 1859 1726 1893 quod-

945 1900 987 1926 vis
1008 1907 1192 1927 aerumnarum
1217 1908 1302 1936 genus
1329 1902 1363 1929 iis
1386 1902 1432 1936 qui
1459 1903 1561 1931 nollent
1584 1904 1727 1934 Athanasii

947 1945 1115 1971 damnationi
1127 1945 1309 1973 subscribere.
1328 1946 1384 1979 Qua
1401 1947 1435 1974 de
1450 1954 1479 1974 re
1494 1947 1672 1976 Athanasium
1693 1951 1727 1977 li-

946 1989 989 2016 bet
1004 1990 1096 2018 andire
1114 1990 1280 2027 loquentem.
1299 1990 1396 2018 Statim
1413 1992 1508 2019 litterze
1522 1993 1555 2020 ad
1572 1994 1726 2028 praefectum

946 2035 1045 2067 missae,
1068 2035 1226 2070 iussumque
1249 2041 1290 2063 est
1309 2037 1488 2064 Athanasium
1504 2037 1582 2065 solita
1595 2038 1726 2067 frumenti

946 2089 1052 2108 annona
1073 2082 1185 2116 privari,
1204 2087 1341 2118 totamque
1358 2083 1384 2110 in
1398 2091 1476 2110 usum
1492 2083 1550 2111 Arii
1563 2089 1726 2113 sectatorum

945 2127 1074 2154 conferri.
1092 2127 1158 2154 Data
1177 2129 1273 2163 cuique
1285 2129 1385 2156 volenti
1400 2129 1513 2157 facultas
1523 2135 1575 2162 est,
1587 2136 1726 2159 contume-

945 2172 1008 2200 liam
1022 2173 1055 2201 iis
1070 2173 1203 2201 inferendi
1222 2175 1266 2208 qui
1285 2174 1424 2202 Athanasii
1438 2176 1618 2204 conventibus
1642 2176 1727 2204 inter-

946 2223 1049 2246 essent.
1083 2218 1152 2246 Hinc
1175 2220 1255 2247 mina:
1280 2227 1388 2254 quoque
1413 2221 1547 2255 judicibus
1567 2222 1726 2254 intentata,

949 2264 1000 2291 nisi
1011 2271 1072 2292 cum
1089 2265 1198 2292 Arianis
1217 2266 1414 2293 communionis
1435 2266 1592 2294 societatem
1616 2266 1726 2296 inirent.

947 2309 1024 2337 Paria
1040 2310 1067 2337 in
1079 2310 1139 2338 aliis
1155 2310 1310 2345 regionibus
1325 2311 1400 2345 iussa
1414 2312 1542 2345 prodiere
1558 2321 1564 2338 :
1581 2313 1727 2346 Videreque

947 2360 1007 2383 erat
1021 2363 1070 2391 per
1085 2357 1165 2383 urbes
1189 2357 1309 2392 singulas
1329 2358 1426 2385 missos
1449 2357 1570 2385 notarios
1587 2361 1615 2385 et
1629 2357 1726 2392 palati-

947 2410 1005 2434 nos,
1020 2403 1065 2437 qui
1074 2402 1178 2437 judices
1193 2404 1360 2432 concitarent
1373 2405 1399 2431 in
1415 2404 1592 2432 Athanasium
1604 2424 1612 2437 ,
1629 2409 1656 2432 et
1667 2405 1725 2440 cpi--

947 2456 1043 2483 scopos
1059 2449 1100 2476 vel
1115 2448 1148 2476 ad
1164 2449 1303 2477 ferendum
1323 2450 1481 2485 sulfragium
1496 2451 1651 2478 inducereut
1661 2471 1669 2484 ,
1685 2450 1728 2479 vel

948 2494 1080 2529 pellerent
1095 2496 1121 2522 iu
1138 2496 1274 2528 exsilium,
1289 2496 1447 2531 populisque
1458 2504 1554 2530 graves
1569 2496 1728 2524 intermina-

947 2546 1043 2568 rentur
1056 2541 1236 2569 calamitates.
1255 2541 1363 2576 Legatis
1379 2543 1512 2569 dabantur
1524 2542 1629 2569 itineris
1643 2543 1728 2569 comi-

948 2591 989 2612 tes
1007 2585 1111 2612 Urs-acii
1124 2591 1151 2613 et
1169 2585 1286 2613 Valentis
1301 2587 1392 2613 clerici
1410 2595 1417 2614 :
1433 2587 1478 2621 qui
1493 2586 1515 2613 si
1533 2586 1639 2620 judices
1651 2587 1726 2613 vide-
1743 2591 1750 2598 '

947 2634 1006 2657 rent
1032 2637 1085 2656 non
1102 2635 1213 2657 strenue
1229 2637 1283 2657 rem
1300 2638 1391 2665 agere,
1408 2631 1546 2658 deferrent
1560 2632 1593 2657 ad
1610 2631 1726 2665 impera-

949 2679 1045 2701 torem.
1066 2674 1097 2700 Et
1111 2675 1181 2707 quod
1199 2675 1359 2708 stupendum
1373 2675 1452 2709 plane
1466 2679 1604 2705 eral,cnm
1613 2681 1726 2702 caeteras

949 2721 1064 2746 haereses
1081 2720 1197 2746 intactas
1214 2721 1355 2753 sinerent,
1377 2721 1443 2748 solis
1457 2721 1603 2749 Catholicis
1628 2721 1726 2748 bellum

949 2764 1110 2792 inferebant.
1124 2764 1191 2791 Tum
1203 2766 1332 2799 episcopi,
1346 2771 1374 2792 ut
1390 2766 1519 2799 scriptum
1537 2772 1589 2798 e51,
1608 2766 1640 2793 ad
1650 2773 1726 2801 reges

947 2816 974 2837 et
992 2811 1119 2845 prwsidcs
1144 2810 1226 2842 ducti,
1244 2819 1258 2837 a
1276 2810 1464 2845 judicibusque
1481 2813 1537 2839 luce
1554 2813 1698 2839 audiebant
1717 2821 1724 2839 :

948 2856 1001 2884 Aut
1014 2857 1185 2890 subscribite,
1206 2861 1250 2884 aut
1266 2856 1385 2884 decedite
1397 2858 1430 2885 ab
1443 2857 1586 2890 Ecclesiis;
1601 2857 1727 2892 nauijus-
