2016 3046
290 181 363 202 ειῐιι

965 173 1225 203 PROLEGOMENA.

288 231 324 258 sit
340 231 486 266 imperator
505 237 534 259 ut
547 233 718 261 abdicemini.
734 234 785 262 Alii
799 242 814 262 a
827 235 964 269 praefectis
975 241 1070 264 extur-
1084 236 1108 264 A
1124 237 1211 264 dictus
1229 235 1337 263 animus
1351 234 1531 270 episcopalem
1547 234 1622 262 adire
1647 233 1803 270 dignitatem
1816 235 1902 269 perti-

289 277 364 310 bati;
390 278 461 312 quod
484 282 573 307 tamen
588 279 711 313 primarii
733 280 783 307 viri
799 288 851 307 non
872 281 935 308 odio
952 281 1068 316 quodam

289 322 448 357 infensaque
466 323 556 351 animo
568 325 742 358 praestabant,
767 326 813 353 sed
828 330 858 353 ut
878 333 912 353 ne
924 326 974 361 ipsi
999 327 1069 354 inter

288 369 474 404 episcoporum
505 370 608 398 amicos
632 375 870 405 computarentur,
902 377 982 407 atque
1006 373 1068 400 hinc

288 413 357 441 foret
385 414 425 441 sui
457 414 616 442 criminandi
645 416 763 444 occasio.
789 416 856 444 Nam
887 417 953 452 ipsis
981 417 1067 451 magi-

287 459 415 487 stratibus
444 460 533 486 misse
559 459 655 487 litterae
680 465 759 494 sunt,
790 462 927 496 minisque
961 462 1067 490 adhibi-

299 501 324 532 ὗε
340 525 348 537 .
372 504 455 531 multa
496 505 650 539 pecuniaria
678 506 777 534 indicta
791 527 798 539 ,
818 507 868 534 nisl
893 507 990 542 singuli
1012 515 1067 535 suae

292 549 405 578 sivitatis
437 551 592 585 episcopum
625 551 799 586 compelleret
832 552 866 579 ad
893 553 1066 580 subscriben-

288 594 361 621 dum.
377 594 472 621 Omnis
497 594 612 629 denique
627 595 720 628 locus,
745 596 833 624 omnis
847 596 944 623 civitas
964 602 1067 624 terrore

287 644 347 667 erat
366 647 397 667 ac
417 639 530 667 tumultu
554 640 632 674 plena
645 661 652 672 ,
670 642 732 668 dum
752 642 849 675 raptati
868 642 986 676 episcopi
1008 642 1066 676 pel-

286 685 416 719 lerentur,
429 685 516 720 populi
529 686 620 713 omnia
641 685 712 713 luctu
734 687 931 722 gemitibusque
947 689 1066 722 complc-

287 737 359 759 rent.

322 778 366 805 10.
380 778 442 805 Haec
454 782 531 805 erant
549 779 690 805 missorum
711 777 888 812 palatinorum
914 782 996 812 gesta.
1014 778 1066 805 Ad.

288 823 403 850 mirandi
420 828 508 850 autem
523 823 646 851 homines
663 823 696 850 iis
706 830 765 857 qua:
777 824 848 850 nacti
865 827 928 850 sunt
946 825 1065 859 patroci-

289 870 342 897 niis
364 869 437 904 freti,
460 870 486 896 in
502 877 534 896 eo
548 869 595 896 loli
612 873 691 897 erant
707 873 735 896 ut
751 868 819 896 alios
837 869 977 903 episcopos
993 869 1063 896 acci-

288 921 349 943 rent
365 916 398 942 ad
410 916 610 950 imperatorem,
626 915 692 942 alios
715 915 812 942 litteris
827 915 950 950 ﬁctisque
971 915 1064 942 crimi-
1080 905 1100 932 Β

288 962 441 989 nationibus
461 961 709 992 circumvenirent,
732 965 760 987 ut
781 960 816 987 illi
833 961 981 988 Constantii
1006 960 1064 987 vul-

287 1011 343 1033 tum
359 1011 586 1040 conspectumque
597 1026 604 1037 ,
626 1005 652 1032 hi
671 1006 771 1040 legatos
782 1026 788 1037 .
820 1006 907 1033 minas
920 1026 927 1038 ,
951 1006 1064 1033 conﬁcta

287 1052 400 1079 crimina
413 1052 645 1086 pertimescentes.
660 1052 763 1085 pariter
775 1059 790 1077 a
805 1056 879 1078 recto
894 1051 992 1086 pioque
1005 1059 1066 1079 cou-

287 1097 349 1124 silio
364 1103 552 1125 evocarentur.
569 1097 602 1124 lis
618 1097 721 1124 artibus
735 1097 882 1132 imperator
899 1102 953 1124 tam
970 1098 1067 1125 multos

287 1144 428 1178 episcopos
445 1143 573 1178 compulit
587 1143 623 1169 ad
637 1143 693 1169 lucc
711 1143 870 1176 proferenda
889 1143 989 1171 verba:
1006 1142 1066 1171 Non

288 1189 358 1215 ultra
373 1197 432 1215 cum
447 1189 590 1216 Athanasio
605 1189 837 1216 communicamtu.
861 1187 928 1216 Nam
952 1196 999 1216 eos
1019 1190 1066 1223 qui

288 1243 318 1262 se
345 1235 451 1262 adirent
477 1243 529 1262 non
559 1240 621 1262 ante
646 1235 678 1261 ad
706 1239 876 1269 conspectum
908 1234 1067 1261 admittebat

287 1289 375 1313 suum,
392 1288 478 1316 neque
499 1281 578 1308 domo
597 1281 687 1315 egredi
708 1280 862 1308 facultatem
879 1281 969 1311 dabat,
986 1287 1065 1314 quam

288 1327 330 1354 vel
349 1327 550 1354 suhscriberent
563 1347 570 1359 ,
582 1326 625 1353 vel
641 1327 789 1353 almueutes
801 1326 966 1361 pellerentur
977 1326 1003 1352 in
1020 1333 1067 1353 ex-

288 1372 387 1399 silium.
413 1372 440 1399 ld
454 1374 551 1407 agebat
565 1377 655 1399 autem
670 1392 678 1404 ,
693 1379 793 1406 gnarus
813 1372 926 1400 inrisam
941 1373 1067 1400 omnibus

289 1418 413 1445 haeresim
429 1425 489 1444 esse
505 1427 511 1443 :
525 1425 583 1452 qua:
598 1418 736 1452 potissima
751 1425 832 1446 causa
858 1418 908 1446 fuit
923 1419 995 1453 quod
1013 1423 1066 1446 tam

291 1463 387 1490 multos
401 1464 424 1489 vi
442 1463 635 1497 compelleret,
652 1468 680 1490 ut
694 1464 786 1498 paucis
810 1469 1065 1492 annumerarentur.

288 1508 359 1536 Cura
375 1517 478 1536 summa
497 1514 578 1544 atque
600 1510 751 1538 sollicitudo
768 1511 818 1546 ipsi
836 1516 896 1538 erat
909 1511 961 1538 vim
977 1511 1064 1538 nomi-

290 1563 352 1583 num
368 1563 420 1582 una
436 1563 543 1590 cogere,
560 1564 620 1583 cum
642 1561 671 1583 ut
687 1556 816 1584 invidiam
836 1557 988 1584 Athanasio
999 1564 1066 1584 COI-

290 1601 368 1629 ﬁaret
381 1622 389 1634 ,
405 1607 459 1629 tum
477 1607 507 1630 ut
527 1602 634 1629 Arianae
657 1602 753 1630 heresi
768 1622 775 1635 ,
792 1602 869 1637 cujus
882 1602 990 1629 fervens
1009 1602 1068 1636 ipse

290 1648 387 1674 vindex
405 1653 479 1681 erat,
497 1647 615 1682 aliquam
642 1647 751 1675 aiferret
768 1648 906 1683 dignitatis
929 1648 1045 1682 speciem
1059 1668 1067 1680 ,

288 1698 363 1721 ratus
379 1694 518 1721 veritatem
534 1701 564 1721 se
586 1694 697 1728 perinde
719 1699 800 1729 atque
816 1694 940 1722 homines
953 1694 1069 1721 circum-

288 1739 381 1767 venire
395 1746 486 1773 posse:

324 1787 368 1814 tl.
381 1785 489 1820 θωυαηὶ
508 1785 627 1819 defectio.
646 1799 680 1805 —
692 1784 764 1813 Inter
778 1783 834 1813 htec
851 1785 878 1812 in
891 1784 986 1813 Galliis
1003 1792 1068 1811 con—

289 1831 350 1866 tigit
366 1831 475 1867 Sylvani
503 1831 620 1859 defectio
634 1851 641 1863 ,
659 1832 705 1866 qui
727 1831 761 1859 ab
783 1832 906 1859 exercitu
922 1832 1069 1865 imperator

287 1884 329 1906 est
345 1878 528 1912 inauguratus.
550 1876 587 1903 Ea
606 1885 649 1905 res
676 1877 863 1906 Constantium
893 1877 919 1904 in
935 1884 1068 1905 summam

288 1924 392 1951 consilii
406 1923 522 1958 inopiam
536 1925 818 1959 perturbationemque
832 1924 1068 1959 conjecit.Atcum

289 1971 334 1997 ille
350 1970 516 2004 interpositis
531 1970 698 2007 vigintipcto
710 1975 771 2004 post
783 1970 962 1998 defectionem
975 1970 1070 1998 diebus

291 2017 324 2043 ab
339 2014 464 2043 Ursicino
479 2015 656 2043 obtruncatus
670 2020 753 2048 esset,
778 2016 877 2050 ingenti
893 2015 1070 2046 Constantius

292 2066 364 2088 metu
383 2061 511 2089 liberatus
526 2065 578 2088 est.

325 2108 370 2135 12.
396 2107 465 2135 Dum
479 2107 507 2135 hi
532 2114 581 2142 per
599 2112 684 2135 totum
700 2107 792 2134 orbem
807 2113 904 2141 motus,
926 2108 968 2135 hae
984 2107 1070 2134 turba:

289 2154 402 2186 dantur,
415 2153 577 2181 Athanasius
584 2153 753 2180 Alexandria:
768 2152 838 2180 haud
856 2153 915 2180 sine
934 2158 1005 2179 metu
1020 2153 1069 2179 im-

288 2200 435 2234 pendentis
446 2199 558 2234 periculi
584 2199 752 2232 versahatur,
778 2199 867 2234 populi
895 2198 1021 2234 praesidio
1043 2202 1070 2226 et

289 2254 383 2274 amore
406 2250 478 2273 tutus
501 2245 534 2272 ab
559 2245 664 2273 insidiis
682 2245 844 2273 Arianorum
866 2254 872 2271 :

289 2291 422 2319 machinis
436 2295 515 2318 erant
528 2295 555 2318 et
578 2291 721 2318 calumniis
733 2290 869 2318 struendis
884 2290 993 2322 intentl,
1014 2297 1067 2324 quo

288 2336 374 2363 virum
392 2336 458 2362 urbe
471 2335 638 2370 pellerentet
654 2336 879 2363 exterminarent.

322 2383 365 2410 L3.
387 2381 546 2409 Dracontius
564 2383 592 2409 in
606 2383 754 2417 episcopum
768 2382 876 2409 allectus
892 2382 971 2416 fugit.
985 2380 1066 2408 Revo-

286 2433 363 2456 catur
378 2429 410 2454 ab
425 2428 582 2455 Athanasio.
596 2443 632 2454 -ς-
651 2428 757 2455 Accidit
783 2433 872 2455 autem
891 2429 983 2463 paucis
1004 2433 1068 2456 ante

287 2474 444 2501 Paschalem
471 2473 669 2511 solemnitatem
693 2474 787 2501 diebus
813 2473 893 2508 hujus
906 2494 914 2505 .
931 2478 961 2500 ut
976 2474 1068 2508 opina-

255 2527 259 2533 '
288 2527 357 2550 mur,
376 2520 449 2552 anni,
463 2525 492 2546 ut
510 2524 623 2547 vacante
638 2520 700 2546 sede
714 2519 885 2553 Hcrmopolis
899 2527 996 2553 parvae,
1008 2527 1067 2553 qute

286 2565 404 2599 parmcia
422 2566 566 2593 maximam
593 2565 768 2593 Alexantlriui
794 2565 850 2600 agri
869 2570 974 2599 partem
992 2572 1066 2592 corn-

286 2609 463 2644 plectebatur.
487 2611 647 2639 Dracontius
672 2611 781 2644 quidam
799 2611 948 2637 monachus
961 2615 989 2637 et
1008 2617 1064 2637 mo-

286 2655 435 2682 meliorum
445 2655 594 2692 ἡγούμενος
612 2657 637 2683 in
653 2657 806 2691 episcopum
820 2657 878 2690 eius
894 2656 944 2682 loci
960 2663 1067 2690 promo-

286 2706 404 2727 veretur.
424 2701 456 2728 Et
471 2703 577 2736 quidem
596 2702 678 2728 tantis
694 2707 752 2728 erat
769 2702 813 2727 ille
827 2701 986 2735 populorum
999 2702 1068 2727 votis

285 2748 430 2781 expetitus,
446 2753 476 2775 ut
492 2748 607 2782 gentiles
623 2748 704 2775 etiam
718 2755 747 2773 se
761 2747 929 2774 Christianus
943 2747 999 2774 fare
1012 2747 1068 2780 pol-

285 2791 443 2826 licerentur,
459 2794 522 2820 dum
541 2793 702 2821 Dracontius
716 2799 787 2821 esset
803 2794 954 2828 episcopus.
969 2793 992 2819 Is
1006 2801 1068 2820 vero

285 2837 344 2864 sive
358 2837 522 2865 imminentis
545 2839 701 2866 Christiano
722 2840 819 2873 populo
832 2839 993 2866 calamitatis
1021 2840 1065 2866 de-

288 2882 417 2910 clinanda
432 2890 512 2910 causa
528 2903 534 2916 ,
552 2884 608 2912 sive
623 2885 692 2918 quod
711 2885 861 2912 monachali
886 2885 1010 2912 instituto
1026 2885 1069 2912 ad-

1122 287 1251 310 mesceret
1263 302 1270 313 ,
1286 289 1346 308 cum
1360 281 1393 308 de
1413 281 1536 314 eligendo
1555 281 1674 308 antistite
1694 280 1831 315 agebatur,
1854 281 1899 308 ubi

1119 329 1235 356 advertit
1258 327 1401 355 inclinatas
1417 327 1442 354 in
1466 334 1494 354 se
1513 327 1633 354 omnium
1645 326 1806 359 voluntates,
1825 326 1902 362 jura-

1119 380 1210 402 mento
1225 374 1308 401 edixit
1323 381 1362 406 se,
1378 374 1399 400 si
1414 373 1584 407 deligeretur,
1599 380 1768 408 nequaquam
1788 373 1893 400 obtem-

1119 426 1287 454 peraturum.
1310 419 1376 446 Cum
1401 423 1490 445 autem
1519 418 1653 445 communi
1673 417 1776 445 calculo
1798 418 1900 455 electus

1120 465 1226 496 fuisset,
1243 465 1398 491 auctoribus
1411 469 1439 491 et
1464 464 1674 491 consuasoribus
1687 464 1825 490 monachis
1839 463 1900 497 qui-

1120 511 1232 537 busdam
1251 510 1340 544 fugam
1358 509 1442 540 fecit,
1459 516 1573 544 seseque
1594 509 1749 536 occultavit.
1775 508 1813 536 Re
1827 517 1898 536 com-

1119 561 1192 591 perta
1209 556 1372 583 Athanasius
1390 556 1422 582 de
1447 554 1506 590 fuga
1529 562 1633 582 summe
1659 555 1744 582 doluit
1767 576 1775 588 ,
1791 555 1898 587 elegan-

1119 608 1225 636 temque
1251 602 1284 628 ad
1311 601 1483 628 Dracontium
1502 601 1575 628 misit
1594 601 1733 634 epistolam
1754 609 1802 636 per
1817 602 1898 628 tabel-

1118 647 1200 674 larios
1214 646 1352 674 llieraeem
1362 647 1549 681 presbyterum
1563 651 1589 673 et
1600 645 1744 673 Maximum
1756 647 1896 677 lectorem,

1113 694 1204 728 jussos
1231 697 1301 720 utet
1326 692 1374 727 ipsi
1397 692 1604 720 cohortarentur
1624 692 1657 719 ad
1686 692 1895 726 remigrandnm.

1118 739 1208 766 Multis
1225 738 1314 766 aiebat
1339 737 1510 771 Athanasius,
1536 737 1587 765 sibi
1602 738 1628 765 in
1644 738 1737 772 primis
1756 737 1897 765 oﬂ'ensioni

1117 792 1186 816 eSse,
1204 784 1274 818 qnod
1290 790 1399 818 promer
1414 784 1600 818 impendentes
1615 783 1742 811 Ecclesiae
1756 783 1897 811 calamita-

1117 836 1157 858 tes
1187 830 1278 865 fugam
1304 830 1430 861 fecisset;
1453 831 1514 858 hinc
1539 830 1659 857 futurum
1681 835 1711 856 ut
1737 830 1898 864 episcopalis

1116 877 1193 904 sedes
1221 883 1235 902 a
1253 876 1344 903 multis
1364 876 1451 911 iisque
1473 876 1603 910 improbis
1618 875 1771 903 hominibus
1791 875 1897 902 invade-

1117 927 1201 953 retur,
1218 926 1300 956 utque
1313 922 1414 949 ethnici
1428 942 1436 955 ,
1451 922 1496 957 qui
1522 929 1552 949 se
1567 922 1734 949 Christianos
1759 921 1816 948 fore
1834 928 1896 956 spo-

1116 969 1283 1002 pondissem,
1300 968 1327 995 in
1349 968 1481 995 idolorum
1496 967 1568 995 cultu
1587 972 1800 1002 perseverarent.
1817 967 1897 994 Minat-

1117 1015 1196 1042 batur
1206 1014 1299 1049 judicii
1309 1014 1392 1045 diem,
1403 1013 1454 1041 nisi
1473 1013 1585 1041 vocanti
1604 1013 1718 1040 Domino
1731 1013 1897 1047 obsequere-

1118 1067 1170 1088 tur.
1193 1060 1221 1087 Si
1235 1061 1318 1093 enim,
1336 1059 1434 1094 inquit,
1451 1060 1545 1087 eadem
1568 1066 1662 1086 omnes
1686 1065 1792 1093 semper
1809 1049 1909 1085 menee’

1116 1106 1239 1137 fuissent,
1251 1113 1303 1140 qua
1319 1106 1424 1132 ratione
1438 1104 1610 1132 Christianus
1626 1110 1652 1131 tu
1664 1112 1750 1138 esses,
1771 1111 1825 1131 non
1843 1112 1894 1132 cx-

1117 1152 1252 1179 stantibus
1264 1151 1419 1186 episcopis?
1439 1151 1472 1178 Et
1487 1151 1508 1178 si
1524 1151 1569 1185 qui
1587 1155 1650 1184 post
1666 1150 1748 1177 futuri
1761 1156 1834 1184 sunt,
1847 1159 1896 1178 eo-

1118 1196 1179 1224 dem
1194 1197 1283 1224 snimo
1304 1197 1414 1229 fuerint,
1428 1204 1480 1230 qua
1499 1196 1605 1224 ratione
1621 1200 1746 1223 constare
1768 1197 1898 1223 valebunt

1119 1241 1245 1269 Ecclesiae
1263 1242 1275 1268 ‘P
1290 1241 1390 1270 Deinde
1413 1242 1536 1276 exemplo
1565 1241 1675 1278 Moysis,
1697 1241 1770 1275 Elite,
1796 1242 1897 1272 Elisaai,

1118 1292 1146 1314 et
1160 1287 1364 1322 apostolorum,
1380 1287 1425 1322 qui
1448 1287 1608 1322 gravissima
1635 1287 1700 1314 olim
1725 1295 1774 1322 pro
1801 1286 1900 1321 populo

1119 1333 1165 1361 Dei
1194 1333 1287 1360 subire
1315 1333 1474 1366 certamina,
1497 1338 1524 1360 ct
1546 1333 1642 1368 capitis
1656 1334 1803 1368 perieulum
1824 1333 1900 1360 adire

1119 1385 1171 1407 non
1186 1382 1389 1410 recuSaverant,
1406 1379 1581 1406 Dracontium
1599 1378 1644 1406 ille
1658 1378 1691 1406 ad
1708 1378 1824 1405 delatum
1837 1385 1896 1404 mu-

1118 1431 1169 1451 nus
1188 1431 1315 1451 revocare
1332 1423 1436 1455 nititur,
1449 1428 1476 1450 et
1491 1424 1524 1450 ad
1540 1423 1713 1451 calamitates
1723 1422 1822 1450 Christi
1837 1430 1898 1458 gre-

1118 1469 1212 1505 gisque
1223 1470 1265 1497 sui
1279 1476 1360 1497 causa
1374 1468 1550 1504 perferendas
1564 1469 1731 1496 cohortatur.
1746 1468 1895 1496 Monachus

1119 1516 1182 1543 item
1196 1519 1330 1548 recenset,
1350 1516 1395 1550 qui
1415 1515 1447 1542 ad
1462 1515 1644 1550 episcopatum
1657 1515 1784 1550 promoti,
1798 1515 1823 1541 id
1837 1521 1902 1542 one—

1120 1561 1157 1589 ris
1173 1569 1234 1588 eum
1258 1561 1336 1589 laude
1360 1560 1572 1596 populorumque
1592 1560 1772 1588 emolumento
1794 1560 1898 1594 perfer-

1121 1612 1191 1634 rent.
1206 1607 1289 1634 Eranl
1302 1607 1319 1634 ii
1335 1606 1454 1642 Apollos,
1470 1608 1594 1641 Agatbon
1608 1627 1616 1639 ,
1638 1606 1748 1634 Ariston
1763 1625 1771 1638 ,
1787 1606 1898 1634 Ammo-

1120 1653 1190 1684 nius,
1206 1651 1283 1683 Muis.
1299 1651 1407 1680 Paulus.
1435 1651 1491 1680 Non
1515 1657 1569 1679 tant
1595 1652 1777 1679 conditiOnem
1801 1652 1897 1686 ipsam,

1119 1706 1200 1733 quam
1212 1698 1362 1725 institutum
1380 1699 1436 1726 veri
1450 1698 1574 1726 monachi
1594 1698 1798 1732 amplexandum
1821 1705 1896 1730 esse;

1120 1743 1190 1778 quod
1206 1748 1333 1778 praestare
1344 1743 1426 1771 etiam
1443 1742 1573 1778 episcopo
1588 1743 1691 1771 liceret.
1706 1742 1797 1778 Carpit
1807 1748 1898 1770 autem

1120 1789 1279 1821 monachos,
1301 1789 1346 1823 qui
1368 1789 1515 1817 Dracontio
1532 1788 1664 1822 ejusmodi
1691 1788 1759 1823 fugae
1773 1794 1896 1816 auctores

1119 1834 1243 1862 fuissent.
1272 1834 1402 1862 Hortatur
1430 1840 1459 1861 ut
1490 1839 1607 1862 maturet
1643 1835 1788 1869 parmeiam
1825 1833 1900 1862 adire

1119 1888 1195 1908 suam
1211 1900 1218 1912 ,
1239 1887 1298 1907 cum
1320 1881 1435 1907 maxime
1455 1880 1538 1907 instet
1561 1879 1701 1907 Paschatis
1723 1879 1899 1906 solemnitas:

1118 1934 1154 1954 ne
1179 1926 1267 1961 populi
1296 1927 1322 1953 in
1351 1926 1491 1953 laetissimo
1515 1925 1724 1954 resurrectionis
1754 1925 1823 1953 festo
1849 1925 1900 1952 ab-

1119 1977 1221 1999 sentem
1258 1971 1369 1999 doleant
1400 1976 1537 2005 pastorem
1571 1978 1660 1999 suum.
1686 1970 1733 1998 His
1759 1970 1900 1997 Athanasii

1119 2017 1296 2044 hortamentis
1333 2017 1416 2044 cessit
1446 2016 1626 2048 Dracontius,
1653 2023 1704 2044 nec
1734 2015 1779 2043 diu
1806 2021 1899 2050 postea

1118 2070 1168 2098 pro
1181 2063 1312 2091 catholica
1335 2062 1387 2090 ﬁde
1413 2062 1440 2090 in
1464 2062 1592 2090 exsilium
1616 2062 1651 2091 ab
1678 2061 1787 2090 Arianis
1807 2062 1900 2096 pulsus

1118 2113 1169 2137 est.

1154 2155 1199 2183 M.
1223 2155 1391 2182 Comtantim
1417 2154 1549 2182 Liberium
1575 2163 1595 2181 a-
1619 2156 1750 2189 proposito
1772 2154 1902 2181 dimovere

1120 2207 1212 2230 tentat.
1224 2217 1258 2223 —-
1273 2201 1458 2235 Constantius,
1473 2207 1511 2229 tot
1527 2201 1610 2236 pulsis
1626 2201 1769 2236 episcopis,
1787 2201 1902 2227 Ariano-

898 2244 944 2279 qui
962 2250 1068 2278 semper
1083 2254 1105 2282 υ
1122 2254 1180 2273 rum
1203 2245 1316 2273 consilio
1338 2245 1474 2273 Liberium
1501 2245 1665 2280 aggreditur.
1689 2245 1756 2272 Cum
1778 2245 1902 2272 adverte-

1122 2296 1182 2319 rent
1195 2291 1265 2318 enim
1278 2298 1339 2318 enm
1359 2298 1432 2318 sana:
1449 2291 1583 2319 doctrina:
1595 2291 1725 2318 cultorem
1743 2289 1903 2320 esse.Atha-

1122 2339 1201 2366 nasio
1216 2338 1392 2373 patrocinari,
1409 2337 1549 2365 erroribus
1569 2336 1709 2364 adversari
1726 2336 1783 2363 suis
1797 2357 1803 2368 ,
1820 2342 1902 2369 seque

1121 2388 1151 2411 ut
1165 2383 1306 2411 haereticos
1325 2383 1423 2418 ubique
1441 2383 1564 2410 locorum
1585 2382 1744 2414 traducere;
1763 2381 1813 2408 rati
1826 2380 1901 2414 impii

1120 2429 1241 2457 homines
1253 2437 1293 2461 se,
1305 2429 1328 2456 si
1343 2428 1480 2456 Liberium
1505 2428 1655 2455 suhornare
1678 2431 1797 2462 possent,
1809 2432 1902 2453 omnes

1121 2475 1193 2502 illico
1209 2479 1395 2510 superaturos,
1413 2474 1502 2502 virum
1520 2473 1590 2509 apud
1603 2474 1792 2508 imperatorem
1810 2471 1902 2499 crimi-

1121 2526 1228 2548 nantur.
1249 2520 1294 2548 Ille
1309 2528 1374 2548 vero
1390 2527 1504 2555 sperans
1519 2527 1548 2547 se
1559 2519 1657 2546 Liberii
1668 2526 1751 2553 opera
1765 2517 1904 2553 quampri-

1120 2574 1193 2594 mum
1207 2574 1302 2595 omnes
1327 2566 1377 2594 sibi
1400 2565 1605 2593 conciliaturum
1618 2585 1626 2598 ,
1645 2572 1706 2592 cum
1726 2564 1823 2591 litteris
1841 2570 1903 2598 spa-

1120 2612 1216 2639 donem
1230 2611 1374 2647 quemdam
1389 2610 1501 2638 Romam
1517 2610 1600 2638 mittit.
1616 2609 1763 2637 Eusebium
1782 2608 1902 2642 nomine,

1121 2656 1166 2690 qui
1193 2656 1342 2690 principem
1370 2656 1440 2682 inter
1464 2655 1604 2682 eunuchos
1623 2654 1763 2682 obtinebat
1789 2654 1901 2685 loc-Im;

1121 2702 1190 2729 dona
1211 2703 1351 2732 ferentem.
1366 2706 1396 2728 ut
1411 2701 1545 2728 Liberium
1561 2701 1717 2728 muneribus
1732 2704 1858 2731 tentaret,
1871 2706 1904 2726 ae

1123 2747 1144 2774 si
1159 2747 1246 2774 minus
1260 2747 1328 2773 dona
1343 2751 1461 2780 possent.
1480 2746 1578 2772 additis
1594 2746 1744 2772 litterarum
1760 2745 1841 2772 minis
1853 2751 1905 2778 op-

1125 2797 1207 2818 tatum
1222 2792 1300 2818 linem
1313 2795 1515 2825 assequcrctur.
1531 2789 1671 2817 Profectus
1685 2789 1797 2816 Romam
1808 2788 1902 2822 spado,

1124 2837 1256 2872 principio
1270 2841 1367 2863 auctor
1382 2842 1440 2863 erat
1455 2836 1575 2871 pontiﬁci
1598 2840 1627 2862 ut
1642 2835 1770 2862 adversus
1785 2835 1904 2862 Athana-

1124 2884 1192 2911 sium
1214 2883 1370 2918 sum-agiqu
1386 2883 1517 2910 scriberet
1529 2888 1589 2909 cum
1604 2881 1767 2915 Arianisque
1782 2887 1905 2907 commu-
