2016 3046
769 166 847 194 VITA
869 166 896 192 S.
918 166 1113 194 ATHANASIL

1653 177 1735 197 CXXIII

126 221 233 248 nlcaret
250 229 256 247 :
272 219 297 248 id
314 226 457 260 exoptare,
471 222 495 249 id
506 222 601 257 jubere
617 225 819 259 imperatorem.
841 226 909 253 Hinc
923 228 945 256 Α
960 227 1043 253 itoma
1068 235 1176 262 quoque
1205 227 1306 255 Christi
1335 229 1450 255 hostium
1482 228 1674 257 immanitatem
1691 238 1738 257 ex-

127 266 228 293 oblalis
255 267 414 296 muneribus
438 269 607 302 hortabatur,
631 279 781 306 manusque
807 272 907 300 Liberii

128 315 304 340 contrectans
323 314 414 341 aiebat
436 323 443 342 :
471 323 481 340 ε
501 314 659 350 Imperatori
684 318 840 352 obtempera
853 339 860 351 ,
881 323 909 345 et

126 356 185 384 hare
201 357 303 392 accipe.
330 367 340 384 I
365 358 514 395 Episcopus
534 366 628 388 contra
644 362 805 396 compellare
821 363 909 390 homi-

104 431 107 440 τ
128 410 202 435 nem,
218 406 246 430 et
262 403 320 431 haec
333 403 476 432 adversum
490 405 580 434 dicere
596 415 604 434 :
618 406 675 434 Non
695 415 775 442 posse
785 409 906 436 damnari

104 443 107 484 ί
127 446 317 481 Athanasium,
328 457 407 483 quem
422 458 475 478 non
493 459 546 478 una
561 452 701 484 duntaxat,
720 453 768 480 sed
782 458 810 481 et
822 455 906 481 altera

128 494 249 532 synodus
262 502 358 529 purum
375 496 570 532 innoxiumque
585 498 800 533 promulgasset;
827 507 906 534 quem

127 537 249 566 Romana
261 540 378 575 synodus
394 549 455 570 cum
474 549 541 576 pace
563 542 720 577 dimisisset,
735 534 841 578 aequum
855 552 907 572 non

131 592 194 614 esse
210 594 226 614 a
243 594 273 615 se
284 586 405 616 Romano
428 588 556 624 pontiﬁce
570 589 754 617 condemnari.
776 590 804 618 Si
824 591 908 626 impe—

129 632 215 659 ratori
242 636 331 660 tamen
355 633 475 669 placeret
500 635 625 670 abrogari
642 643 701 670 qua:
723 635 830 664 fuerant
859 645 908 672 pro

128 677 278 706 Athanasio
303 680 475 715 conscripta,
505 681 583 708 irrita
607 688 714 716 quoque
733 681 822 709 forent
849 690 907 717 quae

129 722 262 751 adversus
274 731 335 751 eum
349 729 438 760 gesta,
453 730 533 760 atque
547 726 645 754 litteris
663 727 788 754 mandata
803 733 906 761 essent,

129 775 162 795 ac
174 769 207 795 de
222 769 328 805 integro
342 777 386 797 res
400 771 427 798 in
440 771 542 807 synodo
563 777 697 807 ageretur.
714 774 808 809 procul
831 775 907 809 pala-

129 812 178 845 tio,
194 814 241 841 ubi
258 821 311 841 non
323 814 477 850 imperator,
491 824 544 844 non
559 817 674 845 forensis
686 817 781 853 judex,
793 827 845 847 non
862 828 906 847 co-

127 866 187 886 mes
200 878 208 890 ,
223 859 297 886 nulla
314 860 419 888 demum
434 867 561 890 extranea
578 863 692 902 formido
717 865 843 897 adesset,
859 866 904 892 sed

127 911 161 932 ex
174 904 233 932 solo
248 904 295 932 Dei
313 905 408 934 timore
420 907 565 936 ederentur
579 900 670 936 omnia
687 919 693 936 :
709 917 740 937 ac
751 911 839 944 primo
853 911 909 938 exi-
923 900 945 928 Β

129 955 260 985 gerentur
273 950 385 986 Ariani,
410 958 502 989 utpote
521 962 534 981 a
552 954 659 983 Nicena
678 957 779 990 synodo
794 957 907 985 anathe-

128 1001 203 1024 mate
215 999 347 1032 percussi,
363 998 451 1027 aditus
465 1001 553 1029 omnis
567 1002 599 1030 ad
612 1002 764 1037 bujusmodi
777 1004 906 1039 synodum

127 1047 202 1070 esset
213 1044 346 1072 haereticis
360 1045 531 1078 interclusus,
549 1052 642 1082 postea
656 1049 689 1075 de
705 1048 759 1076 reis
770 1053 906 1084 ageretur,

128 1092 157 1114 ut
168 1091 258 1116 sontes
269 1096 364 1123 poenas
378 1089 490 1123 luerent,
501 1091 620 1119 insontes
635 1091 710 1119 liberi
729 1092 831 1120 dimissi
852 1098 908 1120 tuto

127 1135 311 1164 consisterent
335 1137 362 1164 in
385 1138 495 1165 sedibus
517 1138 583 1166 suis.
603 1139 666 1166 [hcc
685 1139 841 1174 imperatori
867 1147 908 1167 re-

127 1182 274 1216 nuntiaret,
291 1188 465 1219 moneretque
480 1189 509 1211 ut
534 1192 567 1211 ne
580 1192 672 1212 aurem
688 1184 758 1212 ultra
775 1185 909 1220 prazberet

131 1227 245 1256 Ursacio
258 1233 284 1256 et
300 1228 414 1261 Valenti,
442 1230 487 1265 qui
514 1238 574 1258 cum
591 1230 624 1258 de
637 1230 716 1258 rebus
740 1235 802 1258 ante
826 1231 909 1266 gestis

127 1273 315 1306 pmnitentiam
337 1275 476 1310 egissent,
499 1276 556 1310 jam
580 1276 652 1304 nulla
674 1282 768 1305 essent
792 1278 845 1305 ﬁde
866 1278 905 1305 di-

163 1364 209 1392 15.
225 1364 286 1393 Hac
306 1365 406 1394 Liberii
425 1367 496 1394 dicta
511 1368 620 1403 indigne
641 1368 730 1396 ferens
745 1371 838 1406 spado,
854 1379 907 1398 non

129 1413 183 1438 tam
195 1412 266 1445 quod
278 1411 305 1439 in
320 1411 497 1440 Athanasium
509 1415 678 1443 subscribere
687 1416 849 1444 detrectaret
858 1418 907 1453 (α),

128 1463 208 1490 quam
223 1457 294 1492 quod
313 1457 387 1485 illum
405 1459 500 1487 haeresi
523 1460 704 1488 adversarium
723 1463 908 1498 comperisset,

128 1502 196 1530 nihil
225 1504 359 1532 reveritus
385 1506 550 1541 episcopum,
579 1507 678 1534 acriter
703 1508 903 1543 interminatus,

960 278 1055 307 perta,
1086 281 1116 301 re
1145 273 1203 308 ipsa
1228 275 1304 301 novit
1330 282 1389 309 qua:
1413 275 1458 301 vix
1484 280 1546 302 ante
1571 276 1737 309 crediderat,

960 325 1020 344 cum
1034 324 1142 345 rumore
1154 319 1250 345 nuntio
1263 319 1368 346 audiret
1382 323 1510 354 quantam
1525 321 1630 348 caeteris
1643 320 1738 348 Eccle-

960 363 1009 391 siis
1022 364 1190 400 singulisque
1207 365 1319 393 urbibus
1333 365 1407 401 impii
1421 365 1459 393 illi
1481 366 1635 394 intulissent
1655 367 1738 395 vasti-

958 413 1049 437 tatem.

993 456 1038 484 l6.
1068 455 1188 485 Liberius
1208 458 1242 485 ad
1265 458 1445 492 imperatorem
1474 459 1599 487 trahitur.
1621 474 1655 479 -—
1670 459 1736 487 Cum

957 502 1049 538 itaque
1071 503 1248 532 Constantius
1264 504 1374 539 litteris,
1393 505 1667 538 interminationibus,
1681 505 1738 540 jus-

958 549 996 577 sis
1020 550 1136 579 instaret
1155 556 1315 586 urgeretque
1344 552 1505 586 profectum,
1532 551 1655 580 Liberius
1679 556 1738 578 tan-

958 595 1018 624 dem
1041 595 1080 631 (b)
1095 601 1210 624 curante
1225 596 1339 625 Leontio
1362 597 1454 624 Roma‘
1466 596 1591 631 praefecto
1604 596 1636 623 ad
1659 597 1738 631 impe-

957 646 1075 669 ratorem
1100 642 1232 676 trahitur;
1251 642 1388 678 multaque
1408 650 1472 670 usus
1490 643 1614 678 loquendi
1630 642 1736 674 ﬁducia,

960 696 969 712 ι
985 687 1091 720 Desine,
1109 687 1206 723 inquit,
1214 687 1382 716 Christianos
1392 695 1501 721 vexare,
1512 695 1545 717 ne
1556 692 1647 715 nostra
1658 694 1739 722 opera

956 739 1037 760 cures
1049 733 1215 768 impietatem
1232 734 1403 761 introducere
1421 733 1450 760 in
1464 733 1624 761 Ecclesiam.
1640 731 1738 760 Sumus

957 785 1024 805 sane
1043 778 1077 805 ad
1094 779 1184 806 omnia
1198 778 1336 806 toleranda
1357 779 1443 813 parati
1475 779 1566 814 potius
1582 785 1663 813 quam
1677 786 1738 806 cum

957 824 1133 852 Ariomanitis
1166 832 1385 852 annumeremur.
1421 824 1459 852 Ne
1489 832 1538 852 nos
1570 825 1738 852 Christianos

959 878 1040 906 cogas
1055 871 1272 899 christomachos
1288 871 1412 898 evadere.
1433 871 1564 897 Auctores
1576 871 1620 897 tibi
1633 878 1737 902 sumus.

958 923 993 944 ne
1006 916 1105 944 bellum
1129 924 1236 944 moveas
1263 917 1289 943 in
1307 923 1367 943 eum
1384 917 1431 951 qui
1448 917 1499 944 hoc
1519 916 1567 943 tibi
1596 916 1737 950 imperium

959 963 1079 997 tradidit,
1102 970 1153 990 neu
1175 963 1326 998 gratiarum
1349 962 1466 990 actionis
1492 963 1551 989 loco
1574 961 1739 996 impietatem

958 1009 1008 1044 ipsi
1028 1009 1140 1036 referas.
1154 1009 1192 1036 Ne
1205 1008 1385 1036 calamitatem
1402 1008 1435 1035 iis
1448 1007 1549 1035 inferas
1563 1008 1609 1042 qui
1621 1008 1648 1034 in
1660 1007 1739 1034 Chri-

959 1059 1029 1082 stum
1049 1056 1173 1088 credunt,
1189 1061 1224 1082 ne
1244 1055 1302 1090 ipse
1315 1061 1424 1090 quoque
1446 1054 1541 1081 audias
1563 1063 1568 1080 :
1586 1053 1687 1080 Durum
1700 1059 1737 1081 ut

959 1102 1007 1129 tibi
1029 1107 1121 1129 contra
1146 1101 1280 1129 stimulum
1302 1101 1440 1128 calcitrare
1459 1100 1478 1127 ¹.
1503 1100 1556 1127 Sed
1573 1100 1675 1127 utinam
1691 1108 1739 1127 au-

959 1156 1015 1176 rem
1030 1148 1162 1183 praebeas,
1180 1155 1213 1176 ac
1227 1152 1256 1175 tu
1272 1154 1380 1182 quoque
1396 1147 1621 1182 quemadmodum
1644 1147 1740 1174 beatus

958 1193 1058 1222 Paulus
1071 1200 1173 1221 morem
1198 1194 1292 1228 geras!
1319 1193 1389 1220 Ecce
1405 1192 1545 1224 adsumus,
1562 1192 1739 1225 accessimus,

958 1241 1000 1269 vel
1030 1244 1174 1275 antequam
1200 1241 1303 1267 crimen
1331 1239 1369 1266 illi
1395 1239 1648 1266 comminiscentur.
1677 1238 1741 1265 ideo

959 1286 1174 1321 properavimus,
1199 1286 1276 1320 gnari
1303 1284 1366 1312 licet
1383 1292 1398 1311 a
1423 1288 1451 1311 te
1480 1283 1557 1311 nobis
1580 1287 1739 1318 exspectan-

959 1331 1022 1358 dum
1039 1330 1164 1358 exsilium
1186 1337 1256 1362 esse,
1276 1334 1306 1356 ut
1321 1333 1384 1356 ante
1407 1329 1549 1356 conﬁctam
1572 1327 1739 1355 criminatio-

960 1384 1020 1404 nem
1041 1374 1209 1408 damnemur,
1228 1375 1389 1410 cunctisque
1409 1373 1547 1409 propalam
1570 1373 1604 1400 sit
1621 1372 1678 1407 pari
1696 1379 1739 1399 ra-

961 1422 1032 1449 tione
1049 1429 1110 1449 cum
1122 1421 1184 1448 aliis
1198 1427 1288 1448 actum
1301 1428 1372 1454 esse,
1386 1420 1532 1455 oblataque
1543 1419 1609 1454 ipsis
1623 1418 1736 1445 crimina

959 1467 1085 1494 similiter
1104 1466 1219 1496 conﬁcta
1242 1465 1276 1493 ab
1293 1465 1409 1493 inimicis
1426 1465 1526 1497 fuisse;
1545 1471 1658 1498 quorum
1681 1471 1740 1490 om-

960 1512 1003 1540 nia
1017 1512 1091 1540 dicta
1113 1511 1181 1539 nihil
1205 1511 1258 1539 nisi
1275 1511 1425 1544 calumniae,
1451 1509 1516 1537 nihil
1532 1510 1583 1537 nisi
1597 1510 1738 1538 mendacia

128 1554 190 1574 cum
212 1548 290 1576 donis
309 1548 445 1583 abscedit;
467 1551 650 1587 nefariamque
671 1560 727 1579 rem
743 1554 908 1588 aggreditur,
922 1550 943 1578 C
960 1557 1044 1586 fuere.

128 1594 283 1623 Christiano
304 1596 412 1624 homine
438 1597 586 1632 indignam,
606 1603 634 1626 et
659 1599 770 1633 majoris
792 1602 910 1630 audacia.

129 1648 210 1676 quam
235 1649 295 1676 qua
311 1643 457 1678 spadonem
483 1644 587 1672 deceat.
607 1645 746 1674 Profectus
775 1647 845 1674 enim
877 1649 910 1675 ad

129 1689 289 1723 martyrium
316 1687 389 1716 Petri
406 1690 531 1723 apostoli,
556 1690 625 1718 dona
649 1691 704 1719 illic
720 1692 853 1727 apposuit.
870 1693 910 1721 Re

128 1738 267 1768 comperta
289 1733 413 1762 Liberius
444 1734 546 1762 inoloci
561 1736 698 1764 custodem
713 1737 834 1772 graviter
849 1746 910 1766 suc~

128 1784 223 1808 censet
243 1780 316 1815 quod
334 1788 387 1808 non
409 1780 592 1815 prohibuisset
616 1781 750 1809 hominem
769 1792 775 1809 :
800 1783 910 1818 ipsaque

128 1828 210 1859 dona,
229 1827 307 1862 quasi
329 1827 452 1855 illicitum
469 1827 643 1860 sacriﬁcium,
658 1827 762 1863 abjicit.
778 1828 842 1862 Qua:
866 1837 910 1856 res

128 1877 278 1900 castratum
297 1872 483 1900 vehementius
502 1873 537 1900 ad
554 1872 623 1900 iram
648 1873 804 1900 concitavit.
822 1874 911 1907 Quare

127 1917 265 1954 profectus
287 1919 320 1946 ad
347 1919 537 1953 imperatorem
565 1918 597 1945 de
611 1916 712 1945 Liberii
733 1918 759 1945 in
783 1919 908 1947 Arianam

127 1963 254 1990 haeresim
269 1963 331 1990 odio
345 1968 517 1997 conquestus,
532 1963 688 1998 juvantibus
705 1964 812 1991 caeteris
826 1972 911 1991 eunu-

128 2010 198 2042 chis,
212 2017 294 2044 penes
308 2016 377 2044 quos
391 2013 445 2036 tum
471 2017 575 2036 summa
598 2017 687 2037 rerum
712 2015 782 2043 erat,
795 2019 909 2045 quorum

130 2057 173 2084 vis
188 2061 215 2084 et
228 2056 340 2084 audacia
356 2055 440 2082 multa
458 2055 485 2082 in
509 2055 669 2082 Arianorum
684 2056 799 2090 gratiam
817 2057 910 2084 molie-

128 2100 218 2133 batur,
231 2100 367 2127 hominem
385 2100 558 2134 impotentem
575 2100 601 2127 in
614 2100 732 2128 furorem
746 2101 810 2136 agit.
823 2101 910 2130 Litte-

128 2152 174 2173 ras
187 2145 270 2180 igitur
280 2144 394 2173 Romam
409 2145 610 2180 quamprimum
622 2145 704 2173 mittit
723 2155 730 2173 :
748 2154 910 2182 rursumque

127 2191 256 2227 palatini,
275 2191 370 2219 notarii
383 2195 410 2218 et
423 2191 535 2219 comites
548 2191 582 2218 ad
599 2191 625 2218 id
640 2192 739 2227 negotii
756 2192 807 2220 iter
822 2194 909 2221 susci-

126 2238 215 2274 piunt.
230 2238 341 2266 Litteris
354 2237 499 2273 pra-fectus
513 2238 589 2265 urbis
613 2237 733 2272 jubetur,
757 2244 804 2266 aut
830 2239 909 2267 Libe-

127 2286 199 2313 rium
217 2285 279 2313 dolo
295 2284 382 2312 Roma
399 2283 560 2312 subductum
579 2283 605 2310 in
628 2289 715 2312 castra
732 2286 908 2319 transmittat,

126 2337 176 2360 aut
202 2332 228 2359 vi
255 2336 348 2367 aperta
376 2330 601 2365 comprehensum
634 2331 666 2357 ad
696 2338 725 2360 se
755 2332 906 2365 pertrahat.

125 2377 265 2413 Ejusmodi
278 2376 369 2404 missis
385 2375 484 2403 litteris
497 2381 590 2403 exorta
605 2375 719 2403 formido
741 2381 791 2410 est,
806 2377 910 2405 insidia:

125 2432 176 2460 per
201 2416 283 2452 totam
306 2423 400 2449 urbem
423 2426 535 2456 paratae,
555 2424 686 2456 promissa
712 2422 781 2449 dona
805 2422 836 2449 iis
863 2424 908 2458 qui

126 2476 238 2499 strenue
264 2469 394 2497 adversus
424 2467 560 2495 Liberium
591 2475 646 2494 rem
676 2475 809 2502 gererent.
840 2469 907 2496 Tum

126 2516 246 2550 episcopi
259 2515 302 2543 his
315 2515 464 2550 perspectis
481 2517 561 2542 rebus
574 2522 634 2542 sese
648 2515 756 2546 abdere,
778 2521 909 2542 matrona:

126 2561 324 2589 calumniarum
340 2565 413 2588 metu
430 2568 479 2595 per
498 2567 582 2596 pagos
597 2560 733 2592 secedere,
750 2566 848 2588 ascotte
872 2563 910 2588 in-

126 2607 204 2636 sidiis
222 2607 322 2642 appeti,
338 2606 462 2634 homines
477 2606 571 2633 Romae
588 2610 787 2633 c0Inm0rantes
795 2606 909 2641 expelli,

127 2659 222 2689 portus
236 2653 380 2687 exitusque
399 2657 538 2687 portarum
568 2651 720 2684 intercludi,
738 2656 768 2678 ut
791 2660 824 2679 ne
848 2653 909 2686 quis

127 2700 267 2733 ingressus
282 2697 501 2726 Orthodoxorum
524 2697 659 2725 Liberium
680 2697 817 2724 inviseret.
835 2697 909 2725 Tunc

164 2767 172 2783 ¹
188 2770 250 2795 Act.
268 2774 306 2799 tx,
321 2766 345 2793 5.

164 2837 203 2872 (α)
217 2836 316 2863 Athan.
335 2836 407 2872 Hist.
419 2835 518 2872 Arium
525 2835 562 2872 ad,
574 2835 722 2872 monachos,
735 2843 761 2861 η.
775 2835 818 2872 57.

165 2869 320 2908 (b)_Athan.
348 2871 424 2904 ibid.,
449 2879 476 2899 n.
488 2869 539 2903 39;
553 2870 684 2897 Atntnian.
698 2869 782 2898 Marc.
798 2871 845 2898 lib.
860 2877 903 2897 xv.

996 1603 1041 1631 17.
1055 1603 1220 1638 Colloquium
1234 1601 1332 1629 Liberii
1347 1609 1405 1628 cum
1422 1601 1586 1628 Constantio.
1609 1599 1739 1627 Exsilium

961 1646 1070 1673 Liberii.
1082 1661 1117 1666 —
1136 1646 1198 1673 Haec
1213 1645 1246 1673 de
1261 1646 1396 1680 colloquio
1410 1644 1512 1672 Liberii
1529 1652 1589 1672 cum
1606 1644 1740 1672 Constan-

961 1692 999 1719 tio
1023 1692 1196 1720 Athanasius.
1230 1691 1296 1719 Rem
1327 1692 1448 1726 pluribus
1479 1691 1557 1719 atl'ert
1583 1689 1738 1718 Theodore-

961 1743 1004 1766 tus
1018 1739 1065 1773 (c),
1077 1738 1154 1774 cujus
1178 1738 1312 1773 dialogum
1333 1738 1472 1765 ascribere
1487 1744 1521 1764 ne
1534 1737 1641 1771 pigeat;
1657 1744 1690 1763 ex
1708 1743 1740 1764 eo

960 1783 1058 1818 quippe
1081 1791 1141 1811 cum
1168 1782 1268 1810 Liberii
1296 1783 1447 1809 constantia
1473 1786 1500 1809 et
1526 1781 1667 1813 fortitudo,
1685 1786 1739 1808 tum

960 1830 1130 1864 imperatoris
1160 1829 1187 1856 in
1216 1828 1388 1855 Athanasium
1419 1825 1540 1855 infensus
1561 1828 1666 1854 animus
1692 1834 1741 1861 pa-

961 1876 1013 1903 lam
1049 1876 1219 1911 perspicitur.
1251 1873 1424 1902 Constantius
1465 1874 1610 1907 imperator
1637 1872 1706 1900 dixit
1732 1881 1739 1899 :

963 1929 972 1946 ι
997 1920 1060 1953 Nos,
1076 1921 1202 1955 quoniatn
1219 1925 1246 1947 et
1261 1919 1431 1948 Christianus
1446 1925 1476 1946 es
1495 1924 1522 1946 ct
1545 1922 1644 1945 nostra:
1668 1917 1742 1944 urbis

960 1967 1113 2002 episcopus,
1127 1971 1153 1994 te
1175 1967 1342 1994 evocandum
1359 1966 1495 1996 duximus,
1512 1972 1542 1990 ac
1559 1970 1698 1990 monemus
1712 1967 1742 1988 ut

960 2013 1070 2040 nefaria:
1094 2013 1235 2039 dementiae
1262 2011 1336 2045 impii
1359 2010 1500 2038 Athanasii
1525 2007 1740 2036 communionem

960 2059 1081 2093 abjicias.
1099 2058 1124 2085 id
1140 2059 1211 2085 enim
1226 2066 1330 2092 aequum
1346 2065 1407 2085 esse
1426 2056 1499 2084 orbis
1520 2061 1652 2082 terrarum
1677 2061 1741 2080 cen-

960 2105 1023 2136 suit,
1036 2111 1150 2138 eumque
1164 2104 1198 2131 ab
1214 2103 1394 2131 ecclesiastica
1416 2102 1603 2130 communione
1623 2100 1740 2127 alienum

960 2149 1020 2177 fore
1045 2150 1167 2186 synodali
1194 2149 1325 2177 sententia
1354 2149 1490 2176 decretum
1518 2153 1568 2175 est.
1594 2145 1742 2181 ltespondit

961 2196 1083 2224 Liberius
1105 2205 1112 2223 :
1131 2195 1233 2222 Judicia
1250 2194 1445 2225 ecclesiastica,
1461 2201 1478 2220 ο
1494 2193 1652 2228 imperator,
1665 2197 1740 2217 sum-

962 2251 1004 2270 ma
1029 2251 1089 2270 cutn
1106 2242 1230 2276 mqnitate
1257 2241 1320 2268 t'erri
1338 2243 1446 2274 oportet
1469 2248 1475 2266 :
1494 2246 1577 2274 qnare
1602 2238 1622 2264 si
1651 2235 1740 2270 pietati

962 2296 1014 2316 tuae
1033 2289 1128 2320 libeat,
1147 2288 1277 2321 judicium
1295 2287 1397 2315 institui
1418 2286 1524 2321 jubeto;
1546 2289 1573 2311 et
1594 2283 1617 2310 si
1634 2282 1740 2317 quidem

961 2335 1126 2362 Athanasius
1140 2332 1312 2360 damnatione
1327 2332 1422 2367 dignus
1442 2330 1575 2361 videatur,
1593 2332 1648 2355 tum
1665 2327 1741 2360 juxta

961 2379 1152 2406 ecclesiasticae
1168 2378 1266 2414 regula:
1286 2378 1399 2405 formam
1414 2376 1546 2404 sententia
1563 2375 1589 2401 in
1614 2373 1687 2400 illum
1702 2372 1742 2398 fe-

963 2428 1048 2452 retur.
1073 2423 1167 2458 Neque
1183 2423 1254 2449 cnim
1275 2422 1316 2448 vir
1332 2429 1347 2448 a
1369 2421 1445 2448 nobis
1460 2418 1633 2447 condemnari
1655 2420 1743 2452 potest

962 2470 995 2497 de
1012 2478 1064 2505 quo
1090 2478 1140 2497 non
1168 2469 1355 2504 indicavimus.
1378 2468 1427 2495 Cui
1442 2465 1616 2493 Constantius
1635 2472 1642 2490 :
1658 2463 1742 2489 Totus

963 2519 1096 2543 terrarum
1111 2515 1186 2543 orbis
1208 2515 1241 2542 de
1256 2515 1314 2549 ejus
1334 2513 1473 2547 impietate
1496 2512 1557 2539 tulit
1570 2509 1742 2540 sententiam,

963 2570 996 2589 eo
1009 2562 1079 2595 quod
1099 2561 1153 2594 jam
1178 2561 1240 2587 inde
1255 2562 1289 2587 ab
1303 2559 1380 2586 initio
1393 2558 1542 2586 deludcndo
1558 2561 1661 2591 tempus
1685 2560 1742 2581 tra-

964 2608 1018 2634 hat.
1033 2608 1073 2633 Ad
1090 2607 1145 2633 haec
1158 2605 1280 2634 Liberius
1296 2605 1437 2639 episcopus
1454 2613 1459 2630 :
1474 2603 1608 2637 Quotquot
1625 2599 1744 2629 subscri-

963 2657 1085 2687 pserunt,
1101 2659 1145 2679 rcs
1162 2657 1252 2686 gestas
1268 2650 1317 2684 ipsi
1333 2658 1392 2677 nort-
1401 2649 1540 2680 viderant;
1556 2647 1602 2674 sed
1616 2654 1648 2674 ex
1669 2646 1742 2673 inani

964 2699 1061 2734 gloria,
1075 2698 1112 2724 tui
1135 2702 1216 2728 metu,
1239 2696 1391 2732 ignominiae
1408 2703 1422 2722 a
1446 2700 1470 2721 te
1487 2693 1624 2721 inurendre
1649 2691 1741 2720 tonui-

998 2836 1032 2871 (r)
1049 2835 1106 2862 Lib.
1121 2842 1150 2867 tt,
1165 2841 1222 2869 cap.
1239 2832 1280 2860 16.
