2016 3046
252 185 333 206 ειειν

927 177 1193 207 PROLEGOMENA.

253 241 315 264 ome
339 236 566 272 subscripserunt.
583 236 650 264 Tum
673 237 821 272 imperator
835 247 840 264 :
859 237 922 270 Quae
937 237 1032 272 gloria,
1048 238 1071 266 A
1085 237 1166 265 debet
1182 237 1358 273 plurimorum
1373 237 1558 272 episcoporum
1571 238 1716 267 sententia.
1729 238 1805 267 Tune
1820 246 1867 268 so-

253 283 298 316 qui
316 286 415 314 metus,
432 289 491 316 quae
509 283 675 318 ignominia?
703 283 764 310 Inﬁt
779 282 901 310 Liber-ius
923 293 929 309 :
954 282 1033 316 Quot-

253 331 320 362 qttot
338 327 384 354 Dei
413 328 523 362 gloriam
539 336 591 356 non
608 333 711 361 amant,
726 329 744 355 ii
761 334 805 355 tua
821 335 930 355 munera
954 333 1031 355 ante-

254 377 394 405 ponentes,
420 379 479 398 eum
501 380 580 406 quem
609 381 660 400 non
688 373 831 404 viderant,
861 373 893 400 de
921 380 974 407 quo
999 380 1032 401 ne

251 417 405 450 jndicarant
423 418 543 452 quidem,
558 418 751 446 damnaverunt
767 428 773 445 :
788 419 858 453 quod
883 419 998 445 alienum
1016 426 1032 445 a

255 461 415 488 Christianis
428 467 478 489 est.
494 461 543 489 Hic
558 463 704 497 imperator
723 472 731 490 ε
757 464 837 497 Atqui
857 464 889 490 de
901 469 1033 498 prmsente

251 506 399 540 judicatnm
415 512 456 534 est
473 508 498 534 in
525 509 627 543 synodo
649 508 741 544 Tyria,
766 509 937 543 universique
959 511 1034 536 orbis

253 552 371 586 episcopi
392 553 418 579 in
446 560 476 580 ea
501 554 602 588 synodo
634 553 767 580 hominem
792 554 960 581 damnavere.
984 553 1033 580 Cui

255 597 377 626 Liberius
405 607 411 625 :
441 599 580 634 Nunquam
617 600 661 626 illo
693 607 812 634 praesens
837 600 939 635 judicio
972 600 1032 626 mit.

255 643 394 678 Quotquot
414 645 484 671 enim
506 652 538 672 eo
554 650 674 680 tempore
692 646 778 672 coacti
802 646 826 672 in
841 653 901 673 eum
927 650 1034 672 senten-

257 689 320 716 tiam
336 689 431 721 tulere,
444 694 502 724 post
518 690 657 718 Athanasii
671 691 819 718 discessum
838 691 928 725 inique
943 690 976 718 de
989 690 1035 717 ab-

256 738 332 760 sente
358 734 524 769 judicarunt.
554 735 622 762 Tum
650 735 782 763 Eusebius
812 737 951 763 eunuchus
973 744 981 763 :
1005 735 1035 763 In

257 780 362 814 synodo
377 779 483 809 Nicarna
500 781 603 810 alienus
616 790 630 809 a
650 783 779 810 catholica
795 783 847 810 ilde
870 784 1036 811 demonstra-

259 829 302 852 tns
312 830 363 852 est.
375 825 499 854 Liberius
514 826 669 862 imperatori
682 828 816 864 (despecta
831 829 945 857 eunuchi
955 829 1037 857 futili-

259 871 325 906 tate)
347 880 354 898 :
377 871 416 899 Ex
435 873 469 900 iis
494 874 538 907 qui
561 881 622 901 cum
638 873 746 910 lschyra
773 875 833 902 navi
858 875 884 902 in
901 875 1035 903 Mareoten

257 918 468 945 transmiserunt
490 919 608 955 quinque
627 920 712 948 solum
739 919 814 948 fuere
835 920 953 956 iudices,
969 929 1037 956 quos

258 963 295 990 illi
311 963 419 998 quidem
440 965 570 993 miserant
590 971 618 994 ut
635 967 764 994 adversus
787 975 860 994 reum
881 972 940 994 acta
956 967 1037 995 confl-

259 1015 360 1038 cerent.
377 1010 416 1038 Ex
431 1011 464 1038 iis
482 1012 527 1046 qui
545 1017 609 1039 tunc
624 1019 656 1038 eo
674 1012 753 1047 legati
770 1015 844 1046 sunt,
860 1013 912 1040 duo
928 1021 961 1041 ex
985 1014 1037 1042 hac

258 1055 313 1082 vita
334 1056 492 1090 migrarunt,
515 1056 668 1092 Theognius
694 1057 798 1085 scilicet
822 1063 848 1085 et
868 1058 1035 1092 Theodorus,

259 1102 354 1137 reliqui
370 1106 424 1130 tres
442 1103 531 1131 adhuc
550 1104 709 1138 superstites
728 1109 800 1136 sunt,
818 1104 913 1138 Maris,
929 1103 1037 1138 Valens,

259 1150 287 1173 et
302 1146 439 1176 Ursacius.
453 1147 550 1176 Contra
567 1150 648 1176 hosce
668 1150 692 1176 in
712 1149 846 1177 Mareoten
866 1151 1038 1178 missos’Sar-

259 1193 325 1219 dica-
339 1199 370 1219 ea
384 1192 442 1228 ipsa
456 1194 488 1222 de
503 1202 583 1221 causa
599 1194 650 1222 lata
664 1196 796 1222 sententia
808 1201 859 1222 est.
878 1195 928 1229 Qui
946 1202 1037 1231 postea

259 1239 364 1265 veniam
382 1240 483 1274 precati
506 1240 611 1269 libellos
627 1242 793 1274 obtulerunt,
813 1242 846 1268 ob
861 1246 918 1268 acta
936 1242 1039 1270 scilicet

260 1293 319 1319 qua:
344 1293 391 1320 per
419 1286 604 1319 calumniam.
635 1287 717 1314 altera
750 1287 880 1314 duntaxat
908 1293 1040 1322 praesente

259 1336 344 1365 parte,
359 1332 384 1359 in
407 1331 521 1360 Mareote
537 1332 717 1360 confecerant.
727 1332 800 1366 Quos
815 1334 922 1368 quidem
938 1334 1040 1361 libellos

260 1386 331 1406 nunc
352 1379 378 1406 in
399 1380 523 1406 manibus
547 1379 686 1406 habemus.
711 1379 784 1407 Utris
800 1381 895 1407 horum
913 1381 1039 1408 assentiri

260 1429 287 1452 et
301 1425 500 1453 communicare
513 1426 650 1458 debemus,
664 1427 822 1461 imperator;
836 1427 912 1454 hisne
922 1427 965 1461 qui
979 1435 1039 1454 cum

262 1470 440 1498 Athanasium
464 1476 525 1498 ante
539 1471 721 1503 damnassent,
737 1472 841 1498 veniam
856 1477 949 1506 postea
963 1480 1040 1506 roga-

264 1523 336 1549 runt,
351 1525 384 1543 an
400 1516 454 1544 illis
463 1517 507 1552 qui
525 1525 610 1551 nuper
630 1517 696 1545 istos
718 1517 949 1545 condemnarth
974 1518 1040 1545 Tum

263 1561 400 1595 Epictetus
423 1563 564 1596 episcopus
583 1569 590 1588 :
607 1561 665 1588 Non
682 1562 743 1588 ﬁdei
761 1570 856 1594 causa,
871 1569 920 1589 nec
934 1570 983 1596 pro
996 1563 1041 1590 de-

262 1606 556 1641 fensionejudiciorum
580 1607 824 1636 ecclesiasticorum
847 1608 970 1636 Liberius
986 1610 1041 1643 jam

262 1655 343 1681 verba
370 1652 444 1687 facit,
468 1661 484 1680 ο
510 1653 673 1688 imperator;
699 1653 745 1680 sed
771 1657 800 1680 ut
818 1654 886 1688 apud
914 1653 1043 1681 Romana:

262 1700 380 1728 civitatis
392 1704 532 1727 senatores
543 1699 674 1735 glorietur
686 1699 876 1734 imperatorem
892 1707 906 1726 a
921 1707 950 1727 se
962 1698 1044 1727 fuisse

263 1751 428 1782 superatum.
441 1746 588 1780 Imperator
602 1745 709 1773 Liberio
724 1745 829 1779 :Quota
848 1753 910 1781 pars
927 1753 956 1773 es
970 1745 1045 1773 orbis

264 1799 407 1825 terrarum,
422 1798 451 1820 ut
467 1798 494 1819 tu
509 1792 582 1820 solus
595 1792 679 1827 impio
695 1792 799 1820 homini
812 1791 955 1828 suffragari
966 1792 1043 1826 velis,

262 1844 290 1865 et
306 1839 381 1866 orbis
394 1838 506 1865 Romani
520 1838 656 1873 totiusque
669 1838 762 1865 mundi
777 1845 872 1872 pacem
884 1837 1044 1872 perturbes?

263 1885 311 1911 Cui
330 1884 452 1911 Liberius
470 1891 477 1910 :
500 1883 612 1910 Etiamsi
637 1883 710 1911 solus
732 1884 793 1917 sim,
819 1884 881 1911 fidei
903 1884 971 1911 ratio
992 1890 1045 1911 non

264 1930 325 1956 ideo
342 1928 481 1955 minuitur.
500 1928 567 1955 Nam
593 1933 621 1955 et
645 1929 709 1956 olim
734 1934 788 1956 tres
813 1933 917 1956 tantum
945 1929 1045 1964 reperti

265 1979 328 2000 sunt
338 1974 383 2008 qui
402 1974 473 2008 regis
486 1975 613 2002 mandato
629 1975 803 2002 obsisterent.
819 1974 950 2002 Eusebius
961 1982 1045 2001 eunu-

264 2020 332 2047 chus
359 2019 397 2046 ait
419 2028 425 2045 :
444 2019 668 2054 Imperatoremne
692 2025 811 2047 nostrum
835 2020 1047 2048 Nabuchodono-

265 2066 321 2093 sori
337 2065 462 2093 confers?
479 2065 547 2092 Tum
571 2065 695 2093 Liberius
711 2075 718 2093 :
741 2065 926 2101 Nequaquam.
945 2066 997 2093 Sed
1019 2071 1046 2094 tu

265 2113 357 2147 inique
372 2112 506 2139 hominem
521 2111 646 2144 damnas,
659 2111 693 2138 de
711 2118 764 2146 quo
783 2118 836 2138 non
856 2111 1045 2146 judicavimus.

266 2159 321 2194 Ego
333 2165 396 2186 vero
410 2157 527 2193 postulo,
541 2162 571 2184 ut
592 2158 707 2192 primum
721 2157 831 2192 quidem
845 2157 965 2185 omnium
980 2165 1047 2191 pra:-

266 2206 345 2232 cedat
364 2204 538 2238 subscriptio,
554 2211 613 2238 qu:e
628 2203 706 2231 ﬁdem
721 2203 817 2230 Nicaeae
835 2203 934 2229 editam
949 2202 1047 2230 conﬁr-

1086 283 1126 311 lus
1151 291 1180 311 es
1201 282 1246 318 qui
1271 283 1344 319 impii
1363 283 1480 311 hominis
1494 283 1643 311 amicitiam
1660 284 1773 312 foveas?
1789 284 1868 314 Libe-

1085 330 1141 356 rius
1163 339 1169 356 ε
1188 329 1329 364 Nunquam
1348 329 1508 362 audivimus,
1527 329 1683 363 imperator,
1701 330 1804 358 absenti
1819 338 1867 358 reo

1081 375 1199 410 jndicem
1226 375 1375 410 impietatis
1397 381 1488 403 nolam
1514 376 1632 408 inurere,
1649 376 1725 411 quasi
1747 376 1866 410 privatas

1085 428 1145 448 cum
1169 428 1202 447 eo
1225 420 1380 448 inimicitias
1401 425 1486 456 gerat.
1506 420 1652 455 Imperator
1666 425 1755 448 autem
1775 429 1781 447 :
1801 419 1866 448 Uni-

1085 474 1180 493 versos
1192 466 1351 501 quidemille
1363 466 1455 494 aﬁecit
1465 466 1574 501 injuria,
1586 466 1632 495 sed
1643 466 1743 493 nullum
1755 467 1867 501 perinde

1084 517 1165 546 atque
1192 521 1242 539 tne.
1269 512 1320 546 Qui
1352 521 1405 541 non
1431 518 1577 541 contentus
1600 512 1682 540 exitio
1704 512 1795 540 fratris
1812 513 1864 541 mei

1085 557 1195 593 majoris
1211 565 1286 590 natu,
1308 558 1393 586 felicis
1408 559 1543 586 memoriae
1560 558 1733 586 Constantem
1753 558 1786 585 ad
1802 566 1866 586 sus-

1084 604 1221 639 cipiendas
1243 612 1347 632 mecum
1376 604 1530 632 inimicitias
1549 612 1686 639 nunquam
1707 605 1821 638 destitit;
1838 609 1865 632 et

1083 649 1110 676 id
1131 657 1197 676 sane
1219 649 1389 683 contigisset,
1405 650 1457 677 nisi
1477 657 1527 677 nos
1546 649 1647 684 majore
1663 650 1866 677 mansuetudine

1085 701 1110 723 et
1138 695 1275 722 incitantis
1303 700 1330 723 et
1354 695 1454 723 incitati
1487 695 1616 730 impetum
1649 695 1865 731 pertulisscmns.

1085 740 1193 768 Nullam
1211 741 1301 776 itaque
1321 741 1462 768 victoriam
1482 741 1548 768 tanti
1569 740 1648 772 facio,
1671 748 1705 768 ne
1720 740 1792 767 illam
1803 740 1866 779 qui-

1085 787 1146 814 dem
1172 794 1252 822 quam
1278 787 1310 814 de
1336 785 1488 821 Magnentio
1519 786 1596 814 retuli
1620 793 1651 813 ac
1678 786 1711 813 de
1737 785 1865 821 Sylvano,

1086 832 1181 867 quanti
1198 836 1227 860 ut
1241 832 1314 859 hunc
1333 831 1496 859 sceleratum
1511 830 1544 857 ab
1560 830 1686 858 Ecclesiae
1699 829 1869 857 administra-

1089 878 1162 905 tione
1184 878 1370 905 submoveam.
1385 876 1433 904 Cui
1455 876 1578 903 Liberius
1599 883 1607 902 :
1623 875 1692 908 Noli,
1709 874 1866 909 imperator,

1052 911 1075 940 Β
1089 922 1244 950 inimicitias
1259 927 1318 949 tuas
1342 928 1389 957 per
1403 921 1544 956 episcopos
1563 919 1712 946 vindicare.
1733 917 1868 946 Ecclesia-

1087 969 1216 996 sticorum
1241 967 1314 994 enim
1343 973 1438 993 manus
1461 967 1493 992 ad
1519 964 1741 991 sanctificandum
1770 969 1868 989 vacare

1088 1015 1195 1042 debent.
1217 1012 1285 1040 .Iubo
1300 1012 1392 1047 igitur,
1409 1011 1431 1038 si
1453 1010 1550 1046 placet,
1571 1013 1601 1037 ut
1620 1009 1735 1044 episc0pi
1758 1009 1791 1035 ad
1806 1016 1866 1043 pro-

1087 1061 1160 1096 prias
1184 1060 1262 1087 sedes
1279 1063 1439 1086 revocentur
1463 1065 1470 1084 :
1498 1064 1530 1083 ac
1556 1055 1578 1083 si
1596 1055 1704 1090 quidem
1725 1054 1870 1082 videantur

1088 1114 1148 1134 cum
1164 1106 1210 1133 illo
1224 1104 1389 1136 consentire,
1399 1103 1444 1138 qui
1459 1108 1561 1130 rectam
1573 1101 1650 1128 fidem
1664 1100 1757 1127 Nicaea:
1769 1100 1868 1126 editam

1086 1153 1142 1188 jam
1168 1156 1268 1185 tuetur,
1294 1150 1321 1177 in
1337 1157 1420 1176 unum
1447 1147 1532 1176 eoacti
1552 1147 1612 1182 paci
1634 1147 1708 1174 orbis
1735 1150 1868 1173 terrarum

1089 1197 1267 1233 prospiciant,
1292 1204 1326 1223 ne
1349 1195 1482 1223 insontem
1504 1193 1591 1220 virum
1614 1192 1725 1218 infamia
1748 1195 1869 1218 notatum

1089 1249 1149 1269 esse
1163 1240 1363 1273 comprobetur.
1378 1238 1446 1266 Tum
1464 1238 1610 1272 imperator
1621 1244 1629 1263 :
1641 1235 1730 1263 Unum
1745 1240 1786 1263 est
1799 1235 1873 1270 quod

1089 1287 1228 1323 quaeritur.
1244 1285 1282 1313 Te
1302 1291 1430 1319 namque,
1444 1284 1489 1312 ubi
1511 1282 1686 1310 ecclesiarum
1704 1281 1872 1309 communio-

1090 1341 1151 1361 nem
1175 1333 1258 1360 fueris
1287 1331 1470 1366 amplexatus,
1497 1329 1610 1355 Romam
1636 1327 1775 1354 remittere
1800 1325 1871 1353 volo.

1089 1379 1228 1406 Assentire
1252 1378 1335 1412 igitur
1357 1376 1427 1410 paci,
1446 1379 1474 1402 et
1500 1372 1656 1407 suﬂ'ragium
1677 1373 1775 1403 scribe,
1792 1376 1872 1405 atque

1090 1427 1128 1452 ita
1146 1424 1258 1451 Romam
1275 1427 1422 1450 revertere.
1439 1421 1480 1448 Ad
1497 1421 1555 1448 haec
1567 1419 1692 1447 Liberius
1707 1426 1714 1444 :
1732 1418 1875 1446 Fratribus

1091 1471 1137 1506 qui
1153 1470 1245 1497 Romae
1262 1474 1326 1497 sunt
1342 1468 1397 1503 jam
1414 1467 1473 1494 vale
1494 1466 1561 1493 dixi.
1576 1465 1697 1493 Romano
1713 1464 1811 1499 quippe
1829 1462 1875 1490 do-

1093 1517 1191 1544 micilio
1208 1515 1389 1543 anteferendae
1404 1512 1597 1541 ecclesiasticae
1619 1511 1701 1545 leges.
1725 1509 1874 1544 Imperator

1055 1577 1076 1606 ρ
1094 1568 1183 1590 autem
1199 1571 1207 1590 :
1223 1561 1354 1590 Triduum
1369 1567 1432 1594 ergo
1447 1558 1493 1586 tibi
1503 1557 1549 1606 “ad
1560 1554 1875 1606 deliberandum—conce-

1093 1610 1175 1642 ditur,
1192 1612 1283 1635 utrum
1305 1611 1445 1642 postquam
1467 1603 1622 1638 sull‘ragium
1641 1601 1747 1629 dederis
1761 1600 1874 1628 Romam

1093 1655 1161 1682 velis
1178 1653 1371 1688 commigrare,
1383 1655 1430 1678 aut
1452 1651 1485 1677 ad
1501 1648 1671 1684 deligendum
1686 1654 1778 1688 quem_
1790 1647 1817 1673 in
1839 1645 1878 1673 lo-

1093 1708 1155 1728 cum
1169 1699 1264 1734 cupias
1278 1696 1423 1732 deportari.
1438 1694 1488 1723 Cui
1504 1693 1628 1721 Liberius
1643 1691 1756 1720 :Trium
1772 1690 1874 1718 dierum

1094 1750 1138 1773 aut
1154 1745 1236 1772 trium
1258 1743 1390 1771 mensium
1412 1740 1571 1776 interposita
1593 1745 1670 1766 mora
1689 1745 1742 1765 non
1762 1735 1876 1764 mutabit

1094 1790 1269 1820 sententiam.
1290 1789 1384 1824 Itaque
1407 1787 1483 1814 mitte
1505 1793 1558 1821 quo
1573 1785 1647 1812 Iibet.
1671 1793 1681 1811 ›
1709 1783 1795 1811 Biduo
1817 1786 1877 1817 post

1095 1839 1253 1873 imperator,
1263 1842 1323 1862 cum
1340 1833 1476 1861 Liberium
1503 1831 1656 1863 accivisset,
1679 1835 1762 1865 atque
1791 1829 1815 1856 is
1842 1829 1876 1856 de

1095 1882 1227 1911 sententia
1247 1887 1301 1908 non
1328 1879 1480 1909 decederet.
1500 1884 1560 1906 eum
1582 1875 1712 1904 Beroeam
1734 1876 1760 1902 in
1789 1874 1877 1902 Thra-

1096 1929 1166 1956 ciam
1193 1925 1308 1961 relegari
1333 1924 1423 1960 jussit.
1450 1923 1566 1958 Egresso
1595 1921 1715 1955 Liberio,
1730 1921 1879 1955 imperator

1096 1975 1257 2009 quingentos
1270 1971 1369 2000 solidos
1388 1969 1478 1998 offerri
1496 1969 1573 2003 jubet
1590 1968 1623 1995 ad
1644 1967 1782 1994 viaticum.
1801 1965 1880 1993 Defe-

1097 2021 1165 2047 renti
1180 2019 1303 2046 Liberius
1317 2017 1356 2044 ait
1371 2026 1377 2044 :
1393 2015 1525 2048 Abscede,
1543 2019 1570 2042 et
1589 2014 1646 2041 hanc
1660 2013 1743 2041 redde
1761 2013 1880 2046 impera-

1099 2066 1159 2098 tori,
1178 2065 1223 2100 qui
1242 2064 1277 2091 iis
1293 2070 1360 2090 sane
1379 2062 1406 2089 in
1425 2061 1585 2096 stipendium
1608 2059 1722 2091 militum
1746 2065 1812 2094 opus
1828 2058 1879 2084 ha-

1097 2111 1152 2138 bet.
1181 2109 1311 2136 Similiter
1344 2108 1464 2142 Augusta
1495 2107 1660 2133 tantumdem
1686 2104 1736 2139 ipsi
1760 2103 1883 2139 pecuniae

1102 2156 1186 2183 misit.
1201 2154 1369 2188 Remisitque
1390 2152 1515 2180 Liberius
1536 2160 1543 2179 :
1561 2151 1662 2185 Redde,
1681 2151 1773 2182 aiens,
1787 2149 1881 2176 isthaze

1099 2200 1269 2235 imperatori;
1287 2199 1320 2226 iis
1335 2199 1408 2226 enim
1427 2197 1509 2226 habet
1529 2204 1596 2232 opus
1616 2196 1643 2223 in
1660 2195 1775 2235 militum
1797 2203 1881 2222 anno-

266 2256 332 2285 met,
347 2252 443 2278 deinde
459 2255 488 2277 ut
503 2250 635 2278 revocatis
649 2250 683 2276 ab
697 2249 790 2276 exsilio
804 2248 934 2275 fratribus
948 2249 1049 2276 nostris
1063 2244 1086 2272 Ι)
1101 2253 1173 2272 nam.
1191 2244 1267 2278 Quod
1292 2243 1314 2271 si
1331 2243 1374 2270 his
1397 2249 1449 2269 non
1472 2247 1560 2275 egeat,
1577 2241 1675 2267 dentur
1697 2231 1831 2265 A‘uxenlio
1853 2243 1882 2265 et

265 2302 293 2324 et
311 2297 338 2324 in
353 2297 431 2324 sedes
452 2303 514 2324 suas
532 2296 674 2328 restitutis,
693 2295 716 2322 si
732 2295 763 2327 ii,
779 2294 824 2329 qui
838 2294 895 2329 jam
920 2294 1050 2322 tumultus

267 2344 294 2371 in
305 2343 436 2371 Ecclesiis
449 2347 573 2369 auctores
587 2345 661 2374 sunt,
680 2340 843 2376 apostolicae;
851 2340 911 2367 ﬁdei
932 2347 1049 2367 consen-

268 2390 318 2417 tire
331 2390 383 2417 visi
403 2389 515 2421 fuerint,
529 2393 593 2415 tunc
606 2387 724 2415 universi
743 2386 933 2414 Alexandriam
952 2392 1050 2413 conve—

267 2438 384 2468 nientes,
416 2435 461 2462 ubi
492 2440 519 2462 et
549 2438 692 2462 accusatus
723 2438 750 2460 et
777 2437 949 2460 accusatores
973 2437 1048 2465 sunt,

269 2489 373 2509 necnon
387 2489 480 2509 eorutn
507 2485 649 2515 patronus,
674 2487 766 2507 eorum
788 2478 942 2506 examinata
964 2485 1045 2506 causa

268 2528 428 2555 sententiam
449 2527 629 2561 proferamus.
645 2525 712 2553 Tum
729 2524 867 2559 Epictetus
880 2524 1021 2558 episcopus
1038 2533 1046 2551 :

267 2572 367 2599 Verum
391 2579 487 2599 cursus
508 2571 630 2606 publicus
644 2570 774 2597 vehendis
792 2569 924 2604 episcopis
944 2576 1047 2603 nequa-

267 2624 347 2651 quam
362 2617 414 2643 erit
431 2615 506 2642 satis.
519 2615 568 2642 Cui
581 2615 706 2642 Liberius
719 2622 727 2640 ι
741 2613 929 2640 Eeclesiastica
943 2613 1048 2647 negotia

268 2670 321 2689 non
338 2667 419 2697 egent
438 2669 518 2688 cursu
543 2661 673 2695 publico:
695 2659 823 2687 Ecclesite
843 2659 916 2686 enim
938 2657 1049 2693 singulae

268 2708 409 2742 episcopos
420 2714 483 2734 suos
500 2707 534 2732 ad
554 2714 630 2733 mare
643 2713 726 2740 usque
741 2705 888 2739 perducere
903 2704 958 2731 suis
974 2711 1049 2730 sum-

270 2751 358 2785 ptibus
381 2751 459 2778 facile
479 2756 599 2784 possunt.
626 2751 772 2785 Imperator
793 2750 863 2777 dixit
885 2758 891 2776 :
912 2748 976 2782 Qua:
995 2748 1049 2782 jam

270 2796 320 2822 rite
332 2801 430 2822 statuta
443 2801 516 2826 sunt,
529 2803 581 2822 non
594 2795 663 2822 ultra
679 2795 804 2830 abrogari
819 2799 929 2829 possunt
945 2794 1051 2822 :valere

307 2897 342 2932 (a)
366 2895 423 2922 Lib.
444 2902 488 2926 xv,
511 2902 536 2928 p.
553 2895 597 2922 9!.

1100 2291 1234 2327 Epicteto,
1259 2290 1305 2324 qui
1329 2296 1397 2324 opus
1413 2287 1523 2315 habent.
1540 2286 1589 2314 His
1606 2286 1725 2320 rejectis,
1742 2285 1821 2312 aliam
1839 2291 1882 2318 pe-
1899 2297 1903 2301 ν

1100 2338 1186 2365 ειιηίίε
1199 2343 1332 2364 summam
1348 2334 1438 2361 attulit
1458 2332 1590 2360 Eusebius
1607 2332 1757 2359 eunuchus.
1774 2331 1822 2358 Cni
1838 2329 1883 2357 Li-

1101 2383 1193 2412 berius
1209 2391 1217 2409 :
1236 2381 1370 2409 Ecclesias
1384 2380 1459 2407 orbis
1473 2383 1604 2406 terrarum
1625 2377 1761 2412 expilasti,
1774 2381 1802 2403 et
1816 2376 1882 2402 mihi

1101 2434 1229 2464 tanquam
1244 2434 1289 2454 reo
1307 2426 1504 2460 eleemosynam
1518 2423 1597 2451 affers
1607 2423 1618 2449 ?
1628 2423 1758 2455 Abscede,
1773 2427 1799 2448 et
1810 2422 1888 2456 prius

1101 2473 1273 2501 Christianus
1288 2471 1415 2499 eﬂiciare.
1429 2470 1527 2504 Elapso
1540 2474 1630 2497 autem
1648 2469 1737 2496 triduo
1752 2467 1884 2501 relegatus

1101 2519 1229 2547 Beroeam
1248 2523 1289 2546 est
1305 2517 1441 2545 Liberius.
1452 2515 1528 2543 Felix
1540 2523 1616 2549 sane,
1633 2515 1656 2542 si
1680 2519 1754 2541 tanta
1777 2513 1885 2540 invictas

1101 2566 1201 2594 mentis
1219 2569 1378 2599 argumenta
1400 2563 1480 2590 {mdis
1506 2562 1603 2590 exinde
1625 2561 1705 2589 fracti
1722 2565 1749 2588 et
1771 2559 1884 2588 emolliti

1103 2612 1183 2638 animi
1209 2611 1279 2637 notis
1294 2617 1346 2637 non
1366 2609 1567 2636 Iabefactasset.

1138 2658 1182 2686 18.
1205 2657 1258 2684 Nec
1273 2656 1504 2691 praetermittenda
1532 2662 1591 2690 qum
1607 2655 1641 2682 de
1665 2653 1765 2681 Liberii
1790 2651 1887 2679 exsilio

1105 2703 1187 2731 habet
1200 2703 1360 2730 Ammianus
1384 2701 1554 2729 Marcellinus
1574 2701 1611 2735 (a)
1628 2709 1635 2727 :
1653 2710 1662 2725 ε
1687 2699 1743 2726 Hoc
1768 2697 1885 2725 admini-

1105 2753 1208 2775 strante
1221 2747 1343 2780 Leontio,
1360 2747 1408 2780 ait,
1430 2746 1554 2774 Liberius
1571 2745 1730 2773 Christiana:
1750 2743 1814 2778 legis
1835 2750 1886 2768 an-

1105 2793 1193 2825 tistes,
1212 2801 1226 2820 a
1239 2792 1398 2821 Constantio
1422 2793 1454 2820 ad
1478 2793 1633 2820 comitatum
1654 2791 1721 2817 mitti
1738 2795 1888 2824 prart't'pttls
