2016 3046
814 160 894 188 VITA
914 159 943 188 S.
964 159 1101 188 ATHANA
1107 160 1158 189 Sll.

1709 172 1781 194 CXIV

167 229 220 258 est,
239 228 365 259 tanquam
386 222 556 257 imperatoris
573 221 658 257 jussis
674 225 702 248 et
718 220 892 254 plurimorum
905 220 946 247 sui
961 223 984 251 Α
1000 220 1091 248 Romae
1103 221 1266 256 aggreditur,
1277 230 1338 257 quas
1347 222 1507 251 Antichristi
1519 223 1712 259 malignitatem
1723 233 1781 260 pm

167 269 332 296 consortium
359 267 476 295 decretis
501 267 635 294 obsistens
663 266 689 293 in
717 273 745 293 re
767 273 848 301 quam
872 265 947 293 brevi

169 320 241 343 textu
259 322 427 350 percurram.
449 314 626 342 Athanasium
647 313 802 349 episcopum
828 321 860 340 eo
877 319 947 350 tem-

167 368 232 395 pore
246 359 316 394 apud
337 359 539 391 Alexandriam,
562 359 631 387 ultra
653 359 850 394 professionem
868 358 948 386 altius

167 413 197 433 se
223 405 388 438 efferentem,
413 405 598 440 sciscitarique
624 410 750 432 conatum
771 410 894 437 externa.
919 409 947 432 ut

168 452 311 486 prodidere
328 458 449 478 rumores
469 451 582 483 assidui,
599 457 685 479 cintus
704 451 729 478 in
746 459 827 477 unum
847 450 946 485 quaesi-

170 503 213 524 tus
226 497 346 532 ejusdem
372 497 423 524 loci
454 496 598 524 multorum
614 497 743 532 (synodus
757 502 785 523 ut
804 496 947 531 appellant)

170 543 284 570 removit
307 550 322 569 a
347 547 518 570 sacramento
534 543 603 577 quod
632 543 777 569 obtinebat.
805 541 948 568 Dicebatur

169 588 240 615 enim
269 588 437 615 fatidicarum
464 589 576 615 sortium
594 588 684 620 fidem,
698 594 792 622 quaeve
808 587 949 622 augurales

170 634 360 668 portenderent
374 633 452 661 alites
470 633 652 660 scientissime
669 633 782 665 callens,
808 632 948 667 aliquoties

169 681 324 715 praedixisse
343 679 444 708 futura.
467 680 553 715 Super
567 680 608 708 his
629 680 836 708 intendebantur
849 679 874 706 ei
895 679 947 706 alia

168 733 276 761 quoque
292 733 307 753 a
322 726 459 761 proposito
479 726 545 760 legis
568 726 741 753 abhorrentia
761 726 803 752 cui
822 725 948 759 praeside-

168 771 225 798 bat.
239 770 316 798 Hunc
332 778 380 806 per
404 771 626 804 subscriptionem
646 770 763 804 abjicere
780 770 842 798 sede
856 777 947 797 sacer-

168 817 253 844 dotali
266 817 342 852 paria
361 816 480 844 sentiens
492 817 607 849 caeteris,
628 816 739 851 jubente
760 816 892 852 principe,
904 815 948 842 Li-

167 863 264 891 berius
289 863 407 890 monitus
437 867 643 898 perseveranter
669 863 836 891 renitebatur
865 871 872 890 :
898 869 948 889 nec

169 909 257 937 visum
270 908 418 940 hominem,
440 915 490 936 nec
504 908 625 936 auditum
640 908 770 936 damnare
793 907 869 935 nefas
884 907 947 934 ulti—

169 962 244 981 mum
260 961 331 989 saepe
351 954 516 987 exclamans,
537 959 629 989 aperte
654 954 758 982 scilicet
775 953 949 981 recalcitrans

170 1001 339 1036 imperatoris
357 1002 482 1030 arbitrio.
501 1001 530 1029 ld
550 1001 620 1029 enim
637 1001 692 1034 ille,
714 1000 862 1029 Athanasio
879 1007 949 1027 sem-

169 1053 218 1080 per
234 1046 356 1079 infestus,
376 1046 438 1075 licet
453 1047 536 1075 sciret
561 1046 710 1081 impletum,
727 1051 814 1073 tamen
832 1045 948 1073 auctori-

170 1097 225 1119 tate
246 1100 353 1128 quoque
368 1100 419 1128 qua
446 1093 568 1128 potiores
591 1098 700 1120 alternae
727 1091 807 1119 Urbis
830 1092 948 1126 episcopi

168 1138 281 1170 ﬁrmari,
298 1139 434 1182 desiderio
463 1139 597 1166 nitebatur
612 1132 726 1166 ardenti.
746 1138 804 1171 Quo
822 1145 874 1165 non
893 1137 950 1164 lm-

169 1189 274 1219 petrsto
289 1184 414 1212 Liberius
431 1192 514 1220 aegre,
527 1184 616 1219 populi
633 1187 716 1217 metu,
729 1185 773 1218 qul
788 1183 844 1218 ejus
859 1190 950 1210 amore

170 1229 308 1265 ﬂagrabat,
323 1237 384 1257 cum
398 1237 493 1266 magna
511 1229 678 1262 difﬁcultate,
695 1229 782 1257 noctis
800 1228 887 1256 medio
902 1235 950 1264 po-

172 1276 223 1303 tuit
249 1276 387 1311 asportari.
411 1285 420 1303 »
449 1275 524 1310 Quod
555 1275 656 1303 ethnici
686 1274 803 1302 hominis
829 1274 950 1302 testimo-

171 1321 262 1354 nium,
292 1320 422 1350 Romana:
449 1322 522 1349 sedis
551 1321 712 1349 auctoritate
746 1321 950 1356 comprobanda

170 1367 364 1403 peridoneum,
388 1367 520 1402 iniquum-
535 1374 601 1395 sane
626 1367 775 1394 Athanasio
798 1371 850 1398 est,
880 1367 951 1401 quod

170 1412 291 1446 augurali
306 1413 358 1441 arti
373 1413 474 1442 tribuat
497 1420 557 1440 eam
579 1412 710 1440 divinitus
731 1413 843 1439 inditam
868 1412 952 1439 Atha-

171 1459 248 1486 nasio
263 1458 418 1487 facultatem
436 1459 525 1487 futura
548 1459 739 1494 prospiciendi,
753 1466 834 1494 quam
859 1462 952 1486 sancto

170 1505 230 1532 viro
246 1506 357 1533 ascribit
373 1505 539 1533 Sozomenns
561 1505 610 1541 (α),
635 1505 680 1532 ubi
704 1505 778 1532 illum
795 1512 808 1532 a
827 1505 881 1532 Deo
895 1511 953 1532 mo-

999 273 1029 293 se
1052 266 1132 294 ferat.
1150 267 1287 294 Adornato
1306 275 1422 304 namque
1445 268 1471 296 in
1491 269 1614 297 ecclesiae
1631 269 1716 298 vicem
1734 279 1780 305 pa-

998 311 1074 345 latio,
1089 312 1178 346 populi
1195 311 1398 348 Christianique
1410 319 1497 342 enatus
1508 314 1567 343 loco
1583 319 1638 343 tres
1655 315 1706 343 sibi
1718 324 1780 351 spa-

998 355 1082 384 dones
1093 357 1186 384 adesse
1199 357 1286 392 jubet.
1301 357 1466 393 Demumque
1482 359 1619 394 improbos
1631 365 1686 388 tres
1707 366 1781 388 cata-

998 409 1110 437 scopos,
1134 403 1161 430 id
1188 408 1230 431 est
1252 404 1434 438 exploratores
1456 405 1544 440 (haud
1567 406 1638 433 enim
1662 407 1780 442 episcopi

998 448 1196 482 nuncupandi),
1213 449 1342 483 compulit
1359 454 1389 476 ut
1411 449 1528 478 Felicem
1539 452 1682 486 quemdam
1701 452 1782 480 mori-

997 495 1047 522 bus
1074 495 1124 522 sibi
1139 494 1307 522 consimilem
1325 495 1412 523 virum
1435 497 1461 523 in
1481 497 1540 532 ipso
1557 498 1656 532 palatio
1670 499 1779 526 ordina-

999 546 1059 567 rent
1078 541 1245 576 episcopum.
1264 539 1360 576 Populi
1376 549 1501 576 namque,
1515 543 1700 571 animadversa
1725 543 1781 571 hae-

997 586 1141 613 reticorum
1158 587 1388 621 praevaricatione,
1407 588 1495 616 aditus
1521 589 1574 617 illis
1593 590 1627 617 ad
1651 589 1781 618 ecclesias

998 634 1215 668 intercluserunt,
1229 640 1256 663 et
1278 636 1371 671 procul
1392 637 1556 665 abscessere.
1575 636 1625 670 Qui
1643 637 1718 665 Felix
1731 637 1782 665 Ca-

998 680 1143 709 tholicisne
1170 687 1272 716 postea,
1287 689 1320 709 an
1340 682 1448 710 Arianis
1465 683 1545 710 rebus
1561 683 1706 715 studuerit,
1723 683 1780 718 jam

998 726 1111 761 quaestio
1126 731 1168 754 est
1178 727 1247 755 inter
1261 728 1417 764 scriptores.

1032 771 1077 800 20.
1090 771 1257 800 Constantius
1272 774 1380 800 hortatu
1399 774 1557 802 Arianorum
1584 773 1697 802 [Iasium
1722 780 1779 803 ten-

999 822 1046 845 tat.
1062 817 1139 845 Harii
1158 819 1267 853 epistola
1281 819 1315 846 ad
1329 818 1649 848 Constantium—Unum
1660 821 1783 848 restabat

999 862 1107 891 Arianis
1116 864 1187 898 quod
1203 864 1318 892 maxime
1331 865 1405 892 cordi
1423 869 1493 898 erat,
1506 869 1535 892 ut
1553 865 1658 893 scilicet
1669 865 1781 894 liosium

1000 909 1074 936 illum
1088 909 1271 937 venerandum
1286 913 1313 937 et
1332 910 1448 938 nobilem
1462 918 1553 938 senem
1569 911 1595 938 in
1619 918 1696 938 suam
1716 919 1782 939 sen-

1000 954 1109 981 tentiam
1122 955 1307 989 perducerent.
1319 954 1377 988 Qua
1392 955 1424 983 de
1440 963 1470 983 re
1483 956 1667 984 Constantium
1684 964 1784 985 couvec

999 999 1076 1026 niunt
1093 999 1144 1035 (ε),
1162 1005 1272 1027 monent
1290 999 1417 1027 nihildum
1446 1006 1536 1028 actum
1558 1009 1635 1035 esse,
1662 1002 1713 1029 nisi
1731 1002 1782 1030 sibi

1000 1045 1109 1080 suisque
1124 1044 1202 1073 factis
1219 1053 1331 1081 magnus
1348 1045 1392 1074 ille
1416 1045 1513 1074 Hosius
1529 1047 1708 1076 confessionis
1723 1048 1782 1082 glo-

1000 1092 1039 1120 ria
1053 1093 1212 1127 conspicuus
1225 1093 1393 1128 astipuletur.
1405 1093 1511 1128 Rogant
1523 1099 1554 1123 ut
1570 1094 1657 1122 virum
1673 1095 1783 1130 perinde

1000 1142 1080 1173 atque
1094 1142 1206 1166 caeteros
1231 1137 1256 1165 vi
1273 1138 1426 1173 compellat,
1440 1145 1470 1167 ut
1490 1146 1581 1168 secum
1603 1140 1784 1168 communicet

999 1184 1229 1219 Athanasiumque
1241 1183 1361 1214 damnet.
1378 1184 1426 1213 llis
1441 1185 1566 1215 inductus
1576 1186 1723 1220 imperator
1738 1194 1783 1214 se-

1000 1236 1060 1257 nem
1077 1230 1184 1262 accivit,
1200 1230 1246 1264 qui
1267 1230 1421 1257 centenario
1441 1230 1525 1264 major
1547 1238 1634 1258 annos
1647 1231 1703 1265 jam
1725 1231 1786 1266 plus

1000 1275 1140 1310 sexaginta
1164 1275 1342 1311 episcopalem
1366 1276 1515 1310 occupabat
1531 1276 1633 1304 sedem.
1645 1276 1783 1305 Acceden-

1001 1325 1054 1349 tem
1078 1321 1189 1350 llosium
1203 1321 1317 1357 rogabat
1328 1321 1512 1356 Constantius,
1532 1321 1689 1357 lenibusque
1707 1323 1786 1350 dictis

1001 1367 1162 1396 hortabatur
1181 1373 1210 1395 ut
1227 1373 1318 1397 contra
1330 1367 1506 1396 Athanasium
1522 1368 1683 1396 sententiam
1697 1369 1784 1402 daret,

1001 1413 1162 1448 Arianisque
1178 1414 1369 1441 communione
1381 1413 1539 1449 iungeretur
1551 1417 1633 1448 atque
1655 1414 1783 1441 amicitia.

1002 1458 1102 1492 Senex,
1115 1460 1161 1494 qui
1180 1459 1218 1486 rei
1236 1459 1387 1494 hujusmodi
1404 1459 1445 1487 vel
1469 1459 1587 1488 auditum
1602 1467 1672 1494 aegre
1691 1459 1784 1491 ferret,

1002 1504 1166 1540 indignatus,
1180 1505 1250 1540 quod
1277 1504 1356 1532 talem
1375 1504 1519 1539 imperator
1534 1504 1675 1532 obtulisset
1692 1505 1786 1532 condi-

172 1552 258 1578 nitom
273 1551 392 1585 pericula
404 1559 475 1586 saepe
492 1551 648 1586 praavidisse
662 1551 865 1586 declinasseque
879 1557 953 1578 com-
966 1561 988 1591 ο
1005 1549 1115 1582 tionem,
1132 1550 1218 1577 virum
1231 1550 1330 1577 acriter
1340 1549 1493 1584 compellat,
1507 1553 1596 1578 monet
1611 1554 1639 1576 ut
1651 1549 1729 1576 linem
1749 1550 1786 1576 fa-

172 1601 314 1624 memorat.
330 1597 406 1625 Illam
430 1597 517 1624 futura
540 1597 718 1632 prospiciendi
733 1597 784 1623 vim
800 1597 827 1623 in
849 1596 951 1623 crimen

172 1641 305 1669 vocabant
324 1642 438 1676 gentiles
456 1647 483 1668 et
502 1641 634 1674 haeretici,
657 1642 734 1677 quasi
753 1641 855 1669 scilicet
869 1641 894 1669 id
909 1641 953 1670 ille

173 1687 284 1722 magicis
312 1687 416 1714 artibus
435 1692 655 1721 consequeretur.
683 1685 719 1714 Ut
746 1686 831 1715 fertur
851 1692 952 1720 autem,

174 1731 290 1766 quodam
308 1737 443 1766 tempore,
459 1731 606 1759 Athanasio
622 1739 669 1766 per
684 1731 776 1759 urbem
802 1731 952 1764 incedente,

174 1779 244 1806 forte
265 1777 464 1812 supervolitans
484 1777 577 1804 cornix
602 1777 755 1805 crocitavit.
772 1776 864 1804 Turba
889 1783 953 1804 vero

175 1824 326 1860 gentilium.
342 1830 403 1858 quae
423 1827 480 1850 tum
503 1823 605 1856 aderat,
631 1822 707 1857 quasi
733 1822 952 1858 praestigiatorem

174 1870 313 1901 deridens,
338 1868 450 1904 rogabat
464 1869 592 1904 quidnam
611 1868 706 1896 cornix
723 1868 767 1896 illa
790 1868 953 1903 pratnnntia-

175 1919 226 1942 ret.
251 1914 286 1941 At
307 1914 352 1941 ille
371 1913 490 1940 suaviter
506 1914 595 1941 ridens
611 1922 617 1939 :
633 1913 712 1945 Cras,
731 1913 829 1947 inquit,
844 1913 951 1941 clamat.

177 1962 205 1990 ld
219 1967 307 1990 autem
324 1962 488 1995 vociferans,
507 1961 678 1996 injucundam
695 1961 771 1989 vobis
787 1961 844 1988 fore
862 1961 956 1989 crasti-

177 2014 238 2034 nam
253 2007 322 2034 diem
334 2006 486 2034 denuntiat.
502 2006 642 2041 Significat
664 2006 735 2034 enim
764 2005 840 2034 vobis
855 2006 888 2034 ab
904 2006 955 2033 im-

176 2057 301 2088 peratore
325 2051 492 2085 prohibitum
515 2051 559 2084 iri,
581 2058 614 2078 ne
629 2058 690 2079 cras
715 2050 813 2079 festum
836 2051 905 2078 diem
922 2051 955 2079 de

177 2106 253 2127 more
272 2098 422 2127 celebretis.
445 2097 511 2131 Quae
527 2097 667 2125 Athanasii
690 2093 840 2132 praedictio,
853 2097 903 2124 etsi
920 2097 956 2124 ri-

178 2145 267 2174 dicula
284 2145 342 2173 visa
365 2144 419 2172 illis
439 2148 491 2176 est,
513 2151 578 2170 vera
601 2147 690 2170 tamen
714 2143 773 2170 fuit.
796 2142 956 2178 lnsequente

178 2191 250 2219 enim
275 2191 318 2219 die
333 2190 538 2226 magistratibus
564 2188 674 2216 redditae
699 2192 761 2216 sunt
786 2187 956 2223 imperatoris

178 2237 287 2270 litterae,
301 2241 426 2264 vetantes
441 2243 474 2262 ne
490 2233 711 2277 paganis-templa
725 2234 800 2261 adire
812 2242 871 2268 sua,
887 2241 955 2262 neve
970 2231 992 2259 D

179 2283 315 2311 solemnes
327 2288 469 2308 sacrorum
485 2279 598 2308 ritus'ac
612 2279 732 2314 publicos
749 2284 898 2307 conventus
915 2287 958 2308 ce-

180 2329 286 2357 lebrare
298 2329 401 2356 liceret.

214 2373 258 2402 i9.
278 2372 354 2400 Felix
370 2375 397 2400 in
415 2371 510 2398 Liberii
526 2371 609 2397 locum
620 2370 758 2405 adlegitur.
771 2385 804 2391 —-
818 2369 898 2397 Pulso
914 2369 960 2397 Li-

177 2420 272 2452 berio,
292 2419 325 2447 de
347 2425 502 2446 successore
524 2417 662 2451 deligendo
690 2420 777 2443 actum
799 2416 858 2444 fuit.
882 2416 958 2450 Quod

180 2474 260 2502 quam
284 2466 403 2501 indigne,
420 2472 498 2499 quam
514 2469 606 2491 contra
623 2463 835 2490 ecclesiasticum
855 2472 957 2491 morem

179 2517 318 2548 peractum
337 2511 384 2544 sit,
398 2510 435 2538 ita
455 2515 548 2538 narrat
564 2510 727 2537 Athanasius
743 2510 779 2546 (ὁ)
794 2519 800 2536 :
813 2510 958 2544 Imperator

181 2559 331 2594 Epictetum
348 2557 506 2592 quemdam,
530 2557 657 2584 audacem
681 2555 895 2589 adolescentem,
912 2555 958 2591 qui

181 2604 231 2631 etsi
245 2604 397 2638 neophytus
415 2603 442 2630 in
467 2602 620 2637 episcopum
636 2601 756 2628 adlectus
773 2600 873 2633 fuerat,
889 2600 960 2635 quod

182 2649 215 2676 ad
232 2649 304 2676 nulla
326 2656 380 2676 non
411 2648 512 2676 scelera
540 2651 662 2682 paratum
686 2650 892 2681 promptumque
915 2653 961 2673 co-

182 2700 325 2730 gnosceret
344 2696 370 2722 in
385 2694 481 2722 amicis
502 2693 633 2725 habebat,
645 2693 849 2737 ejusque'opera
867 2691 961 2719 invisis

183 2741 232 2769 sibi
248 2742 381 2777 episcopis
395 2741 526 2768 arbitratu
537 2747 586 2767 suo
602 2739 713 2774 parabat
730 2738 852 2766 insidias.
862 2736 960 2771 Huius-

183 2786 254 2814 modi
271 2787 360 2821 itaque
379 2793 444 2814 usus
456 2785 618 2813 administro
634 2791 690 2811 rem
705 2784 786 2819 plane
801 2783 959 2818 stupendam

219 2842 257 2877 (α)
277 2842 337 2869 Lib.
355 2849 463 2877 iv,ﬁcap.
484 2841 510 2867 5.

218 2874 256 2909 (lt)
274 2877 374 2904 Athan.
389 2874 458 2904 Hist.
474 2875 568 2904 Arion.
583 2875 617 2902 ad
633 2875 782 2907 monachos,
803 2883 830 2902 n.
846 2874 887 2902 75.

1004 1595 1058 1623 ciat
1081 1595 1232 1630 huiusmodi
1253 1595 1334 1622 verba
1352 1594 1514 1630 proferendi,
1531 1595 1649 1622 clamare
1662 1595 1700 1622 ait
1722 1594 1786 1621 facti

1003 1641 1170 1669 insolentiam
1191 1649 1197 1667 :
1215 1641 1321 1669 demum
1338 1641 1416 1668 dictis
1433 1641 1490 1668 suis
1509 1647 1665 1675 persuasum
1681 1647 1712 1667 ac
1728 1647 1788 1674 per-t

1003 1687 1124 1714 territum
1135 1687 1242 1715 deducit
1259 1694 1274 1715 e
1291 1686 1423 1714 sententia
1432 1695 1440 1719 ;
1449 1691 1529 1720 atque
1538 1686 1575 1713 ita
1584 1685 1695 1721 integris
1706 1686 1787 1712 rebus

1006 1734 1077 1762 redit
1094 1733 1119 1760 in
1135 1733 1252 1768 patriam
1266 1737 1293 1760 et
1310 1732 1336 1759 in
1346 1732 1486 1760 ecclesiam
1496 1739 1582 1759 suam.
1599 1731 1652 1759 Sed
1667 1739 1727 1759 cum
1739 1731 1787 1758 ab-

1003 1784 1079 1808 sente
1097 1787 1129 1807 eo
1144 1778 1263 1807 haeretici
1277 1778 1347 1806 haud
1360 1778 1418 1807 sine
1433 1777 1610 1814 querimoniis
1620 1783 1647 1805 et
1663 1777 1787 1805 lamentis

1003 1826 1091 1854 denuo
1106 1825 1276 1860 itistigarent,
1288 1828 1426 1860 urgerent,
1443 1828 1470 1852 et
1486 1831 1535 1851 sua
1547 1824 1787 1858 eunuchorumque

1003 1879 1084 1905 opera
1110 1871 1190 1899 nullis
1211 1878 1264 1898 non
1291 1870 1423 1898 machinis
1448 1870 1614 1898 levissimum
1636 1869 1786 1897 Constantii

1004 1917 1123 1945 animum
1148 1920 1299 1949 tentarent;
1312 1915 1446 1951 acquievit
1461 1915 1569 1942 demum
1591 1915 1634 1943 ille
1647 1914 1787 1956 postulatis

1005 1962 1212 1996 nssentantium,
1225 1962 1378 1996 litterasque
1387 1962 1519 1988 minarum
1528 1960 1619 1996 plenas
1632 1961 1665 1988 ad
1675 1959 1786 1987 llosium

1004 2008 1087 2035 misit.
1107 2007 1173 2035 llinc
1183 2006 1282 2035 Hosius
1297 2005 1477 2038 contumeliis,
1491 2005 1670 2041 periculorum
1685 2005 1788 2032 denun-

1006 2053 1118 2081 tiatione
1143 2052 1295 2088 exagitator
1310 2061 1318 2079 ι
1333 2059 1420 2087 neque
1437 2056 1526 2079 tamen
1540 2050 1699 2078 insidiarum
1715 2055 1788 2077 metu

1005 2099 1038 2126 de
1051 2099 1184 2126 sententia
1197 2098 1355 2131 dimovetur,
1371 2097 1418 2125 sed
1431 2097 1544 2125 ﬁdenter
1555 2097 1678 2124 haeresim
1692 2101 1721 2123 ut
1737 2096 1788 2123 im-

1005 2144 1078 2179 piam
1098 2143 1258 2178 noxiamque
1275 2142 1390 2170 traducit
1405 2142 1503 2178 ubique
1527 2141 1657 2170 locorum.
1672 2140 1719 2168 llis
1744 2148 1789 2167 au-

1006 2190 1070 2218 ditis
1087 2189 1260 2218 Constantius
1272 2188 1354 2224 ctepit
1374 2188 1447 2216 senis
1462 2188 1580 2215 animum
1596 2187 1700 2214 iteratis
1714 2185 1787 2213 litte-

1008 2236 1045 2264 ris
1060 2235 1214 2266 sollicitare,
1233 2234 1312 2262 modo
1326 2233 1428 2261 adulari
1441 2233 1517 2268 quasi
1534 2237 1648 2268 patrem,
1670 2239 1731 2259 mox
1747 2231 1788 2258 in-

1009 2281 1146 2311 terminari
1156 2281 1289 2308 exsilium.
1306 2279 1423 2308 Necdum
1436 2284 1523 2307 tamen
1539 2278 1583 2306 ille
1597 2279 1638 2305 vel
1656 2277 1790 2304 minarum

1009 2332 1035 2355 et
1047 2326 1254 2361 impendentium
1266 2325 1396 2352 malorum
1408 2324 1560 2356 formidine,
1570 2323 1612 2350 vel
1622 2322 1789 2350 blandimen-

1010 2378 1098 2400 torum
1115 2371 1258 2404 illecebris,
1281 2371 1363 2398 cessit
1380 2378 1395 2398 e
1410 2370 1557 2398 sententia.
1576 2368 1631 2396 lmo
1647 2367 1790 2402 epistolam

1009 2418 1166 2446 constantiae
1178 2422 1205 2445 et
1217 2417 1352 2444 ﬁrmitatis
1366 2416 1546 2451 plenissimam
1559 2414 1696 2448 rescripsit
1707 2413 1790 2447 impe-

1010 2464 1111 2495 ratori,
1128 2462 1282 2498 signiﬁcans
1302 2469 1332 2490 se
1353 2463 1408 2498 jam
1430 2461 1532 2496 pridem
1555 2461 1605 2488 sub
1629 2458 1792 2486 Maximiano

1009 2517 1058 2546 pro
1071 2510 1170 2537 Christi
1182 2509 1290 2537 nomine
1303 2516 1420 2543 passum,
1434 2511 1556 2543 paratum
1571 2513 1630 2533 esse
1644 2505 1677 2532 ad
1693 2511 1790 2532 aerum-

1010 2561 1058 2581 nas
1070 2553 1211 2588 quaslibet,
1221 2553 1243 2581 si
1263 2553 1298 2580 sit
1311 2559 1391 2587 opus,
1405 2558 1454 2586 pro
1475 2550 1587 2578 veritate
1604 2548 1789 2584 perferendas.

1008 2599 1107 2633 Monet,
1127 2600 1286 2626 Arianorum
1302 2598 1452 2625 doctrinam
1472 2604 1506 2624 ne
1529 2600 1645 2627 tueatur,
1668 2602 1718 2622 neu
1739 2594 1791 2622 Ur-

1008 2645 1081 2672 sacio
1094 2648 1121 2672 et
1141 2643 1244 2671 Valenti
1258 2643 1355 2671 habeat
1374 2642 1463 2670 tidem.
1479 2641 1537 2669 Non
1553 2646 1608 2668 tam
1630 2640 1689 2668 illos
1706 2639 1791 2667 Atha-

1010 2691 1079 2718 nasii
1099 2690 1247 2724 perniciem
1265 2689 1427 2720 machinari,
1438 2695 1518 2722 quam
1533 2686 1663 2722 impietati
1684 2685 1792 2713 Arianze

1010 2737 1138 2771 augendae
1151 2737 1237 2768 latque
1255 2734 1442 2770 promovenda:
1460 2734 1577 2760 studere.
1592 2733 1791 2760 Commemorat

1011 2789 1070 2817 quae
1085 2781 1111 2808 in
1125 2781 1280 2808 Sardicensi
1297 2779 1399 2815 synodo
1415 2783 1489 2814 gesta
1512 2782 1612 2811 essent,
1627 2777 1790 2804 Arianorum

1049 2837 1084 2874 (cl
1101 2837 1199 2864 Athan.
1217 2836 1330 2868 ibid.,n.
1346 2835 1396 2868 45,
1409 2834 1453 2861 44.
