2016 3046
275 161 356 183 CXXVI

957 156 1222 185 PROLEGOMENA.

275 220 389 248 metum,
406 215 596 242 conscientiam
617 213 761 247 sc‘elerum,
779 222 882 250 turpem
908 216 933 242 in
949 224 1063 251 conspc-
1079 219 1100 246 Α
1115 216 1180 244 serti
1198 215 1284 243 incola
1300 215 1431 242 Antonius
1444 215 1492 250 (θ),
1507 222 1591 242 annos
1607 215 1725 250 quinque
1739 222 1818 250 supra
1830 223 1892 244 cen-

275 265 319 288 ctu
331 261 424 296 synodi
437 260 536 295 fugam.
553 259 580 286 In
599 266 716 287 mentem
738 266 844 288 revocat
857 261 960 289 Ursacii
978 267 1059 296 atque

278 305 394 332 Valentis
405 306 600 340 pmnitentiam,
611 314 664 340 qua
679 306 766 341 palam
781 313 849 334 esset
863 307 961 335 insonti
975 308 1059 335 Atha-

276 351 351 378 nasio
377 351 459 379 fuisse
476 353 587 380 crimina
607 354 708 381 oblata.
724 354 852 382 Hortatur
875 363 907 382 ne
924 363 953 382 se
979 357 1058 383 rebus

275 396 425 424 immisceat
439 398 632 427 ecclesiasticis
647 409 654 427 :
673 410 683 426 ‹
702 400 772 433 Tibi,
784 401 880 436 inquit,
894 402 963 429 Deus
974 402 1058 436 impe-

275 441 354 471 rium,
371 441 447 468 nobis
463 443 647 472 ecclesiastica
673 447 848 474 concredidit.
863 447 902 474 Ac
927 448 1055 482 quemad-

274 486 381 513 modum
396 488 441 522 qui
455 488 501 516 tibi
519 489 661 525 imperium
684 492 812 526 eriperet,
837 493 892 521 Deo
907 494 1056 529 providenti

274 538 450 567 repugnaret;
466 534 501 562 ita
522 540 611 562 metue
627 544 660 564 ne
673 538 695 565 si
709 538 757 565 tibi
769 538 950 567 ecclesiastica
969 541 1055 568 vindi-

273 585 329 610 ces,
350 579 440 613 magni
457 580 578 608 criminis
594 589 656 609 reus
675 584 784 610 evadas.
807 593 816 609 ι
832 583 867 611 Se
881 586 976 612 nedum
995 593 1054 612 cuin

273 623 381 650 Arianis
402 625 563 658 consentiat,
581 633 675 654 eorum
698 628 819 656 haeresim
837 630 1006 657 anathemate
1021 630 1056 658 l'e-

273 669 326 695 rire
339 677 346 701 ;
361 669 535 697 Athanasium
552 679 615 699 vero
631 673 740 700 minime
756 674 893 706 damnare,
906 683 984 710 quem
999 676 1054 703 Ro-

273 721 351 740 mana
368 714 500 748 Ecclesia,
512 717 671 745 universalis
693 719 824 754 synodus.
841 721 950 755 ipseque
970 722 1054 757 impe-

272 764 346 786 rator
364 768 411 794 pro
426 761 533 789 insonte
560 763 706 792 habuisset.
723 763 785 792 Hmc
807 770 862 792 tum
886 766 992 799 Hosius,
1007 768 1051 802 qui

272 805 342 832 haud
354 805 410 838 diu,
427 811 456 833 ut
470 807 539 834 infra
560 815 736 842 memoratur,
748 811 774 837 in
798 812 881 845 probo
902 812 1051 848 lmjusmodi

271 852 409 885 proposito
420 854 611 886 perseveravit.
621 854 740 889 Namque
748 856 920 885 Constantius
931 865 979 885 nec
988 858 1052 886 insi-

1116 268 1170 289 tum
1188 266 1283 294 natus,
1300 261 1345 294 qui
1362 261 1481 288 instante
1500 266 1596 294 morte,
1610 261 1753 296 discipulos
1767 261 1891 289 hortatus

1113 308 1205 335 multis
1221 308 1253 334 ad
1279 315 1350 335 vera:
1374 307 1436 335 ﬁdei
1464 307 1622 342 virtutisque
1645 307 1764 338 cultum,
1784 309 1889 334 demum

1112 361 1239 387 perorans
1251 353 1292 380 his
1307 357 1459 380 commonet
1472 353 1550 380 dictis
1566 362 1572 380 :
1594 362 1604 378 ί
1620 352 1678 380 Mea
1694 353 1765 381 inter
1778 361 1825 381 vos
1844 362 1891 380 ve-

1111 401 1237 428 stimenta
1256 399 1363 427 dividite
1377 407 1383 425 :
1398 399 1598 433 Athanasioque
1615 399 1740 434 episcopo
1763 399 1889 427 melotem

1110 445 1172 472 date
1186 452 1278 477 unam,
1293 444 1456 479 palliumque
1468 451 1521 479 quo
1533 444 1628 472 utebar
1638 443 1701 471 olim
1716 452 1723 470 :
1740 444 1774 472 ab
1787 451 1820 472 eo
1837 452 1887 472 no-

1110 498 1170 517 vum
1186 497 1351 524 acceperam,
1360 489 1416 524 jam
1434 489 1562 516 detritum
1584 496 1633 516 usu
1648 492 1697 516 est.
1712 488 1832 518 Melotem
1848 490 1887 516 al-

1109 541 1195 564 teram
1211 536 1351 571 Sarapioni
1375 535 1500 571 episcopo
1514 535 1626 568 tradite;
1642 541 1690 562 vos
1712 534 1808 562 habete
1827 535 1886 561 cili-

1108 583 1198 610 cinum
1215 581 1412 609 indumentum.
1423 581 1456 608 Et
1469 580 1538 615 quod
1558 579 1689 614 reliquum
1704 583 1762 613 est,
1776 580 1885 613 salvete,

1109 628 1154 655 lilii
1171 638 1177 655 :
1193 628 1323 656 Antonius
1338 627 1435 662 quippe
1447 627 1509 655 hinc
1522 626 1631 661 migrat.
1648 634 1696 654 nec
1711 627 1779 654 ultra
1797 627 1886 654 vobis-

1106 674 1236 701 cumerit.
1257 682 1266 698 ι
1281 672 1328 700 His
1340 673 1385 700 ille
1412 673 1501 705 dictis,
1521 672 1625 707 placido
1648 672 1738 702 vultu.
1756 673 1886 707 laetusque

1106 720 1223 746 animam
1237 718 1345 745 elllavit.
1355 718 1405 751 Qui
1419 723 1519 750 autem,
1532 718 1702 752 subsequitur
1710 718 1884 749 Athanasius,

1106 765 1216 791 melotes
1230 769 1257 791 et
1267 764 1374 798 pallium
1390 771 1528 799 accepere,
1537 764 1646 798 perinde
1661 769 1802 791 asservant
1817 772 1849 791 ac
1861 764 1884 791 si

1105 810 1192 845 magni
1210 818 1253 837 res
1275 810 1353 844 pretii
1367 815 1473 842 essent;
1486 809 1571 844 iisque
1581 811 1732 844 conspectis
1739 810 1883 836 Antonium

1106 863 1136 883 se
1149 855 1240 883 videre
1255 859 1361 890 putant,
1378 855 1411 882 iis
1426 855 1518 882 amicti
1539 856 1646 882 Antonii
1667 855 1767 882 monita
1780 859 1885 890 gestare

271 896 376 924 diarum
385 898 465 925 linem
475 899 546 932 fecit,
557 907 644 936 neque
656 901 734 929 desiit
745 903 901 930 occasiones
916 903 1053 938 aucupari,
1070 898 1092 925 Β
1106 908 1136 928 se
1147 900 1323 928 arbitrantur.
1350 901 1387 928 lta
1418 901 1546 927 nimirum
1560 900 1722 928 Athanasius
1736 900 1798 928 dum
1820 900 1885 927 insi-

272 942 446 977 minasquein
455 952 545 972 senem
556 946 699 974 intentare.
709 948 886 976 Accesserunt
894 949 1052 977 Arianorum

272 987 484 1023 criminationes,
495 992 678 1026 querimoniae,
696 994 847 1021 maledicta.
856 995 970 1022 Aiebant
980 1003 1051 1028 eum,

271 1034 369 1061 nedum
383 1035 560 1063 Athanasium
573 1037 723 1071 damnaret,
736 1040 856 1066 haeresim
870 1040 997 1067 Arianam
1011 1041 1052 1067 di-

272 1080 310 1107 ris
327 1087 425 1108 vovere
437 1085 517 1116 atque
532 1083 711 1117 proscribere,
721 1085 900 1120 omnibusque
916 1091 1052 1114 auctorem

270 1132 330 1154 esse
344 1130 372 1153 ut
386 1126 464 1154 iidem
476 1128 637 1155 catholicam
655 1130 786 1163 integram
804 1131 986 1166 intactamque
997 1140 1053 1160 ser-

270 1177 343 1199 vent.
358 1173 468 1207 Insuper
484 1179 595 1201 monent
609 1174 793 1202 Constantium
803 1176 947 1211 ,plurimos
962 1177 988 1204 in
1006 1177 1053 1204 Hi-

269 1218 362 1251 spania
381 1219 474 1245 eadem
485 1226 545 1247 esse
568 1224 648 1254 atque
666 1220 774 1248 Hosium
788 1223 927 1256 sententia,
939 1230 1051 1257 quorum

269 1263 414 1297 imperator
438 1264 566 1300 suffragia
590 1266 718 1294 adversus
737 1267 914 1295 Athanasium
935 1268 1052 1302 postula-

268 1309 325 1336 bat.
341 1309 370 1336 Hi
387 1317 446 1337 cum
465 1319 516 1338 non
533 1316 604 1339 metu
626 1312 807 1346 imperatoris,
820 1321 872 1340 non
888 1314 977 1347 minis,
999 1322 1050 1342 non

267 1355 507 1389 pollicitationibus
533 1365 566 1385 eo
589 1357 684 1385 adduci
701 1362 821 1393 possent,
835 1359 862 1385 in
879 1358 988 1386 Hosium
1006 1360 1052 1387 du-

268 1407 327 1428 cem
342 1402 454 1429 vertitur
466 1402 617 1431 Constantii
634 1404 719 1433 l'uror.
736 1404 847 1432 Accitus
859 1405 951 1440 itaque
968 1412 1051 1434 senex

269 1453 341 1474 anno
354 1447 459 1483 integro
473 1448 565 1476 Sirmii
580 1449 725 1477 detinetur.
739 1449 793 1478 Res
812 1457 940 1485 quorsum
957 1457 1051 1479 evase-

269 1491 318 1525 rit.
336 1492 405 1520 infra
419 1499 593 1522 memoratur.

260 1532 262 1534 ’
302 1539 347 1566 21.
365 1539 518 1575 Pro/ligatis
544 1541 603 1568 aliis
627 1540 796 1569 Constantius
817 1542 992 1570 Athanasium
1004 1550 1050 1578 ag-

266 1586 395 1622 greditur.
408 1601 442 1606 —
459 1586 632 1614 Constantius
655 1587 749 1622 igitur,
767 1592 908 1622 postquam
933 1593 1047 1621 terrore,

267 1632 360 1663 minis,
376 1631 479 1663 exsilio,
496 1633 573 1660 malis
595 1633 698 1661 artibus
711 1633 850 1668 episcopos
872 1641 941 1668 pene
955 1641 1048 1662 omnes

266 1682 314 1705 aut
325 1678 502 1713 proﬂigasset,
517 1683 563 1706 aut
588 1679 620 1706 ad
637 1679 838 1707 simulationem
863 1680 1047 1715 compulisset,

264 1724 320 1759 jam
340 1725 365 1751 in
381 1725 557 1752 Athanasium
578 1725 717 1753 machinas
731 1726 846 1753 intendit
863 1726 901 1762 (α)
915 1734 923 1757 ;
939 1727 1050 1762 prornis-

266 1776 358 1795 sorum
378 1768 481 1796 scilicet
503 1769 614 1801 oblitus,
636 1770 777 1797 immemor
799 1770 956 1806 juramenti.
982 1771 1048 1798 Nam

266 1814 311 1848 qui
327 1813 409 1841 semel
424 1822 439 1841 a
455 1815 567 1842 veritate
585 1814 703 1848 deﬂexit.
722 1816 766 1844 hic
789 1824 841 1844 non
869 1816 969 1852 majore
986 1817 1050 1845 reli-

267 1860 345 1895 gione
370 1861 403 1888 ad
430 1860 576 1896 perjurium
597 1869 678 1896 quam
695 1863 728 1890 ad
745 1864 913 1891 mendacium
939 1865 1048 1898 perduci

266 1907 418 1933 consuevit.
444 1906 501 1934 Hoc
527 1913 616 1935 autem
631 1908 729 1935 callide
754 1909 862 1936 Arianis
879 1910 1047 1943 auctoribus,

267 1957 408 1986 postquam
432 1952 574 1987 prmsulum
597 1954 703 1981 turbam
723 1954 750 1981 in
766 1962 829 1982 suas
841 1955 1050 1990 allexissetpar-

268 2003 318 2028 tes.
334 2005 476 2032 aggressus
490 2004 541 2031 est,
551 2007 583 2026 eo
596 2000 720 2027 nimirum
733 2001 855 2033 consilio,
864 2005 893 2028 ut
906 2001 1048 2028 multorum

267 2042 417 2070 antistitum
434 2043 559 2080 suffragia
579 2050 715 2073 ostentare
729 2051 837 2080 posset,
851 2046 1049 2081 Athanasioqne

267 2096 320 2115 non
335 2089 414 2116 modo
427 2090 570 2118 retinenda:
579 2091 726 2126 dignitatis,
735 2091 780 2119 sed
790 2092 870 2119 etiam
881 2091 1049 2127 deploranda:

267 2134 427 2162 calamitatis
454 2136 583 2163 adimeret
608 2141 776 2172 potestatem.
803 2138 894 2172 Itaque
928 2137 1049 2164 concita-

268 2184 312 2204 tus
327 2178 472 2212 imperator
487 2179 521 2206 ab
532 2180 650 2213 Arianis,
665 2182 780 2216 primum
798 2182 900 2209 litteras
915 2181 997 2208 mittit
1015 2181 1048 2208 ad

1104 946 1156 974 diis
1170 947 1352 975 cunuchorum
1368 947 1582 981 Arianorumque
1604 947 1795 981 impeteretttr,
1818 946 1884 973 viris

1104 991 1152 1019 Dei
1176 993 1321 1026 percharus
1344 997 1403 1020 erat
1429 997 1455 1019 et
1481 993 1506 1019 in
1531 992 1634 1019 amicis.
1660 992 1764 1018 Interea
1786 992 1882 1018 notarii

1106 1038 1281 1066 adventantes
1301 1038 1491 1065 Alexandriam
1504 1038 1577 1073 iussa
1597 1038 1745 1065 Constantii
1763 1044 1811 1064 nec
1832 1037 1883 1064 im-

1104 1084 1178 1118 pigre
1191 1084 1302 1117 exsequi
1319 1088 1462 1111 conantur.

1137 1130 1210 1155 ANNO
1240 1128 1303 1156 556.
1330 1129 1356 1155 1.
1377 1128 1513 1162 Diogenes,
1546 1127 1665 1154 Hilarius
1699 1133 1722 1155 et
1751 1127 1880 1162 Syriarum

1102 1178 1194 1200 contra
1214 1173 1387 1200 Athanasium
1404 1181 1458 1200 rem
1480 1178 1583 1207 gerunt.
1602 1188 1636 1194 --
1653 1173 1782 1207 Diogenes
1802 1179 1881 1207 porro

1102 1219 1190 1247 nullas
1209 1220 1243 1247 ab
1263 1220 1425 1254 imperatore
1444 1219 1521 1247 datas
1545 1219 1648 1247 litteras
1666 1219 1774 1246 tradidit
1796 1219 1881 1245 Atha-

1102 1264 1188 1296 nasio,
1201 1271 1250 1291 nec
1261 1264 1288 1291 in
1301 1264 1358 1299 ejus
1369 1272 1486 1299 unquam
1502 1269 1675 1299 conspectum
1692 1264 1773 1292 venit.
1788 1263 1880 1298 Syria-

1102 1318 1152 1338 nus
1169 1315 1256 1338 autem
1274 1311 1327 1338 dux
1345 1310 1465 1347 Egypti,
1482 1311 1524 1339 vel
1538 1311 1586 1339 sub
1601 1311 1671 1338 idem
1683 1318 1736 1345 quo
1752 1310 1881 1345 Diogenes

1102 1361 1217 1392 tempus,
1237 1357 1279 1384 vel
1298 1357 1390 1392 paucis
1414 1359 1474 1392 post
1497 1357 1608 1390 diebus,
1628 1356 1816 1384 Alexandriam
1837 1357 1881 1395 _in-

1101 1407 1217 1435 gressus,
1234 1400 1494 1436 instarejubereque
1504 1406 1533 1428 ut
1544 1401 1708 1428 Athanasius
1716 1401 1880 1428 Alexandria

1101 1445 1244 1474 decederet
1259 1446 1304 1481 (ο).
1317 1447 1410 1474 Ariani
1427 1453 1515 1474 autem
1528 1448 1628 1482 ubique
1646 1454 1783 1482 spargere,
1797 1447 1823 1474 id
1835 1447 1880 1474 lit-

1100 1492 1176 1524 teris,
1188 1493 1214 1520 id
1221 1492 1304 1526 jussis
1314 1494 1495 1528 imperatoriis
1508 1493 1582 1521 ferri.
1594 1492 1789 1521 Sciscitabatur
1800 1500 1881 1527 porro

1101 1545 1135 1566 ex
1157 1538 1272 1574 Syriano
1287 1539 1467 1572 Athanasius.
1484 1547 1548 1567 num
1569 1547 1616 1567 eas
1642 1547 1709 1574 quas
1719 1539 1881 1575 jactitabant

1099 1584 1194 1612 Ariani
1219 1585 1322 1612 litteras
1345 1592 1428 1620 penes
1443 1592 1472 1613 se
1493 1586 1615 1613 haberet.
1636 1585 1703 1613 Cum
1725 1591 1813 1612 autem
1826 1592 1878 1612 non

1099 1630 1199 1657 habere
1219 1638 1248 1658 se
1267 1631 1388 1662 dixisset,
1405 1639 1499 1666 rogare
1513 1631 1684 1664 Athanasius,
1705 1636 1736 1658 ut
1753 1631 1795 1658 vel
1820 1631 1879 1663 ipse

1099 1676 1241 1711 Syrianus.
1254 1676 1295 1703 vel
1314 1676 1457 1711 prefectus
1474 1676 1584 1712 Egypti
1601 1676 1732 1704 Maximus
1754 1676 1805 1704 hoc
1828 1676 1879 1703 sibi

1096 1721 1200 1757 jussum
1219 1722 1321 1757 scripto
1336 1722 1481 1750 traderent.
1497 1722 1574 1756 Nam,
1589 1723 1627 1749 uti
1651 1730 1730 1757 supra
1745 1730 1879 1750 memora-

1100 1771 1166 1799 tum,
1185 1767 1362 1795 Athanasium
1375 1768 1548 1796 Constantius
1560 1768 1678 1803 iusserat
1696 1768 1777 1796 nullis
1787 1768 1878 1796 inimi-

1098 1821 1192 1841 corum
1207 1813 1301 1841 fraude
1326 1814 1428 1849 sparsis
1452 1814 1607 1842 rumoribus
1624 1814 1737 1847 moveri,
1753 1814 1799 1842 sed
1818 1822 1878 1841 cum

1099 1867 1166 1894 pace
1193 1859 1319 1895 populum
1345 1859 1461 1886 edocere
1493 1866 1581 1886 veram
1608 1859 1764 1894 religionem
1783 1867 1790 1885 :
1812 1859 1880 1886 velle

1099 1911 1215 1939 namque
1231 1912 1261 1933 se
1284 1909 1314 1932 ut
1332 1905 1477 1940 tranquille
1496 1905 1606 1940 degeret
1630 1906 1657 1933 in
1681 1913 1729 1932 sua
1749 1905 1878 1940 parmcia.

1099 1951 1162 1979 Haec
1177 1959 1260 1979 causa
1271 1957 1340 1986 erat,
1355 1957 1384 1978 ut
1401 1952 1506 1979 nonnisi
1519 1951 1669 1979 Constantii
1684 1952 1760 1987 jussu
1771 1952 1880 1979 civitate

1099 1997 1229 2024 decedere
1256 1997 1346 2024 vellet.
1365 1996 1393 2024 id
1410 1997 1496 2031 ipsum
1521 1998 1554 2024 ad
1580 1997 1723 2033 Syriauum
1751 1998 1879 2024 adeuntes

1099 2043 1255 2078 populares,
1272 2042 1434 2077 presbyteri,
1445 2042 1548 2074 clerici,
1569 2050 1686 2077 parsque
1708 2042 1823 2068 maxima
1839 2041 1878 2068 ci-

1099 2088 1190 2115 vitatis
1203 2088 1382 2122 postulabant,
1398 2092 1530 2122 prtesente
1554 2087 1670 2115 Maximo
1687 2087 1793 2122 Egypli
1810 2094 1881 2121 prat-

1099 2132 1330 2161 fectoznimirum
1353 2132 1395 2160 vel
1419 2133 1522 2160 litteras
1540 2133 1620 2166 tradi,
1644 2133 1666 2160 si
1694 2140 1753 2167 qua:
1772 2133 1878 2160 tandem

1099 2184 1206 2213 essent;
1220 2179 1262 2206 vel
1277 2179 1425 2206 Ecclesiam
1441 2187 1493 2206 non
1510 2180 1611 2207 turbari
1626 2200 1633 2211 ,
1649 2180 1735 2207 donec
1751 2187 1782 2206 ea
1799 2179 1832 2206 de
1850 2187 1880 2206 re

267 2225 361 2250 ducem
385 2229 412 2251 et
426 2226 458 2251 ad
483 2225 590 2259 milites,
603 2227 791 2255 interminatus
807 2228 874 2254 iram
890 2234 978 2259 suam,
993 2227 1047 2254 nisi
1063 2239 1085 2266 ι)
1099 2225 1189 2252 missis
1201 2225 1354 2253 oratoribus
1370 2233 1432 2252 cum
1448 2226 1611 2260 imperatore
1630 2231 1764 2260 ageretur.
1779 2225 1881 2260 Populo

267 2270 349 2304 probe
363 2274 455 2297 contra
479 2271 655 2299 Athanasium
678 2280 733 2300 rem
759 2277 893 2308 gererent.
912 2271 1048 2306 Legantur

268 2315 330 2342 item
348 2315 443 2342 notarii
464 2316 595 2352 Diogenes
612 2322 639 2345 et
651 2317 780 2350 Hilarius,
797 2322 824 2345 et
839 2325 891 2345 una
912 2325 972 2344 cum
996 2317 1048 2344 illis

267 2359 377 2394 palatini
391 2361 510 2396 quidam.
525 2362 625 2390 Horum
645 2363 787 2390 consilium
808 2367 868 2390 erat
884 2367 912 2389 ut
927 2362 1048 2390 Athana-

267 2406 335 2432 sium
348 2407 408 2434 dolo
420 2407 580 2436 Alexandria
601 2409 785 2441 extraherent,
801 2414 828 2436 et
843 2409 961 2443 quidem,
973 2413 1002 2435 ut
1014 2417 1047 2436 ex

267 2452 436 2486 imperatoris
447 2453 541 2481 litteris
554 2459 644 2488 postea
657 2455 840 2482 memorandis
852 2454 981 2489 liquidum
995 2459 1046 2487 est,

267 2498 347 2525 nullis
379 2506 431 2525 non
457 2499 552 2533 malis,
574 2501 628 2527 imo
649 2505 676 2527 et
697 2504 784 2527 morte
812 2500 988 2528 multandum.
1012 2500 1040 2527 Si

267 2550 382 2577 namque
396 2544 483 2578 palam
499 2550 526 2572 et
538 2545 606 2572 intra
622 2546 695 2573 urbis
710 2546 809 2573 mmnia
820 2546 948 2574 manusin
963 2546 1047 2573 Atha-

267 2588 370 2615 nasium
381 2590 510 2617 violentas
519 2591 680 2625 intulissent,
688 2598 740 2619 non
754 2592 846 2619 deerat
859 2591 995 2619 turbarum
1007 2596 1048 2618 tu-

267 2633 451 2669 multuumque
467 2635 590 2667 formido.
603 2637 691 2670 Quare
704 2641 763 2664 astu
777 2636 948 2672 providerant
959 2637 1044 2662 virum

267 2678 375 2712 pellere,
399 2681 539 2715 populique
569 2683 692 2716 praesidio
715 2682 871 2710 subducere.
893 2681 1043 2713 lnterhaec,

268 2723 424 2752 imminente
441 2726 600 2754 Arianorum
624 2727 725 2760 furore,
740 2728 806 2755 obiit
823 2734 934 2761 magnus
949 2726 993 2755 ille
1004 2728 1045 2754 de‘

303 2825 341 2860 (η)
358 2825 457 2854 Athan.
471 2828 540 2854 Hist.
554 2828 646 2854 Arion.
663 2829 696 2854 ad
712 2829 845 2858 monac/L,
858 2837 883 2855 η.
898 2829 940 2861 47,
952 2828 995 2861 68,
1007 2827 1050 2856 50.

305 2860 341 2896 (li)
359 2861 457 2888 Athan.
475 2863 500 2889 in
518 2861 575 2889 Vita
591 2864 707 2896 Antonii,
725 2872 750 2890 ιι.
771 2864 815 2896 91,
834 2864 876 2891 92.

1100 2271 1199 2298 acriter
1222 2271 1340 2298 instante
1351 2290 1358 2303 ,
1375 2271 1524 2306 Syrianus,
1540 2271 1597 2299 sive
1620 2273 1690 2305 quod
1709 2276 1880 2306 perspectum

1100 2318 1211 2345 haberet
1224 2324 1305 2352 quam
1321 2325 1397 2352 aequa
1414 2317 1558 2351 postulatio
1573 2322 1653 2350 esset,
1666 2318 1724 2345 sive
1739 2318 1807 2352 quod
1822 2325 1879 2345 mo-

1102 2369 1156 2390 tum
1171 2363 1393 2397 seditionemque,
1405 2363 1539 2390 concitata
1555 2362 1641 2397 plebe,
1654 2368 1797 2394 metueret.
1813 2370 1881 2397 pra:-

1100 2413 1176 2436 sente
1199 2413 1263 2436 tunc
1291 2408 1402 2440 Hilario,
1419 2409 1683 2443 inspectantibusque
1705 2408 1806 2441 multis,
1832 2416 1881 2443 per

1098 2454 1211 2481 salutem
1228 2453 1378 2481 Constantii
1391 2454 1533 2488 pollicetur
1546 2461 1576 2480 se
1595 2453 1661 2481 nihil
1679 2454 1741 2481 mali
1755 2454 1879 2481 Athana-

1097 2501 1138 2527 sio
1153 2499 1194 2527 vel
1209 2499 1330 2527 ecclesia:
1341 2499 1489 2532 illaturum,
1505 2505 1648 2535 antequam
1664 2508 1720 2528 rem
1740 2501 1880 2529 detulisset

1098 2546 1131 2573 ad
1147 2545 1342 2574 Constantium.
1355 2544 1437 2580 Cujus
1451 2547 1490 2574 rei
1503 2551 1584 2574 testes
1599 2553 1676 2574 erant
1692 2547 1815 2574 cohortes
1830 2547 1880 2574 du-

1097 2591 1147 2622 cis.
1158 2591 1334 2626 praefectique
1363 2591 1484 2624 Maximi,
1499 2592 1545 2627 qui
1569 2592 1700 2626 ejusmodi
1716 2593 1878 2628 rescriptum

1097 2644 1179 2670 penes
1192 2644 1222 2664 se
1237 2637 1357 2664 retinuit.
1368 2636 1433 2670 Quae
1447 2644 1529 2671 porro
1541 2645 1620 2665 causa
1636 2643 1718 2671 esset,
1733 2639 1803 2673 quod
1817 2646 1878 2666 cum

1098 2682 1269 2714 Athanasius,
1279 2686 1340 2709 tum
1356 2683 1431 2717 plebs
1447 2683 1636 2717 Alexandrina,
1652 2684 1728 2712 ducis
1744 2685 1822 2712 ﬁdem
1836 2685 1879 2711 in-

1099 2729 1203 2763 terponi
1229 2733 1375 2762 curarent,
1397 2729 1453 2764 ipse
1481 2730 1569 2764 aperit
1589 2729 1761 2758 Athanasius.
1779 2731 1880 2758 Aderat

1141 2827 1176 2863 (c)
1192 2828 1289 2855 Athan.
1306 2828 1378 2861 Apol.
1401 2829 1435 2854 ad
1452 2827 1600 2864 Constanl.,
1620 2837 1648 2857 n.
1663 2829 1695 2857 19
1707 2833 1734 2857 ct
1749 2835 1836 2864 sem-1.,
1850 2833 1879 2856 et

1099 2863 1168 2890 Hist.
1180 2864 1271 2890 Arinn.
1285 2864 1317 2889 ad
1332 2864 1482 2898 monac/tos,
1498 2872 1524 2891 η.
1540 2863 1583 2891 52.
