2016 3046
825 143 906 193 vni
924 166 952 194 s.
973 166 1168 195 ATHANAsn.

1699 176 1789 196 ευνιι

164 228 271 261 scilicet
286 229 380 264 ingens
391 228 511 263 suspicio
525 227 694 259 insidiarum,
708 235 760 255 non
775 233 876 255 tantum
892 229 953 262 quia
969 232 990 260 Α
1007 234 1122 256 traxere.
1142 228 1275 264 Raptatus
1295 233 1384 257 autem
1402 228 1459 261 ille,
1485 235 1516 257 ac
1537 229 1592 257 Deo
1611 228 1679 256 duce
1695 236 1790 255 mona-

165 276 241 304 nullo
255 275 346 304 oblato
363 274 538 309 imperatoris
565 274 696 308 rescripto
714 273 816 307 jussnm
833 281 892 301 esse
912 275 952 308 ja-

164 323 293 349 ctilarent
309 326 339 348 ut
355 320 522 348 Athanasius
544 319 706 347 Alexandria
729 320 881 353 excederet,
905 319 951 346 scd

163 370 247 396 etiam
263 368 326 403 quia
345 367 474 403 permulti
486 374 546 394 cum
561 367 676 402 Syrinno
689 371 780 393 essent
796 365 888 392 Ariani
904 373 951 392 co-

164 415 244 441 tnites
259 414 420 449 quibuscum
437 413 481 441 ille
496 413 615 448 quotidie
626 412 785 446 epulabatur
796 419 828 439 ac
840 411 951 439 consilia

165 460 260 492 inibat,
275 464 304 487 ut
328 459 380 487 nisi
400 467 495 487 eorum
518 458 650 486 arbitratu
674 457 742 485 nihil
769 462 869 491 ageret.
888 457 952 490 Quae

163 507 255 534 omnia
273 511 374 534 certam
401 506 472 534 male
489 505 645 541 suspicandi
668 511 780 532 causam
804 504 952 532 Athanasio

164 553 301 582 aﬂ‘errent.
333 553 400 581 Cum
430 552 563 588 Syrianus
589 552 680 586 itaque
709 551 813 579 decinta
839 550 951 585 septima

163 598 285 627 Januarii
302 600 381 628 fidem
398 599 435 627 ita
452 598 580 631 dedisset,
595 599 709 634 populus
730 598 817 630 laetus.
835 606 867 625 ac
885 599 951 625 bene

164 654 257 675 secum
270 651 361 674 actum
376 653 436 674 esse
446 650 555 681 putans,
570 645 747 673 conventibus
759 644 951 672 ecclesiasticis

164 691 286 725 vacabat,
303 691 378 719 omni
393 692 480 725 posito
500 695 571 718 metu
587 698 619 718 ac
631 690 793 724 suspicione.
818 689 871 716 Sed
885 689 950 716 insi-

164 739 240 766 diosa
256 738 391 773 promissa
407 737 491 765 fuisse
505 737 596 765 exitus
615 735 811 771 comprobavit.

197 784 226 812 2.
245 784 377 820 Syriantu
395 788 471 810 noctu
484 782 621 810 ecclesiam
635 782 745 809 invadit.
758 781 849 810 Crede:
863 789 952 816 perpe-

163 835 252 857 trataz.
264 829 424 856 Athanasius
434 837 462 855 η
474 828 605 856 subducit.
614 842 648 848 —
663 828 728 855 Nam
744 827 842 862 elapsis
856 827 949 862 viginti

164 876 253 903 tribus
269 883 284 902 a
305 875 367 903 data
382 875 435 903 llde
458 875 565 907 diebus,
580 875 691 902 ineunte
712 882 781 902 nona
796 874 947 906 Februarii,

165 924 229 949 dum
246 921 414 957 pervigilium
439 922 531 956 agitur
544 921 735 956 subsequentis
754 922 782 949 in
800 921 948 949 Parasceve

165 974 308 1002 synaxeos,
322 966 409 994 media
424 967 533 995 circiter
549 971 636 999 nocte.
648 968 699 994 dux
710 968 846 995 exercitus
855 967 949 1003 Syria-

163 1022 216 1041 nus
223 1013 366 1048 derepente
379 1021 440 1041 cum
454 1014 582 1041 militibus
591 1014 753 1050 irrupitplus
763 1015 880 1049 qttinque
891 1014 950 1041 mil-

163 1060 245 1092 libus,
260 1061 304 1095 qui
323 1060 424 1094 annis,
441 1060 545 1088 strictis
557 1060 664 1095 gladiis,
680 1061 811 1093 arcubus,
827 1061 896 1093 telis,
909 1060 950 1087 fu-

163 1107 353 1143 stibus,galeis
365 1107 488 1135 instructi
502 1112 582 1135 erant
591 1108 641 1142 (a).
653 1108 740 1142 Atque
753 1107 951 1135 concitantibus

163 1154 360 1188 comitibusque
379 1153 488 1181 Arianis
500 1173 508 1184 ,
526 1153 669 1181 ecclesiam
697 1153 787 1180 densis
813 1153 950 1181 collocatis

163 1199 312 1231 militibus,
331 1207 381 1227 ceu
404 1207 494 1227 arcem
513 1200 657 1234 quamdam
681 1200 832 1227 hostiumve
860 1204 950 1227 castra

164 1246 348 1278 circumsedit,
363 1253 396 1273 ne
417 1246 478 1280 quis
497 1251 587 1281 posset
601 1246 730 1273 evadere.
745 1245 812 1272 Tum
828 1245 950 1273 Athana-

164 1293 233 1324 sius.
252 1297 326 1320 ratus
341 1300 394 1320 non
410 1293 486 1327 probi
505 1293 622 1327 pastoris
634 1300 693 1320 esse
703 1300 816 1327 gregem
833 1293 858 1319 in
878 1297 951 1319 tanto

164 1340 278 1366 tutnultu
297 1340 432 1372 deserere,
449 1347 481 1366 ac
500 1346 530 1367 se
550 1338 634 1367 solum
658 1338 807 1366 subducere
822 1339 950 1374 periculo,

162 1385 190 1412 in
205 1385 302 1413 throno
315 1385 412 1413 sedens
425 1385 538 1414 diacono
549 1384 630 1420 jussit
649 1390 678 1412 ut
693 1384 827 1413 Psalmum
842 1385 950 1420 legeret,

162 1431 314 1467 populoque
329 1438 358 1459 ut
371 1432 556 1466 responderet,
569 1430 699 1464 Quoniam
717 1431 745 1458 in
758 1437 884 1458 mentum
899 1431 950 1457 mi-

162 1478 305 1504 sericordt'a
317 1477 384 1512 ejus,
394 1485 426 1505 ac
438 1485 532 1505 omnes
545 1477 672 1512 deinceps
684 1484 713 1504 se
728 1478 890 1512 reciperent,
905 1478 952 1504 ab-

163 1523 287 1558 irentque
313 1523 433 1551 domttm.
457 1522 556 1550 Verum
572 1528 682 1558 peracta
698 1523 825 1556 lectione,
838 1522 951 1558 populo-

163 1575 215 1603 que
230 1573 367 1603 precante,
384 1575 398 1595 a
411 1568 540 1596 militibus
551 1568 642 1602 janute
654 1568 798 1596 confracta
815 1574 887 1596 sunt.
900 1569 952 1596 Fo-
965 1573 988 1605 ο

164 1614 240 1642 ribus
254 1620 343 1642 autem
361 1615 385 1641 vi
398 1614 577 1642 multitudinis
590 1614 742 1649 patefactis,
753 1614 862 1651 Syriani
874 1615 951 1650 jussu

164 1661 210 1689 alii
232 1662 344 1696 sagittas
368 1661 504 1693 emittere,
529 1661 574 1689 alii
605 1661 730 1689 bellicum
756 1669 872 1694 canere;
889 1662 952 1690 hinc

141 1711 144 1715 '
164 1714 301 1734 armorum
327 1707 455 1742 strepitus
479 1707 618 1740 insonare,
645 1714 725 1735 enses
741 1707 774 1735 ad
799 1707 950 1742 lampadum

163 1753 296 1788 fulgorem
323 1754 433 1781 micare.
451 1753 517 1781 Post
536 1754 593 1781 haec
616 1753 734 1788 virgines
750 1753 856 1785 occisae,
874 1753 951 1781 multi

163 1799 375 1834 irrumpentibus
389 1799 520 1827 militibus
532 1806 670 1832 corruere,
692 1799 738 1827 alii
754 1799 861 1834 sagittis
884 1806 949 1827 con-

163 1845 230 1874 fossi
249 1845 356 1873 cadere.
375 1845 488 1873 Militum
506 1852 569 1879 pars
585 1845 618 1872 ad
643 1846 760 1880 praedam
777 1845 847 1873 versi
871 1845 953 1881 virgi-

163 1899 213 1919 nes
229 1891 378 1925 nudabant,
394 1891 492 1926 quibus
502 1891 546 1918 vel
570 1891 698 1918 minimus
713 1891 832 1919 virorum
859 1895 952 1919 conta-

163 1943 224 1966 ctus
241 1939 296 1972 ipsa
327 1943 414 1966 morte
429 1938 552 1966 acerbior
564 1930 642 1966 'erat.
665 1937 733 1966 Tum
753 1938 893 1974 episcopus
906 1939 951 1974 qui

163 1985 191 2012 in
210 1985 308 2012 throno
335 1984 458 2018 sedebat,
483 1989 627 2018 conspecta
648 1984 725 2012 clade
741 1990 769 2012 et
787 1984 951 2017 calamitate,

163 2030 288 2065 surgitet
301 2030 334 2057 ad
350 2037 444 2064 preces
464 2030 632 2058 cohortatur.
648 2029 707 2057 Dux
723 2034 824 2063 autem,
839 2030 884 2065 qui
900 2031 950 2058 loci

163 2074 334 2101 sanctitatem
343 2073 471 2101 tantidem
484 2074 575 2108 quanti
589 2074 667 2102 fidem
682 2082 758 2102 suam
770 2074 843 2107 fecit,
855 2083 951 2110 agmen

163 2116 260 2151 agebat
280 2117 378 2145 comite
393 2117 496 2146 Hilario
513 2119 628 2150 notario,
645 2120 690 2154 qui
703 2126 734 2146 ea
747 2120 952 2148 machinahatur

164 2169 224 2197 quae
243 2169 333 2190 rerum
360 2163 450 2190 exitus
477 2162 564 2197 palam
592 2163 666 2192 fecit.
691 2163 757 2190 Nam
778 2164 950 2197 Arianorum,

164 2215 278 2242 quorum
305 2208 404 2236 furoris
427 2208 587 2236 administer
605 2208 654 2236 fuit
669 2208 722 2241 ille,
744 2209 794 2236 hec
809 2209 950 2236 consilium

1003 275 1168 310 chorumqne
1183 281 1211 302 et
1227 275 1385 302 clericorum
1396 282 1447 310 ope
1459 275 1501 302 via
1517 274 1587 302 facta
1599 275 1670 302 inter
1679 275 1790 302 strictos

1003 321 1106 356 gladios
1117 325 1145 347 et
1163 321 1316 353 carnifices,
1335 321 1380 356 qui
1402 321 1427 349 ei
1453 328 1544 348 necem
1566 320 1707 355 parabant,
1723 328 1791 355 pene

1002 367 1172 394 exanimatus
1192 367 1218 393 vi
1241 367 1406 394 trahentium
1422 372 1450 394 et
1470 367 1672 402 compressione
1694 367 1790 399 turbae,

1002 412 1072 439 clam
1097 411 1228 439 militibus
1254 413 1365 439 numine
1387 411 1545 446 providente
1560 412 1708 444 discessit;
1725 411 1790 439 licet

1003 464 1064 491 pars
1080 457 1229 484 sacrarium
1243 457 1484 490 circumsisterent,
1505 465 1567 492 pars
1579 457 1721 485 ecclesiam
1743 457 1791 484 ob-

1001 504 1130 531 siderent.
1146 503 1224 531 Acin
1239 508 1296 530 tuto
1307 511 1368 531 cum
1381 503 1441 537 fuit,
1455 504 1550 539 dignas
1562 504 1659 532 divinas
1682 503 1789 531 miseri-

981 544 983 546 ’
1002 550 1101 577 cordia:
1130 549 1232 584 gratias
1259 549 1359 582 retulit,
1373 550 1455 584 quod,
1482 557 1533 577 nec
1554 549 1652 585 populo
1671 550 1790 582 deserto,

1002 595 1172 623 inimicorum
1191 603 1287 623 manus
1311 597 1427 623 evadere
1455 596 1585 624 licuisset.
1606 595 1710 623 Exinde
1726 604 1790 624 vero

1003 641 1133 677 Syrianus
1146 647 1173 669 et
1193 641 1314 670 Hilarius
1330 642 1377 669 ubi
1395 646 1513 678 stragem
1525 649 1704 677 conspexere,
1719 643 1791 670 mili-

1003 689 1075 716 tibus
1095 689 1261 723 imperarunt
1272 693 1301 715 ut
1314 688 1503 716 defunctorum
1519 696 1631 724 corpora
1643 689 1789 717 amoliren-

1001 739 1061 765 tur,
1087 733 1113 761 in
1136 733 1289 768 abditisqtte
1315 733 1382 761 locis
1404 733 1580 768 deponerent.
1605 733 1790 762 Sanctissimae

1000 785 1082 812 porro
1094 778 1222 813 virgines,
1239 785 1298 813 quae
1314 785 1390 806 cresce
1408 779 1506 806 relictae
1523 779 1641 812 fuerant,
1655 779 1681 806 in
1695 786 1791 806 monu-

1001 826 1099 852 mentis
1109 824 1220 859 sepultze
1234 829 1306 857 sunt,
1317 825 1439 861 martyrii
1454 826 1567 860 gloriam
1581 826 1646 861 ipsis
1659 825 1791 852 Constan-

1002 871 1031 898 tii
1060 871 1105 906 qui
1128 878 1157 898 se
1180 871 1364 898 Christianum
1390 872 1585 907 proﬁtebatur,
1624 872 1790 907 temporibus

965 904 986 931 Β
1001 904 1114 951 adeptae.
1130 916 1240 944 Diaconi
1256 921 1347 944 autem
1364 904 1399 944 ini
1414 917 1479 952 ipsa‘
1495 917 1610 945 ecclesia
1626 904 1711 952 plagis
1725 924 1791 944 con-

1000 962 1047 990 cisi
1061 969 1092 988 ac
1104 961 1200 989 reclusi
1212 967 1285 990 sunt.

1035 1008 1061 1036 3.
1078 1007 1238 1035 Contestalio
1249 1007 1500 1035 Alexandrinorum.
1528 1023 1565 1028 —
1584 1007 1675 1043 Neque
1699 1013 1787 1036 tamen

1000 1054 1044 1082 hic
1055 1054 1176 1081 constitit
1194 1053 1292 1082 scelus.
1321 1053 1388 1081 Nam
1413 1059 1473 1088 post
1489 1061 1519 1081 ea
1533 1058 1608 1090 gesta
1632 1054 1680 1089 (ὑ),
1702 1054 1789 1089 quivis

1003 1100 1136 1127 arbitratu
1147 1107 1196 1128 suo
1209 1107 1289 1135 quam
1306 1105 1397 1135 posset
1408 1101 1520 1135 januam
1540 1100 1745 1136 confringebat,
1761 1104 1790 1127 ut

1000 1147 1078 1175 obvia
1098 1153 1209 1182 quaeque
1219 1147 1357 1181 diriperet.
1374 1146 1430 1174 lmo
1440 1147 1474 1175 ad
1487 1154 1519 1174 ea
1531 1146 1588 1174 loca
1601 1151 1788 1181 penetrarunt,

1004 1200 1057 1228 quo
1074 1199 1108 1220 ne
1121 1191 1283 1220 Christianis
1300 1192 1408 1227 quidem
1431 1191 1557 1220 omnibus
1574 1191 1654 1219 liceat
1673 1192 1788 1227 ingredi.

1001 1238 1050 1266 His
1063 1238 1129 1266 locis
1154 1243 1208 1265 tam
1233 1237 1336 1266 sanctis
1355 1245 1451 1265 manus
1469 1238 1565 1272 impias
1588 1245 1620 1265 ac
1642 1238 1790 1273 sacrilegas

1003 1281 1099 1310 aﬁ‘errc
1119 1282 1177 1310 ausi
1193 1288 1258 1310 sunt
1271 1281 1395 1310 scelerati
1409 1282 1551 1315 homines,
1567 1290 1581 1309 a
1594 1283 1692 1318 quibus
1703 1283 1786 1310 etiam

1001 1330 1096 1358 oculos
1113 1329 1241 1358 coltibere
1254 1329 1393 1364 religionis
1412 1328 1473 1364 jura
1490 1329 1635 1364 cogebant.
1653 1329 1715 1357 llaec
1741 1337 1790 1356 au-

1002 1381 1056 1403 tem
1071 1380 1202 1411 praesente
1216 1376 1274 1411 ipso
1288 1375 1462 1404 Alexandriae
1481 1377 1549 1404 duce
1561 1376 1700 1412 Gorgonio
1714 1381 1788 1412 gesta

1003 1427 1076 1449 sunt.
1097 1422 1312 1450 Abscedentibus
1328 1429 1409 1457 porro
1428 1429 1458 1450 re
1480 1422 1548 1450 adeo
1562 1423 1692 1458 prazclare
1714 1427 1789 1457 gesta

1002 1468 1149 1500 militibus,
1184 1475 1274 1502 arma,
1297 1468 1367 1501 tela,
1389 1475 1468 1497 enses
1499 1469 1526 1495 in
1553 1469 1666 1496 ecclesia
1698 1469 1790 1496 relicta

1003 1518 1080 1547 sunt,
1096 1521 1155 1547 qua:
1172 1513 1283 1548 populus
1298 1513 1395 1541 ibidem
1412 1514 1553 1548 suspendit
1566 1514 1593 1542 in
1610 1515 1673 1542 l'acti
1685 1522 1789 1543 memo-

1004 1560 1081 1587 riam.
1099 1559 1166 1586 Nam
1180 1565 1320 1595 postquam
1338 1559 1416 1588 fracti
1432 1568 1465 1587 ac
1482 1562 1619 1595 perterriti
1644 1561 1789 1596 improvisa

1002 1605 1155 1640 irruptione
1174 1605 1256 1633 animi
1273 1606 1425 1634 confirmati
1435 1611 1509 1638 sunt,
1522 1612 1577 1634 tum
1595 1607 1788 1635 catholicorum

1004 1651 1147 1680 multitudo
1173 1657 1268 1680 coacta
1293 1652 1455 1687 rescriptum
1475 1652 1600 1686 edidere,
1626 1660 1679 1688 quo
1699 1660 1788 1680 rerum

1002 1698 1110 1733 indigne
1126 1704 1267 1734 gestarum
1284 1697 1388 1726 ferrent
1404 1698 1588 1726 testimonium
1599 1719 1606 1732 ,
1625 1706 1790 1727 commemo-

1002 1750 1149 1780 rarentque
1169 1745 1319 1773 confractas
1344 1745 1435 1778 fores,
1456 1745 1623 1773 invasionem
1645 1746 1672 1773 in
1699 1746 1784 1774 eccle-

1002 1792 1070 1819 siam
1080 1811 1089 1825 ,
1107 1791 1212 1825 caedes,
1229 1791 1430 1826 expilationem,
1444 1791 1550 1826 aliaque
1566 1791 1592 1819 id
1607 1799 1701 1828 genus.
1714 1792 1789 1826 Quod

1004 1839 1049 1866 ubi
1061 1839 1194 1874 comperit
1209 1838 1262 1866 dux
1276 1838 1409 1874 Syrianus
1420 1857 1429 1871 ,
1450 1838 1547 1866 obvios
1561 1838 1586 1866 vi
1611 1838 1790 1874 compellebat

1002 1885 1035 1913 ad
1053 1885 1253 1913 testificandum
1265 1904 1272 1916 ,
1288 1884 1391 1912 nullum
1405 1885 1541 1913 exstitisse
1555 1885 1696 1913 tumultum
1708 1905 1715 1919 ,
1730 1886 1790 1913 nul-

1002 1932 1056 1959 lam
1068 1932 1168 1959 caedem
1185 1931 1297 1959 factam.
1322 1930 1399 1964 Quod
1417 1939 1484 1960 sane
1502 1937 1691 1966 argumentum
1713 1937 1788 1966 erat,

1003 1977 1135 2012 injussum
1153 1977 1228 2005 illum
1253 1977 1279 2005 id
1309 1977 1442 2006 facinoris
1465 1982 1645 2013 perpetrasse.
1671 1977 1790 2005 Alexan-

1002 2023 1073 2051 drini
1088 2027 1178 2050 autem
1190 2043 1197 2056 ,
1212 2027 1357 2058 conspecta
1373 2023 1449 2051 ducis
1467 2023 1608 2058 iniquitate
1621 2044 1628 2057 ,
1652 2023 1789 2052 hominem

1002 2070 1119 2102 adeunt,
1134 2074 1230 2106 rogant
1243 2069 1308 2097 nulli
1321 2070 1375 2097 vim
1395 2069 1511 2104 inferat,
1531 2077 1583 2098 neu
1606 2075 1682 2106 gesta
1697 2076 1787 2106 neget.

1002 2115 1048 2144 Ille
1062 2115 1166 2151 plebem
1185 2115 1305 2144 fustibus
1325 2116 1391 2144 caedi
1408 2123 1441 2143 ac
1465 2115 1601 2151 proﬂigari
1614 2116 1706 2151 jubet,
1720 2116 1790 2144 nihil

1003 2163 1136 2190 reveritus
1154 2162 1371 2191 Christianorum
1393 2167 1507 2192 costum.
1529 2163 1568 2190 Ac
1583 2170 1644 2190 cum
1661 2163 1788 2190 edidicis-

1005 2214 1046 2236 set
1056 2229 1063 2242 ,
1078 2217 1153 2236 arma
1165 2214 1192 2236 et
1207 2209 1258 2237 tela
1273 2217 1288 2237 a
1302 2210 1433 2238 militibus
1444 2209 1538 2238 relicta
1553 2210 1579 2237 in
1593 2209 1691 2244 templo
1703 2210 1789 2238 fuisse

163 2257 233 2285 erat,
256 2257 286 2280 ut
305 2253 483 2281 Athanasium
507 2261 558 2281 nec
580 2255 735 2287 opinantem
755 2254 948 2288 confoderent,
965 2260 987 2288 1)
1001 2263 1132 2290 suspensa
1145 2256 1172 2283 in
1186 2256 1224 2283 rei
1236 2260 1318 2292 geste
1331 2256 1487 2284 memoriam
1501 2276 1509 2289 ,
1521 2256 1655 2283 exercitus
1669 2260 1789 2283 utvoca-

164 2299 216 2326 rati
233 2306 285 2326 non
300 2307 379 2334 posse
391 2299 435 2326 diu
454 2307 492 2331 se,
508 2306 573 2327 vero
593 2299 720 2334 episcopo.
730 2299 856 2327 incolumi
867 2320 874 2332 ,
888 2300 950 2327 alie-

164 2353 227 2372 nam
246 2345 388 2373 ecclesiam
403 2345 535 2373 obtinere.
557 2345 653 2373 Milites
667 2353 748 2380 pcrro
761 2347 882 2373 sacrario
897 2346 950 2374 cir—

164 2391 290 2424 cumfusi,
309 2399 408 2419 corona
428 2391 511 2425 facta,
525 2391 612 2419 locutn
632 2392 766 2426 obsident,
785 2398 813 2420 ut
830 2393 950 2419 Athana-

164 2438 205 2465 sio
219 2438 340 2465 adimant
355 2437 487 2466 evadendi
503 2437 667 2465 facultatem.
689 2438 764 2466 Tunc
785 2443 917 2474 quotquot
935 2446 951 2466 e

164 2483 238 2511 clero
250 2487 277 2510 et
288 2482 385 2518 populo
401 2482 463 2510 istic
484 2483 607 2516 aderant,
623 2483 742 2511 clamare
761 2488 789 2510 et
805 2484 951 2511 obsecrare

165 2535 232 2556 utse
248 2529 422 2556 subduceret.
437 2528 483 2556 llle
498 2534 593 2558 contra
609 2537 708 2564 negare
724 2536 894 2558 recessurum
908 2538 949 2562 se.

165 2575 216 2602 nisi
247 2574 362 2610 singulis
385 2574 523 2610 egressis;
543 2575 631 2602 satius
655 2582 716 2603 esse
743 2576 890 2610 periclitari
910 2583 949 2609 se,

164 2629 244 2655 quam
266 2621 325 2650 laedi
357 2621 511 2656 quempiam
524 2629 540 2649 e
564 2621 652 2657 plebe.
676 2622 873 2650 Excedentibus
886 2630 951 2657 ergo

164 2668 380 2702 quamplurimis,
396 2669 555 2703 ceterisque
571 2668 805 2705 subsequentibus,
819 2669 863 2703 qui
888 2676 950 2696 cum

164 2714 312 2742 Athanasio
333 2715 405 2742 intus
426 2719 505 2742 erant
523 2714 646 2742 monachi
663 2719 690 2742 et
708 2721 741 2741 ex
769 2714 875 2742 clericis
892 2715 952 2749 qui-

165 2759 271 2793 dam,in
282 2761 406 2788 thronum
421 2761 596 2788 ascendentes
606 2765 727 2788 sanctum
739 2760 878 2795 prresulem
892 2768 952 2794 per-

200 2870 240 2904 (a)
256 2871 355 2898 Athan.
369 2871 444 2904 Apol.
460 2872 494 2898 ad
507 2871 656 2905 Constant,
670 2880 695 2898 n.
721 2872 767 2904 25,
781 2877 807 2899 et
822 2871 898 2906 Apol.
921 2873 952 2899 de

167 2905 229 2941 fuga
246 2914 305 2939 sua,
323 2914 348 2933 n.
364 2906 447 2940 ‘25,:11
459 2907 530 2934 lliat.
549 2907 640 2934 Arion.
658 2908 691 2934 ad
712 2905 950 2942 monachot,n.81.

1002 2303 1068 2329 bant
1084 2302 1242 2338 Dynamium
1256 2310 1315 2330 cum
1328 2303 1437 2331 tribuno
1447 2303 1530 2336 misit,
1543 2302 1589 2337 qui
1606 2307 1786 2337 asportarent.

1002 2347 1037 2374 At
1053 2348 1252 2375 Catholicorum
1283 2353 1370 2376 coetus
1394 2348 1420 2375 id
1439 2348 1550 2380 minime
1572 2348 1721 2380 concessit,
1738 2355 1790 2376 nec

1003 2394 1066 2422 sivit
1080 2393 1180 2422 auferri
1196 2399 1249 2421 tam
1265 2394 1410 2429 conspicua
1436 2394 1541 2420 violatae
1561 2393 1682 2421 ecclesia:
1703 2393 1786 2421 vesti-

1003 2441 1057 2475 gia.
1070 2440 1173 2468 Exinde
1186 2447 1249 2467 vero
1262 2439 1338 2474 plebs
1354 2439 1488 2467 catholica
1500 2438 1571 2466 aliud
1585 2440 1669 2467 edunt
1686 2440 1787 2466 rescri-

1003 2490 1077 2521 ptum
1095 2485 1126 2512 ad
1141 2486 1330 2519 imperatorem
1341 2485 1579 2513 transmittendum
1600 2484 1647 2520 (c),
1677 2492 1731 2520 quo
1747 2490 1789 2512 te~

1004 2531 1157 2559 stilicantur
1167 2551 1176 2564 ,
1190 2539 1252 2559 cuin
1268 2539 1299 2558 ex
1312 2532 1402 2566 priore
1415 2532 1548 2565 rescripto
1561 2531 1730 2559 occasionem
1745 2539 1789 2557 ar-

1005 2578 1118 2612 ripuerit
1136 2577 1269 2613 Syrianus
1283 2578 1420 2606 contraria
1437 2578 1520 2612 gestis
1539 2577 1619 2604 rebus
1633 2578 1788 2605 testimonia

1003 2623 1201 2657 extorquendi,
1231 2630 1328 2657 rogare
1363 2628 1391 2650 et
1414 2623 1544 2650 obtestari
1578 2630 1608 2650 se
1640 2622 1787 2650 Maximum

1003 2667 1113 2704 JEgypti
1129 2668 1283 2703 pra-fectum
1307 2673 1334 2696 et
1353 2669 1494 2701 curiosos,
1512 2672 1541 2695 ut
1567 2667 1631 2696 facti
1645 2669 1787 2695 veritatem

1003 2713 1163 2741 Constantio
1188 2713 1331 2746 deferant;
1355 2714 1486 2741 obtestari
1508 2713 1574 2741 item
1597 2720 1624 2742 et
1645 2715 1791 2743 obsecrare

1006 2764 1102 2788 nautas
1117 2767 1228 2793 omnes,
1252 2764 1282 2787 ut
1310 2760 1466 2794 imperatori
1492 2759 1585 2788 isthtec
1612 2760 1793 2796 omnibusque

1041 2872 1078 2905 (ὁ)
1099 2873 1197 2909 Athan.
1216 2872 1286 2900 Hist.
1305 2873 1397 2901 Arian.
1420 2873 1454 2901 ad
1467 2874 1624 2909 monachos,
1645 2882 1672 2902 n.
1690 2873 1735 2902 8|.

1041 2909 1075 2943 te)
1095 2908 1193 2935 Athan.
1208 2908 1244 2936 ib.
