2016 3046
254 155 354 174 (ΗῊΙΙ

933 145 1196 173 PROLEGOMENA.

253 213 298 239 per
313 205 418 234 diversa
433 205 488 232 loca
506 205 638 239 praefeclis
662 212 692 231 ac
716 203 850 238 judicibus
868 204 1030 230 renuntient.
1049 205 1068 232 Λ
1084 208 1163 229 nutus
1177 203 1242 229 dare
1267 209 1298 229 ac
1315 201 1404 229 dicere
1419 200 1506 229 :Num
1524 200 1698 228 Constantius
1725 201 1867 230 haereticus

254 250 355 278 lixinde
373 255 484 278 narrant
509 251 603 277 ordine
630 257 690 284 quae
713 249 746 276 ad
772 257 787 275 v
811 248 872 276 ldus
898 248 1034 275 Februarii

252 301 328 329 gesta
338 301 443 327 essent,
459 295 495 322 uti
517 302 565 321 nos
588 302 666 327 supra
690 294 882 321 ret-ensuimus.
901 294 929 320 Si
950 295 983 321 sit
1005 294 1036 321 il-

255 341 298 366 lud
310 341 342 366 ab
361 340 521 373 imperatore
535 339 662 371 edictum,
673 344 780 373 paratos
798 346 858 366 esse
875 347 904 366 se
916 339 948 365 ad
963 347 1034 366 mar-

256 384 348 420 tyrium
366 384 548 414 subeundum;
569 384 610 411 sin
629 384 680 411 huc
699 384 811 418 Augusti
835 383 960 419 placitum
982 392 1035 411 non

253 429 302 461 sit,
319 436 412 463 rogare
440 428 582 455 Maximum
611 428 783 463 reliqu05que
808 429 980 463 magistratus
1009 429 1034 456 id

254 475 323 508 apud
340 473 526 500 Constantium
553 479 650 508 agant,
664 478 693 500 ut
709 481 741 500 ne
761 473 786 500 in
811 478 946 508 posterum
960 473 1034 508 ejus-

253 519 321 546 modi
343 527 384 546 res
396 519 511 546 eveniat.
529 518 679 546 Obsecrare
692 519 773 550 item,
791 524 820 545 ut
843 519 1002 554 rescriptum
1019 527 1034 546 a

251 572 280 592 Ie
294 565 397 591 editum
414 564 568 598 imperatori
581 564 712 591 offeratur
724 584 731 596 ,
748 572 797 592 nec
808 565 870 598 quis
895 565 963 592 alius
978 565 1030 599 epi-

251 618 346 644 scopus
369 610 521 636 intrudatur
539 610 564 636 in
588 610 675 636 locum
696 610 856 642 Athanasii,
871 618 950 644 quem
976 611 1026 638 sibi

252 655 321 681 Deus
336 655 369 681 ab
380 655 460 682 initio
476 655 591 682 dedisset
607 656 755 681 secundum
774 656 970 682 successionem
986 655 1033 682 Pa-

251 705 320 726 trum
332 708 440 727 suorunt
453 720 460 732 ,
479 708 557 734 quem
584 701 639 734 ipse
661 700 833 727 Constantius
854 700 959 735 juratus
973 709 1032 728 cum

251 745 350 772 litteris
363 746 559 772 transmisisset
582 745 781 773 Alexandriam.
799 746 894 772 Datum
918 746 966 773 fuit
981 747 1032 773 hu-

249 790 366 823 jnsmodi
383 791 542 825 rescriptum
566 797 625 826 post
641 791 808 819 consulatum
824 792 996 819 Arbethionis
1006 798 1033 820 et

251 836 363 864 Lolliani
377 857 384 869 ,
398 837 498 864 Mechir
514 845 567 864 xvn
578 858 584 870 ,
600 845 659 872 qum
669 843 710 864 est
727 845 764 864 χιι
781 837 934 865 Februarii.

1088 247 1198 276 eﬂ'ectus
1207 247 1268 275 est?
1282 247 1328 274 Ille
1340 252 1428 274 autem
1444 247 1516 273 nullo
1529 246 1688 281 turpissima!
1700 246 1738 273 rei
1754 248 1866 281 pudore,

1087 294 1159 321 nullo
1177 294 1273 320 rubore
1301 292 1430 324 alfectus,
1447 296 1539 318 contra
1555 292 1655 319 instare
1667 311 1676 324 ,
1692 298 1805 326 urgere,
1820 299 1867 325 po-

1086 340 1187 367 stulare
1205 346 1218 366 a
1234 339 1402 366 senatoribus
1415 338 1584 365 ethnicorum
1597 337 1771 372 optimatibus
1780 359 1787 371 ,
1800 338 1866 365 tedi-

1089 385 1140 412 tuis
1154 384 1344 416 idolorum,ut
1370 384 1543 418 imperatorio
1570 383 1700 418 rescripto
1723 390 1819 410 nomen
1839 387 1867 409 et

1088 429 1243 464 suffragium
1256 429 1369 460 darent,
1395 428 1642 463 profiterenturque
1660 427 1733 454 illum
1756 435 1786 455 se
1797 428 1867 454 reci-

1086 483 1150 511 pere
1160 476 1315 510 episcopum
1327 495 1335 505 .
1349 482 1427 509 quem
1447 475 1562 500 mitteret
1570 473 1753 501 Constantius.
1770 473 1799 500 In
1815 474 1866 500 hoc

1085 525 1159 548 certe
1178 520 1280 555 agendo
1289 539 1297 552 ,
1314 520 1353 546 ait
1364 519 1527 546 Athanasius
1539 539 1546 551 ,
1557 519 1731 546 Constantius
1742 519 1866 546 Ecclesia:

1085 574 1203 594 canones
1217 566 1326 600 egregie
1341 565 1508 597 vindicabat,
1527 572 1642 598 namque
1670 573 1718 599 pro
1743 565 1866 592 Ecclesiae

1086 612 1202 643 litteris.
1218 611 1268 638 fori
1284 611 1402 643 litteras;
1420 618 1468 645 pro
1492 610 1637 637 Christiani
1662 610 1750 645 populi
1769 609 1865 637 suifra-

1085 655 1150 689 giis,
1165 654 1324 682 aedituorum
1339 654 1466 690 suffragia
1485 656 1657 689 reposcebat;
1683 662 1780 690 gnarus
1793 655 1866 682 scili-

1084 705 1167 727 cetse
1186 708 1237 727 non
1253 701 1405 735 episcopum
1435 700 1592 727 Christianis
1603 720 1610 732 ,
1627 700 1672 727 sed
1696 700 1728 727 iis
1740 700 1784 734 qui
1802 700 1865 727 talia

1084 746 1236 774 seriberent
1249 746 1410 780 litigatorem
1431 746 1550 773 mittere.
1571 745 1676 773 Ethnici
1697 747 1805 781 itaque,
1819 747 1865 781 qui

1083 791 1129 818 tali
1143 792 1341 827 subscriptione
1359 792 1526 819 redimebant
1543 791 1622 818 idolis
1641 791 1696 819 suis
1714 792 1866 819 immunita-

1084 843 1137 864 tem
1148 857 1156 870 ,
1174 843 1201 865 et
1217 839 1336 866 nonnulli
1350 846 1383 866 ex
1398 838 1540 873 agricolis,
1560 844 1593 864 ac
1605 837 1626 864 si
1645 837 1677 864 de
1696 837 1763 864 duce
1774 841 1820 863 aut
1832 838 1865 865 dc

285 883 313 910 4.
334 883 460 917 Georgius
488 883 633 910 Antiochia:-
661 884 795 918 deligitur.
814 900 848 904 —
873 884 977 912 Interea
993 879 1032 912 'de
1049 881 1070 908 Β
1085 883 1137 911 alio
1151 884 1276 918 quopiam
1295 884 1376 912 misso
1397 884 1487 918 judice
1513 887 1658 918 ageretur,
1684 882 1747 910 licet
1771 882 1864 916 inviti,

251 934 406 954 Successore
432 927 457 954 in
478 928 564 954 vicem
584 928 724 955 Athanasii
749 928 889 963 deligendo
916 929 1033 964 agebant

252 973 356 999 Ariani.
376 973 408 999 Et
419 980 483 999 Sane
501 973 557 999 veri
571 974 636 1000 satis
650 973 737 1000 simile
751 979 794 1001 est
805 974 877 1008 quod
893 974 971 1002 habet
983 974 1032 1002 So-

253 1025 384 1044 znmenus
402 1018 452 1052 (τι),
467 1019 620 1045 ordinatum
635 1019 890 1055 scilicetCeorgium
908 1020 990 1048 fuisse
1005 1021 1031 1047 in

251 1064 353 1098 synodo
380 1063 530 1091 Antiochia:
555 1070 664 1097 coacta;
691 1065 768 1099 cujus
796 1065 931 1100 principes
955 1071 1033 1092 erant

251 1109 409 1136 Arianorum
424 1116 454 1136 ea
474 1113 631 1143 tempestate
655 1110 833 1145 antesignani.
855 1109 883 1137 ln
910 1117 1029 1138 mensem

253 1153 428 1180 Februarium
445 1153 556 1188 hujusce
569 1154 631 1181 anni
647 1159 796 1189 opportune
820 1159 908 1190 potest
922 1154 1028 1189 Georgii

250 1199 383 1227 ordinatio
401 1199 526 1236 conferri.
540 1199 643 1227 Caetera
665 1207 746 1234 porro
759 1219 766 1232 ,
785 1199 952 1234 quaaibidem
969 1208 1031 1226 nar-

251 1249 294 1272 rat
317 1245 506 1278 Sozomcnus,
535 1245 673 1272 ἀσύστατα
703 1250 779 1278 sunt,
807 1245 1031 1280 potissitnuntquc

250 1289 320 1322 quod
344 1291 398 1319 ait,
425 1290 569 1324 superstite
599 1290 687 1317 adhuc
708 1289 853 1317 Constante
878 1294 1031 1325 cooptatum

251 1334 335 1361 fuisse
350 1333 503 1368 Georgium.
517 1334 554 1361 De
570 1333 645 1367 cujus
662 1335 782 1362 moribus
794 1335 954 1370 etingrcssu
970 1334 1032 1362 Ale‘

256 1379 395 1406 xandriam
411 1380 530 1414 pluribus
544 1380 667 1408 inferius.

286 1437 313 1464 5.
335 1436 504 1464 Constantius
526 1437 629 1472 nefaria
651 1436 758 1472 Syriani
779 1443 852 1472 gesta
876 1439 988 1473 probat,
1008 1443 1032 1466 et

251 1482 304 1508 alia
316 1482 419 1516 adjicit.
433 1497 467 1501 —
479 1482 595 1517 Accepta
609 1482 756 1517 imperator
766 1483 944 1510 Alexandrina
957 1484 1032 1510 clade

251 1536 264 1554 a
280 1527 393 1563 Syriauo
408 1533 499 1563 gesta,
511 1533 538 1555 ut
553 1533 611 1555 erat
623 1529 706 1556 feroci
722 1529 748 1556 in
764 1529 941 1556 Athanasium
958 1529 1030 1564 ejus-
1045 1548 1068 1579 ϐ

250 1580 302 1607 que
319 1579 447 1607 sequaces
467 1573 574 1606 animo,
596 1573 694 1600 factum
709 1574 832 1608 probavit
848 1573 896 1609 (b).
912 1573 969 1601 Non
985 1574 1030 1601 ille

251 1619 412 1645 funestatam
423 1617 540 1645 cmdibus
554 1619 695 1646 ecclesiam
709 1640 716 1652 ,
735 1627 789 1646 non
803 1626 942 1647 sacrorum
955 1620 1032 1654 expi-

251 1664 374 1690 lationcm
386 1682 393 1694 ,
411 1670 464 1690 non
481 1663 629 1692 denudatas
643 1664 778 1700 virgines,
800 1672 852 1692 non
869 1665 962 1692 omnia
989 1673 1032 1692 sa-

250 1717 295 1736 cra
316 1708 484 1743 profanaque
500 1709 596 1736 violata
614 1710 733 1745 graviter
756 1710 825 1738 tulit.
847 1710 935 1738 Tanto
950 1711 1031 1738 uimi-

249 1764 309 1784 rum
336 1757 483 1784 Arianismi
503 1758 593 1785 studio
615 1758 772 1790 tenebatur,
804 1761 835 1786 ut
861 1758 1032 1793 quantumvis

249 1807 325 1829 atrox
345 1803 514 1837 immaneque
528 1803 632 1831 facinus
646 1823 653 1836 ,
677 1804 704 1830 in
725 1810 782 1831 rem
800 1804 879 1831 modo
902 1803 974 1831 illius
985 1811 1031 1830 ce-

249 1849 344 1881 deret,
363 1849 445 1883 probe
469 1849 569 1876 factum
595 1849 749 1884 optimeque
764 1849 917 1877 consultum
935 1850 1031 1878 existi-

251 1899 347 1920 maret.
365 1894 456 1928 Neque
469 1894 512 1921 hic
527 1899 614 1922 tamen
631 1894 680 1922 fuit
691 1895 874 1934 calamitatum
888 1896 959 1923 ﬂuis.
976 1896 1032 1923 Lit-

251 1935 316 1962 teris
333 1936 430 1970 quippe
441 1936 474 1962 ad
486 1941 608 1963 senatum
623 1940 650 1964 et
673 1937 799 1971 populum
818 1938 1031 1966 Alexandrinum

249 1980 340 2007 missis
353 1980 466 2014 juvenes
477 1981 670 2008 cohortabatur
679 2001 686 2012 ,
705 1986 734 2008 ut
744 1989 796 2009 una
813 1984 898 2010 coacti
910 1983 1031 2010 Athana-

251 2025 321 2053 sium
337 2026 560 2060 insequerentur,
580 2034 612 2053 ac
633 2027 676 2054 ubi
700 2027 818 2054 locorum
845 2033 917 2055 esset
939 2036 1031 2062 perve—

248 2071 380 2105 stigarent
392 2090 400 2102 ,
416 2071 605 2098 interminatus
620 2072 831 2107 indignationem
849 2080 924 2099 suam
943 2074 963 2100 si
980 2082 1030 2101 non

249 2120 375 2151 gererent
408 2123 521 2142 morem.
543 2115 661 2144 Litteras
684 2117 816 2151 ejusmodi
840 2118 936 2146 detulit
953 2118 1033 2146 Hera-

248 2162 315 2188 clius
330 2161 436 2196 quidam
451 2169 558 2195 comes,
583 2170 734 2197 praecursor
755 2163 862 2198 Georgii
885 2172 945 2191 mox
970 2164 1031 2192 Ale-

248 2208 406 2233 xandrinam
425 2207 516 2234 sedem
533 2207 662 2234 invasuri.
678 2207 788 2235 Littera:
809 2214 899 2236 autem
923 2209 1029 2243 publice
1044 2221 1069 2251 Ι)

248 2252 322 2278 lectae
349 2256 420 2278 sunt.
438 2250 588 2286 Aiebatque
615 2252 789 2280 Constantius
816 2260 845 2280 se
867 2253 893 2280 in
912 2254 1025 2288 gratiam

248 2298 339 2325 fratris
351 2300 391 2325 sui
404 2299 574 2332 Constantis,
591 2306 643 2325 non
657 2304 751 2334 suopte
765 2303 838 2326 motu
850 2299 891 2327 vel
903 2300 1026 2333 consilio,

247 2345 354 2371 dedisse
367 2344 517 2372 Athanasio
532 2345 722 2372 Alexandriam
740 2345 889 2372 revertendi
914 2345 1025 2373 faculta-

247 2394 310 2415 tem.
329 2389 425 2416 Comes
435 2389 513 2424 jussu
526 2390 695 2424 imperatoris
710 2390 877 2417 denuntiavit
904 2390 1025 2418 Alexan—

247 2434 331 2462 drinis
343 2455 350 2469 ,
368 2436 538 2469 maximeque
552 2435 712 2470 gentilibus,
732 2435 754 2463 ιὶ
777 2443 828 2462 non
852 2437 1024 2470 obtempera-

247 2486 305 2508 rent
316 2502 323 2515 ,
335 2481 511 2509 auferendum
530 2489 625 2516 panem
639 2501 646 2514 ,
666 2483 809 2509 evertenda
828 2482 898 2509 idola
910 2502 917 2514 ,
931 2490 962 2509 ac
974 2482 1031 2516 plu-

248 2527 323 2553 rimis
337 2528 509 2561 optimatibus
520 2527 743 2564 popularibusque
754 2526 960 2562 exspeetaudam
972 2527 1030 2554 fore

246 2573 438 2607 captivitatem.
458 2574 556 2600 Deinde
573 2573 614 2600 his
623 2574 784 2601 denuntiatis
797 2574 877 2600 minis
888 2593 895 2606 ,
913 2582 964 2600 non
979 2581 1028 2607 pu-

247 2619 304 2646 duit
317 2619 466 2652 hominem,
483 2620 539 2647 hmc
557 2621 643 2654 palam
664 2621 770 2655 altaque
786 2628 853 2648 voce
880 2619 1003 2654 proferre
1019 2628 1025 2645 :

247 2662 423 2690 Athanasium
449 2664 594 2698 imperator
612 2673 663 2692 non
691 2666 745 2692 vult
769 2666 924 2699 episcopum
948 2671 1027 2695 esse,

247 2709 374 2736 ecclesias
398 2710 508 2737 Arianis
529 2710 596 2738 tradi
609 2711 694 2745 jubet.
718 2711 785 2738 lliuc
806 2711 898 2738 mirari
915 2717 1024 2741 omnes,

283 2806 321 2840 (nl
341 2805 399 2833 Lib.
423 2815 466 2834 IV.
483 2814 542 2840 cap.
569 2825 574 2832 .

285 2843 321 2877 (ti)
343 2843 440 2868 Athan.
465 2842 534 2869 flist.
572 2843 661 2870 Ariun.
690 2844 722 2869 ml
756 2844 910 2875 monac/tos,
943 2851 968 2869 ιι.
994 2842 1027 2869 68

1084 930 1170 956 minas
1191 934 1280 956 tamen
1300 930 1520 963 pcrtimescenles
1534 949 1542 960 ,
1557 928 1714 962 sttifragium
1726 928 1864 955 dederunt.

1084 973 1148 1000 Nam
1161 975 1260 1002 ethnici
1275 982 1335 1001 cum
1358 979 1450 1001 essent
1461 994 1468 1006 ,
1483 974 1546 1009 quid
1565 975 1652 1000 acturi
1674 977 1768 1006 erant,
1785 981 1864 1007 quam

1083 1019 1153 1055 quod
1168 1020 1323 1054 imperatori
1336 1020 1472 1054 placeret?

1117 1066 1144 1093 6.
1165 1065 1226 1091 Alia
1255 1065 1465 1092 Christianorum
1485 1065 1632 1092 calami/as.
1661 1080 1695 1085 —
1725 1063 1865 1091 Heraclius

1083 1118 1163 1144 porro
1173 1118 1264 1138 comes
1279 1119 1339 1138 cum
1355 1112 1533 1146 comperisset
1544 1111 1726 1138 Christianum
1738 1111 1862 1146 populum

1083 1162 1176 1190 quarta
1191 1157 1300 1184 Sabbati
1313 1162 1435 1184 coactum
1453 1157 1478 1184 in
1497 1157 1610 1184 ecclesia
1639 1164 1699 1184 esse
1718 1157 1773 1190 (c);
1791 1156 1863 1183 inse-

1083 1209 1181 1238 quente
1206 1204 1249 1230 die
1261 1226 1268 1237 ,
1288 1208 1428 1238 assumpto
1447 1211 1538 1231 secum
1561 1202 1741 1238 Cataphrouio
1757 1201 1863 1237 Egypti

1086 1248 1228 1284 praefecto,
1245 1248 1371 1276 Faustino
1388 1249 1519 1277 catholico
1539 1250 1595 1277 sive
1610 1249 1755 1281 rationali,
1773 1247 1865 1283 Bithy-

1086 1301 1174 1328 noque
1190 1293 1316 1321 bmretico
1330 1294 1437 1322 homine
1449 1314 1457 1326 ,
1469 1294 1592 1329 juniores
1600 1294 1730 1328 quosdam
1744 1293 1864 1320 forenses

1083 1338 1214 1366 idolorum
1226 1339 1342 1366 cultores
1354 1340 1487 1372 concitat,
1499 1345 1526 1366 et
1538 1339 1570 1366 ab
1582 1339 1742 1374 imperatore
1758 1338 1862 1373 jussum

1088 1384 1243 1416 denuntiat.
1257 1389 1287 1411 ut
1302 1385 1328 1411 iu
1345 1385 1487 1412 ecclesiam
1501 1386 1621 1417 irruant,
1639 1384 1816 1419 populumque
1828 1384 1866 1409 la-

1084 1430 1190 1465 pidibus
1199 1431 1326 1458 obruanl.
1340 1430 1407 1458 Cum
1430 1432 1521 1465 itaque
1542 1430 1598 1465 jam
1616 1430 1725 1465 plurimi
1739 1434 1811 1465 Apost
1825 1430 1865 1456 di-

1083 1476 1237 1503 missionem
1255 1476 1384 1504 Catholici
1406 1477 1515 1511 digressi
1531 1481 1621 1504 essent
1633 1497 1639 1509 ,
1666 1475 1864 1502 remanentibus

1084 1522 1176 1556 paucis
1195 1522 1368 1555 mulieribus,
1387 1523 1489 1549 tumuti
1507 1522 1609 1557 jussum
1625 1522 1711 1549 fuerat
1721 1527 1797 1556 gesta
1819 1529 1863 1549 res

1082 1572 1133 1595 est.
1164 1567 1283 1602 Eratque
1306 1567 1460 1595 miserabile
1485 1567 1677 1601 spectaculum.
1711 1566 1778 1594 Nam
1802 1574 1864 1594 cum

1082 1619 1176 1647 pauca:
1193 1612 1328 1646 completa
1347 1613 1470 1640 oratione
1489 1613 1613 1640 mulieres
1631 1614 1769 1644 sederent,
1787 1604 1864 1640 dere-

1082 1663 1161 1694 pente
1187 1657 1310 1694 petulans
1327 1663 1435 1685 caterva
1464 1665 1524 1685 cum
1547 1658 1678 1692 lapidibus
1695 1662 1722 1684 et
1750 1657 1864 1685 fustibus

1082 1703 1146 1731 nudi
1160 1703 1295 1730 irruentes
1314 1703 1380 1730 alias
1391 1704 1507 1736 euadere,
1529 1702 1595 1730 alias
1622 1702 1740 1737 lapidare
1754 1722 1761 1733 .
1780 1709 1857 1729 sacra

1082 1750 1215 1784 virginum
1229 1757 1344 1784 corpora
1361 1749 1446 1784 plagis
1469 1749 1628 1780 concidere,
1645 1748 1773 1776 detractis
1793 1748 1864 1775 vela-

1083 1795 1200 1822 minibus
1212 1802 1306 1823 earum
1321 1795 1410 1828 capita
1437 1795 1537 1821 nudare
1548 1814 1556 1827 ,
1571 1801 1604 1833 ex
1619 1793 1740 1822 adverso
1756 1793 1864 1820 trahen-

1085 1845 1126 1868 tes
1143 1840 1202 1868 iilas
1228 1840 1339 1874 pedibus
1361 1840 1499 1874 impetere.
1527 1839 1664 1874 Virginum
1687 1845 1751 1866 vero
1773 1838 1864 1865 mode-

1082 1887 1173 1920 stiam,
1185 1887 1344 1921 auriumque
1358 1886 1544 1913 castimoniam
1559 1892 1619 1913 cum
1632 1889 1799 1920 perspectam
1815 1883 1864 1911 lla-

1081 1931 1192 1963 berent,
1210 1931 1285 1967 gnari
1303 1931 1453 1966 graviorem
1468 1931 1593 1958 obscenis
1611 1931 1700 1962 dictis,
1716 1938 1795 1965 quam
1806 1931 1863 1965 gla-

1083 1977 1134 2004 diis
1151 1982 1180 2004 et
1193 1977 1343 2011 lapidibus,
1361 1976 1484 2010 injuriam
1505 1977 1617 2008 inferri,
1642 1977 1729 2010 turpia
1750 1983 1863 2011 qumque

1083 2022 1246 2056 vociferari,
1261 2022 1453 2057 instigantibus
1470 2023 1595 2054 Arianis,
1610 2023 1654 2056 qui
1678 2023 1710 2048 ad
1731 2021 1860 2056 ejusmodi

1082 2075 1220 2096 sermones
1236 2068 1412 2102 erumpebant
1429 2068 1455 2095 in
1472 2068 1629 2095 cachinnos.
1644 2067 1802 2095 lubentibus
1813 2074 1861 2094 au-

1087 2118 1139 2141 tem
1155 2120 1182 2142 et
1197 2114 1400 2142 cohortantibus
1421 2115 1518 2142 comite
1536 2119 1615 2148 atque
1630 2113 1761 2141 catholico
1772 2134 1780 2147 ,
1797 2113 1859 2141 sub-

1082 2160 1334 2192 scllia,.thr0num,
1365 2160 1500 2194 mcusam'g,
1524 2167 1584 2195 qua:
1602 2160 1689 2194 lignea
1711 2164 1785 2191 erat,
1804 2159 1862 2186 vela

1083 2206 1203 2234 ecclesiae
1223 2211 1250 2234 et
1272 2212 1368 2233 caetera
1384 2213 1550 2241 quaecunque
1571 2211 1696 2241 potuere,
1721 2206 1821 2240 direpta
1835 2209 1862 2232 et

1082 2257 1216 2287 asportata
1235 2253 1260 2280 in
1275 2261 1369 2288 magna
1394 2253 1482 2288 pl'atea
1501 2257 1564 2280 ante
1585 2254 1682 2280 ostium
1704 2253 1860 2280 combusse-

1082 2301 1160 2327 ruut.
1177 2298 1291 2332 thusque
1303 2298 1449 2332 injecerunt
1465 2299 1490 2325 in
1508 2298 1606 2332 ignem.
1629 2298 1701 2325 Ileu!
1719 2299 1780 2332 quis
1804 2298 1860 2325 [nec

1082 2343 1194 2370 audiens
1205 2363 1213 2376 ,
1227 2343 1312 2378 inquit
1327 2344 1490 2371 Athanasius
1500 2364 1507 2376 ,
1528 2348 1657 2379 temperet
1682 2351 1698 2370 a
1718 2343 1862 2378 lacrymis?

1083 2389 1137 2417 imo
1153 2397 1231 2417 aures
1246 2397 1298 2417 nou
1314 2390 1454 2422 obstruat,
1468 2397 1500 2416 ne
1514 2390 1594 2417 alium
1607 2393 1760 2416 narrantem
1774 2388 1860 2417 ferat.

1083 2439 1157 2461 ratus
1169 2434 1299 2468 eiusmodi
1313 2442 1401 2461 rerum
1415 2435 1456 2462 vel
1473 2435 1592 2461 auditum
1610 2436 1710 2461 damno
1722 2435 1772 2462 sibi
1785 2433 1861 2460 fore?

1082 2478 1151 2506 Tum
1164 2479 1264 2506 etlmici
1280 2479 1306 2506 in
1319 2479 1451 2506 idolorum
1467 2480 1632 2514 deorumque
1644 2486 1754 2507 suorum
1769 2479 1860 2506 laudes

1082 2529 1224 2558 erumpunt
1234 2544 1242 2557 ,
1258 2524 1397 2559 palamque
1408 2524 1523 2551 clamant
1538 2524 1571 2551 ad
1587 2532 1662 2551 suam
1674 2524 1860 2551 Constantium

1082 2569 1229 2597 accessisse
1249 2570 1422 2604 religionem,
1438 2570 1606 2604 Arianosque
1622 2561 1701 2597 suum
1726 2576 1775 2597 nec
1799 2562 1862 2595 hor-

1082 2622 1142 2643 rere
1161 2623 1208 2643 nec
1223 2616 1374 2650 improbare
1386 2616 1486 2643 cultum
1498 2636 1506 2649 ,
1524 2616 1578 2644 imo
1591 2623 1655 2643 vero
1666 2623 1726 2643 sese
1737 2616 1859 2643 ethnicos

1080 2660 1225 2690 simulare.
1241 2666 1269 2687 ut
1282 2669 1330 2688 sua
1342 2661 1493 2688 stabiliatur
1509 2666 1536 2688 et
1552 2661 1727 2688 confirmetur
1739 2660 1858 2687 haeresis.

1081 2708 1184 2735 Exinde
1199 2707 1321 2734 buculam
1336 2707 1480 2742 irrigandis
1491 2707 1577 2735 hortis
1590 2707 1743 2742 deputatam
1763 2706 1860 2733 immo-

1080 2812 1106 2834 ct
1119 2814 1195 2841 seq-1.

1117 2842 1150 2876 (ri
1173 2841 1270 2868 Athan.
1285 2841 1360 2874 ibid.,
1373 2849 1400 2868 n.
1417 2840 1458 2868 55.
