2016 3046
791 163 869 192 VITA
889 164 918 192 S.
939 164 1135 192 ATIIANASII.

147 225 202 252 lare
221 223 338 258 aggressi
353 226 430 254 sunt;
447 226 474 249 et
484 229 548 248 sane
558 222 749 252 immolassent,
763 221 814 247 nisi
828 221 925 248 femina

135 278 177 296 rea
191 269 380 302 fuisset,quas
402 269 427 294 in
451 267 612 294 sacrificium
637 265 734 293 offerre
755 266 848 301 religio
863 267 926 301 ipsis

145 321 212 343 erat.

180 363 206 388 7.
229 360 299 388 Ultio
313 361 399 387 diuina
420 360 447 387 in
471 360 614 394 petulanter
632 361 761 388 ethnicos.
785 375 818 380 —
844 359 924 394 Ejus-

145 408 217 435 modi
234 407 352 434 facinora
371 406 444 441 impii
460 406 551 433 Ariani
565 414 626 433 cum
637 407 751 434 ethnicis
769 406 901 434 admisere
915 425 923 438 ,

145 454 195 480 rati
215 460 245 480 ea
272 453 299 478 in
323 451 524 479 Catholicorum
541 456 648 479 vertere
675 451 876 478 contumeliam.
890 451 926 478 At

144 499 262 525 divinum
278 496 379 524 Numen
394 497 507 523 inultum
521 496 672 524 scelusnon
686 497 857 530 praetermisit
873 496 924 532 (ιι),

144 550 291 578 gravesque
307 542 464 569 facinorosis
477 541 590 569 immisit
610 549 725 577 pcenas,
750 542 846 577 quibus
866 550 925 570 sese

145 590 236 616 lwsum
247 589 397 624 injuriaque
413 587 536 615 affectum
550 589 715 615 ostenderet.
729 587 796 614 Nam
809 594 836 614 ut
849 588 926 622 juve-

145 635 188 662 nis
206 634 313 669 quidam
337 641 370 661 ex
390 632 625 668 'petulantioribus
653 634 679 660 in
709 634 858 661 sacrarium
884 635 923 661 ir-

145 688 225 707 ruens
238 687 318 707 ausus
331 684 403 707 esset
420 680 446 706 in
462 679 606 714 episcopali
623 679 720 706 throno
743 680 836 707 sedere
848 700 855 711 ,
881 687 924 707 se-

144 726 264 760 densque
286 726 446 754 temerarius
476 725 521 752 ille
547 725 729 752 meretricium
758 726 849 753 nescio
862 726 924 760 quid

145 771 254 798 naribus
267 775 439 805 personaret,
456 770 518 797 inde
529 777 589 797 cum
604 770 770 797 surrexisset
779 791 786 802 ,
799 771 923 798 thronum

143 816 295 842 convellere
316 815 349 842 ad
373 822 453 849 seque
468 815 575 841 trahere
591 819 722 846 conatus,
744 815 869 849 ignorans
896 823 925 842 se

144 861 195 888 sibi
211 861 330 888 divinam
345 861 479 888 attrahere
491 861 634 887 vindictam
646 879 653 892 ,
666 859 759 888 avulso
773 861 844 896 ligno
858 869 923 888 ven-

144 912 213 934 trem
228 907 284 940 ipse
300 914 376 934 suum
392 907 542 941 percussit.
564 910 644 940 atque
668 906 722 933 ictu
741 906 867 934 intestina
880 907 922 934 fo-

144 960 190 980 ras
203 953 302 979 emisit.
318 952 458 987 Collapsus
475 951 565 986 itaque
590 955 743 985 asportatus
758 955 815 984 est,
832 956 859 978 et
877 959 924 986 po-

142 998 238 1024 stridie
254 997 365 1024 interiit.
397 996 535 1030 Ingressus
565 996 630 1024 item
657 997 743 1029 alius,
761 997 805 1032 qui
826 997 923 1024 thallos

142 1051 223 1070 manu
238 1043 378 1077 gestabat,
392 1050 452 1069 cum
478 1043 553 1069 more
571 1041 741 1069 ethnicorum
764 1048 843 1068 manu
864 1042 922 1069 illos

141 1089 274 1123 agitaret,
291 1088 494 1121 cachinnosque
509 1087 701 1122 profunderet,
720 1092 830 1121 repente
848 1091 922 1114 tene-

141 1135 197 1162 bris
213 1133 315 1161 offusus
328 1133 466 1168 oculisque
481 1138 586 1167 captus,
600 1141 652 1160 non
672 1133 740 1160 ultra
761 1132 863 1160 sciebat
876 1133 920 1160 ubi

141 1188 275 1207 terrarum
295 1184 368 1206 esset
385 1188 393 1206 :
410 1179 455 1214 qui
473 1179 585 1214 jamjam
608 1179 791 1213 collapsurus,
806 1186 820 1205 a
836 1179 922 1206 comi-

147 1227 219 1253 ti‘hus
235 1226 290 1252 suis
303 1233 382 1252 manu
400 1225 530 1252 adductus
541 1229 568 1252 et
580 1229 744 1252 sustentatus
754 1224 851 1256 exivit,
864 1224 922 1250 vix-

141 1278 194 1303 que
208 1270 336 1305 postridie
348 1270 446 1296 meutis
462 1277 571 1304 compos
585 1269 696 1297 effectus
715 1275 775 1302 est,
795 1269 921 1297 facinoris

137 1317 214 1351 juxta
226 1323 258 1343 ac
270 1323 349 1343 casus
365 1316 406 1343 sui
422 1316 572 1350 immemor.

175 1361 204 1388 8.
225 1361 271 1388 llis
283 1361 436 1395 conspectis
447 1360 547 1388 ethnici
564 1360 698 1395 perterriti
714 1365 788 1391 sunt,
801 1360 922 1395 nihilque

112 1429 116 1431 .
141 1406 212 1433 ultra
229 1406 336 1441 aggredi
350 1411 411 1432 sunt
425 1406 482 1433 ausi
498 1415 504 1433 :
519 1406 633 1433 Arianos
645 1413 708 1433 vero
729 1413 763 1432 ne
783 1411 839 1432 tum
860 1406 922 1440 qni-

143 1454 203 1478 dem
222 1445 361 1485 gestorum
382 1451 491 1486 puduit,
509 1451 556 1478 sed
568 1451 698 1485 ejusmodi
710 1450 830 1478 facinora
851 1458 866 1477 a
881 1459 923 1485 pe-

141 1497 288 1524 tulantibus
310 1496 464 1524 hominibus
480 1496 598 1524 admissa
612 1497 724 1524 libentes
738 1504 769 1524 ac
784 1497 838 1524 lazti
856 1504 922 1524 con-

140 1543 300 1578 spiciebant.
320 1542 421 1569 Aderat
441 1543 522 1577 ipsis,
540 1550 671 1577 opemque
691 1542 799 1570 ferebat
812 1543 920 1570 Fausti-

139 1597 192 1615 nus
206 1589 314 1623 quidam
341 1588 480 1616 rationalis
499 1588 559 1616 sive
588 1589 776 1615 thesaurarius
787 1609 795 1622 ,
809 1589 923 1616 circum-

141 1634 268 1661 foranens
281 1638 309 1661 et
323 1642 453 1669 arrogans
470 1634 561 1661 homo.
577 1633 668 1668 Neque
680 1642 743 1661 sane
757 1638 924 1668 spectatores

141 1680 178 1706 illi
191 1681 322 1706 scelerum
345 1684 448 1706 tantum
466 1679 590 1710 fuerunt,
613 1679 659 1706 sed
681 1679 790 1707 nefariis
806 1680 856 1714 ipsi
872 1687 926 1706 ma-

141 1727 220 1753 nibus
246 1726 369 1760 graviora
399 1730 600 1760 perpelrarunt.
632 1735 642 1751 ί
666 1725 752 1759 Quam
779 1725 867 1759 enim,
888 1725 925 1752 ait

139 1772 303 1799 Athanasius
323 1772 369 1806 (ὁ),
391 1779 443 1798 non
460 1772 595 1806 diripuere
612 1771 743 1798 domum?
771 1778 838 1806 quas
854 1771 924 1798 aedes

141 1817 340 1853 pervestigandi
355 1824 434 1844 causa
453 1825 505 1844 non
528 1816 699 1851 expilarunt?
711 1816 794 1849 Quem
817 1816 923 1842 hortum

141 1863 234 1890 nimiis
252 1860 502 1890 Concursationibus
522 1869 576 1888 non
594 1861 784 1888 devastarunt'l
798 1860 872 1893 Quod
886 1867 925 1888 se-

140 1908 262 1942 pulcrum
290 1916 342 1935 non
360 1915 509 1943 aperuere,
539 1908 630 1942 specie
651 1907 758 1942 quidem
783 1906 923 1934 Athanasii

141 1955 313 1988 perquirendi
325 1974 332 1986 ,
345 1962 406 1981 cum
424 1954 490 1981 nihil
505 1958 594 1980 tamen
609 1953 682 1980 aliud
693 1957 832 1985 curarent,
842 1959 922 1987 quam

141 1999 258 2033 diripere
273 2003 300 2026 et
320 1999 413 2026 obvios
426 2006 546 2033 quosque
561 1998 696 2032 spoliare?
722 1998 805 2030 Quam
822 1998 922 2024 multo-

141 2052 201 2071 rum
223 2045 317 2071 domus
328 2044 475 2077 obsignata;
494 2044 575 2070 sunt!
602 2043 687 2074 Quam
710 2043 790 2070 multa
801 2062 809 2074 ,
824 2050 882 2077 qua:
897 2042 922 2069 in

141 2090 318 2125 hospitalibus
335 2094 431 2123 erant,
446 2089 614 2117 administris
625 2090 681 2116 suis
697 2089 825 2117 militibus
839 2089 923 2116 tradi-

142 2137 253 2164 derunt!
267 2137 332 2170 Quis
344 2143 436 2163 eorum
450 2136 649 2170 improbitatem
659 2140 784 2170 expertus
793 2142 845 2162 non
861 2135 923 2162 est?

142 2182 209 2215 Quis
222 2182 273 2209 illis
289 2182 384 2209 obvius
401 2189 452 2208 non
473 2188 534 2209 sese
555 2181 582 2208 in
599 2181 657 2208 foro
675 2181 841 2208 occultavit?
858 2180 923 2214 Quis

141 2236 195 2254 non
206 2246 214 2260 ,
234 2227 325 2254 relicta
343 2228 437 2259 domo,
457 2227 482 2253 in
499 2227 607 2254 deserto
628 2226 820 2261 pernoctavit?
838 2226 922 2259 Quis,

142 2274 206 2300 dum
221 2280 270 2300 sua
287 2274 384 2300 intacta
402 2279 513 2300 servare
527 2277 623 2304 curat,
639 2280 692 2299 non
713 2271 857 2299 multorum
877 2271 920 2305 ja-

142 2325 248 2347 cturam
279 2314 442 2352 fécit‘lQuis
472 2319 556 2346 maris
575 2318 716 2352 imperitus
748 2325 799 2344 non
829 2317 922 2344 maluit

143 2365 219 2391 adire
235 2364 382 2398 periculum
401 2362 565 2398 navigandi,
580 2370 661 2397 quam
683 2361 840 2388 minitantes
862 2361 922 2388 illos

142 2409 315 2442 conspicere?
325 2409 400 2436 Multi
417 2416 482 2436 sane
497 2409 523 2436 in
536 2408 679 2436 discrimen
693 2415 729 2435 ne
748 2413 919 2439 vocarentur,

143 2456 276 2483 domicilia
293 2461 492 2490 permutarunt,
507 2459 534 2482 et
548 2462 561 2481 a
577 2454 635 2481 vico
654 2454 680 2480 in
700 2454 791 2481 vicum
804 2473 812 2487 ,
831 2454 864 2480 ab
876 2461 922 2480 ur-

142 2502 177 2528 be
193 2501 219 2527 in
231 2500 357 2532 suburbia
374 2504 581 2527 transmearunt.
596 2498 681 2532 Quam
695 2498 789 2530 multi,
802 2505 863 2525 cum
877 2498 920 2524 in-

142 2546 220 2572 sidiis
238 2530 398 2572 Arianorum
425 2545 507 2571 multa
537 2544 588 2571 sibi
612 2549 684 2571 esset
701 2543 835 2578 irrogata,
859 2549 920 2569 cum

143 2591 209 2618 nihil
223 2595 376 2626 suppeteret
388 2610 397 2622 .
411 2591 444 2618 ab
457 2590 516 2617 aliis
531 2590 646 2616 mutuari
663 2589 750 2616 coacti
761 2593 823 2615 sunt
835 2609 842 2620 ,
857 2595 920 2622 gra-

142 2637 225 2664 vioris
244 2637 346 2664 scilicet
360 2637 471 2672 iacturae
486 2635 600 2662 vitandae
620 2635 717 2662 causa!
736 2643 745 2660 ι
767 2633 853 2661 Nemo
870 2633 923 2660 sci-

142 2684 206 2710 licet
225 2684 386 2710 Arianorum
405 2689 500 2709 manus
533 2681 650 2715 effugere
672 2684 777 2715 poterat
803 2679 830 2706 in
846 2679 922 2706 cala-

142 2728 282 2756 lnitatibus
300 2727 448 2762 iulligendis
462 2727 632 2754 exercitatas.
649 2725 710 2753 Ιιςείε
735 2731 824 2752 autem
838 2726 919 2751 variis

169 2829 216 2865 '(a)
234 2830 330 2857 Athan.
346 2829 417 2856 ΗΜ.
435 2829 524 2855 Ανίαη.
537 2829 570 2855 ad
585 2828 732 2861 monachos,
748 2836 774 2855 n.
790 2827 832 2855 57.

176 2866 214 2901 (b)
236 2866 313 2897 lbi-L,
329 2874 354 2890 u.
372 2865 406 2891 55
421 2870 445 2890 et
460 2872 539 2899 suppl

1674 174 1755 194 CXXIX

941 228 964 256 Α
978 228 1038 249 acta
1056 222 1221 258 temporibus
1235 222 1382 250 acervatim
1397 230 1450 249 uno
1461 222 1520 249 loco
1537 227 1657 250 recenset
1671 223 1755 250 Athn-

978 268 1077 295 nasius.

1011 314 1037 341 9.
1057 313 1248 341 Prmfectorum
1281 314 1372 348 itaque
1396 318 1423 341 et
1454 315 1582 341 comitum
1604 315 1754 348 patrocinio

977 359 1037 386 freti
1049 360 1141 386 Ariani
1155 359 1282 386 omnibus
1305 360 1402 387 terrori
1422 365 1514 392 erant,
1533 361 1756 395 imperatorisque

977 405 1149 433 formidinem
1165 410 1346 439 opponentes,
1373 406 1442 440 apud
1467 414 1560 433 omnes
1583 407 1757 434 venditabant

976 459 1053 483 sese.
1067 451 1260 478 comminantes
1282 451 1351 478 illius
1374 451 1454 478 iram.
1487 451 1640 486 Virginibus
1663 457 1753 479 autem

975 495 1076 523 Christi
1092 496 1259 531 implacabile
1277 495 1374 523 bellum
1408 496 1559 523 indixerant
1581 493 1679 531 iinpuri
1705 497 1754 524 bo-

976 543 1061 570 mines
1074 542 1122 578 (c),
1138 542 1200 577 quia
1218 549 1265 569 eas
1287 540 1452 575 impietatem
1477 543 1601 571 detestari
1619 550 1757 578 compere-

977 593 1050 615 rant.
1069 587 1250 621 Quamobrem
1262 587 1329 614 alias
1340 595 1372 614 ex
1391 589 1492 616 aedibus
1506 588 1671 622 deiecerunt,
1691 589 1757 616 alias

976 633 1092 661 affeccre
1105 633 1276 661 contumeliis
1289 642 1297 665 ;
1313 640 1459 668 earumque
1473 634 1559 668 capita
1570 653 1578 666 ,
1598 641 1658 668 quae
1672 635 1758 668 potis-

975 679 1043 706 sima
1061 683 1122 706 tunc.
1139 683 1199 706 erat
1211 679 1367 713 ignominiae
1382 683 1444 706 nota
1457 700 1464 712 ,
1480 679 1721 713 nudarijusserunt
1740 687 1754 705 a

976 725 1104 759 petulanti
1119 724 1163 751 illa
1179 724 1310 758 juvenum
1339 730 1458 752 caterva.
1478 723 1634 752 Mulieribus
1650 732 1756 759 quoque

975 770 1031 797 suis
1046 769 1198 797 facultatem
1217 769 1347 797 dederunt
1371 770 1549 797 contumelias
1569 770 1684 797 arbitrio
1704 777 1752 796 suo

975 816 1061 843 cuivis
1074 816 1178 843 illarum
1197 815 1340 843 inferendi.
1363 815 1489 842 Honesta:
1515 815 1596 850 igitur
1617 823 1648 843 ac
1665 815 1756 842 ﬁdeles

976 866 1122 893 matrona},
1150 861 1193 888 his
1216 862 1380 895 conspectis,
1410 861 1580 888 declinabant
1614 869 1755 888 occursum

942 895 961 922 Β
975 907 1137 940 huiusmodi.
1158 906 1212 934 Illa:
1226 912 1315 934 autem
1333 906 1410 941 quasi
1425 906 1534 934 bacche:
1555 912 1583 933 et
1606 907 1683 934 furia:
1702 907 1756 933 cir-

974 957 1191 985 cumcursanles,
1207 952 1395 979 detrimentum
1415 952 1554 985 putabant,
1570 952 1592 979 si
1610 959 1690 986 quam
1703 959 1755 979 non

973 997 1138 1025 offenderent
1150 998 1192 1024 cui
1213 998 1342 1025 inferrent
1361 997 1496 1031 iniuriam.

1009 1043 1052 1070 10.
1073 1043 1130 1075 Quo
1142 1051 1169 1070 σε
1179 1043 1306 1077 proripuit
1322 1043 1493 1070 Athanasius.
1510 1057 1546 1062 —
1558 1041 1617 1069 Jam
1629 1042 1662 1069 ad
1671 1042 1757 1069 Atha-

976 1089 1081 1115 nasium
1098 1089 1252 1121 redeamus,
1274 1095 1290 1114 a
1305 1094 1359 1121 quo
1381 1095 1429 1115 nos
1447 1088 1555 1122 paulum
1577 1088 1688 1116 abduxit
1711 1089 1755 1115 illa

975 1139 1048 1160 tanta
1062 1134 1095 1160 ab
1113 1133 1222 1161 Arianis
1237 1133 1371 1160 concitata
1385 1138 1539 1169 tempestas.
1557 1133 1701 1168 Postquam
1715 1141 1758 1161 er-

973 1187 1006 1214 go
1024 1179 1110 1206 furori
1129 1179 1236 1214 Syriani
1251 1179 1420 1214 militumque
1439 1186 1468 1206 se
1489 1179 1684 1213 proripuisset,
1706 1180 1757 1207 hoc

978 1234 1060 1253 unum
1076 1226 1201 1259 curavit,
1216 1231 1245 1254 ut
1263 1228 1346 1254 vitam
1368 1234 1444 1254 suam
1460 1226 1618 1254 sicariorum
1633 1226 1757 1254 manibus

972 1276 1090 1306 ereptam
1106 1271 1173 1306 fugae
1183 1271 1374 1307 solitudinique
1391 1271 1540 1298 mandaret.
1556 1270 1612 1298 Nec
1625 1276 1712 1298 tamen
1728 1271 1756 1297 in

972 1322 1098 1352 promptu
1114 1317 1259 1345 estdicere
1284 1326 1338 1350 quo
1360 1318 1450 1345 statim
1478 1317 1538 1344 loco
1562 1323 1591 1344 se
1612 1318 1755 1351 receperit.

972 1362 1038 1389 Nam
1059 1362 1166 1397 vulgata
1183 1363 1228 1390 illa
1240 1363 1352 1391 Palladii
1369 1363 1402 1390 de
1424 1362 1567 1390 Athanasii
1583 1369 1692 1390 secessu
1711 1362 1755 1389 bi—

972 1408 1055 1435 storia
1086 1408 1125 1443 (ά)
1144 1409 1235 1437 multis
1256 1409 1412 1436 nominibus
1442 1414 1566 1443 suspecta
1595 1409 1672 1436 nobis
1701 1413 1754 1436 est.

971 1454 1047 1487 Apud
1064 1455 1193 1490 virginem
1208 1455 1351 1490 quamdam
1363 1474 1371 1487 ,
1385 1454 1471 1489 inquit
1484 1454 1621 1481 Palladius
1633 1473 1641 1487 ,
1656 1454 1757 1489 specio-

973 1497 1106 1526 sissimam
1117 1519 1124 1531 ,
1141 1499 1289 1534 vigintique
1301 1506 1386 1526 annos
1403 1503 1493 1526 natam
1514 1499 1634 1533 aufugit,
1653 1498 1755 1526 sticha-

973 1544 1014 1571 rio
1031 1548 1132 1571 tantum
1150 1551 1195 1572 seu
1223 1545 1312 1572 tunica
1335 1548 1363 1572 et
1378 1544 1452 1572 birro
1479 1544 1638 1572 instructus.
1656 1543 1755 1571 Obstu-

975 1589 1031 1624 puit
1042 1589 1118 1624 virgo
1135 1590 1172 1617 rei
1187 1590 1338 1618 insolentia.
1356 1590 1405 1617 Cui
1422 1590 1563 1625 episcopus
1577 1598 1584 1616 :
1603 1588 1645 1616 Me
1662 1589 1754 1616 Ariani

974 1636 1085 1662 nefariis
1099 1635 1247 1663 sceleribus
1266 1641 1419 1663 accusatum
1443 1636 1602 1671 perquirunt
1617 1644 1624 1662 :
1643 1642 1676 1662 ne
1691 1642 1756 1670 ergo

974 1680 1001 1707 in
1019 1680 1118 1707 malam
1133 1680 1250 1708 incidam
1267 1680 1366 1708 famam
1380 1701 1387 1713 ,
1406 1687 1473 1708 neve
1489 1680 1591 1715 peccati
1607 1687 1687 1708 causa
1703 1680 1755 1707 sint

975 1725 1008 1752 iis
1032 1725 1078 1759 qui
1107 1732 1150 1752 me
1171 1725 1264 1752 volunt
1290 1725 1420 1760 supplicio
1444 1725 1570 1758 allicere,
1604 1725 1665 1759 fuga
1689 1725 1755 1752 mihi

974 1770 1117 1798 consulere
1132 1771 1255 1803 decrevi;
1279 1771 1399 1806 mihique
1422 1770 1550 1797 Dominus
1565 1770 1692 1797 revelavit
1706 1770 1756 1798 hac

974 1821 1053 1845 nocte
1068 1815 1173 1843 nonnisi
1192 1816 1263 1850 apud
1279 1820 1305 1843 te
1319 1823 1398 1850 posse
1418 1822 1461 1842 me
1484 1815 1598 1842 salutem
1611 1816 1755 1849 consequi.

973 1861 1021 1888 llla
1037 1868 1101 1888 vero
1116 1868 1148 1888 ex
1171 1862 1261 1888 animo
1275 1862 1409 1896 gaudens,
1436 1865 1505 1888 totos
1523 1868 1567 1888 sex
1583 1868 1669 1888 annos
1680 1880 1688 1892 ,
1704 1861 1755 1887 do-

976 1914 1026 1934 nec
1041 1907 1145 1935 scilicet
1159 1912 1296 1942 superstes
1317 1906 1367 1934 fuit
1393 1907 1541 1941 imperator
1563 1906 1752 1937 Constantius,

974 1952 1174 1980 sanctissimum
1191 1953 1344 1987 episcopum
1356 1952 1515 1985 occultavit,
1536 1952 1616 1986 pedes
1631 1951 1754 1983 abluens,

975 1998 1126 2025 necessaria
1137 1998 1310 2033 suppeditans
1320 2017 1328 2029 ,
1340 1998 1477 2032 librosque
1492 2001 1612 2024 inutnata
1627 1997 1755 2031 legendos

973 2044 1023 2078 ipsi
1040 2044 1159 2071 tradens.
1179 2044 1295 2077 Accepta
1310 2051 1388 2078 porro
1405 2043 1556 2071 Constantii
1573 2047 1670 2074 morte,
1682 2043 1756 2069 solus

974 2092 1053 2116 noctu
1065 2089 1092 2115 in
1105 2087 1246 2116 ecclesiam
1273 2088 1416 2121 concedit,
1440 2088 1553 2115 honesto
1572 2088 1680 2114 indutus
1704 2088 1755 2113 ba-

973 2135 1040 2161 bitu.
1063 2134 1222 2162 Mirantibus
1241 2139 1330 2161 autem
1347 2133 1461 2165 amicis,
1479 2134 1549 2168 quod
1564 2141 1643 2168 quem
1668 2133 1755 2159 virum

974 2179 1126 2207 defunctum
1142 2183 1285 2214 putarent,
1302 2179 1392 2206 vivum
1408 2179 1609 2213 conspicerent,
1632 2178 1753 2211 roganti-

940 2231 961 2258 ι)
975 2225 1079 2259 Lusque
1094 2225 1139 2259 qui
1153 2224 1204 2252 sibi
1218 2224 1313 2252 fuisset
1324 2224 1487 2251 latebrarum
1507 2223 1582 2250 locus
1592 2242 1599 2252 ,
1616 2222 1757 2256 respondit

975 2270 1140 2298 Athanasius
1161 2279 1168 2296 :
1188 2270 1224 2297 Ea
1241 2270 1274 2297 de
1287 2277 1366 2297 causa
1379 2270 1411 2296 ad
1423 2277 1471 2296 vos
1486 2276 1538 2296 non
1559 2267 1681 2302 confugi,
1694 2274 1754 2293 omn

975 2320 1005 2343 ut
1021 2316 1222 2343 sciscitantibus
1237 2315 1329 2349 iurare
1344 2314 1420 2342 vobis
1435 2314 1537 2341 licitum
1550 2318 1634 2345 esset.
1650 2318 1704 2340 tum
1727 2317 1757 2339 ut

975 2362 1073 2388 nemini
1087 2366 1238 2396 suspectum
1254 2361 1340 2388 locum
1356 2367 1434 2387 nemo
1448 2360 1499 2387 mei
1514 2359 1650 2394 querendi
1671 2365 1755 2385 causa

974 2404 1073 2434 adiret.
1088 2406 1188 2433 Scribit
1203 2413 1283 2440 porro
1297 2405 1431 2433 Palladius
1443 2425 1450 2437 ,
1468 2412 1527 2432 eam
1544 2412 1574 2431 se
1587 2405 1686 2431 vidisse
1698 2403 1755 2429 vir-

974 2452 1062 2486 ginem
1080 2452 1248 2487 septuaginta
1264 2456 1319 2478 tum
1334 2459 1419 2478 annos
1434 2455 1535 2478 natam.
1552 2450 1652 2478 Verum
1668 2450 1694 2476 in
1707 2450 1755 2475 bu-

953 2498 960 2505 ‘
972 2497 1087 2530 jusmodi
1104 2497 1216 2524 historia
1228 2496 1355 2523 nonnulla
1371 2501 1462 2531 aperte
1480 2496 1547 2523 falsa
1561 2515 1569 2529 ,
1590 2495 1691 2530 reliqua
1710 2503 1757 2522 su-

976 2547 1067 2577 specta
1084 2543 1216 2570 videntur.
1235 2542 1310 2575 Quod
1327 2547 1454 2569 narratur
1465 2542 1535 2570 enim
1548 2542 1674 2569 divinitus
1689 2549 1759 2576 prae-

973 2589 1102 2616 monitnm
1113 2608 1121 2621 ,
1137 2588 1181 2614 vix
1197 2588 1259 2615 dato
1275 2588 1306 2614 ad
1327 2588 1488 2615 vestimenta
1502 2587 1634 2614 induemla
1653 2587 1758 2621 spatio,

973 2633 1128 2667 aufugisse;
1143 2637 1201 2660 toto
1216 2632 1351 2660 sexennio
1366 2632 1506 2659 delituisse
1519 2632 1588 2666 apud
1604 2632 1733 2666 virginem
1747 2640 1757 2664 ;

972 2679 1073 2706 amicos
1097 2678 1156 2713 ejus
1183 2678 1268 2705 virum
1292 2685 1340 2712 per
1366 2677 1531 2704 tantumdem
1551 2672 1680 2712 temporis
1707 2684 1757 2711 pro

974 2729 1078 2752 mortuo
1095 2723 1241 2756 habuisse;
1268 2723 1335 2755 haec,
1359 2722 1478 2756 inquam,
1505 2722 1583 2758 plane
1608 2726 1758 2758 repugnant

1012 2825 1046 2859 (r)
1067 2826 1164 2852 Athan.
1179 2825 1243 2852 ibid.
1259 2833 1285 2852 ιι.
1300 2824 1344 2852 59.

1012 2860 1169 2895 (iu-Pallad.
1190 2861 1235 2887 lib.
1250 2868 1296 2887 \‘Ill
1308 2880 1315 2892 ,
1329 2867 1387 2895 cap.
1410 2859 1473 2887 156.
