2016 3046
237 161 308 183 ειη

915 150 1096 178 PROLEGOM
1101 150 1176 178 ENA.

239 214 376 242 sexcentis
388 213 526 240 Athanasii
556 217 583 239 et
609 212 720 239 aliorum
746 211 914 239 testimoniis.
938 211 1014 238 Unde
1029 212 1051 240 Α
1065 210 1104 237 Ac
1115 210 1189 237 laetus
1204 209 1309 244 quidem
1319 209 1361 236 illc
1375 208 1450 240 obiit,
1463 208 1582 244 martyrii
1595 208 1705 243 gloriam
1721 209 1843 244 adeptus.

239 268 289 288 nec
305 260 438 287 immerito
453 258 565 296 historia
581 258 672 285 isthaec
689 261 741 283 tota
752 257 852 291 ingenti
863 257 1014 291 suspicione

239 306 362 333 laborare
375 305 489 333 videtur.
508 304 554 331 Vel
578 305 600 332 si
622 304 730 330 omnino
746 303 779 330 ad
797 303 925 338 virginem
953 310 1015 337 pro-

242 351 340 386 fugerit
353 371 360 382 ,
374 351 465 385 paucis
478 357 543 377 sane
557 350 650 377 diebus
666 349 747 376 isthic
761 353 942 376 commoratus
954 353 1010 380 est;

239 403 301 423 cum
318 400 379 422 ante
393 395 478 429 ipsum
496 394 603 429 Georgii
620 394 767 427 ingressum
778 413 786 425 ,
800 400 833 420 ex
845 392 949 420 deserto
961 411 969 423 ,
987 397 1016 419 ut

240 445 354 468 testatur
373 441 444 474 ipse,
459 440 562 467 litteras
579 439 708 474 quasdam
731 439 849 470 dederit,
879 445 938 472 quae
968 437 1015 464 ho-

239 486 337 520 dieque
351 489 504 519 supersunt.

275 531 319 557 ﬂ.
333 530 493 557 Athanasius
512 530 539 555 in
554 529 654 556 deserto
673 529 772 556 litteras
784 528 818 555 ad
837 527 934 563 plebem
955 527 1015 554 Ale-

239 575 397 602 xandrinam
408 574 495 601 mittit.
505 573 574 600 —ln
588 573 732 601 remotiora
747 573 826 608 igitur
837 572 944 607 Αἴθῃ)ιί
958 571 1015 598 loca

239 621 392 652 concessit;
407 627 457 648 nec
474 627 590 654 unquam
609 624 698 646 tamen
712 619 745 645 ab
759 626 801 650 eo,
820 618 882 645 licet
895 619 1015 650 absente,

239 666 358 694 debitum
373 665 499 693 Ecclesiae
512 672 566 692 suae
578 665 694 692 oilicium
711 664 869 699 requisitum
886 669 938 691 est.
963 664 1015 690 Ac-

239 718 317 748 cepto
333 718 448 746 namque
473 718 562 738 rerum
579 715 640 745 post
664 710 811 737 discessum
837 717 914 737 suum
930 713 1018 744 gesta-

238 767 299 786 rum
311 758 414 789 nuntio,
429 757 636 785 consolatoriam
652 755 722 790 plebi
746 756 885 783 catholicae
898 756 1016 784 Alexan-

239 805 323 832 drinae
337 803 475 838 epistolam
490 803 578 836 misit;
593 809 645 836 qua
660 801 815 835 deplorabat
831 801 958 828 inilictam
972 809 1017 829 ca—

238 851 388 878 lamitatem
404 868 412 881 ,
437 849 534 876 caedem
550 868 558 881 ,
588 847 790 881 expilationem.
808 845 971 874 Hortabatur
984 854 1018 873 ne

240 893 521 925 conciderent'animo,
533 893 579 921 sed
598 894 623 920 in
642 892 695 919 Deo
712 900 786 926 spem
799 897 961 927 reponerent
974 900 1017 920 res

240 942 359 977 ipsorum
370 941 556 977 prospiciente.
571 939 603 966 Et
615 939 676 973 quia
686 938 718 965 de
733 938 830 966 ablatis
841 939 1018 966 Arianorum-

239 985 387 1020 quecmtui
415 984 521 1012 traditis
550 983 673 1010 ecclesiis
689 983 817 1011 dolebant
835 983 952 1010 maxime
966 983 1018 1010 Ca-

240 1031 352 1058 tholici:
368 1039 378 1056 (
393 1030 444 1063 llli,
461 1029 557 1064 inquit,
573 1029 630 1056 loca
644 1039 651 1062 ;
667 1037 712 1056 vos
740 1028 819 1056 fidem
846 1028 1017 1063 apostolicam

241 1076 357 1103 habetis.
369 1075 409 1102 llli
422 1075 447 1102 in
465 1075 531 1102 locis
542 1075 702 1102 exsistentcs
717 1082 733 1100 a
751 1081 813 1101 vera
835 1073 887 1100 ﬁde
901 1079 964 1100 sunt
977 1073 1017 1100 fo-

241 1123 299 1154 ris;
317 1129 364 1149 vos
380 1128 443 1149 vero
457 1128 473 1147 a
502 1120 570 1148 locis
586 1120 694 1155 quidem
709 1119 775 1148 foris
789 1120 866 1151 estis,
893 1119 939 1146 sed
955 1117 1018 1146 ﬁdes

241 1168 314 1195 intus
329 1172 381 1194 est.
395 1166 573 1194 Discutiamus
590 1166 654 1200 quid
669 1166 705 1193 sit
726 1165 822 1198 majus,
837 1165 922 1197 locus,
937 1172 969 1191 an
987 1164 1018 1190 li-

241 1213 311 1240 des?
326 1213 427 1240 clarum
439 1217 481 1239 est
498 1212 589 1246 utique
609 1212 671 1246 quia
690 1218 753 1238 vera
767 1211 844 1239 ﬁdes.
865 1211 931 1244 Quis
955 1218 1019 1245 ergo

241 1258 301 1291 plus
313 1257 412 1289 amisit,
427 1257 469 1284 vel
480 1257 539 1291 quis
552 1258 611 1291 plus
625 1256 715 1289 habet,
727 1256 772 1291 qui
791 1256 878 1283 locum
891 1260 975 1288 tenet,
985 1262 1019 1282 an

241 1303 285 1338 qui
295 1303 384 1330 ﬁdem?
396 1304 483 1331 Bonus
490 1303 595 1338 quidem
604 1304 678 1330 locus
684 1307 726 1330 est
738 1303 843 1337 quando
852 1303 904 1330 illic
914 1308 1020 1336 aposto-

241 1349 293 1376 lica
307 1349 371 1377 ﬁdes
382 1350 556 1384 praedicatur;
567 1354 678 1377 sanctus
685 1354 736 1381 est,
745 1349 767 1376 si
779 1349 815 1375 ibi
825 1353 934 1375 sanctus
945 1348 1020 1375 habi-

242 1400 290 1422 tat.
304 1405 314 1422 ι
327 1395 429 1422 Exinde
440 1403 503 1423 vero
515 1402 545 1422 se
555 1395 679 1423 didicisse
691 1396 738 1427 ait,
751 1394 866 1422 Ariauos
880 1393 1020 1422 ecclesiam

241 1441 411 1469 convertisse
427 1441 453 1468 in
468 1441 621 1475 speluncam
637 1441 784 1472 latronum,
810 1441 835 1468 in
848 1441 955 1467 domum
971 1447 1021 1467 ne-

241 1487 406 1522 gotiationis,
420 1491 448 1513 et
465 1487 492 1514 in
504 1487 611 1514 domum
626 1486 689 1514 veli.
707 1486 777 1519 Quid
793 1486 829 1513 sit
856 1491 945 1512 autem
969 1486 1019 1513 do-

242 1539 302 1559 mus
317 1532 377 1565 veli,
392 1531 455 1559 vide
469 1531 494 1558 in
508 1530 675 1558 Onomastico
687 1532 720 1558 ad
737 1539 829 1558 vocem
839 1531 930 1566 βῆλον.
946 1531 1020 1559 Hanc

241 1585 322 1612 porro
335 1577 474 1611 epistolam
490 1583 523 1603 ex
537 1584 650 1604 numero
665 1583 757 1603 earum
772 1577 936 1603 arbitramur
949 1585 1019 1610 esse,

226 1626 301 1658 ‘qure
312 1623 483 1659 ὲοςηαστικαὶ
505 1629 552 1650 seu
573 1621 680 1649 festales
693 1626 834 1654 vocantur,
851 1627 877 1648 et
888 1622 921 1649 ab
938 1622 1021 1649 Atha-

243 1670 320 1696 nasio
338 1670 411 1701 dum,
427 1668 598 1696 inimicorum
615 1668 733 1696 furorem
757 1667 907 1700 declinans,
924 1668 950 1695 in
975 1670 1021 1695 de-

242 1714 322 1742 sertis
337 1713 446 1749 Egypti
464 1718 490 1741 et
503 1713 654 1740 Thebaidos
674 1713 787 1741 subinde
806 1718 911 1740 mutans
933 1714 1020 1740 locum

242 1765 408 1792 versaretur,
422 1760 455 1788 ad
465 1767 572 1795 gregem
584 1759 668 1794 ipsius
678 1759 768 1786 missae
780 1765 852 1791 sunt,
866 1764 894 1786 ut
908 1760 934 1787 in
950 1765 1022 1787 cmtu

243 1805 443 1833 Catholicorum
477 1805 642 1840 legerentur.
672 1804 790 1830 Alterius
823 1804 887 1831 item
908 1812 1021 1832 numero

243 1858 326 1876 xxxix
340 1849 519 1885 fragmentum
536 1853 625 1876 exstat
640 1848 743 1881 Grmce,
758 1856 807 1876 nec
821 1857 874 1876 non
887 1849 960 1877 aliud
976 1858 1024 1877 cu-

242 1895 349 1928 jusdam
365 1894 484 1928 epistolae
504 1901 537 1921 ex
560 1893 711 1920 Feslalt'um
723 1901 837 1921 numero
865 1894 934 1922 infra
953 1902 1022 1923 com-

244 1943 407 1966 memoratur
420 1946 452 1966 ex
472 1938 649 1966 Theodoreto.

283 1984 325 2011 l2.
349 1983 508 2018 Martyrium
537 1983 673 2019 Eutycltii.
702 1999 738 2004 —
755 1984 826 2012 Inter
852 1985 910 2012 haec
928 1984 1021 2011 Ariani

245 2029 414 2057 Alexandriae
429 2029 604 2057 ecclesiarum
623 2037 769 2065 rerumque
785 2030 904 2057 omnium
933 2030 1022 2065 potiti,

210 2070 214 2075 ’
246 2075 312 2102 nihil
323 2074 406 2102 semel
421 2075 517 2102 initam
531 2075 744 2103 intermittebant
759 2075 957 2104 Catholicorum
974 2083 1023 2103 ve-

246 2121 392 2153 xationem,
406 2119 515 2153 eadem,
546 2120 701 2148 vastitatem
718 2121 767 2156 (a).
787 2121 930 2149 Enimvero
960 2123 1025 2157 Scy-

246 2166 352 2193 tharum
363 2165 591 2200 barbarorumque
604 2172 688 2199 more,
699 2165 860 2201 Eutychium
884 2166 1025 2194 subdiaco-

1068 254 1142 288 lmpii
1158 259 1245 281 autem
1264 254 1395 285 homines,
1417 253 1463 288 qui
1480 260 1588 289 scnsqm
1602 260 1707 280 omnem
1721 254 1843 280 humani-

1068 299 1131 325 tatis
1144 299 1301 331 amiscrant,
1314 299 1449 326 atrociora
1474 299 1563 325 statim
1582 298 1713 325 admisere
1731 299 1843 326 scelera.

1067 343 1134 370 Nam
1149 351 1209 370 cum
1223 345 1354 379 supplices
1371 344 1459 378 populi
1477 352 1526 379 pro
1540 344 1661 380 Eutychii
1681 336 1766 372 salute
1783 352 1845 378 pre-

1067 394 1210 421 carentur,
1229 389 1366 423 jusserunt
1382 390 1418 416 illi
1434 394 1462 416 ut
1485 394 1602 424 quatuor
1617 397 1650 416 ex
1668 390 1744 417 turba
1770 390 1844 424 probi

1067 435 1197 470 liberique
1215 435 1274 467 viri,
1297 436 1420 471 interque
1437 443 1483 464 eos
1497 436 1631 468 Hcrmias,
1647 436 1692 470 qui
1709 436 1846 463 mendico-

1067 489 1126 508 rum
1144 480 1226 516 pedes
1239 481 1372 513 abluebat.
1388 489 1450 509 mox
1472 482 1681 516 corriperentur,
1700 488 1767 515 quos
1782 488 1846 515 gra-

1067 528 1145 555 vibus
1163 533 1226 555 ante
1239 527 1324 562 plagis
1348 528 1471 555 concisos
1497 528 1550 555 dux
1577 527 1693 562 conjecit
1712 527 1738 554 in
1755 534 1847 554 carce-

1068 580 1134 600 rem.
1148 573 1202 600 llos
1218 574 1262 601 ubi
1275 575 1367 602 Ariani
1385 575 1523 609 plagarum
1538 574 1565 601 vi
1585 581 1638 601 non
1653 574 1765 600 interire
1781 580 1844 607 per-

1067 625 1223 653 spexerunt,
1241 620 1359 648 ell‘eratis
1383 621 1481 648 animis
1499 621 1524 647 in
1541 620 1635 648 ducem
1659 619 1784 648 fremere.
1799 626 1847 645 ex-

1068 664 1213 696 postulare,
1229 666 1409 693 comminari:
1435 665 1572 693 Eunuchis
1584 685 1592 697 ,
1619 665 1736 696 aiebant,
1750 671 1848 691 renun-

1069 709 1193 737 tiabimus
1212 711 1306 738 ducem
1324 718 1375 738 non
1405 711 1515 738 arbitrio
1535 715 1628 737 nostro
1651 710 1762 737 verbera
1778 709 1847 736 inﬂi-

1067 762 1139 790 gere.
1154 756 1208 783 Du:
1225 762 1313 784 autem
1327 764 1379 785 non
1397 756 1505 792 ignarus
1516 763 1647 783 summam
1662 763 1749 783 rerum
1765 763 1847 790 penes

1068 803 1206 830 eunuchos
1218 807 1279 829 tunc
1286 810 1357 835 esse,
1370 802 1529 837 perterritus
1542 802 1665 829 homines
1677 801 1763 828 denuo
1776 808 1847 827 com-

1069 849 1215 883 prehensos
1228 849 1331 876 concidi
1346 848 1501 876 verberibus
1520 847 1640 875 mandat.
1654 847 1694 874 llli
1707 853 1771 874 vero
1783 854 1846 873 cum

1069 895 1150 928 probe
1164 899 1271 922 nossent
1288 894 1352 928 quid
1366 901 1454 921 causae
1464 898 1535 921 esset
1545 895 1616 928 quod
1628 892 1663 920 ita
1678 891 1845 926 vapularem.

1068 940 1125 967 haec
1136 940 1205 967 inter
1221 941 1331 967 verbera
1346 939 1421 967 effari
1439 948 1445 966 :
1465 948 1475 964 ‹
1491 938 1605 974 Propter
1613 938 1752 966 veritatem
1766 945 1847 970 vapu-

1069 985 1166 1017 lamus,
1185 993 1234 1013 nec
1260 991 1349 1013 tamen
1375 986 1604 1014 communicamus
1620 991 1679 1012 Cum
1700 983 1844 1011 haereticis.

1071 1029 1187 1057 Verbera
1205 1037 1254 1064 pro
1267 1029 1389 1061 libidine.
1407 1038 1420 1057 a
1436 1030 1554 1057 Deo-hac
1569 1029 1601 1056 de
1618 1035 1646 1054 re
1667 1028 1692 1054 in
1712 1027 1844 1062 judicium

1068 1076 1206 1102 vocandus
1219 1081 1258 1102 es.
1276 1084 1286 1101 ι
1296 1074 1372 1109 Impii
1389 1081 1453 1102 vero
1477 1074 1574 1101 Ariani
1586 1079 1757 1107 summopere
1769 1077 1846 1107 opta-

1069 1120 1142 1152 bant,
1156 1125 1185 1147 ut
1199 1119 1236 1147 illi
1254 1120 1279 1147 iu
1298 1127 1408 1148 carcere
1421 1122 1444 1147 vi
1459 1120 1599 1147 vulnerum
1622 1121 1776 1148 interirent.
1794 1118 1846 1145 Sed

1069 1165 1200 1193 catholica
1215 1165 1290 1200 plebs
1302 1170 1378 1193 nacta
1392 1166 1630 1200 opportunitatem,
1642 1173 1743 1200 septem
1761 1167 1847 1191 luter-

1068 1211 1162 1246 positis
1191 1211 1282 1238 diebus
1299 1231 1306 1244 ,
1337 1212 1513 1246 impetrarunt
1537 1211 1630 1246 probis
1657 1204 1722 1239 viris
1738 1211 1849 1239 liberta-

1069 1262 1133 1284 tem.

1106 1301 1149 1328 l5.
1164 1301 1360 1336 Eleemotynam
1375 1310 1482 1336 erogare
1491 1301 1584 1328 Ariani
1593 1306 1688 1328 velant.
1705 1298 1741 1321 -ἰ
1753 1299 1847 1326 Ariani

1070 1353 1171 1381 autem,
1187 1349 1264 1382 quasi
1278 1356 1332 1374 rem
1346 1348 1454 1383 indigne
1469 1348 1580 1382 ferrent,
1605 1349 1723 1375 immane
1741 1347 1847 1375 facinus

1104 1394 1270 1430 gradiuntur.
1287 1394 1354 1422 Cum
1371 1395 1441 1421 enim
1456 1402 1553 1429 egenos
1568 1394 1791 1429 conspicerentet
1805 1393 1847 1420 vi-

1070 1442 1137 1468 duas
1150 1441 1243 1468 sedere
1261 1441 1286 1467 in
1305 1442 1443 1476 assignato
1464 1442 1513 1468 sibi
1528 1442 1586 1469 loco
1603 1449 1617 1467 a
1644 1441 1760 1474 clericis,
1788 1439 1849 1474 qui-

1072 1488 1122 1515 bus
1138 1487 1276 1513 viduarum
1295 1494 1358 1514 cura
1375 1487 1529 1514 concredita
1552 1487 1640 1514 fuerat
1653 1486 1701 1523 (b);
1720 1487 1850 1522 (namque

1071 1539 1132 1559 cum
1145 1533 1198 1559 dux
1214 1531 1323 1559 Arianis
1334 1532 1462 1560 ecclesias
1486 1532 1660 1565 tradidisset,
1689 1532 1850 1559 interclusus

1073 1578 1218 1605 Catholicis
1232 1582 1289 1604 erat
1304 1586 1396 1605 earum
1413 1578 1531 1613 aditus;)
1545 1585 1606 1606 cum
1628 1582 1771 1606 cernerent
1785 1578 1848 1604 item

1071 1630 1194 1659 prompto
1208 1629 1235 1652 et
1247 1625 1328 1652 alacri
1344 1625 1434 1652 animo
1447 1625 1533 1652 viduis
1554 1625 1656 1652 vietum
1678 1623 1850 1651 necessaria-

1072 1678 1123 1705 que
1139 1670 1264 1705 praeberi,
1284 1675 1340 1696 tum
1358 1675 1496 1704 coeperunt
1511 1670 1630 1698 calcibus
1645 1677 1692 1697 eas
1709 1671 1848 1704 impetere,

1072 1716 1174 1751 fugare,
1187 1716 1332 1748 territare;
1353 1723 1399 1742 eos
1413 1720 1501 1742 autem
1517 1715 1563 1750 qui
1585 1716 1684 1743 victum
1697 1715 1737 1742 eis
1753 1722 1850 1749 eroga-

1072 1765 1132 1788 reut
1147 1760 1305 1788 deferebant
1327 1760 1359 1786 ad
1383 1760 1490 1791 ducem,
1508 1760 1633 1786 ministro
1650 1760 1692 1787 usi
1720 1760 1850 1795 Dynamio

1072 1807 1187 1840 quodam
1202 1806 1297 1833 milite.
1314 1806 1432 1840 Eratque
1443 1805 1508 1833 illud
1521 1805 1679 1833 Sebastiano
1701 1805 1850 1833 Manichazo

1071 1856 1226 1887 pergratum
1239 1859 1338 1886 perque
1348 1851 1507 1885 jucundum.
1519 1852 1594 1886 Apud
1607 1851 1768 1879 Manichmos
1777 1860 1853 1880 nam-

1072 1904 1124 1931 que
1144 1896 1217 1923 nulla
1231 1897 1430 1924 commiseratio
1446 1905 1453 1923 :
1469 1904 1564 1931 perosa
1581 1904 1645 1924 sane
1661 1905 1705 1925 res
1719 1898 1782 1932 ipsis
1792 1903 1852 1925 erat

1072 1949 1218 1977 pauperem
1240 1943 1374 1970 miserari.
1404 1942 1525 1969 lnsolens
1557 1942 1648 1977 itaque
1672 1945 1851 1971 accusationis

1073 1995 1170 2021 genus,
1185 1995 1282 2015 novum
1299 1988 1415 2015 tribunal
1427 1989 1461 2015 ab
1482 1987 1598 2022 illisjam
1615 1989 1730 2022 primum
1745 1991 1852 2025 excogi-

1075 2037 1160 2060 tatum
1172 2037 1224 2060 est.
1250 2032 1290 2060 0b
1307 2032 1466 2060 beneﬁcium
1483 2040 1598 2068 namque
1617 2034 1745 2062 collatum
1770 2036 1796 2063 in
1809 2036 1852 2071 jus

1074 2078 1249 2106 ambulabant
1268 2079 1401 2107 homines.
1425 2079 1474 2112 Qui
1490 2079 1653 2107 beneﬁcium
1682 2081 1852 2114 tribuerent,

1074 2123 1280 2157 deferebantur,
1293 2124 1337 2158 qui
1353 2125 1694 2160 reciperent,vapulabant.
1706 2126 1797 2162 Neque
1814 2133 1852 2154 ta-

1076 2176 1138 2196 men
1151 2169 1259 2196 scelesti
1277 2169 1370 2196 Ariani
1380 2170 1422 2197 his
1433 2170 1559 2203 prieclare
1570 2172 1639 2199 actis
1649 2179 1680 2199 ea
1693 2174 1762 2200 nacti
1779 2180 1853 2205 sunt,

246 2219 319 2243 num,
339 2211 426 2238 virum
440 2211 523 2246 probe
533 2210 661 2239 Ecclesiae
672 2212 882 2244 ministrantem,
901 2213 945 2239 ubi
960 2217 1023 2239 tau-
1038 2210 1060 2238 D
1074 2221 1134 2248 quae
1150 2214 1255 2248 assequi
1269 2215 1447 2249 peroptabant
1462 2222 1469 2241 :
1486 2215 1538 2242 imo
1549 2222 1612 2243 vero
1626 2216 1652 2243 in
1667 2218 1853 2251 gravissimum

246 2257 311 2284 rinis
325 2256 434 2284 scuticis
447 2257 527 2284 dorso
540 2258 575 2284 ad
586 2264 679 2284 necem
693 2257 778 2285 ferme
790 2258 856 2285 caedi
868 2263 1021 2291 curassent,

245 2307 373 2336 rogarunt
387 2302 420 2329 ad
432 2302 539 2329 metalla
561 2303 729 2335 transmitti;
756 2304 790 2330 ad
819 2304 928 2331 metalla
958 2311 1023 2331 sane

244 2348 363 2375 omnium
377 2348 534 2382 asperrima,
549 2347 648 2376 Phaeno
669 2348 812 2383 appellata,
838 2349 883 2376 ubi
901 2356 964 2377 reus
978 2350 1023 2376 vix

245 2393 339 2428 paucis
368 2393 460 2421 diebus
485 2395 567 2421 vitam
589 2401 670 2429 agere
699 2399 800 2429 posset.
821 2393 854 2421 Et
879 2395 950 2429 quod
963 2400 1024 2422 erat

245 2446 357 2472 prorsus
374 2439 565 2473 inhumanum,
583 2447 614 2467 ac
642 2439 722 2467 ferini
750 2440 802 2468 odii
829 2440 970 2472 indicium,
988 2447 1021 2467 ne

245 2485 338 2518 paucis
352 2485 459 2519 quidem
478 2484 554 2512 horis
568 2485 626 2520 ejus
649 2487 739 2513 curari
754 2486 865 2513 vulnera
877 2494 1021 2514 concesse-

246 2534 325 2563 runt;
340 2530 386 2557 sed
401 2531 528 2558 continuo
545 2531 662 2559 lacerum
672 2532 722 2559 via:
737 2532 940 2559 commiserunt.
955 2532 1022 2560 Tum

246 2573 360 2606 superbe
377 2573 451 2609 impii
475 2575 598 2602 homines
618 2575 674 2602 haec
703 2575 830 2603 eﬂ'utire:
858 2575 886 2603 Si
916 2577 952 2604 ita
980 2584 1023 2604 rcs

247 2623 353 2652 agatur,
370 2620 582 2647 rei‘ormidabunt
603 2628 707 2653 omnes.
726 2628 759 2648 ac
775 2621 900 2656 deinceps
922 2623 1022 2650 nostris

247 2669 327 2690 erunt
338 2665 459 2698 partibus
472 2666 582 2693 addicti.
594 2667 629 2693 At
645 2666 689 2693 ille
706 2674 758 2694 non
771 2666 882 2694 multum
899 2675 1022 2701 progres-

249 2715 307 2742 sus,
321 2716 381 2736 cum
394 2717 426 2737 ex
441 2710 579 2738 vulnerum
596 2712 688 2739 dolore
710 2713 762 2739 iter
776 2713 809 2739 ad
833 2713 938 2748 metalla
955 2720 1022 2740 con~

249 2754 328 2782 licere
354 2762 406 2782 non
433 2761 531 2790 posset,
561 2756 630 2784 inter
655 2757 772 2785 eundum
794 2758 943 2786 exstinctus
971 2763 1021 2785 est.

285 2854 322 2891 (α)
338 2855 435 2882 Athan.
453 2854 520 2881 Hist.
539 2855 629 2883 Arian.
642 2857 676 2883 ad
691 2857 838 2890 ntanacliot,
862 2866 888 2884 n.
906 2857 949 2885 60.

1077 2260 1250 2287 incurrerunt
1263 2260 1449 2288 universorum
1462 2262 1565 2289 odium.
1582 2262 1610 2289 In
1622 2270 1696 2296 spem
1713 2270 1853 2296 venerant,

1077 2309 1190 2339 terrore,
1205 2306 1322 2338 insidiis,
1348 2306 1530 2341 periculorum
1555 2308 1768 2342 denuntiatione,
1786 2309 1854 2336 mul-

1078 2355 1119 2379 tos
1132 2352 1165 2378 ad
1181 2352 1307 2379 haeresim
1321 2352 1536 2386 amplectendam
1552 2353 1697 2380 abductum
1713 2354 1761 2387 iri,
1774 2360 1855 2389 atque

1077 2397 1113 2424 ita
1125 2405 1249 2433 magnam
1265 2399 1441 2426 conventibus
1462 2399 1519 2426 suis
1543 2399 1632 2433 parari
1653 2398 1831 2434 frequentiam
1846 2409 1854 2427 :

1075 2450 1168 2470 verum
1185 2444 1268 2471 cessit
1287 2451 1331 2471 res
1349 2449 1444 2470 contra
1461 2451 1541 2478 quam
1566 2444 1616 2470 rati
1634 2450 1722 2471 erant.
1738 2444 1856 2472 [Erum-

1079 2495 1129 2514 nas
1143 2488 1215 2515 enim
1231 2493 1259 2515 et
1272 2487 1426 2515 vastitatem
1438 2487 1570 2515 Catholici
1592 2487 1697 2516 fortiter
1713 2489 1855 2522 ferebant;

1075 2541 1107 2561 ac
1126 2535 1225 2561 nedum
1237 2534 1379 2562 veritatem
1392 2535 1538 2569 proderent
1550 2541 1577 2562 et
1591 2540 1730 2569 negarent,
1745 2526 1858 2562 io'rtiore

1077 2579 1103 2605 in
1115 2579 1172 2606 dies
1186 2579 1276 2606 animo
1297 2580 1416 2614 pericula
1439 2584 1466 2607 et
1482 2580 1649 2607 calamitates
1663 2581 1783 2613 adibant,
1804 2581 1857 2608 rati

1076 2632 1107 2650 ea
1123 2624 1173 2651 sibi
1185 2625 1305 2659 martyrii
1326 2625 1384 2653 loco
1400 2633 1470 2653 esse.
1491 2625 1618 2653 Amentes
1648 2632 1739 2654 autem
1763 2627 1857 2654 Ariani

1076 2670 1203 2704 grandem
1218 2671 1268 2697 sibi
1282 2671 1323 2697 vel
1339 2671 1408 2705 apud
1436 2671 1550 2706 gentiles
1562 2672 1691 2706 parabant
1706 2672 1834 2698 invidiam
1847 2680 1856 2705 ;

1076 2715 1122 2748 qui
1141 2721 1285 2750 conspecta
1303 2717 1482 2743 barbarorum
1508 2716 1647 2743 hominum
1674 2717 1832 2744 carniﬁcina
1847 2737 1856 2750 ,

1078 2761 1158 2788 nullis
1177 2770 1228 2788 non
1245 2762 1405 2794 maledictis,
1419 2762 1499 2789 nullis
1520 2769 1573 2790 non
1586 2762 1716 2790 conviciis
1729 2762 1860 2791 scelestos

1111 2860 1146 2893 (ii)
1168 2860 1265 2887 Athan.
1281 2859 1356 2891 ibid.,
1373 2868 1399 2887 u.
1411 2859 1453 2887 61.
