  <div class='ocr_page' id='page_1' title='image "/cluster/home/n/w/nwhite01/storage/ocr_20150623/25/njp.32101010944591/136.png"; bbox 0 0 2016 3046; ppageno 0'>
   <div class='ocr_carea' id='block_1_1' title="bbox 772 144 1118 174">
    <p class='ocr_par' dir='ltr' id='par_1_1' title="bbox 772 144 1118 174">
     <span class='ocr_line' id='line_1_1' title="bbox 772 144 1118 174; baseline 0.006 -4"><span class='ocrx_word' id='word_1_1' title='bbox 772 144 852 171; x_wconf 76' lang='lat' dir='ltr'><strong>VlTA</strong></span> <span class='ocrx_word' id='word_1_2' title='bbox 873 145 900 172; x_wconf 89' lang='lat' dir='ltr'><strong>S.</strong></span> <span class='ocrx_word' id='word_1_3' title='bbox 922 145 1118 174; x_wconf 80' lang='lat' dir='ltr'><strong>ATHANASII.</strong></span> 
     </span>
    </p>
   </div>
   <div class='ocr_carea' id='block_1_2' title="bbox 1655 153 1736 172">
    <p class='ocr_par' dir='ltr' id='par_1_2' title="bbox 1655 153 1736 172">
     <span class='ocr_line' id='line_1_2' title="bbox 1655 153 1736 172; baseline 0 0"><span class='ocrx_word' id='word_1_4' title='bbox 1655 153 1736 172; x_wconf 63' lang='lat' dir='ltr'><strong>Cl.le</strong></span> 
     </span>
    </p>
   </div>
   <div class='ocr_carea' id='block_1_3' title="bbox 124 203 1738 241">
    <p class='ocr_par' dir='ltr' id='par_1_3' title="bbox 124 203 1738 241">
     <span class='ocr_line' id='line_1_3' title="bbox 124 203 1738 241; baseline 0 -9"><span class='ocrx_word' id='word_1_5' title='bbox 124 205 306 232; x_wconf 72' lang='lat' dir='ltr'><strong>incessebant.</strong></span> <span class='ocrx_word' id='word_1_6' title='bbox 323 203 369 232; x_wconf 85' lang='lat' dir='ltr'><strong>Est</strong></span> <span class='ocrx_word' id='word_1_7' title='bbox 380 203 479 239; x_wconf 85' lang='lat' dir='ltr'><strong>quippe</strong></span> <span class='ocrx_word' id='word_1_8' title='bbox 496 204 530 231; x_wconf 88' lang='lat' dir='ltr'><strong>ab</strong></span> <span class='ocrx_word' id='word_1_9' title='bbox 557 208 617 230; x_wconf 93' lang='lat' dir='ltr'><strong>ortu</strong></span> <span class='ocrx_word' id='word_1_10' title='bbox 643 203 721 230; x_wconf 86' lang='lat' dir='ltr'><strong>insita</strong></span> <span class='ocrx_word' id='word_1_11' title='bbox 748 204 901 231; x_wconf 83' lang='lat' dir='ltr'><strong>hominibus</strong></span> <span class='ocrx_word' id='word_1_12' title='bbox 917 207 939 234; x_wconf 84' lang='grc' dir='ltr'>Α</span> <span class='ocrx_word' id='word_1_13' title='bbox 953 206 984 233; x_wconf 81' lang='lat' dir='ltr'><strong>de</strong></span> <span class='ocrx_word' id='word_1_14' title='bbox 999 206 1062 239; x_wconf 81' lang='lat' dir='ltr'><strong>fuga</strong></span> <span class='ocrx_word' id='word_1_15' title='bbox 1088 205 1140 241; x_wconf 77' lang='grc' dir='ltr'><strong>(ιι),</strong></span> <span class='ocrx_word' id='word_1_16' title='bbox 1163 205 1234 233; x_wconf 88' lang='lat' dir='ltr'><strong>inter</strong></span> <span class='ocrx_word' id='word_1_17' title='bbox 1251 212 1283 233; x_wconf 86' lang='lat' dir='ltr'><strong>ea</strong></span> <span class='ocrx_word' id='word_1_18' title='bbox 1311 211 1371 239; x_wconf 69' lang='lat' dir='ltr'><strong>quas</strong></span> <span class='ocrx_word' id='word_1_19' title='bbox 1394 209 1455 237; x_wconf 88' lang='lat' dir='ltr'><strong>post</strong></span> <span class='ocrx_word' id='word_1_20' title='bbox 1471 203 1579 239; x_wconf 87' lang='lat' dir='ltr'><strong>Georgii</strong></span> <span class='ocrx_word' id='word_1_21' title='bbox 1595 203 1738 232; x_wconf 91' lang='lat' dir='ltr'><strong>adventum</strong></span> 
     </span>
    </p>
   </div>
   <div class='ocr_carea' id='block_1_4' title="bbox 123 249 695 284">
    <p class='ocr_par' dir='ltr' id='par_1_4' title="bbox 123 249 695 284">
     <span class='ocr_line' id='line_1_4' title="bbox 123 249 695 284; baseline -0.003 -8"><span class='ocrx_word' id='word_1_22' title='bbox 123 258 185 284; x_wconf 87' lang='lat' dir='ltr'><strong>erga</strong></span> <span class='ocrx_word' id='word_1_23' title='bbox 200 257 331 284; x_wconf 81' lang='lat' dir='ltr'><strong>pauperes</strong></span> <span class='ocrx_word' id='word_1_24' title='bbox 350 254 377 276; x_wconf 91' lang='lat' dir='ltr'><strong>ct</strong></span> <span class='ocrx_word' id='word_1_25' title='bbox 388 257 489 283; x_wconf 83' lang='lat' dir='ltr'><strong>egenos</strong></span> <span class='ocrx_word' id='word_1_26' title='bbox 501 249 695 276; x_wconf 81' lang='lat' dir='ltr'><strong>misericordia.</strong></span> 
     </span>
    </p>
   </div>
   <div class='ocr_carea' id='block_1_5' title="bbox 160 294 906 329">
    <p class='ocr_par' dir='ltr' id='par_1_5' title="bbox 160 294 906 329">
     <span class='ocr_line' id='line_1_5' title="bbox 160 294 906 329; baseline -0.003 -7"><span class='ocrx_word' id='word_1_27' title='bbox 160 296 205 322; x_wconf 74' lang='lat' dir='ltr'><strong>M.</strong></span> <span class='ocrx_word' id='word_1_28' title='bbox 222 294 374 329; x_wconf 73' lang='lat' dir='ltr'><strong>Presbyteri</strong></span> <span class='ocrx_word' id='word_1_29' title='bbox 397 299 421 321; x_wconf 80' lang='lat' dir='ltr'><strong>et</strong></span> <span class='ocrx_word' id='word_1_30' title='bbox 437 294 541 321; x_wconf 80' lang='lat' dir='ltr'><strong>diaconi</strong></span> <span class='ocrx_word' id='word_1_31' title='bbox 553 295 647 329; x_wconf 80' lang='lat' dir='ltr'><strong>fugati.</strong></span> <span class='ocrx_word' id='word_1_32' title='bbox 662 309 696 314; x_wconf 88' lang='grc'><strong>--</strong></span> <span class='ocrx_word' id='word_1_33' title='bbox 710 294 764 321; x_wconf 91' lang='lat' dir='ltr'><strong>Sub</strong></span> <span class='ocrx_word' id='word_1_34' title='bbox 779 295 836 322; x_wconf 65' lang='lat' dir='ltr'><strong>hec</strong></span> <span class='ocrx_word' id='word_1_35' title='bbox 857 302 906 321; x_wconf 89' lang='lat' dir='ltr'><strong>au-</strong></span> 
     </span>
    </p>
   </div>
   <div class='ocr_carea' id='block_1_6' title="bbox 128 339 904 374">
    <p class='ocr_par' dir='ltr' id='par_1_6' title="bbox 128 339 904 374">
     <span class='ocr_line' id='line_1_6' title="bbox 128 339 904 374; baseline -0.003 -7"><span class='ocrx_word' id='word_1_36' title='bbox 128 346 182 368; x_wconf 86' lang='lat' dir='ltr'><strong>tem</strong></span> <span class='ocrx_word' id='word_1_37' title='bbox 199 340 226 367; x_wconf 94' lang='lat' dir='ltr'><strong>in</strong></span> <span class='ocrx_word' id='word_1_38' title='bbox 251 340 429 374; x_wconf 78' lang='lat' dir='ltr'><strong>presbyteros</strong></span> <span class='ocrx_word' id='word_1_39' title='bbox 443 343 470 366; x_wconf 92' lang='lat' dir='ltr'><strong>et</strong></span> <span class='ocrx_word' id='word_1_40' title='bbox 487 339 614 366; x_wconf 82' lang='lat' dir='ltr'><strong>diaconos</strong></span> <span class='ocrx_word' id='word_1_41' title='bbox 640 345 777 374; x_wconf 77' lang='lat' dir='ltr'><strong>grassatur</strong></span> <span class='ocrx_word' id='word_1_42' title='bbox 805 339 904 366; x_wconf 84' lang='lat' dir='ltr'><strong>Ariana</strong></span> 
     </span>
    </p>
   </div>
   <div class='ocr_carea' id='block_1_7' title="bbox 124 383 901 418">
    <p class='ocr_par' dir='ltr' id='par_1_7' title="bbox 124 383 901 418">
     <span class='ocr_line' id='line_1_7' title="bbox 124 383 901 418; baseline 0 -8"><span class='ocrx_word' id='word_1_43' title='bbox 124 384 212 411; x_wconf 81' lang='lat' dir='ltr'><strong>rabies</strong></span> <span class='ocrx_word' id='word_1_44' title='bbox 227 383 286 418; x_wconf 87' lang='lat' dir='ltr'><strong>(a);</strong></span> <span class='ocrx_word' id='word_1_45' title='bbox 303 383 348 416; x_wconf 86' lang='lat' dir='ltr'><strong>qui</strong></span> <span class='ocrx_word' id='word_1_46' title='bbox 361 383 458 410; x_wconf 92' lang='lat' dir='ltr'><strong>ducum</strong></span> <span class='ocrx_word' id='word_1_47' title='bbox 474 388 501 410; x_wconf 90' lang='lat' dir='ltr'><strong>et</strong></span> <span class='ocrx_word' id='word_1_48' title='bbox 512 383 632 418; x_wconf 86' lang='lat' dir='ltr'><strong>judicum</strong></span> <span class='ocrx_word' id='word_1_49' title='bbox 658 383 818 410; x_wconf 82' lang='lat' dir='ltr'><strong>auctoritate</strong></span> <span class='ocrx_word' id='word_1_50' title='bbox 834 391 901 418; x_wconf 85' lang='lat' dir='ltr'><strong>pro-</strong></span> 
     </span>
    </p>
   </div>
   <div class='ocr_carea' id='block_1_8' title="bbox 124 426 905 463">
    <p class='ocr_par' dir='ltr' id='par_1_8' title="bbox 124 426 905 463">
     <span class='ocr_line' id='line_1_8' title="bbox 124 426 905 463; baseline -0.003 -9"><span class='ocrx_word' id='word_1_51' title='bbox 124 428 217 463; x_wconf 79' lang='lat' dir='ltr'><strong>ﬂigati,</strong></span> <span class='ocrx_word' id='word_1_52' title='bbox 229 427 290 462; x_wconf 82' lang='lat' dir='ltr'><strong>fuga</strong></span> <span class='ocrx_word' id='word_1_53' title='bbox 306 426 356 454; x_wconf 87' lang='lat' dir='ltr'><strong>sibi</strong></span> <span class='ocrx_word' id='word_1_54' title='bbox 369 426 483 453; x_wconf 85' lang='lat' dir='ltr'><strong>salutem</strong></span> <span class='ocrx_word' id='word_1_55' title='bbox 500 427 642 460; x_wconf 87' lang='lat' dir='ltr'><strong>providere</strong></span> <span class='ocrx_word' id='word_1_56' title='bbox 656 426 742 453; x_wconf 84' lang='lat' dir='ltr'><strong>coacti</strong></span> <span class='ocrx_word' id='word_1_57' title='bbox 754 431 826 453; x_wconf 91' lang='lat' dir='ltr'><strong>sunt.</strong></span> <span class='ocrx_word' id='word_1_58' title='bbox 837 426 905 453; x_wconf 90' lang='lat' dir='ltr'><strong>Tum</strong></span> 
     </span>
    </p>
   </div>
   <div class='ocr_carea' id='block_1_9' title="bbox 126 470 906 505">
    <p class='ocr_par' dir='ltr' id='par_1_9' title="bbox 126 470 906 505">
     <span class='ocr_line' id='line_1_9' title="bbox 126 470 906 505; baseline -0.001 -6"><span class='ocrx_word' id='word_1_59' title='bbox 126 474 151 499; x_wconf 93' lang='lat' dir='ltr'><strong>in</strong></span> <span class='ocrx_word' id='word_1_60' title='bbox 170 471 262 499; x_wconf 81' lang='lat' dir='ltr'><strong>affines</strong></span> <span class='ocrx_word' id='word_1_61' title='bbox 277 479 370 498; x_wconf 86' lang='lat' dir='ltr'><strong>eorum</strong></span> <span class='ocrx_word' id='word_1_62' title='bbox 386 470 511 498; x_wconf 66' lang='lat' dir='ltr'><strong>saevitum</strong></span> <span class='ocrx_word' id='word_1_63' title='bbox 529 475 588 504; x_wconf 90' lang='lat' dir='ltr'><strong>est;</strong></span> <span class='ocrx_word' id='word_1_64' title='bbox 603 471 648 505; x_wconf 92' lang='lat' dir='ltr'><strong>qui</strong></span> <span class='ocrx_word' id='word_1_65' title='bbox 661 471 752 498; x_wconf 85' lang='lat' dir='ltr'><strong>statim</strong></span> <span class='ocrx_word' id='word_1_66' title='bbox 770 471 837 505; x_wconf 87' lang='lat' dir='ltr'><strong>pulsi</strong></span> <span class='ocrx_word' id='word_1_67' title='bbox 858 471 906 498; x_wconf 93' lang='lat' dir='ltr'><strong>do-</strong></span> 
     </span>
    </p>
   </div>
   <div class='ocr_carea' id='block_1_10' title="bbox 125 514 903 550">
    <p class='ocr_par' dir='ltr' id='par_1_10' title="bbox 125 514 903 550">
     <span class='ocr_line' id='line_1_10' title="bbox 125 514 903 550; baseline -0.001 -6"><span class='ocrx_word' id='word_1_68' title='bbox 125 517 214 544; x_wconf 90' lang='lat' dir='ltr'><strong>mibus</strong></span> <span class='ocrx_word' id='word_1_69' title='bbox 233 524 263 544; x_wconf 90' lang='lat' dir='ltr'><strong>ac</strong></span> <span class='ocrx_word' id='word_1_70' title='bbox 276 516 384 543; x_wconf 83' lang='lat' dir='ltr'><strong>sedibus</strong></span> <span class='ocrx_word' id='word_1_71' title='bbox 397 515 463 546; x_wconf 87' lang='lat' dir='ltr'><strong>suis,</strong></span> <span class='ocrx_word' id='word_1_72' title='bbox 482 514 622 550; x_wconf 78' lang='lat' dir='ltr'><strong>fugatique</strong></span> <span class='ocrx_word' id='word_1_73' title='bbox 633 521 706 543; x_wconf 91' lang='lat' dir='ltr'><strong>sunt.</strong></span> <span class='ocrx_word' id='word_1_74' title='bbox 728 515 757 543; x_wconf 90' lang='lat' dir='ltr'><strong>Si</strong></span> <span class='ocrx_word' id='word_1_75' title='bbox 774 516 819 550; x_wconf 88' lang='lat' dir='ltr'><strong>qui</strong></span> <span class='ocrx_word' id='word_1_76' title='bbox 837 522 903 543; x_wconf 92' lang='lat' dir='ltr'><strong>vero</strong></span> 
     </span>
    </p>
   </div>
   <div class='ocr_carea' id='block_1_11' title="bbox 125 561 907 596">
    <p class='ocr_par' dir='ltr' id='par_1_11' title="bbox 125 561 907 596">
     <span class='ocr_line' id='line_1_11' title="bbox 125 561 907 596; baseline -0.001 -6"><span class='ocrx_word' id='word_1_77' title='bbox 125 564 152 590; x_wconf 94' lang='lat' dir='ltr'><strong>in</strong></span> <span class='ocrx_word' id='word_1_78' title='bbox 168 562 243 589; x_wconf 90' lang='lat' dir='ltr'><strong>ducis</strong></span> <span class='ocrx_word' id='word_1_79' title='bbox 257 569 350 588; x_wconf 88' lang='lat' dir='ltr'><strong>manus</strong></span> <span class='ocrx_word' id='word_1_80' title='bbox 369 562 530 594; x_wconf 85' lang='lat' dir='ltr'><strong>inciderent,</strong></span> <span class='ocrx_word' id='word_1_81' title='bbox 547 562 574 589; x_wconf 93' lang='lat' dir='ltr'><strong>hi</strong></span> <span class='ocrx_word' id='word_1_82' title='bbox 598 561 685 596; x_wconf 80' lang='lat' dir='ltr'><strong>plagis</strong></span> <span class='ocrx_word' id='word_1_83' title='bbox 703 566 730 589; x_wconf 92' lang='lat' dir='ltr'><strong>et</strong></span> <span class='ocrx_word' id='word_1_84' title='bbox 749 561 907 589; x_wconf 83' lang='lat' dir='ltr'><strong>verberibus</strong></span> 
     </span>
    </p>
   </div>
   <div class='ocr_carea' id='block_1_12' title="bbox 125 607 907 641">
    <p class='ocr_par' dir='ltr' id='par_1_12' title="bbox 125 607 907 641">
     <span class='ocr_line' id='line_1_12' title="bbox 125 607 907 641; baseline -0.001 -6"><span class='ocrx_word' id='word_1_85' title='bbox 125 608 159 635; x_wconf 89' lang='lat' dir='ltr'><strong>ad</strong></span> <span class='ocrx_word' id='word_1_86' title='bbox 174 614 264 635; x_wconf 83' lang='lat' dir='ltr'><strong>necem</strong></span> <span class='ocrx_word' id='word_1_87' title='bbox 282 607 365 635; x_wconf 91' lang='lat' dir='ltr'><strong>ferme</strong></span> <span class='ocrx_word' id='word_1_88' title='bbox 384 607 512 634; x_wconf 88' lang='lat' dir='ltr'><strong>lancinati</strong></span> <span class='ocrx_word' id='word_1_89' title='bbox 527 611 600 634; x_wconf 89' lang='lat' dir='ltr'><strong>sunt.</strong></span> <span class='ocrx_word' id='word_1_90' title='bbox 619 607 750 641; x_wconf 86' lang='lat' dir='ltr'><strong>Quodque</strong></span> <span class='ocrx_word' id='word_1_91' title='bbox 773 607 907 641; x_wconf 83' lang='lat' dir='ltr'><strong>indignis-</strong></span> 
     </span>
    </p>
   </div>
   <div class='ocr_carea' id='block_1_13' title="bbox 125 652 905 687">
    <p class='ocr_par' dir='ltr' id='par_1_13' title="bbox 125 652 905 687">
     <span class='ocr_line' id='line_1_13' title="bbox 125 652 905 687; baseline -0.003 -7"><span class='ocrx_word' id='word_1_92' title='bbox 125 654 223 681; x_wconf 90' lang='lat' dir='ltr'><strong>simum</strong></span> <span class='ocrx_word' id='word_1_93' title='bbox 232 654 307 687; x_wconf 81' lang='lat' dir='ltr'><strong>juxta</strong></span> <span class='ocrx_word' id='word_1_94' title='bbox 322 660 353 679; x_wconf 90' lang='lat' dir='ltr'><strong>ac</strong></span> <span class='ocrx_word' id='word_1_95' title='bbox 364 652 541 680; x_wconf 63' lang='lat' dir='ltr'><strong>foedissimum</strong></span> <span class='ocrx_word' id='word_1_96' title='bbox 553 656 621 685; x_wconf 85' lang='lat' dir='ltr'><strong>erat,</strong></span> <span class='ocrx_word' id='word_1_97' title='bbox 635 659 696 679; x_wconf 90' lang='lat' dir='ltr'><strong>cum</strong></span> <span class='ocrx_word' id='word_1_98' title='bbox 707 652 838 685; x_wconf 90' lang='lat' dir='ltr'><strong>vivorum,</strong></span> <span class='ocrx_word' id='word_1_99' title='bbox 849 657 905 679; x_wconf 91' lang='lat' dir='ltr'><strong>tum</strong></span> 
     </span>
    </p>
   </div>
   <div class='ocr_carea' id='block_1_14' title="bbox 125 697 906 732">
    <p class='ocr_par' dir='ltr' id='par_1_14' title="bbox 125 697 906 732">
     <span class='ocr_line' id='line_1_14' title="bbox 125 697 906 732; baseline 0.001 -8"><span class='ocrx_word' id='word_1_100' title='bbox 125 702 291 725; x_wconf 90' lang='lat' dir='ltr'><strong>mortuorum</strong></span> <span class='ocrx_word' id='word_1_101' title='bbox 322 705 405 732; x_wconf 87' lang='lat' dir='ltr'><strong>panes</strong></span> <span class='ocrx_word' id='word_1_102' title='bbox 429 697 582 732; x_wconf 82' lang='lat' dir='ltr'><strong>petulanter</strong></span> <span class='ocrx_word' id='word_1_103' title='bbox 610 697 784 732; x_wconf 87' lang='lat' dir='ltr'><strong>diripiebant.</strong></span> <span class='ocrx_word' id='word_1_104' title='bbox 812 697 906 732; x_wconf 79' lang='lat' dir='ltr'><strong>Neque</strong></span> 
     </span>
    </p>
   </div>
   <div class='ocr_carea' id='block_1_15' title="bbox 124 742 906 778">
    <p class='ocr_par' dir='ltr' id='par_1_15' title="bbox 124 742 906 778">
     <span class='ocr_line' id='line_1_15' title="bbox 124 742 906 778; baseline 0 -8"><span class='ocrx_word' id='word_1_105' title='bbox 124 751 188 770; x_wconf 90' lang='lat' dir='ltr'><strong>vero</strong></span> <span class='ocrx_word' id='word_1_106' title='bbox 206 743 344 774; x_wconf 80' lang='lat' dir='ltr'><strong>audiendi,</strong></span> <span class='ocrx_word' id='word_1_107' title='bbox 358 743 403 777; x_wconf 90' lang='lat' dir='ltr'><strong>qui</strong></span> <span class='ocrx_word' id='word_1_108' title='bbox 414 749 506 770; x_wconf 85' lang='lat' dir='ltr'><strong>vocem</strong></span> <span class='ocrx_word' id='word_1_109' title='bbox 520 742 629 778; x_wconf 76' lang='grc' dir='ltr'><strong>ἄρτους,</strong></span> <span class='ocrx_word' id='word_1_110' title='bbox 643 748 730 775; x_wconf 69' lang='lat' dir='ltr'><strong>artus,</strong></span> <span class='ocrx_word' id='word_1_111' title='bbox 748 751 800 770; x_wconf 91' lang='lat' dir='ltr'><strong>non</strong></span> <span class='ocrx_word' id='word_1_112' title='bbox 815 752 906 775; x_wconf 74' lang='lat' dir='ltr'><strong>partes,</strong></span> 
     </span>
    </p>
   </div>
   <div class='ocr_carea' id='block_1_16' title="bbox 124 789 907 824">
    <p class='ocr_par' dir='ltr' id='par_1_16' title="bbox 124 789 907 824">
     <span class='ocr_line' id='line_1_16' title="bbox 124 789 907 824; baseline 0.001 -8"><span class='ocrx_word' id='word_1_113' title='bbox 124 790 191 817; x_wconf 88' lang='lat' dir='ltr'><strong>verti</strong></span> <span class='ocrx_word' id='word_1_114' title='bbox 207 789 313 817; x_wconf 91' lang='lat' dir='ltr'><strong>volunt.</strong></span> <span class='ocrx_word' id='word_1_115' title='bbox 329 789 383 816; x_wconf 78' lang='lat' dir='ltr'><strong>Res</strong></span> <span class='ocrx_word' id='word_1_116' title='bbox 404 793 444 816; x_wconf 88' lang='lat' dir='ltr'><strong>est</strong></span> <span class='ocrx_word' id='word_1_117' title='bbox 467 797 532 817; x_wconf 85' lang='lat' dir='ltr'><strong>sane</strong></span> <span class='ocrx_word' id='word_1_118' title='bbox 548 789 731 824; x_wconf 82' lang='lat' dir='ltr'><strong>apertissima,</strong></span> <span class='ocrx_word' id='word_1_119' title='bbox 749 797 833 824; x_wconf 88' lang='lat' dir='ltr'><strong>panes</strong></span> <span class='ocrx_word' id='word_1_120' title='bbox 862 790 907 817; x_wconf 90' lang='lat' dir='ltr'><strong>hic</strong></span> 
     </span>
    </p>
   </div>
   <div class='ocr_carea' id='block_1_17' title="bbox 124 835 905 869">
    <p class='ocr_par' dir='ltr' id='par_1_17' title="bbox 124 835 905 869">
     <span class='ocr_line' id='line_1_17' title="bbox 124 835 905 869; baseline 0.001 -8"><span class='ocrx_word' id='word_1_121' title='bbox 124 836 159 862; x_wconf 86' lang='lat' dir='ltr'><strong>ab</strong></span> <span class='ocrx_word' id='word_1_122' title='bbox 173 836 334 867; x_wconf 86' lang='lat' dir='ltr'><strong>Athanasio,</strong></span> <span class='ocrx_word' id='word_1_123' title='bbox 345 839 409 862; x_wconf 89' lang='lat' dir='ltr'><strong>utet</strong></span> <span class='ocrx_word' id='word_1_124' title='bbox 423 835 489 862; x_wconf 91' lang='lat' dir='ltr'><strong>alias</strong></span> <span class='ocrx_word' id='word_1_125' title='bbox 501 835 638 862; x_wconf 87' lang='lat' dir='ltr'><strong>similibus</strong></span> <span class='ocrx_word' id='word_1_126' title='bbox 652 835 678 862; x_wconf 91' lang='lat' dir='ltr'><strong>in</strong></span> <span class='ocrx_word' id='word_1_127' title='bbox 695 835 772 868; x_wconf 91' lang='lat' dir='ltr'><strong>locis,</strong></span> <span class='ocrx_word' id='word_1_128' title='bbox 782 835 905 869; x_wconf 82' lang='lat' dir='ltr'><strong>intelligi.</strong></span> 
     </span>
    </p>
   </div>
   <div class='ocr_carea' id='block_1_18' title="bbox 957 250 1740 285">
    <p class='ocr_par' dir='ltr' id='par_1_18' title="bbox 957 250 1740 285">
     <span class='ocr_line' id='line_1_18' title="bbox 957 250 1740 285; baseline 0 -9"><span class='ocrx_word' id='word_1_129' title='bbox 957 256 1029 285; x_wconf 87' lang='lat' dir='ltr'><strong>gesta</strong></span> <span class='ocrx_word' id='word_1_130' title='bbox 1044 255 1248 282; x_wconf 80' lang='lat' dir='ltr'><strong>commemorat,</strong></span> <span class='ocrx_word' id='word_1_131' title='bbox 1264 250 1332 278; x_wconf 89' lang='lat' dir='ltr'><strong>nihil</strong></span> <span class='ocrx_word' id='word_1_132' title='bbox 1349 258 1381 277; x_wconf 89' lang='lat' dir='ltr'><strong>ex</strong></span> <span class='ocrx_word' id='word_1_133' title='bbox 1396 258 1478 285; x_wconf 87' lang='lat' dir='ltr'><strong>supra</strong></span> <span class='ocrx_word' id='word_1_134' title='bbox 1495 250 1639 278; x_wconf 86' lang='lat' dir='ltr'><strong>recensitis</strong></span> <span class='ocrx_word' id='word_1_135' title='bbox 1663 257 1740 277; x_wconf 86' lang='lat' dir='ltr'><strong>com-</strong></span> 
     </span>
    </p>
   </div>
   <div class='ocr_carea' id='block_1_19' title="bbox 957 296 1740 331">
    <p class='ocr_par' dir='ltr' id='par_1_19' title="bbox 957 296 1740 331">
     <span class='ocr_line' id='line_1_19' title="bbox 957 296 1740 331; baseline 0.001 -9"><span class='ocrx_word' id='word_1_136' title='bbox 957 301 1061 331; x_wconf 88' lang='lat' dir='ltr'><strong>pareat.</strong></span> <span class='ocrx_word' id='word_1_137' title='bbox 1079 297 1112 323; x_wconf 89' lang='lat' dir='ltr'><strong>Et</strong></span> <span class='ocrx_word' id='word_1_138' title='bbox 1128 304 1193 324; x_wconf 91' lang='lat' dir='ltr'><strong>vero</strong></span> <span class='ocrx_word' id='word_1_139' title='bbox 1208 304 1242 324; x_wconf 88' lang='lat' dir='ltr'><strong>ex</strong></span> <span class='ocrx_word' id='word_1_140' title='bbox 1259 297 1372 330; x_wconf 88' lang='lat' dir='ltr'><strong>epistola</strong></span> <span class='ocrx_word' id='word_1_141' title='bbox 1391 296 1449 331; x_wconf 87' lang='lat' dir='ltr'><strong>ejus</strong></span> <span class='ocrx_word' id='word_1_142' title='bbox 1466 296 1603 331; x_wconf 87' lang='lat' dir='ltr'><strong>encyclica</strong></span> <span class='ocrx_word' id='word_1_143' title='bbox 1631 296 1665 323; x_wconf 89' lang='lat' dir='ltr'><strong>ad</strong></span> <span class='ocrx_word' id='word_1_144' title='bbox 1683 296 1740 330; x_wconf 87' lang='lat' dir='ltr'><strong>epi-</strong></span> 
     </span>
    </p>
   </div>
   <div class='ocr_carea' id='block_1_20' title="bbox 957 341 1739 377">
    <p class='ocr_par' dir='ltr' id='par_1_20' title="bbox 957 341 1739 377">
     <span class='ocr_line' id='line_1_20' title="bbox 957 341 1739 377; baseline 0 -9"><span class='ocrx_word' id='word_1_145' title='bbox 957 349 1050 375; x_wconf 89' lang='lat' dir='ltr'><strong>scopos</strong></span> <span class='ocrx_word' id='word_1_146' title='bbox 1065 341 1173 377; x_wconf 59' lang='lat' dir='ltr'><strong>[Egypti</strong></span> <span class='ocrx_word' id='word_1_147' title='bbox 1200 341 1235 377; x_wconf 76' lang='grc' dir='ltr'><strong>(ε)</strong></span> <span class='ocrx_word' id='word_1_148' title='bbox 1251 343 1338 376; x_wconf 81' lang='lat' dir='ltr'><strong>palam</strong></span> <span class='ocrx_word' id='word_1_149' title='bbox 1353 341 1468 375; x_wconf 88' lang='lat' dir='ltr'><strong>est,jam</strong></span> <span class='ocrx_word' id='word_1_150' title='bbox 1480 342 1562 369; x_wconf 89' lang='lat' dir='ltr'><strong>multa</strong></span> <span class='ocrx_word' id='word_1_151' title='bbox 1579 346 1640 368; x_wconf 87' lang='lat' dir='ltr'><strong>ante</strong></span> <span class='ocrx_word' id='word_1_152' title='bbox 1655 341 1739 369; x_wconf 83' lang='lat' dir='ltr'><strong>Geor—</strong></span> 
     </span>
    </p>
   </div>
   <div class='ocr_carea' id='block_1_21' title="bbox 957 387 1738 423">
    <p class='ocr_par' dir='ltr' id='par_1_21' title="bbox 957 387 1738 423">
     <span class='ocr_line' id='line_1_21' title="bbox 957 387 1738 423; baseline 0.001 -10"><span class='ocrx_word' id='word_1_153' title='bbox 957 387 993 422; x_wconf 87' lang='lat' dir='ltr'><strong>gii</strong></span> <span class='ocrx_word' id='word_1_154' title='bbox 1009 388 1172 422; x_wconf 83' lang='lat' dir='ltr'><strong>ingressum,</strong></span> <span class='ocrx_word' id='word_1_155' title='bbox 1187 388 1354 415; x_wconf 80' lang='lat' dir='ltr'><strong>Alexandriae</strong></span> <span class='ocrx_word' id='word_1_156' title='bbox 1376 392 1403 415; x_wconf 90' lang='lat' dir='ltr'><strong>et</strong></span> <span class='ocrx_word' id='word_1_157' title='bbox 1418 395 1466 423; x_wconf 90' lang='lat' dir='ltr'><strong>per</strong></span> <span class='ocrx_word' id='word_1_158' title='bbox 1480 392 1563 415; x_wconf 90' lang='lat' dir='ltr'><strong>totam</strong></span> <span class='ocrx_word' id='word_1_159' title='bbox 1591 387 1738 422; x_wconf 65' lang='lat' dir='ltr'><strong>Aigyptnm</strong></span> 
     </span>
    </p>
   </div>
   <div class='ocr_carea' id='block_1_22' title="bbox 957 432 1740 468">
    <p class='ocr_par' dir='ltr' id='par_1_22' title="bbox 957 432 1740 468">
     <span class='ocr_line' id='line_1_22' title="bbox 957 432 1740 468; baseline -0.001 -9"><span class='ocrx_word' id='word_1_160' title='bbox 957 433 983 459; x_wconf 92' lang='lat' dir='ltr'><strong>in</strong></span> <span class='ocrx_word' id='word_1_161' title='bbox 999 433 1140 460; x_wconf 72' lang='lat' dir='ltr'><strong>catholicas</strong></span> <span class='ocrx_word' id='word_1_162' title='bbox 1155 433 1191 459; x_wconf 88' lang='lat' dir='ltr'><strong>rei</strong></span> <span class='ocrx_word' id='word_1_163' title='bbox 1207 434 1354 468; x_wconf 88' lang='lat' dir='ltr'><strong>perniciem</strong></span> <span class='ocrx_word' id='word_1_164' title='bbox 1375 433 1544 460; x_wconf 88' lang='lat' dir='ltr'><strong>machinatos</strong></span> <span class='ocrx_word' id='word_1_165' title='bbox 1560 432 1645 460; x_wconf 84' lang='lat' dir='ltr'><strong>fuisse</strong></span> <span class='ocrx_word' id='word_1_166' title='bbox 1660 432 1740 458; x_wconf 87' lang='lat' dir='ltr'><strong>Aria-</strong></span> 
     </span>
    </p>
   </div>
   <div class='ocr_carea' id='block_1_23' title="bbox 958 478 1740 513">
    <p class='ocr_par' dir='ltr' id='par_1_23' title="bbox 958 478 1740 513">
     <span class='ocr_line' id='line_1_23' title="bbox 958 478 1740 513; baseline 0 -9"><span class='ocrx_word' id='word_1_167' title='bbox 958 485 1016 511; x_wconf 88' lang='lat' dir='ltr'><strong>nos,</strong></span> <span class='ocrx_word' id='word_1_168' title='bbox 1034 478 1088 505; x_wconf 91' lang='lat' dir='ltr'><strong>imo</strong></span> <span class='ocrx_word' id='word_1_169' title='bbox 1107 478 1249 513; x_wconf 86' lang='lat' dir='ltr'><strong>episcopos</strong></span> <span class='ocrx_word' id='word_1_170' title='bbox 1276 483 1303 505; x_wconf 86' lang='lat' dir='ltr'><strong>et</strong></span> <span class='ocrx_word' id='word_1_171' title='bbox 1327 479 1503 513; x_wconf 88' lang='lat' dir='ltr'><strong>presbyteros</strong></span> <span class='ocrx_word' id='word_1_172' title='bbox 1527 478 1740 512; x_wconf 80' lang='lat' dir='ltr'><strong>quamplurimas</strong></span> 
     </span>
    </p>
   </div>
   <div class='ocr_carea' id='block_1_24' title="bbox 958 522 1740 557">
    <p class='ocr_par' dir='ltr' id='par_1_24' title="bbox 958 522 1740 557">
     <span class='ocr_line' id='line_1_24' title="bbox 958 522 1740 557; baseline -0.001 -8"><span class='ocrx_word' id='word_1_173' title='bbox 958 523 1065 550; x_wconf 83' lang='lat' dir='ltr'><strong>misisse</strong></span> <span class='ocrx_word' id='word_1_174' title='bbox 1077 523 1105 550; x_wconf 89' lang='lat' dir='ltr'><strong>in</strong></span> <span class='ocrx_word' id='word_1_175' title='bbox 1120 523 1256 553; x_wconf 80' lang='lat' dir='ltr'><strong>exsilium.</strong></span> <span class='ocrx_word' id='word_1_176' title='bbox 1268 522 1334 551; x_wconf 84' lang='lat' dir='ltr'><strong>Nam</strong></span> <span class='ocrx_word' id='word_1_177' title='bbox 1352 524 1385 550; x_wconf 90' lang='lat' dir='ltr'><strong>ad</strong></span> <span class='ocrx_word' id='word_1_178' title='bbox 1397 524 1487 551; x_wconf 86' lang='lat' dir='ltr'><strong>omnia</strong></span> <span class='ocrx_word' id='word_1_179' title='bbox 1504 531 1562 557; x_wconf 68' lang='lat' dir='ltr'><strong>qua:</strong></span> <span class='ocrx_word' id='word_1_180' title='bbox 1583 523 1638 557; x_wconf 84' lang='lat' dir='ltr'><strong>jam</strong></span> <span class='ocrx_word' id='word_1_181' title='bbox 1652 522 1740 550; x_wconf 82' lang='lat' dir='ltr'><strong>admi-</strong></span> 
     </span>
    </p>
   </div>
   <div class='ocr_carea' id='block_1_25' title="bbox 957 567 1738 603">
    <p class='ocr_par' dir='ltr' id='par_1_25' title="bbox 957 567 1738 603">
     <span class='ocr_line' id='line_1_25' title="bbox 957 567 1738 603; baseline 0 -9"><span class='ocrx_word' id='word_1_182' title='bbox 957 573 1050 595; x_wconf 82' lang='lat' dir='ltr'><strong>serant</strong></span> <span class='ocrx_word' id='word_1_183' title='bbox 1068 567 1199 600; x_wconf 80' lang='lat' dir='ltr'><strong>facinora.</strong></span> <span class='ocrx_word' id='word_1_184' title='bbox 1210 577 1307 596; x_wconf 90' lang='lat' dir='ltr'><strong>novum</strong></span> <span class='ocrx_word' id='word_1_185' title='bbox 1325 569 1375 596; x_wconf 89' lang='lat' dir='ltr'><strong>hoc</strong></span> <span class='ocrx_word' id='word_1_186' title='bbox 1387 569 1544 597; x_wconf 85' lang='lat' dir='ltr'><strong>insidiarum</strong></span> <span class='ocrx_word' id='word_1_187' title='bbox 1562 575 1647 603; x_wconf 82' lang='lat' dir='ltr'><strong>genus</strong></span> <span class='ocrx_word' id='word_1_188' title='bbox 1663 567 1738 601; x_wconf 88' lang='lat' dir='ltr'><strong>adje-</strong></span> 
     </span>
    </p>
   </div>
   <div class='ocr_carea' id='block_1_26' title="bbox 958 614 1740 642">
    <p class='ocr_par' dir='ltr' id='par_1_26' title="bbox 958 614 1740 642">
     <span class='ocr_line' id='line_1_26' title="bbox 958 614 1740 642; baseline -0.001 -1"><span class='ocrx_word' id='word_1_189' title='bbox 958 621 1020 642; x_wconf 91' lang='lat' dir='ltr'><strong>cere</strong></span> <span class='ocrx_word' id='word_1_190' title='bbox 1035 622 1043 641; x_wconf 80' lang='lat'><strong>:</strong></span> <span class='ocrx_word' id='word_1_191' title='bbox 1059 616 1147 642; x_wconf 85' lang='lat' dir='ltr'><strong>coacti</strong></span> <span class='ocrx_word' id='word_1_192' title='bbox 1163 615 1267 642; x_wconf 83' lang='lat' dir='ltr'><strong>scilicet</strong></span> <span class='ocrx_word' id='word_1_193' title='bbox 1289 615 1380 642; x_wconf 83' lang='lat' dir='ltr'><strong>Ariani</strong></span> <span class='ocrx_word' id='word_1_194' title='bbox 1412 614 1553 642; x_wconf 78' lang='lat' dir='ltr'><strong>formulam</strong></span> <span class='ocrx_word' id='word_1_195' title='bbox 1570 614 1631 641; x_wconf 86' lang='lat' dir='ltr'><strong>fidei</strong></span> <span class='ocrx_word' id='word_1_196' title='bbox 1655 614 1740 641; x_wconf 89' lang='lat' dir='ltr'><strong>edunt</strong></span> 
     </span>
    </p>
   </div>
   <div class='ocr_carea' id='block_1_27' title="bbox 959 659 1739 694">
    <p class='ocr_par' dir='ltr' id='par_1_27' title="bbox 959 659 1739 694">
     <span class='ocr_line' id='line_1_27' title="bbox 959 659 1739 694; baseline 0.001 -9"><span class='ocrx_word' id='word_1_197' title='bbox 959 659 991 685; x_wconf 89' lang='lat' dir='ltr'><strong>ad</strong></span> <span class='ocrx_word' id='word_1_198' title='bbox 1005 659 1145 694; x_wconf 88' lang='lat' dir='ltr'><strong>episcopos</strong></span> <span class='ocrx_word' id='word_1_199' title='bbox 1173 659 1282 694; x_wconf 66' lang='lat' dir='ltr'><strong>Egypti</strong></span> <span class='ocrx_word' id='word_1_200' title='bbox 1305 659 1553 691; x_wconf 82' lang='lat' dir='ltr'><strong>transmittendam,</strong></span> <span class='ocrx_word' id='word_1_201' title='bbox 1568 659 1601 686; x_wconf 90' lang='lat' dir='ltr'><strong>ab</strong></span> <span class='ocrx_word' id='word_1_202' title='bbox 1619 659 1739 693; x_wconf 87' lang='lat' dir='ltr'><strong>ipsisque</strong></span> 
     </span>
    </p>
   </div>
   <div class='ocr_carea' id='block_1_28' title="bbox 957 704 1738 739">
    <p class='ocr_par' dir='ltr' id='par_1_28' title="bbox 957 704 1738 739">
     <span class='ocr_line' id='line_1_28' title="bbox 957 704 1738 739; baseline -0.001 -8"><span class='ocrx_word' id='word_1_203' title='bbox 957 704 1194 737; x_wconf 88' lang='lat' dir='ltr'><strong>subscribendam,</strong></span> <span class='ocrx_word' id='word_1_204' title='bbox 1212 705 1401 732; x_wconf 84' lang='lat' dir='ltr'><strong>denuntiantes</strong></span> <span class='ocrx_word' id='word_1_205' title='bbox 1416 705 1540 732; x_wconf 80' lang='lat' dir='ltr'><strong>exsilium</strong></span> <span class='ocrx_word' id='word_1_206' title='bbox 1565 705 1598 732; x_wconf 92' lang='lat' dir='ltr'><strong>iis</strong></span> <span class='ocrx_word' id='word_1_207' title='bbox 1615 705 1661 739; x_wconf 89' lang='lat' dir='ltr'><strong>qui</strong></span> <span class='ocrx_word' id='word_1_208' title='bbox 1679 704 1738 731; x_wconf 93' lang='lat' dir='ltr'><strong>nol-</strong></span> 
     </span>
    </p>
   </div>
   <div class='ocr_carea' id='block_1_29' title="bbox 958 749 1739 785">
    <p class='ocr_par' dir='ltr' id='par_1_29' title="bbox 958 749 1739 785">
     <span class='ocr_line' id='line_1_29' title="bbox 958 749 1739 785; baseline 0 -9"><span class='ocrx_word' id='word_1_209' title='bbox 958 749 1013 777; x_wconf 91' lang='lat' dir='ltr'><strong>lent</strong></span> <span class='ocrx_word' id='word_1_210' title='bbox 1038 749 1194 785; x_wconf 70' lang='lat' dir='ltr'><strong>suffragium</strong></span> <span class='ocrx_word' id='word_1_211' title='bbox 1222 751 1298 778; x_wconf 85' lang='lat' dir='ltr'><strong>dare.</strong></span> <span class='ocrx_word' id='word_1_212' title='bbox 1324 750 1382 784; x_wconf 90' lang='lat' dir='ltr'><strong>Quo</strong></span> <span class='ocrx_word' id='word_1_213' title='bbox 1407 756 1544 785; x_wconf 89' lang='lat' dir='ltr'><strong>comperto</strong></span> <span class='ocrx_word' id='word_1_214' title='bbox 1574 751 1739 778; x_wconf 89' lang='lat' dir='ltr'><strong>Athanasius</strong></span> 
     </span>
    </p>
   </div>
   <div class='ocr_carea' id='block_1_30' title="bbox 957 795 1738 832">
    <p class='ocr_par' dir='ltr' id='par_1_30' title="bbox 957 795 1738 832">
     <span class='ocr_line' id='line_1_30' title="bbox 957 795 1738 832; baseline 0.001 -10"><span class='ocrx_word' id='word_1_215' title='bbox 957 796 1099 830; x_wconf 89' lang='lat' dir='ltr'><strong>epistolam</strong></span> <span class='ocrx_word' id='word_1_216' title='bbox 1118 795 1190 822; x_wconf 88' lang='lat' dir='ltr'><strong>misit</strong></span> <span class='ocrx_word' id='word_1_217' title='bbox 1218 796 1382 830; x_wconf 76' lang='lat' dir='ltr'><strong>encyclicam</strong></span> <span class='ocrx_word' id='word_1_218' title='bbox 1402 797 1435 823; x_wconf 90' lang='lat' dir='ltr'><strong>ad</strong></span> <span class='ocrx_word' id='word_1_219' title='bbox 1463 796 1604 824; x_wconf 87' lang='lat' dir='ltr'><strong>universos</strong></span> <span class='ocrx_word' id='word_1_220' title='bbox 1628 796 1738 832; x_wconf 62' lang='lat' dir='ltr'><strong>Egypti</strong></span> 
     </span>
    </p>
   </div>
   <div class='ocr_carea' id='block_1_31' title="bbox 957 840 1740 877">
    <p class='ocr_par' dir='ltr' id='par_1_31' title="bbox 957 840 1740 877">
     <span class='ocr_line' id='line_1_31' title="bbox 957 840 1740 877; baseline 0.001 -8"><span class='ocrx_word' id='word_1_221' title='bbox 957 846 984 869; x_wconf 89' lang='lat' dir='ltr'><strong>et</strong></span> <span class='ocrx_word' id='word_1_222' title='bbox 995 841 1086 877; x_wconf 65' lang='lat' dir='ltr'><strong>Libyae</strong></span> <span class='ocrx_word' id='word_1_223' title='bbox 1101 840 1259 876; x_wconf 84' lang='lat' dir='ltr'><strong>episcopos;</strong></span> <span class='ocrx_word' id='word_1_224' title='bbox 1277 841 1304 868; x_wconf 90' lang='lat' dir='ltr'><strong>in</strong></span> <span class='ocrx_word' id='word_1_225' title='bbox 1326 849 1391 876; x_wconf 87' lang='lat' dir='ltr'><strong>qua,</strong></span> <span class='ocrx_word' id='word_1_226' title='bbox 1421 842 1568 876; x_wconf 58' lang='lat' dir='ltr'><strong>praemissis</strong></span> <span class='ocrx_word' id='word_1_227' title='bbox 1586 842 1677 869; x_wconf 86' lang='lat' dir='ltr'><strong>multis</strong></span> <span class='ocrx_word' id='word_1_228' title='bbox 1706 844 1740 870; x_wconf 87' lang='lat' dir='ltr'><strong>de</strong></span> 
     </span>
    </p>
   </div>
   <div class='ocr_carea' id='block_1_32' title="bbox 123 881 1739 920">
    <p class='ocr_par' dir='ltr' id='par_1_32' title="bbox 123 881 1739 920">
     <span class='ocr_line' id='line_1_32' title="bbox 123 881 1739 920; baseline 0.004 -11"><span class='ocrx_word' id='word_1_229' title='bbox 123 881 218 916; x_wconf 82' lang='lat' dir='ltr'><strong>Neque</strong></span> <span class='ocrx_word' id='word_1_230' title='bbox 234 881 357 916; x_wconf 82' lang='lat' dir='ltr'><strong>exemplo</strong></span> <span class='ocrx_word' id='word_1_231' title='bbox 374 882 500 916; x_wconf 84' lang='lat' dir='ltr'><strong>quopiam</strong></span> <span class='ocrx_word' id='word_1_232' title='bbox 514 881 609 908; x_wconf 87' lang='lat' dir='ltr'><strong>nititur</strong></span> <span class='ocrx_word' id='word_1_233' title='bbox 622 882 696 916; x_wconf 89' lang='lat' dir='ltr'><strong>prior</strong></span> <span class='ocrx_word' id='word_1_234' title='bbox 707 882 905 917; x_wconf 73' lang='lat' dir='ltr'><strong>interpretatio.</strong></span> <span class='ocrx_word' id='word_1_235' title='bbox 923 881 944 909; x_wconf 85' lang='grc' dir='ltr'><strong>Β</strong></span> <span class='ocrx_word' id='word_1_236' title='bbox 958 886 1060 914; x_wconf 87' lang='lat' dir='ltr'><strong>diaboli</strong></span> <span class='ocrx_word' id='word_1_237' title='bbox 1076 886 1206 917; x_wconf 88' lang='lat' dir='ltr'><strong>versutia,</strong></span> <span class='ocrx_word' id='word_1_238' title='bbox 1224 887 1340 920; x_wconf 84' lang='lat' dir='ltr'><strong>insidiis,</strong></span> <span class='ocrx_word' id='word_1_239' title='bbox 1354 887 1612 919; x_wconf 83' lang='lat' dir='ltr'><strong>machinationibus.</strong></span> <span class='ocrx_word' id='word_1_240' title='bbox 1623 889 1739 915; x_wconf 83' lang='lat' dir='ltr'><strong>deinani</strong></span> 
     </span>
    </p>
   </div>
   <div class='ocr_carea' id='block_1_33' title="bbox 159 926 906 963">
    <p class='ocr_par' dir='ltr' id='par_1_33' title="bbox 159 926 906 963">
     <span class='ocr_line' id='line_1_33' title="bbox 159 926 906 963; baseline 0 -9"><span class='ocrx_word' id='word_1_241' title='bbox 159 927 203 954; x_wconf 77' lang='grc'><strong>15.</strong></span> <span class='ocrx_word' id='word_1_242' title='bbox 222 926 381 963; x_wconf 78' lang='lat' dir='ltr'><strong>Martyrium</strong></span> <span class='ocrx_word' id='word_1_243' title='bbox 408 927 534 955; x_wconf 82' lang='lat' dir='ltr'><strong>Secundi.</strong></span> <span class='ocrx_word' id='word_1_244' title='bbox 564 927 660 953; x_wconf 80' lang='lat' dir='ltr'><strong>Ariani</strong></span> <span class='ocrx_word' id='word_1_245' title='bbox 682 928 826 961; x_wconf 72' lang='lat' dir='ltr'><strong>formularii</strong></span> <span class='ocrx_word' id='word_1_246' title='bbox 843 928 906 962; x_wconf 77' lang='lat' dir='ltr'><strong>ﬁdei</strong></span> 
     </span>
    </p>
   </div>
   <div class='ocr_carea' id='block_1_34' title="bbox 127 972 908 1008">
    <p class='ocr_par' dir='ltr' id='par_1_34' title="bbox 127 972 908 1008">
     <span class='ocr_line' id='line_1_34' title="bbox 127 972 908 1008; baseline 0 -8"><span class='ocrx_word' id='word_1_247' title='bbox 127 974 218 1000; x_wconf 82' lang='lat' dir='ltr'><strong>edunt.</strong></span> <span class='ocrx_word' id='word_1_248' title='bbox 238 973 355 1007; x_wconf 77' lang='lat' dir='ltr'><strong>Epistula</strong></span> <span class='ocrx_word' id='word_1_249' title='bbox 370 973 519 1001; x_wconf 79' lang='lat' dir='ltr'><strong>Athanasii.</strong></span> <span class='ocrx_word' id='word_1_250' title='bbox 532 987 566 993; x_wconf 93' lang='lat'><strong>—</strong></span> <span class='ocrx_word' id='word_1_251' title='bbox 586 972 624 999; x_wconf 87' lang='lat' dir='ltr'><strong>Ea</strong></span> <span class='ocrx_word' id='word_1_252' title='bbox 639 981 720 1008; x_wconf 88' lang='lat' dir='ltr'><strong>porro</strong></span> <span class='ocrx_word' id='word_1_253' title='bbox 732 979 810 1000; x_wconf 82' lang='lat' dir='ltr'><strong>erant</strong></span> <span class='ocrx_word' id='word_1_254' title='bbox 826 974 908 1000; x_wconf 90' lang='lat' dir='ltr'><strong>animi</strong></span> 
     </span>
    </p>
   </div>
   <div class='ocr_carea' id='block_1_35' title="bbox 128 1019 909 1054">
    <p class='ocr_par' dir='ltr' id='par_1_35' title="bbox 128 1019 909 1054">
     <span class='ocr_line' id='line_1_35' title="bbox 128 1019 909 1054; baseline 0.001 -9"><span class='ocrx_word' id='word_1_255' title='bbox 128 1020 239 1046; x_wconf 82' lang='lat' dir='ltr'><strong>vafritie</strong></span> <span class='ocrx_word' id='word_1_256' title='bbox 254 1019 346 1046; x_wconf 87' lang='lat' dir='ltr'><strong>Ariani</strong></span> <span class='ocrx_word' id='word_1_257' title='bbox 365 1024 390 1047; x_wconf 93' lang='lat' dir='ltr'><strong>el</strong></span> <span class='ocrx_word' id='word_1_258' title='bbox 410 1020 570 1052; x_wconf 84' lang='lat' dir='ltr'><strong>calliditate,</strong></span> <span class='ocrx_word' id='word_1_259' title='bbox 589 1025 618 1047; x_wconf 87' lang='lat' dir='ltr'><strong>ut</strong></span> <span class='ocrx_word' id='word_1_260' title='bbox 632 1020 776 1054; x_wconf 85' lang='lat' dir='ltr'><strong>patrocinii</strong></span> <span class='ocrx_word' id='word_1_261' title='bbox 797 1020 838 1048; x_wconf 88' lang='lat' dir='ltr'><strong>sui</strong></span> <span class='ocrx_word' id='word_1_262' title='bbox 853 1020 909 1053; x_wconf 90' lang='lat' dir='ltr'><strong>pol-</strong></span> 
     </span>
    </p>
   </div>
   <div class='ocr_carea' id='block_1_36' title="bbox 129 1065 908 1101">
    <p class='ocr_par' dir='ltr' id='par_1_36' title="bbox 129 1065 908 1101">
     <span class='ocr_line' id='line_1_36' title="bbox 129 1065 908 1101; baseline 0 -10"><span class='ocrx_word' id='word_1_263' title='bbox 129 1065 278 1092; x_wconf 70' lang='lat' dir='ltr'><strong>licitatione</strong></span> <span class='ocrx_word' id='word_1_264' title='bbox 291 1072 322 1092; x_wconf 91' lang='lat' dir='ltr'><strong>ac</strong></span> <span class='ocrx_word' id='word_1_265' title='bbox 336 1065 509 1099; x_wconf 90' lang='lat' dir='ltr'><strong>pecuniarum</strong></span> <span class='ocrx_word' id='word_1_266' title='bbox 527 1065 680 1101; x_wconf 76' lang='lat' dir='ltr'><strong>largitione,</strong></span> <span class='ocrx_word' id='word_1_267' title='bbox 694 1065 793 1092; x_wconf 89' lang='lat' dir='ltr'><strong>multos</strong></span> <span class='ocrx_word' id='word_1_268' title='bbox 807 1065 858 1092; x_wconf 88' lang='lat' dir='ltr'><strong>sibi</strong></span> <span class='ocrx_word' id='word_1_269' title='bbox 870 1065 908 1091; x_wconf 90' lang='lat' dir='ltr'><strong>al-</strong></span> 
     </span>
    </p>
   </div>
   <div class='ocr_carea' id='block_1_37' title="bbox 126 1111 909 1145">
    <p class='ocr_par' dir='ltr' id='par_1_37' title="bbox 126 1111 909 1145">
     <span class='ocr_line' id='line_1_37' title="bbox 126 1111 909 1145; baseline 0.001 -9"><span class='ocrx_word' id='word_1_270' title='bbox 126 1111 208 1138; x_wconf 86' lang='lat' dir='ltr'><strong>licere</strong></span> <span class='ocrx_word' id='word_1_271' title='bbox 221 1115 374 1144; x_wconf 85' lang='lat' dir='ltr'><strong>tentarent;</strong></span> <span class='ocrx_word' id='word_1_272' title='bbox 391 1115 419 1137; x_wconf 92' lang='lat' dir='ltr'><strong>ut</strong></span> <span class='ocrx_word' id='word_1_273' title='bbox 433 1111 650 1145; x_wconf 84' lang='lat' dir='ltr'><strong>quandoquidem</strong></span> <span class='ocrx_word' id='word_1_274' title='bbox 666 1118 718 1138; x_wconf 88' lang='lat' dir='ltr'><strong>non</strong></span> <span class='ocrx_word' id='word_1_275' title='bbox 741 1118 774 1138; x_wconf 85' lang='lat' dir='ltr'><strong>ex</strong></span> <span class='ocrx_word' id='word_1_276' title='bbox 789 1117 866 1145; x_wconf 67' lang='lat' dir='ltr'><strong>aequo</strong></span> <span class='ocrx_word' id='word_1_277' title='bbox 882 1115 909 1137; x_wconf 87' lang='lat' dir='ltr'><strong>et</strong></span> 
     </span>
    </p>
   </div>
   <div class='ocr_carea' id='block_1_38' title="bbox 123 1156 909 1191">
    <p class='ocr_par' dir='ltr' id='par_1_38' title="bbox 123 1156 909 1191">
     <span class='ocr_line' id='line_1_38' title="bbox 123 1156 909 1191; baseline -0.001 -8"><span class='ocrx_word' id='word_1_278' title='bbox 123 1156 195 1183; x_wconf 88' lang='lat' dir='ltr'><strong>bono</strong></span> <span class='ocrx_word' id='word_1_279' title='bbox 207 1157 232 1183; x_wconf 92' lang='lat' dir='ltr'><strong>in</strong></span> <span class='ocrx_word' id='word_1_280' title='bbox 250 1157 336 1191; x_wconf 89' lang='lat' dir='ltr'><strong>pretio</strong></span> <span class='ocrx_word' id='word_1_281' title='bbox 363 1163 452 1189; x_wconf 89' lang='lat' dir='ltr'><strong>erant,</strong></span> <span class='ocrx_word' id='word_1_282' title='bbox 475 1157 517 1183; x_wconf 87' lang='lat' dir='ltr'><strong>vel</strong></span> <span class='ocrx_word' id='word_1_283' title='bbox 535 1156 598 1184; x_wconf 89' lang='lat' dir='ltr'><strong>hinc</strong></span> <span class='ocrx_word' id='word_1_284' title='bbox 610 1156 705 1184; x_wconf 90' lang='lat' dir='ltr'><strong>saltem</strong></span> <span class='ocrx_word' id='word_1_285' title='bbox 724 1156 797 1190; x_wconf 88' lang='lat' dir='ltr'><strong>apud</strong></span> <span class='ocrx_word' id='word_1_286' title='bbox 819 1156 909 1182; x_wconf 77' lang='lat' dir='ltr'><strong>rudio—</strong></span> 
     </span>
    </p>
   </div>
   <div class='ocr_carea' id='block_1_39' title="bbox 123 1201 908 1238">
    <p class='ocr_par' dir='ltr' id='par_1_39' title="bbox 123 1201 908 1238">
     <span class='ocr_line' id='line_1_39' title="bbox 123 1201 908 1238; baseline -0.001 -8"><span class='ocrx_word' id='word_1_287' title='bbox 123 1209 168 1230; x_wconf 80' lang='lat' dir='ltr'><strong>tes</strong></span> <span class='ocrx_word' id='word_1_288' title='bbox 183 1202 298 1236; x_wconf 86' lang='lat' dir='ltr'><strong>aliquam</strong></span> <span class='ocrx_word' id='word_1_289' title='bbox 314 1202 475 1238; x_wconf 72' lang='lat' dir='ltr'><strong>praeferrent</strong></span> <span class='ocrx_word' id='word_1_290' title='bbox 490 1203 612 1237; x_wconf 86' lang='lat' dir='ltr'><strong>speciem</strong></span> <span class='ocrx_word' id='word_1_291' title='bbox 626 1201 777 1236; x_wconf 72' lang='lat' dir='ltr'><strong>dignitatis.</strong></span> <span class='ocrx_word' id='word_1_292' title='bbox 798 1201 826 1228; x_wconf 87' lang='lat' dir='ltr'><strong>Si</strong></span> <span class='ocrx_word' id='word_1_293' title='bbox 840 1209 908 1236; x_wconf 87' lang='lat' dir='ltr'><strong>quos</strong></span> 
     </span>
    </p>
   </div>
   <div class='ocr_carea' id='block_1_40' title="bbox 123 1246 908 1282">
    <p class='ocr_par' dir='ltr' id='par_1_40' title="bbox 123 1246 908 1282">
     <span class='ocr_line' id='line_1_40' title="bbox 123 1246 908 1282; baseline 0.001 -9"><span class='ocrx_word' id='word_1_294' title='bbox 123 1251 215 1274; x_wconf 58' lang='lat' dir='ltr'><strong>autem</strong></span> <span class='ocrx_word' id='word_1_295' title='bbox 234 1246 303 1281; x_wconf 77' lang='lat' dir='ltr'><strong>frugi</strong></span> <span class='ocrx_word' id='word_1_296' title='bbox 327 1247 452 1275; x_wconf 85' lang='lat' dir='ltr'><strong>homines</strong></span> <span class='ocrx_word' id='word_1_297' title='bbox 479 1248 603 1276; x_wconf 86' lang='lat' dir='ltr'><strong>infensos</strong></span> <span class='ocrx_word' id='word_1_298' title='bbox 623 1248 676 1275; x_wconf 90' lang='lat' dir='ltr'><strong>sibi</strong></span> <span class='ocrx_word' id='word_1_299' title='bbox 691 1252 816 1280; x_wconf 86' lang='lat' dir='ltr'><strong>nossent,</strong></span> <span class='ocrx_word' id='word_1_300' title='bbox 839 1248 908 1282; x_wconf 89' lang='lat' dir='ltr'><strong>apud</strong></span> 
     </span>
    </p>
   </div>
   <div class='ocr_carea' id='block_1_41' title="bbox 125 1293 909 1328">
    <p class='ocr_par' dir='ltr' id='par_1_41' title="bbox 125 1293 909 1328">
     <span class='ocr_line' id='line_1_41' title="bbox 125 1293 909 1328; baseline 0.001 -9"><span class='ocrx_word' id='word_1_301' title='bbox 125 1301 194 1328; x_wconf 89' lang='lat' dir='ltr'><strong>quos</strong></span> <span class='ocrx_word' id='word_1_302' title='bbox 211 1293 299 1321; x_wconf 87' lang='lat' dir='ltr'><strong>nullus</strong></span> <span class='ocrx_word' id='word_1_303' title='bbox 316 1294 349 1320; x_wconf 92' lang='lat' dir='ltr'><strong>ad</strong></span> <span class='ocrx_word' id='word_1_304' title='bbox 364 1295 516 1328; x_wconf 86' lang='lat' dir='ltr'><strong>pecuniam,</strong></span> <span class='ocrx_word' id='word_1_305' title='bbox 534 1295 567 1321; x_wconf 91' lang='lat' dir='ltr'><strong>ad</strong></span> <span class='ocrx_word' id='word_1_306' title='bbox 585 1294 780 1326; x_wconf 81' lang='lat' dir='ltr'><strong>blandimenta,</strong></span> <span class='ocrx_word' id='word_1_307' title='bbox 803 1293 837 1321; x_wconf 91' lang='lat' dir='ltr'><strong>ad</strong></span> <span class='ocrx_word' id='word_1_308' title='bbox 852 1301 909 1320; x_wconf 92' lang='lat' dir='ltr'><strong>mu-</strong></span> 
     </span>
    </p>
   </div>
   <div class='ocr_carea' id='block_1_42' title="bbox 126 1339 908 1373">
    <p class='ocr_par' dir='ltr' id='par_1_42' title="bbox 126 1339 908 1373">
     <span class='ocr_line' id='line_1_42' title="bbox 126 1339 908 1373; baseline 0.001 -8"><span class='ocrx_word' id='word_1_309' title='bbox 126 1346 191 1365; x_wconf 91' lang='lat' dir='ltr'><strong>nera</strong></span> <span class='ocrx_word' id='word_1_310' title='bbox 205 1339 294 1366; x_wconf 89' lang='lat' dir='ltr'><strong>aditus</strong></span> <span class='ocrx_word' id='word_1_311' title='bbox 308 1344 391 1371; x_wconf 87' lang='lat' dir='ltr'><strong>esset,</strong></span> <span class='ocrx_word' id='word_1_312' title='bbox 409 1340 458 1367; x_wconf 89' lang='lat' dir='ltr'><strong>hos</strong></span> <span class='ocrx_word' id='word_1_313' title='bbox 475 1340 557 1366; x_wconf 89' lang='lat' dir='ltr'><strong>nullis</strong></span> <span class='ocrx_word' id='word_1_314' title='bbox 578 1347 631 1366; x_wconf 90' lang='lat' dir='ltr'><strong>non</strong></span> <span class='ocrx_word' id='word_1_315' title='bbox 649 1339 737 1373; x_wconf 81' lang='lat' dir='ltr'><strong>malis,</strong></span> <span class='ocrx_word' id='word_1_316' title='bbox 756 1339 836 1367; x_wconf 89' lang='lat' dir='ltr'><strong>nullis</strong></span> <span class='ocrx_word' id='word_1_317' title='bbox 855 1347 908 1366; x_wconf 90' lang='lat' dir='ltr'><strong>nou</strong></span> 
     </span>
    </p>
   </div>
   <div class='ocr_carea' id='block_1_43' title="bbox 125 1385 908 1420">
    <p class='ocr_par' dir='ltr' id='par_1_43' title="bbox 125 1385 908 1420">
     <span class='ocr_line' id='line_1_43' title="bbox 125 1385 908 1420; baseline 0 -9"><span class='ocrx_word' id='word_1_318' title='bbox 125 1385 269 1412; x_wconf 85' lang='lat' dir='ltr'><strong>calumniis</strong></span> <span class='ocrx_word' id='word_1_319' title='bbox 285 1385 448 1412; x_wconf 87' lang='lat' dir='ltr'><strong>onerabant.</strong></span> <span class='ocrx_word' id='word_1_320' title='bbox 466 1385 565 1412; x_wconf 85' lang='lat' dir='ltr'><strong>Videre</strong></span> <span class='ocrx_word' id='word_1_321' title='bbox 579 1390 637 1413; x_wconf 87' lang='lat' dir='ltr'><strong>erat</strong></span> <span class='ocrx_word' id='word_1_322' title='bbox 658 1386 781 1413; x_wconf 78' lang='lat' dir='ltr'><strong>homines</strong></span> <span class='ocrx_word' id='word_1_323' title='bbox 795 1393 843 1420; x_wconf 89' lang='lat' dir='ltr'><strong>per</strong></span> <span class='ocrx_word' id='word_1_324' title='bbox 863 1393 908 1412; x_wconf 89' lang='lat' dir='ltr'><strong>ur-</strong></span> 
     </span>
    </p>
   </div>
   <div class='ocr_carea' id='block_1_44' title="bbox 126 1430 909 1466">
    <p class='ocr_par' dir='ltr' id='par_1_44' title="bbox 126 1430 909 1466">
     <span class='ocr_line' id='line_1_44' title="bbox 126 1430 909 1466; baseline 0.003 -10"><span class='ocrx_word' id='word_1_325' title='bbox 126 1431 197 1462; x_wconf 65' lang='lat' dir='ltr'><strong>bem,</strong></span> <span class='ocrx_word' id='word_1_326' title='bbox 212 1438 313 1465; x_wconf 85' lang='lat' dir='ltr'><strong>perque</strong></span> <span class='ocrx_word' id='word_1_327' title='bbox 328 1431 402 1457; x_wconf 88' lang='lat' dir='ltr'><strong>varia</strong></span> <span class='ocrx_word' id='word_1_328' title='bbox 419 1430 526 1466; x_wconf 64' lang='lat' dir='ltr'><strong>Egypti</strong></span> <span class='ocrx_word' id='word_1_329' title='bbox 555 1431 613 1458; x_wconf 80' lang='lat' dir='ltr'><strong>loca</strong></span> <span class='ocrx_word' id='word_1_330' title='bbox 631 1431 856 1464; x_wconf 87' lang='lat' dir='ltr'><strong>circumcursarc,</strong></span> <span class='ocrx_word' id='word_1_331' title='bbox 880 1436 909 1458; x_wconf 91' lang='lat' dir='ltr'><strong>ut</strong></span> 
     </span>
    </p>
   </div>
   <div class='ocr_carea' id='block_1_45' title="bbox 126 1475 908 1512">
    <p class='ocr_par' dir='ltr' id='par_1_45' title="bbox 126 1475 908 1512">
     <span class='ocr_line' id='line_1_45' title="bbox 126 1475 908 1512; baseline 0.001 -9"><span class='ocrx_word' id='word_1_332' title='bbox 126 1476 149 1503; x_wconf 84' lang='lat' dir='ltr'><strong>si</strong></span> <span class='ocrx_word' id='word_1_333' title='bbox 160 1484 228 1510; x_wconf 87' lang='lat' dir='ltr'><strong>quos</strong></span> <span class='ocrx_word' id='word_1_334' title='bbox 239 1475 409 1504; x_wconf 84' lang='lat' dir='ltr'><strong>oll’enderent</strong></span> <span class='ocrx_word' id='word_1_335' title='bbox 423 1476 576 1512; x_wconf 86' lang='lat' dir='ltr'><strong>lmjusmodi</strong></span> <span class='ocrx_word' id='word_1_336' title='bbox 589 1497 596 1510; x_wconf 88' lang='lat'><strong>,</strong></span> <span class='ocrx_word' id='word_1_337' title='bbox 611 1476 712 1512; x_wconf 84' lang='lat' dir='ltr'><strong>ﬂagris,</strong></span> <span class='ocrx_word' id='word_1_338' title='bbox 740 1477 908 1510; x_wconf 86' lang='lat' dir='ltr'><strong>verberibus,</strong></span> 
     </span>
    </p>
   </div>
   <div class='ocr_carea' id='block_1_46' title="bbox 126 1521 909 1557">
    <p class='ocr_par' dir='ltr' id='par_1_46' title="bbox 126 1521 909 1557">
     <span class='ocr_line' id='line_1_46' title="bbox 126 1521 909 1557; baseline 0.001 -9"><span class='ocrx_word' id='word_1_339' title='bbox 126 1521 234 1555; x_wconf 89' lang='lat' dir='ltr'><strong>exsilio,</strong></span> <span class='ocrx_word' id='word_1_340' title='bbox 253 1523 307 1549; x_wconf 91' lang='lat' dir='ltr'><strong>imo</strong></span> <span class='ocrx_word' id='word_1_341' title='bbox 323 1526 421 1554; x_wconf 89' lang='lat' dir='ltr'><strong>morte,</strong></span> <span class='ocrx_word' id='word_1_342' title='bbox 440 1522 461 1549; x_wconf 89' lang='lat' dir='ltr'><strong>si</strong></span> <span class='ocrx_word' id='word_1_343' title='bbox 478 1527 600 1557; x_wconf 86' lang='lat' dir='ltr'><strong>possent,</strong></span> <span class='ocrx_word' id='word_1_344' title='bbox 615 1523 768 1550; x_wconf 83' lang='lat' dir='ltr'><strong>aflicerent.</strong></span> <span class='ocrx_word' id='word_1_345' title='bbox 783 1522 841 1550; x_wconf 88' lang='lat' dir='ltr'><strong>Non</strong></span> <span class='ocrx_word' id='word_1_346' title='bbox 858 1522 909 1550; x_wconf 90' lang='lat' dir='ltr'><strong>illis</strong></span> 
     </span>
    </p>
   </div>
   <div class='ocr_carea' id='block_1_47' title="bbox 127 1568 908 1602">
    <p class='ocr_par' dir='ltr' id='par_1_47' title="bbox 127 1568 908 1602">
     <span class='ocr_line' id='line_1_47' title="bbox 127 1568 908 1602; baseline 0.003 -9"><span class='ocrx_word' id='word_1_347' title='bbox 127 1572 261 1597; x_wconf 83' lang='lat' dir='ltr'><strong>nocturna</strong></span> <span class='ocrx_word' id='word_1_348' title='bbox 278 1568 392 1600; x_wconf 89' lang='lat' dir='ltr'><strong>invasio,</strong></span> <span class='ocrx_word' id='word_1_349' title='bbox 406 1575 458 1594; x_wconf 90' lang='lat' dir='ltr'><strong>non</strong></span> <span class='ocrx_word' id='word_1_350' title='bbox 475 1568 562 1595; x_wconf 72' lang='lat' dir='ltr'><strong>ciedes</strong></span> <span class='ocrx_word' id='word_1_351' title='bbox 589 1571 671 1602; x_wconf 86' lang='lat' dir='ltr'><strong>atque</strong></span> <span class='ocrx_word' id='word_1_352' title='bbox 686 1568 826 1602; x_wconf 81' lang='lat' dir='ltr'><strong>expilatio,</strong></span> <span class='ocrx_word' id='word_1_353' title='bbox 854 1575 908 1595; x_wconf 91' lang='lat' dir='ltr'><strong>non</strong></span> 
     </span>
    </p>
   </div>
   <div class='ocr_carea' id='block_1_48' title="bbox 127 1613 909 1646">
    <p class='ocr_par' dir='ltr' id='par_1_48' title="bbox 127 1613 909 1646">
     <span class='ocr_line' id='line_1_48' title="bbox 127 1613 909 1646; baseline 0.001 -7"><span class='ocrx_word' id='word_1_354' title='bbox 127 1614 161 1640; x_wconf 86' lang='lat' dir='ltr'><strong>ab</strong></span> <span class='ocrx_word' id='word_1_355' title='bbox 177 1613 302 1640; x_wconf 88' lang='lat' dir='ltr'><strong>Heraclio</strong></span> <span class='ocrx_word' id='word_1_356' title='bbox 317 1613 390 1640; x_wconf 87' lang='lat' dir='ltr'><strong>illata</strong></span> <span class='ocrx_word' id='word_1_357' title='bbox 407 1614 512 1640; x_wconf 81' lang='lat' dir='ltr'><strong>vexatio</strong></span> <span class='ocrx_word' id='word_1_358' title='bbox 524 1618 601 1640; x_wconf 89' lang='lat' dir='ltr'><strong>erant</strong></span> <span class='ocrx_word' id='word_1_359' title='bbox 622 1614 708 1646; x_wconf 87' lang='lat' dir='ltr'><strong>satis;</strong></span> <span class='ocrx_word' id='word_1_360' title='bbox 741 1613 788 1640; x_wconf 89' lang='lat' dir='ltr'><strong>sed</strong></span> <span class='ocrx_word' id='word_1_361' title='bbox 804 1613 909 1641; x_wconf 87' lang='lat' dir='ltr'><strong>levissi-</strong></span> 
     </span>
    </p>
   </div>
   <div class='ocr_carea' id='block_1_49' title="bbox 128 1658 908 1692">
    <p class='ocr_par' dir='ltr' id='par_1_49' title="bbox 128 1658 908 1692">
     <span class='ocr_line' id='line_1_49' title="bbox 128 1658 908 1692; baseline 0.001 -8"><span class='ocrx_word' id='word_1_362' title='bbox 128 1667 201 1685; x_wconf 92' lang='lat' dir='ltr'><strong>mum</strong></span> <span class='ocrx_word' id='word_1_363' title='bbox 215 1659 325 1692; x_wconf 83' lang='lat' dir='ltr'><strong>suisque</strong></span> <span class='ocrx_word' id='word_1_364' title='bbox 343 1658 464 1685; x_wconf 85' lang='lat' dir='ltr'><strong>consiliis</strong></span> <span class='ocrx_word' id='word_1_365' title='bbox 478 1659 613 1686; x_wconf 85' lang='lat' dir='ltr'><strong>addictum</strong></span> <span class='ocrx_word' id='word_1_366' title='bbox 626 1658 776 1686; x_wconf 84' lang='lat' dir='ltr'><strong>Constantii</strong></span> <span class='ocrx_word' id='word_1_367' title='bbox 789 1659 908 1685; x_wconf 92' lang='lat' dir='ltr'><strong>animum</strong></span> 
     </span>
    </p>
   </div>
   <div class='ocr_carea' id='block_1_50' title="bbox 127 1704 909 1739">
    <p class='ocr_par' dir='ltr' id='par_1_50' title="bbox 127 1704 909 1739">
     <span class='ocr_line' id='line_1_50' title="bbox 127 1704 909 1739; baseline 0.001 -9"><span class='ocrx_word' id='word_1_368' title='bbox 127 1705 160 1731; x_wconf 90' lang='lat' dir='ltr'><strong>ad</strong></span> <span class='ocrx_word' id='word_1_369' title='bbox 178 1705 303 1739; x_wconf 77' lang='lat' dir='ltr'><strong>graviora</strong></span> <span class='ocrx_word' id='word_1_370' title='bbox 317 1705 453 1732; x_wconf 78' lang='lat' dir='ltr'><strong>inferenda</strong></span> <span class='ocrx_word' id='word_1_371' title='bbox 470 1704 678 1739; x_wconf 86' lang='lat' dir='ltr'><strong>compellebant,</strong></span> <span class='ocrx_word' id='word_1_372' title='bbox 690 1711 838 1739; x_wconf 87' lang='lat' dir='ltr'><strong>necemque</strong></span> <span class='ocrx_word' id='word_1_373' title='bbox 852 1704 909 1738; x_wconf 91' lang='lat' dir='ltr'><strong>pio-</strong></span> 
     </span>
    </p>
   </div>
   <div class='ocr_carea' id='block_1_51' title="bbox 126 1751 908 1779">
    <p class='ocr_par' dir='ltr' id='par_1_51' title="bbox 126 1751 908 1779">
     <span class='ocr_line' id='line_1_51' title="bbox 126 1751 908 1779; baseline 0.001 -3"><span class='ocrx_word' id='word_1_374' title='bbox 126 1758 187 1777; x_wconf 87' lang='lat' dir='ltr'><strong>ruui</strong></span> <span class='ocrx_word' id='word_1_375' title='bbox 204 1751 343 1777; x_wconf 88' lang='lat' dir='ltr'><strong>hominum</strong></span> <span class='ocrx_word' id='word_1_376' title='bbox 366 1751 438 1778; x_wconf 88' lang='lat' dir='ltr'><strong>omni</strong></span> <span class='ocrx_word' id='word_1_377' title='bbox 459 1756 517 1779; x_wconf 91' lang='lat' dir='ltr'><strong>arte</strong></span> <span class='ocrx_word' id='word_1_378' title='bbox 544 1755 572 1778; x_wconf 87' lang='lat' dir='ltr'><strong>et</strong></span> <span class='ocrx_word' id='word_1_379' title='bbox 600 1751 691 1778; x_wconf 87' lang='lat' dir='ltr'><strong>studio</strong></span> <span class='ocrx_word' id='word_1_380' title='bbox 717 1751 908 1778; x_wconf 86' lang='lat' dir='ltr'><strong>moliebantur.</strong></span> 
     </span>
    </p>
   </div>
   <div class='ocr_carea' id='block_1_52' title="bbox 127 1795 909 1831">
    <p class='ocr_par' dir='ltr' id='par_1_52' title="bbox 127 1795 909 1831">
     <span class='ocr_line' id='line_1_52' title="bbox 127 1795 909 1831; baseline 0 -8"><span class='ocrx_word' id='word_1_381' title='bbox 127 1795 195 1823; x_wconf 83' lang='lat' dir='ltr'><strong>Nam</strong></span> <span class='ocrx_word' id='word_1_382' title='bbox 207 1804 319 1824; x_wconf 70' lang='lat' dir='ltr'><strong>summa:</strong></span> <span class='ocrx_word' id='word_1_383' title='bbox 342 1797 393 1824; x_wconf 93' lang='lat' dir='ltr'><strong>viri</strong></span> <span class='ocrx_word' id='word_1_384' title='bbox 422 1797 549 1829; x_wconf 63' lang='lat' dir='ltr'><strong>audaciae,</strong></span> <span class='ocrx_word' id='word_1_385' title='bbox 569 1795 709 1824; x_wconf 84' lang='lat' dir='ltr'><strong>Secundus</strong></span> <span class='ocrx_word' id='word_1_386' title='bbox 725 1796 909 1831; x_wconf 76' lang='lat' dir='ltr'><strong>Pentapolita-</strong></span> 
     </span>
    </p>
   </div>
   <div class='ocr_carea' id='block_1_53' title="bbox 129 1843 910 1878">
    <p class='ocr_par' dir='ltr' id='par_1_53' title="bbox 129 1843 910 1878">
     <span class='ocr_line' id='line_1_53' title="bbox 129 1843 910 1878; baseline 0.001 -10"><span class='ocrx_word' id='word_1_387' title='bbox 129 1850 179 1869; x_wconf 89' lang='lat' dir='ltr'><strong>nus</strong></span> <span class='ocrx_word' id='word_1_388' title='bbox 193 1847 321 1870; x_wconf 86' lang='lat' dir='ltr'><strong>strenuus</strong></span> <span class='ocrx_word' id='word_1_389' title='bbox 346 1843 385 1870; x_wconf 92' lang='lat' dir='ltr'><strong>rei</strong></span> <span class='ocrx_word' id='word_1_390' title='bbox 415 1843 520 1870; x_wconf 61' lang='lat' dir='ltr'><strong>Arianae</strong></span> <span class='ocrx_word' id='word_1_391' title='bbox 544 1848 740 1878; x_wconf 85' lang='lat' dir='ltr'><strong>propugnator,</strong></span> <span class='ocrx_word' id='word_1_392' title='bbox 757 1848 783 1870; x_wconf 91' lang='lat' dir='ltr'><strong>et</strong></span> <span class='ocrx_word' id='word_1_393' title='bbox 798 1843 910 1877; x_wconf 87' lang='lat' dir='ltr'><strong>Stepha-</strong></span> 
     </span>
    </p>
   </div>
   <div class='ocr_carea' id='block_1_54' title="bbox 128 1888 909 1923">
    <p class='ocr_par' dir='ltr' id='par_1_54' title="bbox 128 1888 909 1923">
     <span class='ocr_line' id='line_1_54' title="bbox 128 1888 909 1923; baseline 0 -9"><span class='ocrx_word' id='word_1_394' title='bbox 128 1896 179 1915; x_wconf 92' lang='lat' dir='ltr'><strong>nus</strong></span> <span class='ocrx_word' id='word_1_395' title='bbox 197 1888 331 1915; x_wconf 86' lang='lat' dir='ltr'><strong>scelerum</strong></span> <span class='ocrx_word' id='word_1_396' title='bbox 345 1888 446 1921; x_wconf 85' lang='lat' dir='ltr'><strong>socius,</strong></span> <span class='ocrx_word' id='word_1_397' title='bbox 467 1888 542 1923; x_wconf 90' lang='lat' dir='ltr'><strong>gnari</strong></span> <span class='ocrx_word' id='word_1_398' title='bbox 571 1895 600 1916; x_wconf 74' lang='lat' dir='ltr'><strong>es</strong></span> <span class='ocrx_word' id='word_1_399' title='bbox 625 1889 758 1916; x_wconf 68' lang='lat' dir='ltr'><strong>haereseos</strong></span> <span class='ocrx_word' id='word_1_400' title='bbox 777 1889 860 1922; x_wconf 81' lang='lat' dir='ltr'><strong>gratia</strong></span> <span class='ocrx_word' id='word_1_401' title='bbox 883 1891 909 1914; x_wconf 87' lang='lat' dir='ltr'><strong>et</strong></span> 
     </span>
    </p>
   </div>
   <div class='ocr_carea' id='block_1_55' title="bbox 128 1933 908 1968">
    <p class='ocr_par' dir='ltr' id='par_1_55' title="bbox 128 1933 908 1968">
     <span class='ocr_line' id='line_1_55' title="bbox 128 1933 908 1968; baseline 0.001 -9"><span class='ocrx_word' id='word_1_402' title='bbox 128 1934 277 1967; x_wconf 89' lang='lat' dir='ltr'><strong>patrocinio</strong></span> <span class='ocrx_word' id='word_1_403' title='bbox 302 1933 374 1960; x_wconf 89' lang='lat' dir='ltr'><strong>nulla</strong></span> <span class='ocrx_word' id='word_1_404' title='bbox 393 1941 444 1960; x_wconf 94' lang='lat' dir='ltr'><strong>non</strong></span> <span class='ocrx_word' id='word_1_405' title='bbox 469 1933 583 1961; x_wconf 84' lang='lat' dir='ltr'><strong>crimina</strong></span> <span class='ocrx_word' id='word_1_406' title='bbox 603 1934 712 1968; x_wconf 89' lang='lat' dir='ltr'><strong>impune</strong></span> <span class='ocrx_word' id='word_1_407' title='bbox 730 1933 908 1965; x_wconf 84' lang='lat' dir='ltr'><strong>admissuros,</strong></span> 
     </span>
    </p>
   </div>
   <div class='ocr_carea' id='block_1_56' title="bbox 129 1976 909 2013">
    <p class='ocr_par' dir='ltr' id='par_1_56' title="bbox 129 1976 909 2013">
     <span class='ocr_line' id='line_1_56' title="bbox 129 1976 909 2013; baseline 0.003 -9"><span class='ocrx_word' id='word_1_408' title='bbox 129 1984 189 2004; x_wconf 87' lang='lat' dir='ltr'><strong>cum</strong></span> <span class='ocrx_word' id='word_1_409' title='bbox 209 1977 236 2003; x_wconf 92' lang='lat' dir='ltr'><strong>in</strong></span> <span class='ocrx_word' id='word_1_410' title='bbox 256 1976 340 2004; x_wconf 83' lang='lat' dir='ltr'><strong>Barca</strong></span> <span class='ocrx_word' id='word_1_411' title='bbox 363 1978 549 2013; x_wconf 87' lang='lat' dir='ltr'><strong>presbyterum</strong></span> <span class='ocrx_word' id='word_1_412' title='bbox 569 1978 621 2006; x_wconf 88' lang='lat' dir='ltr'><strong>sibi</strong></span> <span class='ocrx_word' id='word_1_413' title='bbox 647 1985 699 2005; x_wconf 92' lang='lat' dir='ltr'><strong>non</strong></span> <span class='ocrx_word' id='word_1_414' title='bbox 719 1979 909 2013; x_wconf 86' lang='lat' dir='ltr'><strong>obsequentem</strong></span> 
     </span>
    </p>
   </div>
   <div class='ocr_carea' id='block_1_57' title="bbox 129 2022 910 2056">
    <p class='ocr_par' dir='ltr' id='par_1_57' title="bbox 129 2022 910 2056">
     <span class='ocr_line' id='line_1_57' title="bbox 129 2022 910 2056; baseline 0.003 -7"><span class='ocrx_word' id='word_1_415' title='bbox 129 2023 371 2056; x_wconf 88' lang='lat' dir='ltr'><strong>deprehenderent,</strong></span> <span class='ocrx_word' id='word_1_416' title='bbox 402 2022 555 2050; x_wconf 89' lang='lat' dir='ltr'><strong>Secundum</strong></span> <span class='ocrx_word' id='word_1_417' title='bbox 582 2023 701 2056; x_wconf 85' lang='lat' dir='ltr'><strong>nomine,</strong></span> <span class='ocrx_word' id='word_1_418' title='bbox 731 2024 768 2051; x_wconf 91' lang='lat' dir='ltr'><strong>ita</strong></span> <span class='ocrx_word' id='word_1_419' title='bbox 789 2024 910 2051; x_wconf 84' lang='lat' dir='ltr'><strong>calcibus</strong></span> 
     </span>
    </p>
   </div>
   <div class='ocr_carea' id='block_1_58' title="bbox 130 2068 909 2104">
    <p class='ocr_par' dir='ltr' id='par_1_58' title="bbox 130 2068 909 2104">
     <span class='ocr_line' id='line_1_58' title="bbox 130 2068 909 2104; baseline 0.004 -10"><span class='ocrx_word' id='word_1_420' title='bbox 130 2069 216 2095; x_wconf 91' lang='lat' dir='ltr'><strong>virum</strong></span> <span class='ocrx_word' id='word_1_421' title='bbox 233 2069 417 2103; x_wconf 90' lang='lat' dir='ltr'><strong>impetierunt,</strong></span> <span class='ocrx_word' id='word_1_422' title='bbox 434 2073 462 2095; x_wconf 89' lang='lat' dir='ltr'><strong>ut</strong></span> <span class='ocrx_word' id='word_1_423' title='bbox 477 2069 578 2096; x_wconf 90' lang='lat' dir='ltr'><strong>ictuum</strong></span> <span class='ocrx_word' id='word_1_424' title='bbox 594 2069 619 2095; x_wconf 93' lang='lat' dir='ltr'><strong>vi</strong></span> <span class='ocrx_word' id='word_1_425' title='bbox 634 2073 660 2095; x_wconf 84' lang='lat' dir='ltr'><strong>et</strong></span> <span class='ocrx_word' id='word_1_426' title='bbox 678 2068 828 2104; x_wconf 88' lang='lat' dir='ltr'><strong>frequentia</strong></span> <span class='ocrx_word' id='word_1_427' title='bbox 841 2071 909 2097; x_wconf 89' lang='lat' dir='ltr'><strong>inte-</strong></span> 
     </span>
    </p>
   </div>
   <div class='ocr_carea' id='block_1_59' title="bbox 131 2113 909 2149">
    <p class='ocr_par' dir='ltr' id='par_1_59' title="bbox 131 2113 909 2149">
     <span class='ocr_line' id='line_1_59' title="bbox 131 2113 909 2149; baseline 0.001 -8"><span class='ocrx_word' id='word_1_428' title='bbox 131 2115 206 2141; x_wconf 74' lang='lat' dir='ltr'><strong>riret.</strong></span> <span class='ocrx_word' id='word_1_429' title='bbox 220 2113 266 2141; x_wconf 93' lang='lat' dir='ltr'><strong>llle</strong></span> <span class='ocrx_word' id='word_1_430' title='bbox 280 2114 341 2141; x_wconf 91' lang='lat' dir='ltr'><strong>dum</strong></span> <span class='ocrx_word' id='word_1_431' title='bbox 351 2119 495 2141; x_wconf 87' lang='lat' dir='ltr'><strong>necaretur</strong></span> <span class='ocrx_word' id='word_1_432' title='bbox 504 2115 552 2141; x_wconf 88' lang='lat' dir='ltr'><strong>has</strong></span> <span class='ocrx_word' id='word_1_433' title='bbox 567 2114 656 2141; x_wconf 85' lang='lat' dir='ltr'><strong>emisit</strong></span> <span class='ocrx_word' id='word_1_434' title='bbox 667 2114 812 2149; x_wconf 53' lang='lat' dir='ltr'><strong>voces,(b):</strong></span> <span class='ocrx_word' id='word_1_435' title='bbox 826 2114 909 2142; x_wconf 83' lang='lat' dir='ltr'><strong>Nemo</strong></span> 
     </span>
    </p>
   </div>
   <div class='ocr_carea' id='block_1_60' title="bbox 128 2160 908 2196">
    <p class='ocr_par' dir='ltr' id='par_1_60' title="bbox 128 2160 908 2196">
     <span class='ocr_line' id='line_1_60' title="bbox 128 2160 908 2196; baseline -0.001 -7"><span class='ocrx_word' id='word_1_436' title='bbox 128 2169 173 2189; x_wconf 89' lang='lat' dir='ltr'><strong>me</strong></span> <span class='ocrx_word' id='word_1_437' title='bbox 187 2161 256 2196; x_wconf 88' lang='lat' dir='ltr'><strong>apud</strong></span> <span class='ocrx_word' id='word_1_438' title='bbox 282 2160 386 2196; x_wconf 70' lang='lat' dir='ltr'><strong>iudices</strong></span> <span class='ocrx_word' id='word_1_439' title='bbox 400 2160 562 2193; x_wconf 84' lang='lat' dir='ltr'><strong>ulciscatur,</strong></span> <span class='ocrx_word' id='word_1_440' title='bbox 580 2160 651 2188; x_wconf 92' lang='lat' dir='ltr'><strong>ultor</strong></span> <span class='ocrx_word' id='word_1_441' title='bbox 665 2161 753 2188; x_wconf 86' lang='lat' dir='ltr'><strong>aderit</strong></span> <span class='ocrx_word' id='word_1_442' title='bbox 769 2161 908 2194; x_wconf 87' lang='lat' dir='ltr'><strong>Dominus,</strong></span> 
     </span>
    </p>
   </div>
   <div class='ocr_carea' id='block_1_61' title="bbox 959 932 1740 962">
    <p class='ocr_par' dir='ltr' id='par_1_61' title="bbox 959 932 1740 962">
     <span class='ocr_line' id='line_1_61' title="bbox 959 932 1740 962; baseline 0.003 -2"><span class='ocrx_word' id='word_1_443' title='bbox 959 933 1147 960; x_wconf 83' lang='lat' dir='ltr'><strong>haereticorum</strong></span> <span class='ocrx_word' id='word_1_444' title='bbox 1170 932 1351 959; x_wconf 89' lang='lat' dir='ltr'><strong>sollicitudine</strong></span> <span class='ocrx_word' id='word_1_445' title='bbox 1376 937 1405 959; x_wconf 88' lang='lat' dir='ltr'><strong>ut</strong></span> <span class='ocrx_word' id='word_1_446' title='bbox 1432 934 1595 961; x_wconf 85' lang='lat' dir='ltr'><strong>testimoniis</strong></span> <span class='ocrx_word' id='word_1_447' title='bbox 1615 941 1648 961; x_wconf 91' lang='lat' dir='ltr'><strong>ex</strong></span> <span class='ocrx_word' id='word_1_448' title='bbox 1665 934 1740 962; x_wconf 87' lang='lat' dir='ltr'><strong>Scri-</strong></span> 
     </span>
    </p>
   </div>
   <div class='ocr_carea' id='block_1_62' title="bbox 958 978 1740 1012">
    <p class='ocr_par' dir='ltr' id='par_1_62' title="bbox 958 978 1740 1012">
     <span class='ocr_line' id='line_1_62' title="bbox 958 978 1740 1012; baseline 0.004 -8"><span class='ocrx_word' id='word_1_449' title='bbox 958 983 1036 1012; x_wconf 91' lang='lat' dir='ltr'><strong>ptura</strong></span> <span class='ocrx_word' id='word_1_450' title='bbox 1054 978 1184 1005; x_wconf 88' lang='lat' dir='ltr'><strong>mutuatis</strong></span> <span class='ocrx_word' id='word_1_451' title='bbox 1201 985 1310 1006; x_wconf 84' lang='lat' dir='ltr'><strong>errores</strong></span> <span class='ocrx_word' id='word_1_452' title='bbox 1339 986 1403 1006; x_wconf 90' lang='lat' dir='ltr'><strong>suos</strong></span> <span class='ocrx_word' id='word_1_453' title='bbox 1417 978 1589 1011; x_wconf 87' lang='lat' dir='ltr'><strong>confirment,</strong></span> <span class='ocrx_word' id='word_1_454' title='bbox 1612 981 1650 1007; x_wconf 86' lang='lat' dir='ltr'><strong>ait</strong></span> <span class='ocrx_word' id='word_1_455' title='bbox 1666 987 1740 1007; x_wconf 88' lang='lat' dir='ltr'><strong>acce-</strong></span> 
     </span>
    </p>
   </div>
   <div class='ocr_carea' id='block_1_63' title="bbox 958 1024 1740 1061">
    <p class='ocr_par' dir='ltr' id='par_1_63' title="bbox 958 1024 1740 1061">
     <span class='ocr_line' id='line_1_63' title="bbox 958 1024 1740 1061; baseline 0.003 -10"><span class='ocrx_word' id='word_1_456' title='bbox 958 1024 1032 1058; x_wconf 86' lang='lat' dir='ltr'><strong>pisse</strong></span> <span class='ocrx_word' id='word_1_457' title='bbox 1044 1031 1073 1050; x_wconf 91' lang='lat' dir='ltr'><strong>se</strong></span> <span class='ocrx_word' id='word_1_458' title='bbox 1088 1024 1149 1052; x_wconf 88' lang='lat' dir='ltr'><strong>illos</strong></span> <span class='ocrx_word' id='word_1_459' title='bbox 1165 1024 1278 1051; x_wconf 88' lang='lat' dir='ltr'><strong>mttltam</strong></span> <span class='ocrx_word' id='word_1_460' title='bbox 1291 1025 1318 1051; x_wconf 91' lang='lat' dir='ltr'><strong>in</strong></span> <span class='ocrx_word' id='word_1_461' title='bbox 1331 1031 1363 1051; x_wconf 87' lang='lat' dir='ltr'><strong>eo</strong></span> <span class='ocrx_word' id='word_1_462' title='bbox 1381 1032 1482 1052; x_wconf 83' lang='lat' dir='ltr'><strong>navare</strong></span> <span class='ocrx_word' id='word_1_463' title='bbox 1496 1032 1619 1060; x_wconf 86' lang='lat' dir='ltr'><strong>operam,</strong></span> <span class='ocrx_word' id='word_1_464' title='bbox 1638 1031 1669 1053; x_wconf 90' lang='lat' dir='ltr'><strong>ut</strong></span> <span class='ocrx_word' id='word_1_465' title='bbox 1682 1034 1740 1061; x_wconf 84' lang='lat' dir='ltr'><strong>ept-</strong></span> 
     </span>
    </p>
   </div>
   <div class='ocr_carea' id='block_1_64' title="bbox 959 1067 1740 1104">
    <p class='ocr_par' dir='ltr' id='par_1_64' title="bbox 959 1067 1740 1104">
     <span class='ocr_line' id='line_1_64' title="bbox 959 1067 1740 1104; baseline 0.003 -10"><span class='ocrx_word' id='word_1_466' title='bbox 959 1075 1055 1102; x_wconf 86' lang='lat' dir='ltr'><strong>scopos</strong></span> <span class='ocrx_word' id='word_1_467' title='bbox 1067 1068 1175 1104; x_wconf 65' lang='lat' dir='ltr'><strong>Egypti</strong></span> <span class='ocrx_word' id='word_1_468' title='bbox 1191 1072 1220 1095; x_wconf 87' lang='lat' dir='ltr'><strong>et</strong></span> <span class='ocrx_word' id='word_1_469' title='bbox 1234 1067 1324 1104; x_wconf 67' lang='lat' dir='ltr'><strong>Libya:</strong></span> <span class='ocrx_word' id='word_1_470' title='bbox 1340 1073 1437 1103; x_wconf 85' lang='lat' dir='ltr'><strong>cogant</strong></span> <span class='ocrx_word' id='word_1_471' title='bbox 1451 1076 1507 1096; x_wconf 65' lang='lat' dir='ltr'><strong>suae</strong></span> <span class='ocrx_word' id='word_1_472' title='bbox 1515 1069 1656 1096; x_wconf 75' lang='lat' dir='ltr'><strong>sententia:</strong></span> <span class='ocrx_word' id='word_1_473' title='bbox 1674 1070 1740 1096; x_wconf 89' lang='lat' dir='ltr'><strong>asti-</strong></span> 
     </span>
    </p>
   </div>
   <div class='ocr_carea' id='block_1_65' title="bbox 959 1113 1742 1148">
    <p class='ocr_par' dir='ltr' id='par_1_65' title="bbox 959 1113 1742 1148">
     <span class='ocr_line' id='line_1_65' title="bbox 959 1113 1742 1148; baseline 0.004 -8"><span class='ocrx_word' id='word_1_474' title='bbox 959 1113 1044 1148; x_wconf 88' lang='lat' dir='ltr'><strong>pulari</strong></span> <span class='ocrx_word' id='word_1_475' title='bbox 1059 1122 1066 1147; x_wconf 90' lang='lat'>;</span> <span class='ocrx_word' id='word_1_476' title='bbox 1083 1115 1105 1141; x_wconf 91' lang='lat' dir='ltr'><strong>si</strong></span> <span class='ocrx_word' id='word_1_477' title='bbox 1116 1115 1246 1146; x_wconf 87' lang='lat' dir='ltr'><strong>abnuant,</strong></span> <span class='ocrx_word' id='word_1_478' title='bbox 1265 1113 1366 1148; x_wconf 84' lang='lat' dir='ltr'><strong>pellant</strong></span> <span class='ocrx_word' id='word_1_479' title='bbox 1379 1114 1505 1147; x_wconf 83' lang='lat' dir='ltr'><strong>sedibus;</strong></span> <span class='ocrx_word' id='word_1_480' title='bbox 1519 1122 1552 1142; x_wconf 91' lang='lat' dir='ltr'><strong>eo</strong></span> <span class='ocrx_word' id='word_1_481' title='bbox 1566 1115 1742 1143; x_wconf 80' lang='lat' dir='ltr'><strong>scilicetcon-</strong></span> 
     </span>
    </p>
   </div>
   <div class='ocr_carea' id='block_1_66' title="bbox 959 1159 1741 1196">
    <p class='ocr_par' dir='ltr' id='par_1_66' title="bbox 959 1159 1741 1196">
     <span class='ocr_line' id='line_1_66' title="bbox 959 1159 1741 1196; baseline 0.004 -10"><span class='ocrx_word' id='word_1_482' title='bbox 959 1159 1028 1193; x_wconf 89' lang='lat' dir='ltr'><strong>silio,</strong></span> <span class='ocrx_word' id='word_1_483' title='bbox 1042 1164 1070 1186; x_wconf 90' lang='lat' dir='ltr'><strong>ut</strong></span> <span class='ocrx_word' id='word_1_484' title='bbox 1079 1167 1127 1187; x_wconf 86' lang='lat' dir='ltr'><strong>sua</strong></span> <span class='ocrx_word' id='word_1_485' title='bbox 1135 1159 1204 1187; x_wconf 85' lang='lat' dir='ltr'><strong>confl</strong></span> <span class='ocrx_word' id='word_1_486' title='bbox 1210 1165 1296 1187; x_wconf 88' lang='lat' dir='ltr'><strong>rmata</strong></span> <span class='ocrx_word' id='word_1_487' title='bbox 1306 1160 1438 1187; x_wconf 89' lang='lat' dir='ltr'><strong>sententia</strong></span> <span class='ocrx_word' id='word_1_488' title='bbox 1447 1180 1455 1192; x_wconf 93' lang='lat'><strong>,</strong></span> <span class='ocrx_word' id='word_1_489' title='bbox 1466 1160 1602 1188; x_wconf 69' lang='lat' dir='ltr'><strong>Nictenam</strong></span> <span class='ocrx_word' id='word_1_490' title='bbox 1609 1161 1741 1196; x_wconf 77' lang='lat' dir='ltr'><strong>abrogant</strong></span> 
     </span>
    </p>
   </div>
   <div class='ocr_carea' id='block_1_67' title="bbox 960 1204 1740 1238">
    <p class='ocr_par' dir='ltr' id='par_1_67' title="bbox 960 1204 1740 1238">
     <span class='ocr_line' id='line_1_67' title="bbox 960 1204 1740 1238; baseline 0.003 -6"><span class='ocrx_word' id='word_1_491' title='bbox 960 1205 1050 1234; x_wconf 86' lang='lat' dir='ltr'><strong>ﬁdem.</strong></span> <span class='ocrx_word' id='word_1_492' title='bbox 1066 1204 1122 1233; x_wconf 84' lang='lat' dir='ltr'><strong>Nec</strong></span> <span class='ocrx_word' id='word_1_493' title='bbox 1139 1206 1248 1238; x_wconf 91' lang='lat' dir='ltr'><strong>mirum,</strong></span> <span class='ocrx_word' id='word_1_494' title='bbox 1270 1213 1321 1233; x_wconf 93' lang='lat' dir='ltr'><strong>non</strong></span> <span class='ocrx_word' id='word_1_495' title='bbox 1341 1213 1402 1233; x_wconf 90' lang='lat' dir='ltr'><strong>esse</strong></span> <span class='ocrx_word' id='word_1_496' title='bbox 1417 1205 1470 1233; x_wconf 89' lang='lat' dir='ltr'><strong>illis</strong></span> <span class='ocrx_word' id='word_1_497' title='bbox 1486 1206 1620 1234; x_wconf 70' lang='lat' dir='ltr'><strong>Nictenam</strong></span> <span class='ocrx_word' id='word_1_498' title='bbox 1641 1207 1740 1234; x_wconf 91' lang='lat' dir='ltr'><strong>doctri-</strong></span> 
     </span>
    </p>
   </div>
   <div class='ocr_carea' id='block_1_68' title="bbox 961 1252 1740 1287">
    <p class='ocr_par' dir='ltr' id='par_1_68' title="bbox 961 1252 1740 1287">
     <span class='ocr_line' id='line_1_68' title="bbox 961 1252 1740 1287; baseline 0 -8"><span class='ocrx_word' id='word_1_499' title='bbox 961 1260 1022 1279; x_wconf 85' lang='lat' dir='ltr'><strong>nam</strong></span> <span class='ocrx_word' id='word_1_500' title='bbox 1035 1252 1112 1286; x_wconf 84' lang='lat' dir='ltr'><strong>satis,</strong></span> <span class='ocrx_word' id='word_1_501' title='bbox 1131 1252 1238 1287; x_wconf 88' lang='lat' dir='ltr'><strong>quando</strong></span> <span class='ocrx_word' id='word_1_502' title='bbox 1257 1259 1293 1279; x_wconf 90' lang='lat' dir='ltr'><strong>ne</strong></span> <span class='ocrx_word' id='word_1_503' title='bbox 1304 1252 1360 1279; x_wconf 87' lang='lat' dir='ltr'><strong>suis</strong></span> <span class='ocrx_word' id='word_1_504' title='bbox 1372 1252 1480 1286; x_wconf 90' lang='lat' dir='ltr'><strong>quidem</strong></span> <span class='ocrx_word' id='word_1_505' title='bbox 1500 1253 1625 1280; x_wconf 79' lang='lat' dir='ltr'><strong>contenti</strong></span> <span class='ocrx_word' id='word_1_506' title='bbox 1636 1252 1740 1280; x_wconf 84' lang='lat' dir='ltr'><strong>formu-</strong></span> 
     </span>
    </p>
   </div>
   <div class='ocr_carea' id='block_1_69' title="bbox 960 1297 1738 1333">
    <p class='ocr_par' dir='ltr' id='par_1_69' title="bbox 960 1297 1738 1333">
     <span class='ocr_line' id='line_1_69' title="bbox 960 1297 1738 1333; baseline 0.003 -9"><span class='ocrx_word' id='word_1_507' title='bbox 960 1298 1004 1330; x_wconf 90' lang='lat' dir='ltr'><strong>lis,</strong></span> <span class='ocrx_word' id='word_1_508' title='bbox 1019 1305 1103 1325; x_wconf 85' lang='lat' dir='ltr'><strong>novas</strong></span> <span class='ocrx_word' id='word_1_509' title='bbox 1117 1297 1231 1333; x_wconf 77' lang='lat' dir='ltr'><strong>singulis</strong></span> <span class='ocrx_word' id='word_1_510' title='bbox 1244 1298 1324 1325; x_wconf 86' lang='lat' dir='ltr'><strong>annis</strong></span> <span class='ocrx_word' id='word_1_511' title='bbox 1336 1298 1430 1330; x_wconf 92' lang='lat' dir='ltr'><strong>edunt,</strong></span> <span class='ocrx_word' id='word_1_512' title='bbox 1444 1298 1549 1333; x_wconf 76' lang='lat' dir='ltr'><strong>priores</strong></span> <span class='ocrx_word' id='word_1_513' title='bbox 1560 1298 1717 1326; x_wconf 87' lang='lat' dir='ltr'><strong>oblitterant</strong></span> <span class='ocrx_word' id='word_1_514' title='bbox 1731 1308 1738 1326; x_wconf 89' lang='lat'><strong><em>:</em></strong></span> 
     </span>
    </p>
   </div>
   <div class='ocr_carea' id='block_1_70' title="bbox 959 1342 1741 1378">
    <p class='ocr_par' dir='ltr' id='par_1_70' title="bbox 959 1342 1741 1378">
     <span class='ocr_line' id='line_1_70' title="bbox 959 1342 1741 1378; baseline 0.003 -9"><span class='ocrx_word' id='word_1_515' title='bbox 959 1343 1029 1377; x_wconf 93' lang='lat' dir='ltr'><strong>quod</strong></span> <span class='ocrx_word' id='word_1_516' title='bbox 1042 1350 1106 1370; x_wconf 88' lang='lat' dir='ltr'><strong>sane</strong></span> <span class='ocrx_word' id='word_1_517' title='bbox 1122 1343 1291 1377; x_wconf 79' lang='lat' dir='ltr'><strong>perspicuum</strong></span> <span class='ocrx_word' id='word_1_518' title='bbox 1308 1343 1344 1370; x_wconf 86' lang='lat' dir='ltr'><strong>sit</strong></span> <span class='ocrx_word' id='word_1_519' title='bbox 1359 1342 1466 1370; x_wconf 63' lang='lat' dir='ltr'><strong>Arianw</strong></span> <span class='ocrx_word' id='word_1_520' title='bbox 1497 1343 1642 1378; x_wconf 87' lang='lat' dir='ltr'><strong>impietatis</strong></span> <span class='ocrx_word' id='word_1_521' title='bbox 1658 1349 1741 1378; x_wconf 86' lang='lat' dir='ltr'><strong>atque</strong></span> 
     </span>
    </p>
   </div>
   <div class='ocr_carea' id='block_1_71' title="bbox 959 1388 1742 1425">
    <p class='ocr_par' dir='ltr' id='par_1_71' title="bbox 959 1388 1742 1425">
     <span class='ocr_line' id='line_1_71' title="bbox 959 1388 1742 1425; baseline 0.001 -10"><span class='ocrx_word' id='word_1_522' title='bbox 959 1388 1143 1416; x_wconf 87' lang='lat' dir='ltr'><strong>instabilitatis</strong></span> <span class='ocrx_word' id='word_1_523' title='bbox 1169 1393 1369 1423; x_wconf 88' lang='lat' dir='ltr'><strong>argumentum.</strong></span> <span class='ocrx_word' id='word_1_524' title='bbox 1394 1388 1520 1421; x_wconf 84' lang='lat' dir='ltr'><strong>Queritur</strong></span> <span class='ocrx_word' id='word_1_525' title='bbox 1532 1389 1603 1417; x_wconf 86' lang='lat' dir='ltr'><strong>viros</strong></span> <span class='ocrx_word' id='word_1_526' title='bbox 1628 1389 1660 1416; x_wconf 89' lang='lat' dir='ltr'><strong>ad</strong></span> <span class='ocrx_word' id='word_1_527' title='bbox 1688 1390 1742 1425; x_wconf 87' lang='lat' dir='ltr'><strong>epi-</strong></span> 
     </span>
    </p>
   </div>
   <div class='ocr_carea' id='block_1_72' title="bbox 960 1434 1742 1470">
    <p class='ocr_par' dir='ltr' id='par_1_72' title="bbox 960 1434 1742 1470">
     <span class='ocr_line' id='line_1_72' title="bbox 960 1434 1742 1470; baseline 0 -8"><span class='ocrx_word' id='word_1_528' title='bbox 960 1434 1067 1469; x_wconf 85' lang='lat' dir='ltr'><strong>scopale</strong></span> <span class='ocrx_word' id='word_1_529' title='bbox 1082 1442 1191 1468; x_wconf 90' lang='lat' dir='ltr'><strong>munus,</strong></span> <span class='ocrx_word' id='word_1_530' title='bbox 1204 1439 1278 1462; x_wconf 84' lang='lat' dir='ltr'><strong>tanto</strong></span> <span class='ocrx_word' id='word_1_531' title='bbox 1307 1434 1389 1469; x_wconf 81' lang='lat' dir='ltr'><strong>gradu</strong></span> <span class='ocrx_word' id='word_1_532' title='bbox 1407 1435 1539 1470; x_wconf 90' lang='lat' dir='ltr'><strong>indignos,</strong></span> <span class='ocrx_word' id='word_1_533' title='bbox 1555 1442 1587 1462; x_wconf 82' lang='lat' dir='ltr'><strong>ac</strong></span> <span class='ocrx_word' id='word_1_534' title='bbox 1597 1443 1631 1462; x_wconf 93' lang='lat' dir='ltr'><strong>ne</strong></span> <span class='ocrx_word' id='word_1_535' title='bbox 1642 1435 1742 1463; x_wconf 89' lang='lat' dir='ltr'><strong>Catho-</strong></span> 
     </span>
    </p>
   </div>
   <div class='ocr_carea' id='block_1_73' title="bbox 961 1479 1739 1514">
    <p class='ocr_par' dir='ltr' id='par_1_73' title="bbox 961 1479 1739 1514">
     <span class='ocr_line' id='line_1_73' title="bbox 961 1479 1739 1514; baseline 0 -7"><span class='ocrx_word' id='word_1_536' title='bbox 961 1480 1025 1507; x_wconf 83' lang='lat' dir='ltr'><strong>llCOs</strong></span> <span class='ocrx_word' id='word_1_537' title='bbox 1050 1480 1157 1514; x_wconf 91' lang='lat' dir='ltr'><strong>quidem</strong></span> <span class='ocrx_word' id='word_1_538' title='bbox 1173 1500 1181 1512; x_wconf 93' lang='lat'><strong>,</strong></span> <span class='ocrx_word' id='word_1_539' title='bbox 1217 1480 1371 1514; x_wconf 89' lang='lat' dir='ltr'><strong>promoveri</strong></span> <span class='ocrx_word' id='word_1_540' title='bbox 1391 1479 1425 1507; x_wconf 90' lang='lat' dir='ltr'><strong>ab</strong></span> <span class='ocrx_word' id='word_1_541' title='bbox 1453 1480 1542 1514; x_wconf 89' lang='lat' dir='ltr'><strong>impiis</strong></span> <span class='ocrx_word' id='word_1_542' title='bbox 1573 1480 1739 1508; x_wconf 88' lang='lat' dir='ltr'><strong>hominibus.</strong></span> 
     </span>
    </p>
   </div>
   <div class='ocr_carea' id='block_1_74' title="bbox 959 1524 1741 1559">
    <p class='ocr_par' dir='ltr' id='par_1_74' title="bbox 959 1524 1741 1559">
     <span class='ocr_line' id='line_1_74' title="bbox 959 1524 1741 1559; baseline -0.001 -7"><span class='ocrx_word' id='word_1_543' title='bbox 959 1525 1077 1559; x_wconf 85' lang='lat' dir='ltr'><strong>Adjectis</strong></span> <span class='ocrx_word' id='word_1_544' title='bbox 1095 1525 1194 1552; x_wconf 68' lang='lat' dir='ltr'><strong>estinde</strong></span> <span class='ocrx_word' id='word_1_545' title='bbox 1223 1525 1327 1556; x_wconf 89' lang='lat' dir='ltr'><strong>multis,</strong></span> <span class='ocrx_word' id='word_1_546' title='bbox 1351 1529 1446 1552; x_wconf 89' lang='lat' dir='ltr'><strong>narrat</strong></span> <span class='ocrx_word' id='word_1_547' title='bbox 1461 1525 1518 1552; x_wconf 81' lang='lat' dir='ltr'><strong>Arii</strong></span> <span class='ocrx_word' id='word_1_548' title='bbox 1545 1524 1694 1558; x_wconf 86' lang='lat' dir='ltr'><strong>interitum,</strong></span> <span class='ocrx_word' id='word_1_549' title='bbox 1711 1531 1741 1552; x_wconf 90' lang='lat' dir='ltr'><strong>ut</strong></span> 
     </span>
    </p>
   </div>
   <div class='ocr_carea' id='block_1_75' title="bbox 960 1569 1740 1598">
    <p class='ocr_par' dir='ltr' id='par_1_75' title="bbox 960 1569 1740 1598">
     <span class='ocr_line' id='line_1_75' title="bbox 960 1569 1740 1598; baseline 0 0"><span class='ocrx_word' id='word_1_550' title='bbox 960 1575 1154 1598; x_wconf 89' lang='lat' dir='ltr'><strong>commonstret</strong></span> <span class='ocrx_word' id='word_1_551' title='bbox 1168 1570 1224 1597; x_wconf 89' lang='lat' dir='ltr'><strong>Deo</strong></span> <span class='ocrx_word' id='word_1_552' title='bbox 1247 1570 1360 1597; x_wconf 90' lang='lat' dir='ltr'><strong>invisum</strong></span> <span class='ocrx_word' id='word_1_553' title='bbox 1377 1569 1461 1597; x_wconf 88' lang='lat' dir='ltr'><strong>fuisse</strong></span> <span class='ocrx_word' id='word_1_554' title='bbox 1483 1570 1618 1597; x_wconf 92' lang='lat' dir='ltr'><strong>hominem</strong></span> <span class='ocrx_word' id='word_1_555' title='bbox 1633 1575 1686 1597; x_wconf 82' lang='lat' dir='ltr'><strong>tam</strong></span> <span class='ocrx_word' id='word_1_556' title='bbox 1698 1571 1740 1598; x_wconf 91' lang='lat' dir='ltr'><strong>iu-</strong></span> 
     </span>
    </p>
   </div>
   <div class='ocr_carea' id='block_1_76' title="bbox 959 1613 1739 1648">
    <p class='ocr_par' dir='ltr' id='par_1_76' title="bbox 959 1613 1739 1648">
     <span class='ocr_line' id='line_1_76' title="bbox 959 1613 1739 1648; baseline 0 -6"><span class='ocrx_word' id='word_1_557' title='bbox 959 1615 1058 1642; x_wconf 87' lang='lat' dir='ltr'><strong>solenti</strong></span> <span class='ocrx_word' id='word_1_558' title='bbox 1072 1615 1166 1642; x_wconf 87' lang='lat' dir='ltr'><strong>mortis</strong></span> <span class='ocrx_word' id='word_1_559' title='bbox 1183 1621 1280 1648; x_wconf 77' lang='lat' dir='ltr'><strong>genere</strong></span> <span class='ocrx_word' id='word_1_560' title='bbox 1298 1614 1444 1641; x_wconf 81' lang='lat' dir='ltr'><strong>sublatum.</strong></span> <span class='ocrx_word' id='word_1_561' title='bbox 1457 1613 1612 1642; x_wconf 83' lang='lat' dir='ltr'><strong>Meletianos</strong></span> <span class='ocrx_word' id='word_1_562' title='bbox 1629 1615 1739 1642; x_wconf 88' lang='lat' dir='ltr'><strong>aitcutn</strong></span> 
     </span>
    </p>
   </div>
   <div class='ocr_carea' id='block_1_77' title="bbox 959 1659 1738 1698">
    <p class='ocr_par' dir='ltr' id='par_1_77' title="bbox 959 1659 1738 1698">
     <span class='ocr_line' id='line_1_77' title="bbox 959 1659 1738 1698; baseline 0.003 -12"><span class='ocrx_word' id='word_1_563' title='bbox 959 1660 1067 1687; x_wconf 88' lang='lat' dir='ltr'><strong>Arianis</strong></span> <span class='ocrx_word' id='word_1_564' title='bbox 1081 1667 1133 1686; x_wconf 92' lang='lat' dir='ltr'><strong>non</strong></span> <span class='ocrx_word' id='word_1_565' title='bbox 1147 1660 1272 1695; x_wconf 88' lang='lat' dir='ltr'><strong>primitus</strong></span> <span class='ocrx_word' id='word_1_566' title='bbox 1285 1664 1312 1686; x_wconf 91' lang='lat' dir='ltr'><strong>et</strong></span> <span class='ocrx_word' id='word_1_567' title='bbox 1323 1660 1356 1686; x_wconf 89' lang='lat' dir='ltr'><strong>ab</strong></span> <span class='ocrx_word' id='word_1_568' title='bbox 1375 1659 1479 1695; x_wconf 87' lang='lat' dir='ltr'><strong>origine</strong></span> <span class='ocrx_word' id='word_1_569' title='bbox 1495 1660 1663 1698; x_wconf 68' lang='lat' dir='ltr'><strong>consentire,</strong></span> <span class='ocrx_word' id='word_1_570' title='bbox 1691 1661 1738 1688; x_wconf 93' lang='lat' dir='ltr'><strong>sed</strong></span> 
     </span>
    </p>
   </div>
   <div class='ocr_carea' id='block_1_78' title="bbox 959 1705 1738 1739">
    <p class='ocr_par' dir='ltr' id='par_1_78' title="bbox 959 1705 1738 1739">
     <span class='ocr_line' id='line_1_78' title="bbox 959 1705 1738 1739; baseline 0 -6"><span class='ocrx_word' id='word_1_571' title='bbox 959 1713 1019 1733; x_wconf 92' lang='lat' dir='ltr'><strong>cum</strong></span> <span class='ocrx_word' id='word_1_572' title='bbox 1034 1710 1096 1732; x_wconf 91' lang='lat' dir='ltr'><strong>ante</strong></span> <span class='ocrx_word' id='word_1_573' title='bbox 1114 1710 1207 1732; x_wconf 89' lang='lat' dir='ltr'><strong>mutuo</strong></span> <span class='ocrx_word' id='word_1_574' title='bbox 1221 1705 1284 1732; x_wconf 90' lang='lat' dir='ltr'><strong>odio</strong></span> <span class='ocrx_word' id='word_1_575' title='bbox 1300 1705 1520 1739; x_wconf 84' lang='lat' dir='ltr'><strong>conflagrassent,</strong></span> <span class='ocrx_word' id='word_1_576' title='bbox 1532 1705 1587 1739; x_wconf 87' lang='lat' dir='ltr'><strong>jam</strong></span> <span class='ocrx_word' id='word_1_577' title='bbox 1610 1706 1636 1732; x_wconf 89' lang='lat' dir='ltr'><strong>in</strong></span> <span class='ocrx_word' id='word_1_578' title='bbox 1655 1713 1738 1733; x_wconf 89' lang='lat' dir='ltr'><strong>unum</strong></span> 
     </span>
    </p>
   </div>
   <div class='ocr_carea' id='block_1_79' title="bbox 960 1749 1739 1785">
    <p class='ocr_par' dir='ltr' id='par_1_79' title="bbox 960 1749 1739 1785">
     <span class='ocr_line' id='line_1_79' title="bbox 960 1749 1739 1785; baseline 0.005 -11"><span class='ocrx_word' id='word_1_579' title='bbox 960 1750 1083 1778; x_wconf 82' lang='lat' dir='ltr'><strong>veritatis</strong></span> <span class='ocrx_word' id='word_1_580' title='bbox 1095 1749 1278 1785; x_wconf 78' lang='lat' dir='ltr'><strong>apprimendae</strong></span> <span class='ocrx_word' id='word_1_581' title='bbox 1292 1750 1433 1777; x_wconf 88' lang='lat' dir='ltr'><strong>consilium</strong></span> <span class='ocrx_word' id='word_1_582' title='bbox 1451 1751 1631 1778; x_wconf 85' lang='lat' dir='ltr'><strong>concurrisse.</strong></span> <span class='ocrx_word' id='word_1_583' title='bbox 1646 1750 1739 1778; x_wconf 75' lang='lat' dir='ltr'><strong>Ull‘OS-</strong></span> 
     </span>
    </p>
   </div>
   <div class='ocr_carea' id='block_1_80' title="bbox 960 1795 1740 1831">
    <p class='ocr_par' dir='ltr' id='par_1_80' title="bbox 960 1795 1740 1831">
     <span class='ocr_line' id='line_1_80' title="bbox 960 1795 1740 1831; baseline 0.001 -9"><span class='ocrx_word' id='word_1_584' title='bbox 960 1803 1012 1830; x_wconf 91' lang='lat' dir='ltr'><strong>que</strong></span> <span class='ocrx_word' id='word_1_585' title='bbox 1026 1799 1116 1822; x_wconf 89' lang='lat' dir='ltr'><strong>autem</strong></span> <span class='ocrx_word' id='word_1_586' title='bbox 1145 1795 1179 1822; x_wconf 87' lang='lat' dir='ltr'><strong>ab</strong></span> <span class='ocrx_word' id='word_1_587' title='bbox 1202 1795 1330 1822; x_wconf 64' lang='lat' dir='ltr'><strong>Ecclesiae</strong></span> <span class='ocrx_word' id='word_1_588' title='bbox 1346 1795 1535 1823; x_wconf 91' lang='lat' dir='ltr'><strong>communione</strong></span> <span class='ocrx_word' id='word_1_589' title='bbox 1555 1795 1656 1830; x_wconf 90' lang='lat' dir='ltr'><strong>jamdiu</strong></span> <span class='ocrx_word' id='word_1_590' title='bbox 1678 1804 1740 1831; x_wconf 90' lang='lat' dir='ltr'><strong>pro-</strong></span> 
     </span>
    </p>
   </div>
   <div class='ocr_carea' id='block_1_81' title="bbox 959 1838 1738 1874">
    <p class='ocr_par' dir='ltr' id='par_1_81' title="bbox 959 1838 1738 1874">
     <span class='ocr_line' id='line_1_81' title="bbox 959 1838 1738 1874; baseline 0 -7"><span class='ocrx_word' id='word_1_591' title='bbox 959 1840 1074 1874; x_wconf 88' lang='lat' dir='ltr'><strong>scriptos</strong></span> <span class='ocrx_word' id='word_1_592' title='bbox 1087 1839 1179 1871; x_wconf 85' lang='lat' dir='ltr'><strong>fuisse,</strong></span> <span class='ocrx_word' id='word_1_593' title='bbox 1207 1838 1362 1866; x_wconf 81' lang='lat' dir='ltr'><strong>Meletianos</strong></span> <span class='ocrx_word' id='word_1_594' title='bbox 1387 1845 1483 1873; x_wconf 87' lang='lat' dir='ltr'><strong>nempe</strong></span> <span class='ocrx_word' id='word_1_595' title='bbox 1508 1843 1537 1866; x_wconf 91' lang='lat' dir='ltr'><strong>ut</strong></span> <span class='ocrx_word' id='word_1_596' title='bbox 1552 1839 1738 1867; x_wconf 80' lang='lat' dir='ltr'><strong>schismaticos</strong></span> 
     </span>
    </p>
   </div>
   <div class='ocr_carea' id='block_1_82' title="bbox 960 1884 1740 1919">
    <p class='ocr_par' dir='ltr' id='par_1_82' title="bbox 960 1884 1740 1919">
     <span class='ocr_line' id='line_1_82' title="bbox 960 1884 1740 1919; baseline -0.001 -8"><span class='ocrx_word' id='word_1_597' title='bbox 960 1890 1022 1911; x_wconf 87' lang='lat' dir='ltr'><strong>ante</strong></span> <span class='ocrx_word' id='word_1_598' title='bbox 1036 1884 1232 1919; x_wconf 82' lang='lat' dir='ltr'><strong>quinquaginta</strong></span> <span class='ocrx_word' id='word_1_599' title='bbox 1244 1884 1361 1918; x_wconf 88' lang='lat' dir='ltr'><strong>quinque</strong></span> <span class='ocrx_word' id='word_1_600' title='bbox 1379 1891 1476 1917; x_wconf 82' lang='lat' dir='ltr'><strong>annos,</strong></span> <span class='ocrx_word' id='word_1_601' title='bbox 1490 1884 1608 1912; x_wconf 78' lang='lat' dir='ltr'><strong>Ariauos</strong></span> <span class='ocrx_word' id='word_1_602' title='bbox 1622 1892 1687 1911; x_wconf 87' lang='lat' dir='ltr'><strong>vero</strong></span> <span class='ocrx_word' id='word_1_603' title='bbox 1711 1889 1740 1911; x_wconf 87' lang='lat' dir='ltr'><strong>ut</strong></span> 
     </span>
    </p>
   </div>
   <div class='ocr_carea' id='block_1_83' title="bbox 960 1929 1741 1964">
    <p class='ocr_par' dir='ltr' id='par_1_83' title="bbox 960 1929 1741 1964">
     <span class='ocr_line' id='line_1_83' title="bbox 960 1929 1741 1964; baseline 0.001 -8"><span class='ocrx_word' id='word_1_604' title='bbox 960 1930 1098 1956; x_wconf 75' lang='lat' dir='ltr'><strong>lwcreticos</strong></span> <span class='ocrx_word' id='word_1_605' title='bbox 1107 1929 1140 1956; x_wconf 86' lang='lat' dir='ltr'><strong>ab</strong></span> <span class='ocrx_word' id='word_1_606' title='bbox 1148 1929 1225 1956; x_wconf 88' lang='lat' dir='ltr'><strong>annis</strong></span> <span class='ocrx_word' id='word_1_607' title='bbox 1232 1929 1341 1963; x_wconf 84' lang='lat' dir='ltr'><strong>triginta</strong></span> <span class='ocrx_word' id='word_1_608' title='bbox 1352 1936 1409 1962; x_wconf 83' lang='lat' dir='ltr'><strong>sex,</strong></span> <span class='ocrx_word' id='word_1_609' title='bbox 1420 1929 1445 1956; x_wconf 96' lang='lat' dir='ltr'><strong>in</strong></span> <span class='ocrx_word' id='word_1_610' title='bbox 1456 1929 1634 1956; x_wconf 78' lang='lat' dir='ltr'><strong>Alexandrina</strong></span> <span class='ocrx_word' id='word_1_611' title='bbox 1644 1937 1741 1964; x_wconf 84' lang='lat' dir='ltr'><strong>nempe</strong></span> 
     </span>
    </p>
   </div>
   <div class='ocr_carea' id='block_1_84' title="bbox 960 1974 1739 2011">
    <p class='ocr_par' dir='ltr' id='par_1_84' title="bbox 960 1974 1739 2011">
     <span class='ocr_line' id='line_1_84' title="bbox 960 1974 1739 2011; baseline 0 -9"><span class='ocrx_word' id='word_1_612' title='bbox 960 1975 1061 2011; x_wconf 69' lang='lat' dir='ltr'><strong>synodo</strong></span> <span class='ocrx_word' id='word_1_613' title='bbox 1073 1983 1144 2003; x_wconf 88' lang='lat' dir='ltr'><strong>anno</strong></span> <span class='ocrx_word' id='word_1_614' title='bbox 1152 1976 1217 2008; x_wconf 70' lang='lat'><strong>320,</strong></span> <span class='ocrx_word' id='word_1_615' title='bbox 1232 1976 1298 2005; x_wconf 81' lang='lat' dir='ltr'><strong>etin</strong></span> <span class='ocrx_word' id='word_1_616' title='bbox 1313 1974 1419 2002; x_wconf 73' lang='lat' dir='ltr'><strong>Nicaeus</strong></span> <span class='ocrx_word' id='word_1_617' title='bbox 1431 1983 1502 2002; x_wconf 86' lang='lat' dir='ltr'><strong>anno</strong></span> <span class='ocrx_word' id='word_1_618' title='bbox 1514 1975 1642 2003; x_wconf 69' lang='lat' dir='ltr'><strong>525.1am</strong></span> <span class='ocrx_word' id='word_1_619' title='bbox 1657 1977 1739 2003; x_wconf 89' lang='lat' dir='ltr'><strong>multa</strong></span> 
     </span>
    </p>
   </div>
   <div class='ocr_carea' id='block_1_85' title="bbox 960 2021 1740 2053">
    <p class='ocr_par' dir='ltr' id='par_1_85' title="bbox 960 2021 1740 2053">
     <span class='ocr_line' id='line_1_85' title="bbox 960 2021 1740 2053; baseline 0.001 -5"><span class='ocrx_word' id='word_1_620' title='bbox 960 2021 1066 2048; x_wconf 89' lang='lat' dir='ltr'><strong>molitos</strong></span> <span class='ocrx_word' id='word_1_621' title='bbox 1077 2026 1103 2048; x_wconf 88' lang='lat' dir='ltr'><strong>et</strong></span> <span class='ocrx_word' id='word_1_622' title='bbox 1118 2021 1286 2048; x_wconf 78' lang='lat' dir='ltr'><strong>machinatus</strong></span> <span class='ocrx_word' id='word_1_623' title='bbox 1302 2028 1362 2048; x_wconf 86' lang='lat' dir='ltr'><strong>esse</strong></span> <span class='ocrx_word' id='word_1_624' title='bbox 1376 2021 1502 2053; x_wconf 80' lang='lat' dir='ltr'><strong>Arianos,</strong></span> <span class='ocrx_word' id='word_1_625' title='bbox 1522 2021 1650 2050; x_wconf 84' lang='lat' dir='ltr'><strong>ecclesias</strong></span> <span class='ocrx_word' id='word_1_626' title='bbox 1666 2023 1740 2049; x_wconf 86' lang='lat' dir='ltr'><strong>inva-</strong></span> 
     </span>
    </p>
   </div>
   <div class='ocr_carea' id='block_1_86' title="bbox 960 2066 1741 2101">
    <p class='ocr_par' dir='ltr' id='par_1_86' title="bbox 960 2066 1741 2101">
     <span class='ocr_line' id='line_1_86' title="bbox 960 2066 1741 2101; baseline 0.001 -8"><span class='ocrx_word' id='word_1_627' title='bbox 960 2067 1038 2099; x_wconf 86' lang='lat' dir='ltr'><strong>sisse,</strong></span> <span class='ocrx_word' id='word_1_628' title='bbox 1051 2067 1189 2101; x_wconf 85' lang='lat' dir='ltr'><strong>episcopos</strong></span> <span class='ocrx_word' id='word_1_629' title='bbox 1209 2066 1315 2093; x_wconf 87' lang='lat' dir='ltr'><strong>misisse</strong></span> <span class='ocrx_word' id='word_1_630' title='bbox 1336 2066 1362 2092; x_wconf 90' lang='lat' dir='ltr'><strong>in</strong></span> <span class='ocrx_word' id='word_1_631' title='bbox 1374 2066 1517 2098; x_wconf 88' lang='lat' dir='ltr'><strong>exsilium;</strong></span> <span class='ocrx_word' id='word_1_632' title='bbox 1531 2066 1577 2094; x_wconf 88' lang='lat' dir='ltr'><strong>sed</strong></span> <span class='ocrx_word' id='word_1_633' title='bbox 1594 2073 1667 2101; x_wconf 82' lang='lat' dir='ltr'><strong>spent</strong></span> <span class='ocrx_word' id='word_1_634' title='bbox 1681 2074 1741 2094; x_wconf 81' lang='lat' dir='ltr'><strong>esse</strong></span> 
     </span>
    </p>
   </div>
   <div class='ocr_carea' id='block_1_87' title="bbox 960 2111 1739 2146">
    <p class='ocr_par' dir='ltr' id='par_1_87' title="bbox 960 2111 1739 2146">
     <span class='ocr_line' id='line_1_87' title="bbox 960 2111 1739 2146; baseline 0 -8"><span class='ocrx_word' id='word_1_635' title='bbox 960 2111 1022 2145; x_wconf 89' lang='lat' dir='ltr'><strong>sibi,</strong></span> <span class='ocrx_word' id='word_1_636' title='bbox 1038 2111 1096 2138; x_wconf 84' lang='lat' dir='ltr'><strong>fore</strong></span> <span class='ocrx_word' id='word_1_637' title='bbox 1108 2116 1136 2139; x_wconf 86' lang='lat' dir='ltr'><strong>ut</strong></span> <span class='ocrx_word' id='word_1_638' title='bbox 1151 2112 1306 2146; x_wconf 79' lang='lat' dir='ltr'><strong>imperator,</strong></span> <span class='ocrx_word' id='word_1_639' title='bbox 1324 2111 1345 2138; x_wconf 88' lang='lat' dir='ltr'><strong>si</strong></span> <span class='ocrx_word' id='word_1_640' title='bbox 1361 2111 1469 2146; x_wconf 91' lang='lat' dir='ltr'><strong>quando</strong></span> <span class='ocrx_word' id='word_1_641' title='bbox 1494 2111 1550 2138; x_wconf 60' lang='lat' dir='ltr'><strong>hac</strong></span> <span class='ocrx_word' id='word_1_642' title='bbox 1566 2112 1715 2146; x_wconf 89' lang='lat' dir='ltr'><strong>comperiat</strong></span> <span class='ocrx_word' id='word_1_643' title='bbox 1731 2132 1739 2144; x_wconf 87' lang='lat'><strong>,</strong></span> 
     </span>
    </p>
   </div>
   <div class='ocr_carea' id='block_1_88' title="bbox 960 2157 1741 2193">
    <p class='ocr_par' dir='ltr' id='par_1_88' title="bbox 960 2157 1741 2193">
     <span class='ocr_line' id='line_1_88' title="bbox 960 2157 1741 2193; baseline -0.001 -8"><span class='ocrx_word' id='word_1_644' title='bbox 960 2165 1052 2185; x_wconf 91' lang='lat' dir='ltr'><strong>eorum</strong></span> <span class='ocrx_word' id='word_1_645' title='bbox 1071 2158 1183 2185; x_wconf 87' lang='lat' dir='ltr'><strong>consilia</strong></span> <span class='ocrx_word' id='word_1_646' title='bbox 1192 2159 1325 2186; x_wconf 89' lang='lat' dir='ltr'><strong>disturbet</strong></span> <span class='ocrx_word' id='word_1_647' title='bbox 1341 2166 1373 2186; x_wconf 87' lang='lat' dir='ltr'><strong>ac</strong></span> <span class='ocrx_word' id='word_1_648' title='bbox 1382 2162 1538 2193; x_wconf 60' lang='lat' dir='ltr'><strong>pravertat.</strong></span> <span class='ocrx_word' id='word_1_649' title='bbox 1555 2157 1682 2185; x_wconf 83' lang='lat' dir='ltr'><strong>Hortatur</strong></span> <span class='ocrx_word' id='word_1_650' title='bbox 1693 2159 1741 2185; x_wconf 77' lang='lat' dir='ltr'><strong>de~</strong></span> 
     </span>
    </p>
   </div>
   <div class='ocr_carea' id='block_1_89' title="bbox 127 2204 1740 2242">
    <p class='ocr_par' dir='ltr' id='par_1_89' title="bbox 127 2204 1740 2242">
     <span class='ocr_line' id='line_1_89' title="bbox 127 2204 1740 2242; baseline -0.003 -8"><span class='ocrx_word' id='word_1_651' title='bbox 127 2206 206 2241; x_wconf 84' lang='lat' dir='ltr'><strong>cujus</strong></span> <span class='ocrx_word' id='word_1_652' title='bbox 218 2214 299 2234; x_wconf 86' lang='lat' dir='ltr'><strong>causa</strong></span> <span class='ocrx_word' id='word_1_653' title='bbox 314 2207 370 2233; x_wconf 65' lang='lat' dir='ltr'><strong>haec</strong></span> <span class='ocrx_word' id='word_1_654' title='bbox 382 2206 478 2240; x_wconf 90' lang='lat' dir='ltr'><strong>patior.</strong></span> <span class='ocrx_word' id='word_1_655' title='bbox 497 2206 536 2233; x_wconf 92' lang='lat' dir='ltr'><strong>Illi</strong></span> <span class='ocrx_word' id='word_1_656' title='bbox 555 2214 618 2233; x_wconf 86' lang='lat' dir='ltr'><strong>vero</strong></span> <span class='ocrx_word' id='word_1_657' title='bbox 634 2206 707 2233; x_wconf 91' lang='lat' dir='ltr'><strong>nulla</strong></span> <span class='ocrx_word' id='word_1_658' title='bbox 722 2205 780 2240; x_wconf 86' lang='lat' dir='ltr'><strong>ejus</strong></span> <span class='ocrx_word' id='word_1_659' title='bbox 796 2207 909 2234; x_wconf 87' lang='lat' dir='ltr'><strong>misera-</strong></span> <span class='ocrx_word' id='word_1_660' title='bbox 924 2212 949 2242; x_wconf 79' lang='grc' dir='ltr'><strong>ι)</strong></span> <span class='ocrx_word' id='word_1_661' title='bbox 963 2212 1035 2232; x_wconf 83' lang='lat' dir='ltr'><strong>mum</strong></span> <span class='ocrx_word' id='word_1_662' title='bbox 1053 2204 1161 2231; x_wconf 86' lang='lat' dir='ltr'><strong>fortiter</strong></span> <span class='ocrx_word' id='word_1_663' title='bbox 1182 2204 1272 2239; x_wconf 90' lang='lat' dir='ltr'><strong>impiis</strong></span> <span class='ocrx_word' id='word_1_664' title='bbox 1287 2204 1431 2237; x_wconf 87' lang='lat' dir='ltr'><strong>obsistam,</strong></span> <span class='ocrx_word' id='word_1_665' title='bbox 1447 2211 1497 2231; x_wconf 90' lang='lat' dir='ltr'><strong>nec</strong></span> <span class='ocrx_word' id='word_1_666' title='bbox 1515 2204 1638 2231; x_wconf 85' lang='lat' dir='ltr'><strong>veritatis</strong></span> <span class='ocrx_word' id='word_1_667' title='bbox 1658 2211 1740 2231; x_wconf 87' lang='lat' dir='ltr'><strong>causa</strong></span> 
     </span>
    </p>
   </div>
   <div class='ocr_carea' id='block_1_90' title="bbox 128 2251 907 2286">
    <p class='ocr_par' dir='ltr' id='par_1_90' title="bbox 128 2251 907 2286">
     <span class='ocr_line' id='line_1_90' title="bbox 128 2251 907 2286; baseline -0.001 -7"><span class='ocrx_word' id='word_1_668' title='bbox 128 2254 203 2280; x_wconf 90' lang='lat' dir='ltr'><strong>tione</strong></span> <span class='ocrx_word' id='word_1_669' title='bbox 216 2251 357 2284; x_wconf 90' lang='lat' dir='ltr'><strong>commoti,</strong></span> <span class='ocrx_word' id='word_1_670' title='bbox 374 2252 446 2278; x_wconf 89' lang='lat' dir='ltr'><strong>nulla</strong></span> <span class='ocrx_word' id='word_1_671' title='bbox 473 2252 546 2279; x_wconf 92' lang='lat' dir='ltr'><strong>ducti</strong></span> <span class='ocrx_word' id='word_1_672' title='bbox 564 2256 665 2279; x_wconf 59' lang='lat' dir='ltr'><strong>sancta;</strong></span> <span class='ocrx_word' id='word_1_673' title='bbox 678 2252 907 2286; x_wconf 70' lang='lat' dir='ltr'><strong>Quadragesimze,</strong></span> 
     </span>
    </p>
   </div>
   <div class='ocr_carea' id='block_1_91' title="bbox 127 2296 909 2333">
    <p class='ocr_par' dir='ltr' id='par_1_91' title="bbox 127 2296 909 2333">
     <span class='ocr_line' id='line_1_91' title="bbox 127 2296 909 2333; baseline -0.001 -9"><span class='ocrx_word' id='word_1_674' title='bbox 127 2306 183 2333; x_wconf 80' lang='lat' dir='ltr'><strong>qua</strong></span> <span class='ocrx_word' id='word_1_675' title='bbox 215 2298 271 2324; x_wconf 65' lang='lat' dir='ltr'><strong>haec</strong></span> <span class='ocrx_word' id='word_1_676' title='bbox 295 2297 454 2332; x_wconf 84' lang='lat' dir='ltr'><strong>agebantur,</strong></span> <span class='ocrx_word' id='word_1_677' title='bbox 473 2297 637 2329; x_wconf 85' lang='lat' dir='ltr'><strong>reverentia,</strong></span> <span class='ocrx_word' id='word_1_678' title='bbox 656 2304 716 2323; x_wconf 91' lang='lat' dir='ltr'><strong>eum</strong></span> <span class='ocrx_word' id='word_1_679' title='bbox 743 2296 909 2324; x_wconf 77' lang='lat' dir='ltr'><strong>calcitrando</strong></span> 
     </span>
    </p>
   </div>
   <div class='ocr_carea' id='block_1_92' title="bbox 127 2345 331 2372">
    <p class='ocr_par' dir='ltr' id='par_1_92' title="bbox 127 2345 331 2372">
     <span class='ocr_line' id='line_1_92' title="bbox 127 2345 331 2372; baseline 0 -1"><span class='ocrx_word' id='word_1_680' title='bbox 127 2345 331 2372; x_wconf 82' lang='lat' dir='ltr'><strong>interemerunt.</strong></span> 
     </span>
    </p>
   </div>
   <div class='ocr_carea' id='block_1_93' title="bbox 166 2388 909 2423">
    <p class='ocr_par' dir='ltr' id='par_1_93' title="bbox 166 2388 909 2423">
     <span class='ocr_line' id='line_1_93' title="bbox 166 2388 909 2423; baseline -0.003 -8"><span class='ocrx_word' id='word_1_681' title='bbox 166 2389 221 2415; x_wconf 69' lang='lat'><strong>45&#39;.</strong></span> <span class='ocrx_word' id='word_1_682' title='bbox 235 2388 295 2415; x_wconf 65' lang='lat' dir='ltr'><strong>llazc</strong></span> <span class='ocrx_word' id='word_1_683' title='bbox 306 2396 386 2423; x_wconf 92' lang='lat' dir='ltr'><strong>porro</strong></span> <span class='ocrx_word' id='word_1_684' title='bbox 401 2396 460 2423; x_wconf 71' lang='lat' dir='ltr'><strong>quae</strong></span> <span class='ocrx_word' id='word_1_685' title='bbox 477 2388 602 2422; x_wconf 85' lang='lat' dir='ltr'><strong>superius</strong></span> <span class='ocrx_word' id='word_1_686' title='bbox 624 2393 750 2414; x_wconf 87' lang='lat' dir='ltr'><strong>enarrata</strong></span> <span class='ocrx_word' id='word_1_687' title='bbox 771 2392 834 2414; x_wconf 87' lang='lat' dir='ltr'><strong>sunt</strong></span> <span class='ocrx_word' id='word_1_688' title='bbox 859 2395 909 2414; x_wconf 89' lang='lat' dir='ltr'><strong>an-</strong></span> 
     </span>
    </p>
   </div>
   <div class='ocr_carea' id='block_1_94' title="bbox 129 2433 910 2472">
    <p class='ocr_par' dir='ltr' id='par_1_94' title="bbox 129 2433 910 2472">
     <span class='ocr_line' id='line_1_94' title="bbox 129 2433 910 2472; baseline -0.004 -11"><span class='ocrx_word' id='word_1_689' title='bbox 129 2439 156 2461; x_wconf 88' lang='lat' dir='ltr'><strong>te</strong></span> <span class='ocrx_word' id='word_1_690' title='bbox 185 2434 302 2472; x_wconf 39' lang='lat' dir='ltr'><strong>Georgii.</strong></span> <span class='ocrx_word' id='word_1_691' title='bbox 321 2435 470 2468; x_wconf 80' lang='lat' dir='ltr'><strong>ingressum</strong></span> <span class='ocrx_word' id='word_1_692' title='bbox 499 2433 688 2460; x_wconf 87' lang='lat' dir='ltr'><strong>Alexandriam</strong></span> <span class='ocrx_word' id='word_1_693' title='bbox 718 2437 792 2467; x_wconf 81' lang='lat' dir='ltr'><strong>gesta</strong></span> <span class='ocrx_word' id='word_1_694' title='bbox 815 2433 910 2467; x_wconf 86' lang='lat' dir='ltr'><strong>opina-</strong></span> 
     </span>
    </p>
   </div>
   <div class='ocr_carea' id='block_1_95' title="bbox 128 2478 908 2513">
    <p class='ocr_par' dir='ltr' id='par_1_95' title="bbox 128 2478 908 2513">
     <span class='ocr_line' id='line_1_95' title="bbox 128 2478 908 2513; baseline -0.003 -7"><span class='ocrx_word' id='word_1_695' title='bbox 128 2488 191 2507; x_wconf 90' lang='lat' dir='ltr'><strong>mur</strong></span> <span class='ocrx_word' id='word_1_696' title='bbox 207 2489 212 2505; x_wconf 90' lang='lat'>:</span> <span class='ocrx_word' id='word_1_697' title='bbox 233 2484 288 2506; x_wconf 90' lang='lat' dir='ltr'><strong>tum</strong></span> <span class='ocrx_word' id='word_1_698' title='bbox 302 2481 372 2513; x_wconf 92' lang='lat' dir='ltr'><strong>quod</strong></span> <span class='ocrx_word' id='word_1_699' title='bbox 388 2487 420 2506; x_wconf 88' lang='lat' dir='ltr'><strong>ea</strong></span> <span class='ocrx_word' id='word_1_700' title='bbox 435 2479 492 2513; x_wconf 88' lang='lat' dir='ltr'><strong>ipsa</strong></span> <span class='ocrx_word' id='word_1_701' title='bbox 507 2479 670 2505; x_wconf 85' lang='lat' dir='ltr'><strong>Athanasius</strong></span> <span class='ocrx_word' id='word_1_702' title='bbox 683 2483 743 2512; x_wconf 86' lang='lat' dir='ltr'><strong>post</strong></span> <span class='ocrx_word' id='word_1_703' title='bbox 755 2478 861 2512; x_wconf 80' lang='lat' dir='ltr'><strong>Syriani</strong></span> <span class='ocrx_word' id='word_1_704' title='bbox 881 2483 908 2504; x_wconf 92' lang='lat' dir='ltr'><strong>et</strong></span> 
     </span>
    </p>
   </div>
   <div class='ocr_carea' id='block_1_96' title="bbox 127 2523 909 2559">
    <p class='ocr_par' dir='ltr' id='par_1_96' title="bbox 127 2523 909 2559">
     <span class='ocr_line' id='line_1_96' title="bbox 127 2523 909 2559; baseline -0.004 -7"><span class='ocrx_word' id='word_1_705' title='bbox 127 2524 246 2552; x_wconf 79' lang='lat' dir='ltr'><strong>lleraclii</strong></span> <span class='ocrx_word' id='word_1_706' title='bbox 274 2530 348 2559; x_wconf 87' lang='lat' dir='ltr'><strong>gesta</strong></span> <span class='ocrx_word' id='word_1_707' title='bbox 381 2529 580 2557; x_wconf 79' lang='lat' dir='ltr'><strong>consequenter</strong></span> <span class='ocrx_word' id='word_1_708' title='bbox 607 2529 716 2550; x_wconf 87' lang='lat' dir='ltr'><strong>enarret</strong></span> <span class='ocrx_word' id='word_1_709' title='bbox 747 2523 773 2550; x_wconf 92' lang='lat' dir='ltr'><strong>in</strong></span> <span class='ocrx_word' id='word_1_710' title='bbox 789 2523 909 2550; x_wconf 78' lang='lat' dir='ltr'><strong>Historia</strong></span> 
     </span>
    </p>
   </div>
   <div class='ocr_carea' id='block_1_97' title="bbox 127 2569 909 2605">
    <p class='ocr_par' dir='ltr' id='par_1_97' title="bbox 127 2569 909 2605">
     <span class='ocr_line' id='line_1_97' title="bbox 127 2569 909 2605; baseline 0 -9"><span class='ocrx_word' id='word_1_711' title='bbox 127 2572 290 2597; x_wconf 81' lang='lat' dir='ltr'><strong>Arianorum</strong></span> <span class='ocrx_word' id='word_1_712' title='bbox 309 2572 342 2597; x_wconf 86' lang='lat' dir='ltr'><strong>ad</strong></span> <span class='ocrx_word' id='word_1_713' title='bbox 361 2569 559 2605; x_wconf 68' lang='lat' dir='ltr'><strong>mortar/105(6),</strong></span> <span class='ocrx_word' id='word_1_714' title='bbox 568 2575 710 2604; x_wconf 89' lang='lat' dir='ltr'><strong>antequam</strong></span> <span class='ocrx_word' id='word_1_715' title='bbox 721 2571 753 2597; x_wconf 89' lang='lat' dir='ltr'><strong>ad</strong></span> <span class='ocrx_word' id='word_1_716' title='bbox 761 2570 909 2604; x_wconf 86' lang='lat' dir='ltr'><strong>ingressum</strong></span> 
     </span>
    </p>
   </div>
   <div class='ocr_carea' id='block_1_98' title="bbox 125 2614 909 2650">
    <p class='ocr_par' dir='ltr' id='par_1_98' title="bbox 125 2614 909 2650">
     <span class='ocr_line' id='line_1_98' title="bbox 125 2614 909 2650; baseline -0.001 -7"><span class='ocrx_word' id='word_1_717' title='bbox 125 2615 238 2650; x_wconf 78' lang='lat' dir='ltr'><strong>Georgii</strong></span> <span class='ocrx_word' id='word_1_718' title='bbox 250 2615 439 2642; x_wconf 83' lang='lat' dir='ltr'><strong>Alexandriam</strong></span> <span class='ocrx_word' id='word_1_719' title='bbox 454 2616 561 2647; x_wconf 84' lang='lat' dir='ltr'><strong>veniat;</strong></span> <span class='ocrx_word' id='word_1_720' title='bbox 584 2620 638 2642; x_wconf 91' lang='lat' dir='ltr'><strong>tum</strong></span> <span class='ocrx_word' id='word_1_721' title='bbox 654 2615 726 2650; x_wconf 89' lang='lat' dir='ltr'><strong>quod</strong></span> <span class='ocrx_word' id='word_1_722' title='bbox 742 2615 768 2642; x_wconf 91' lang='lat' dir='ltr'><strong>iu</strong></span> <span class='ocrx_word' id='word_1_723' title='bbox 782 2614 909 2650; x_wconf 81' lang='lat' dir='ltr'><strong>Apologia</strong></span> 
     </span>
    </p>
   </div>
   <div class='ocr_carea' id='block_1_99' title="bbox 163 2702 810 2739">
    <p class='ocr_par' dir='ltr' id='par_1_99' title="bbox 163 2702 810 2739">
     <span class='ocr_line' id='line_1_99' title="bbox 163 2702 810 2739; baseline 0.002 -11"><span class='ocrx_word' id='word_1_724' title='bbox 163 2703 202 2739; x_wconf 71' lang='grc' dir='ltr'><strong>(η)</strong></span> <span class='ocrx_word' id='word_1_725' title='bbox 218 2704 315 2730; x_wconf 86' lang='lat' dir='ltr'><strong>Athan.</strong></span> <span class='ocrx_word' id='word_1_726' title='bbox 330 2702 504 2739; x_wconf 19' lang='lat' dir='ltr'><strong>Hist.Arian.r</strong></span> <span class='ocrx_word' id='word_1_727' title='bbox 512 2703 546 2729; x_wconf 85' lang='lat' dir='ltr'><strong>ad</strong></span> <span class='ocrx_word' id='word_1_728' title='bbox 558 2703 709 2736; x_wconf 72' lang='lat' dir='ltr'><strong>monachos,</strong></span> <span class='ocrx_word' id='word_1_729' title='bbox 723 2710 753 2730; x_wconf 58' lang='lat' dir='ltr'><strong>n.»</strong></span> <span class='ocrx_word' id='word_1_730' title='bbox 764 2703 810 2730; x_wconf 72' lang='grc'><strong>155.</strong></span> 
     </span>
    </p>
   </div>
   <div class='ocr_carea' id='block_1_100' title="bbox 163 2738 515 2774">
    <p class='ocr_par' dir='ltr' id='par_1_100' title="bbox 163 2738 515 2774">
     <span class='ocr_line' id='line_1_100' title="bbox 163 2738 515 2774; baseline 0.003 -10"><span class='ocrx_word' id='word_1_731' title='bbox 163 2738 201 2774; x_wconf 80' lang='lat' dir='ltr'><strong>(b)</strong></span> <span class='ocrx_word' id='word_1_732' title='bbox 216 2739 316 2774; x_wconf 64' lang='lat' dir='ltr'><strong>Athan.</strong></span> <span class='ocrx_word' id='word_1_733' title='bbox 333 2740 409 2770; x_wconf 77' lang='lat' dir='ltr'><strong>il)id.,</strong></span> <span class='ocrx_word' id='word_1_734' title='bbox 428 2747 456 2766; x_wconf 88' lang='lat' dir='ltr'><strong>n.</strong></span> <span class='ocrx_word' id='word_1_735' title='bbox 472 2738 515 2765; x_wconf 74' lang='grc'><strong>65.</strong></span> 
     </span>
    </p>
   </div>
   <div class='ocr_carea' id='block_1_101' title="bbox 163 2773 425 2809">
    <p class='ocr_par' dir='ltr' id='par_1_101' title="bbox 163 2773 425 2809">
     <span class='ocr_line' id='line_1_101' title="bbox 163 2773 425 2809; baseline 0.004 -10"><span class='ocrx_word' id='word_1_736' title='bbox 163 2773 198 2809; x_wconf 82' lang='lat' dir='ltr'><strong>(c)</strong></span> <span class='ocrx_word' id='word_1_737' title='bbox 213 2773 245 2800; x_wconf 87' lang='lat' dir='ltr'><strong>N.</strong></span> <span class='ocrx_word' id='word_1_738' title='bbox 262 2774 297 2801; x_wconf 69' lang='grc' dir='ltr'><strong>δε</strong></span> <span class='ocrx_word' id='word_1_739' title='bbox 309 2779 336 2800; x_wconf 85' lang='lat' dir='ltr'><strong>et</strong></span> <span class='ocrx_word' id='word_1_740' title='bbox 349 2781 425 2808; x_wconf 88' lang='lat' dir='ltr'><strong>seqq.</strong></span> 
     </span>
    </p>
   </div>
   <div class='ocr_carea' id='block_1_102' title="bbox 163 2809 420 2844">
    <p class='ocr_par' dir='ltr' id='par_1_102' title="bbox 163 2809 420 2844">
     <span class='ocr_line' id='line_1_102' title="bbox 163 2809 420 2844; baseline 0.012 -10"><span class='ocrx_word' id='word_1_741' title='bbox 163 2814 201 2844; x_wconf 72' lang='lat' dir='ltr'><strong>tu)</strong></span> <span class='ocrx_word' id='word_1_742' title='bbox 216 2809 247 2835; x_wconf 81' lang='grc' dir='ltr'><strong>Ν.</strong></span> <span class='ocrx_word' id='word_1_743' title='bbox 268 2810 284 2835; x_wconf 77' lang='grc' dir='ltr'>ϐ</span> <span class='ocrx_word' id='word_1_744' title='bbox 298 2814 326 2836; x_wconf 84' lang='lat' dir='ltr'><strong>et</strong></span> <span class='ocrx_word' id='word_1_745' title='bbox 345 2817 420 2844; x_wconf 81' lang='lat' dir='ltr'><strong>seqq.</strong></span> 
     </span>
    </p>
   </div>
   <div class='ocr_carea' id='block_1_103' title="bbox 164 2845 313 2881">
    <p class='ocr_par' dir='ltr' id='par_1_103' title="bbox 164 2845 313 2881">
     <span class='ocr_line' id='line_1_103' title="bbox 164 2845 313 2881; baseline -0.007 -10"><span class='ocrx_word' id='word_1_746' title='bbox 164 2850 197 2881; x_wconf 73' lang='grc' dir='ltr'><strong>(ι’)</strong></span> <span class='ocrx_word' id='word_1_747' title='bbox 218 2845 249 2871; x_wconf 74' lang='grc' dir='ltr'>Ν.</span> <span class='ocrx_word' id='word_1_748' title='bbox 267 2845 313 2871; x_wconf 67' lang='lat' dir='ltr'><strong>es.</strong></span> 
     </span>
    </p>
   </div>
   <div class='ocr_carea' id='block_1_104' title="bbox 963 2249 1510 2285">
    <p class='ocr_par' dir='ltr' id='par_1_104' title="bbox 963 2249 1510 2285">
     <span class='ocr_line' id='line_1_104' title="bbox 963 2249 1510 2285; baseline 0 -9"><span class='ocrx_word' id='word_1_749' title='bbox 963 2250 1056 2277; x_wconf 89' lang='lat' dir='ltr'><strong>mortis</strong></span> <span class='ocrx_word' id='word_1_750' title='bbox 1066 2250 1142 2277; x_wconf 90' lang='lat' dir='ltr'><strong>adire</strong></span> <span class='ocrx_word' id='word_1_751' title='bbox 1159 2249 1308 2285; x_wconf 89' lang='lat' dir='ltr'><strong>periculum</strong></span> <span class='ocrx_word' id='word_1_752' title='bbox 1323 2249 1510 2277; x_wconf 85' lang='lat' dir='ltr'><strong>reformident.</strong></span> 
     </span>
    </p>
   </div>
   <div class='ocr_carea' id='block_1_105' title="bbox 996 2293 1740 2331">
    <p class='ocr_par' dir='ltr' id='par_1_105' title="bbox 996 2293 1740 2331">
     <span class='ocr_line' id='line_1_105' title="bbox 996 2293 1740 2331; baseline -0.003 -9"><span class='ocrx_word' id='word_1_753' title='bbox 996 2294 1039 2322; x_wconf 79' lang='grc'><strong>16.</strong></span> <span class='ocrx_word' id='word_1_754' title='bbox 1055 2294 1194 2330; x_wconf 72' lang='lat' dir='ltr'><strong>Ingressus</strong></span> <span class='ocrx_word' id='word_1_755' title='bbox 1207 2294 1313 2331; x_wconf 85' lang='lat' dir='ltr'><strong>Georgii</strong></span> <span class='ocrx_word' id='word_1_756' title='bbox 1328 2295 1528 2323; x_wconf 67' lang='lat' dir='ltr'><strong>Alexandriam.</strong></span> <span class='ocrx_word' id='word_1_757' title='bbox 1547 2294 1624 2322; x_wconf 72' lang='lat' dir='ltr'><strong>Nova</strong></span> <span class='ocrx_word' id='word_1_758' title='bbox 1645 2294 1673 2321; x_wconf 88' lang='lat' dir='ltr'><strong>in</strong></span> <span class='ocrx_word' id='word_1_759' title='bbox 1687 2293 1740 2321; x_wconf 86' lang='lat' dir='ltr'><strong>Ca-</strong></span> 
     </span>
    </p>
   </div>
   <div class='ocr_carea' id='block_1_106' title="bbox 963 2340 1740 2375">
    <p class='ocr_par' dir='ltr' id='par_1_106' title="bbox 963 2340 1740 2375">
     <span class='ocr_line' id='line_1_106' title="bbox 963 2340 1740 2375; baseline -0.001 -8"><span class='ocrx_word' id='word_1_760' title='bbox 963 2341 1070 2367; x_wconf 65' lang='lat' dir='ltr'><strong>tholica:</strong></span> <span class='ocrx_word' id='word_1_761' title='bbox 1082 2341 1205 2373; x_wconf 83' lang='lat' dir='ltr'><strong>irruptio.</strong></span> <span class='ocrx_word' id='word_1_762' title='bbox 1217 2355 1253 2361; x_wconf 90' lang='lat'><strong>—</strong></span> <span class='ocrx_word' id='word_1_763' title='bbox 1267 2341 1350 2368; x_wconf 87' lang='lat' dir='ltr'><strong>Erant</strong></span> <span class='ocrx_word' id='word_1_764' title='bbox 1362 2348 1394 2368; x_wconf 89' lang='lat' dir='ltr'><strong>ea</strong></span> <span class='ocrx_word' id='word_1_765' title='bbox 1408 2347 1468 2375; x_wconf 77' lang='lat' dir='ltr'><strong>quae</strong></span> <span class='ocrx_word' id='word_1_766' title='bbox 1484 2348 1563 2374; x_wconf 87' lang='lat' dir='ltr'><strong>supra</strong></span> <span class='ocrx_word' id='word_1_767' title='bbox 1580 2340 1740 2367; x_wconf 88' lang='lat' dir='ltr'><strong>memoravi-</strong></span> 
     </span>
    </p>
   </div>
   <div class='ocr_carea' id='block_1_107' title="bbox 963 2385 1738 2422">
    <p class='ocr_par' dir='ltr' id='par_1_107' title="bbox 963 2385 1738 2422">
     <span class='ocr_line' id='line_1_107' title="bbox 963 2385 1738 2422; baseline 0 -10"><span class='ocrx_word' id='word_1_768' title='bbox 963 2394 1023 2413; x_wconf 89' lang='lat' dir='ltr'><strong>mus</strong></span> <span class='ocrx_word' id='word_1_769' title='bbox 1039 2386 1118 2420; x_wconf 86' lang='lat' dir='ltr'><strong>mala,</strong></span> <span class='ocrx_word' id='word_1_770' title='bbox 1134 2386 1262 2422; x_wconf 66' lang='lat' dir='ltr'><strong>praeludia</strong></span> <span class='ocrx_word' id='word_1_771' title='bbox 1275 2387 1409 2422; x_wconf 84' lang='lat' dir='ltr'><strong>ingressus</strong></span> <span class='ocrx_word' id='word_1_772' title='bbox 1417 2386 1523 2420; x_wconf 84' lang='lat' dir='ltr'><strong>Georgii</strong></span> <span class='ocrx_word' id='word_1_773' title='bbox 1538 2385 1738 2413; x_wconf 86' lang='lat' dir='ltr'><strong>Alexandriam.</strong></span> 
     </span>
    </p>
   </div>
   <div class='ocr_carea' id='block_1_108' title="bbox 962 2430 1741 2466">
    <p class='ocr_par' dir='ltr' id='par_1_108' title="bbox 962 2430 1741 2466">
     <span class='ocr_line' id='line_1_108' title="bbox 962 2430 1741 2466; baseline 0 -8"><span class='ocrx_word' id='word_1_774' title='bbox 962 2430 987 2458; x_wconf 91' lang='lat' dir='ltr'><strong>ls</strong></span> <span class='ocrx_word' id='word_1_775' title='bbox 1001 2432 1106 2458; x_wconf 88' lang='lat' dir='ltr'><strong>detuum</strong></span> <span class='ocrx_word' id='word_1_776' title='bbox 1127 2438 1221 2466; x_wconf 87' lang='lat' dir='ltr'><strong>magna</strong></span> <span class='ocrx_word' id='word_1_777' title='bbox 1237 2431 1351 2458; x_wconf 88' lang='lat' dir='ltr'><strong>militum</strong></span> <span class='ocrx_word' id='word_1_778' title='bbox 1368 2438 1449 2458; x_wconf 93' lang='lat' dir='ltr'><strong>manu</strong></span> <span class='ocrx_word' id='word_1_779' title='bbox 1477 2431 1601 2465; x_wconf 89' lang='lat' dir='ltr'><strong>stipatus,</strong></span> <span class='ocrx_word' id='word_1_780' title='bbox 1617 2432 1662 2464; x_wconf 88' lang='lat' dir='ltr'><strong>qui</strong></span> <span class='ocrx_word' id='word_1_781' title='bbox 1682 2438 1741 2458; x_wconf 76' lang='lat' dir='ltr'><strong>nios</strong></span> 
     </span>
    </p>
   </div>
   <div class='ocr_carea' id='block_1_109' title="bbox 960 2476 1741 2510">
    <p class='ocr_par' dir='ltr' id='par_1_109' title="bbox 960 2476 1741 2510">
     <span class='ocr_line' id='line_1_109' title="bbox 960 2476 1741 2510; baseline -0.003 -6"><span class='ocrx_word' id='word_1_782' title='bbox 960 2481 1020 2504; x_wconf 90' lang='lat' dir='ltr'><strong>erat</strong></span> <span class='ocrx_word' id='word_1_783' title='bbox 1036 2477 1197 2503; x_wconf 89' lang='lat' dir='ltr'><strong>Arianorum</strong></span> <span class='ocrx_word' id='word_1_784' title='bbox 1211 2476 1365 2510; x_wconf 75' lang='lat' dir='ltr'><strong>praesulum,</strong></span> <span class='ocrx_word' id='word_1_785' title='bbox 1393 2477 1483 2504; x_wconf 86' lang='lat' dir='ltr'><strong>sedem</strong></span> <span class='ocrx_word' id='word_1_786' title='bbox 1501 2476 1599 2503; x_wconf 88' lang='lat' dir='ltr'><strong>invasit</strong></span> <span class='ocrx_word' id='word_1_787' title='bbox 1623 2476 1741 2502; x_wconf 83' lang='lat' dir='ltr'><strong>Alexan-</strong></span> 
     </span>
    </p>
   </div>
   <div class='ocr_carea' id='block_1_110' title="bbox 960 2521 1735 2557">
    <p class='ocr_par' dir='ltr' id='par_1_110' title="bbox 960 2521 1735 2557">
     <span class='ocr_line' id='line_1_110' title="bbox 960 2521 1735 2557; baseline -0.001 -8"><span class='ocrx_word' id='word_1_788' title='bbox 960 2523 1064 2550; x_wconf 89' lang='lat' dir='ltr'><strong>drinatn</strong></span> <span class='ocrx_word' id='word_1_789' title='bbox 1081 2521 1125 2557; x_wconf 70' lang='grc' dir='ltr'><strong>(Γ).</strong></span> <span class='ocrx_word' id='word_1_790' title='bbox 1142 2522 1205 2548; x_wconf 87' lang='lat' dir='ltr'><strong>Erat</strong></span> <span class='ocrx_word' id='word_1_791' title='bbox 1220 2521 1351 2557; x_wconf 77' lang='lat' dir='ltr'><strong>Georgius</strong></span> <span class='ocrx_word' id='word_1_792' title='bbox 1366 2529 1465 2556; x_wconf 86' lang='lat' dir='ltr'><strong>genere</strong></span> <span class='ocrx_word' id='word_1_793' title='bbox 1481 2521 1633 2556; x_wconf 84' lang='lat' dir='ltr'><strong>Cappadox,</strong></span> <span class='ocrx_word' id='word_1_794' title='bbox 1649 2521 1735 2548; x_wconf 88' lang='lat' dir='ltr'><strong>Thar-</strong></span> 
     </span>
    </p>
   </div>
   <div class='ocr_carea' id='block_1_111' title="bbox 960 2567 1742 2602">
    <p class='ocr_par' dir='ltr' id='par_1_111' title="bbox 960 2567 1742 2602">
     <span class='ocr_line' id='line_1_111' title="bbox 960 2567 1742 2602; baseline -0.001 -7"><span class='ocrx_word' id='word_1_795' title='bbox 960 2568 1107 2596; x_wconf 84' lang='lat' dir='ltr'><strong>bastenites</strong></span> <span class='ocrx_word' id='word_1_796' title='bbox 1121 2568 1207 2594; x_wconf 87' lang='lat' dir='ltr'><strong>dictus</strong></span> <span class='ocrx_word' id='word_1_797' title='bbox 1221 2575 1235 2594; x_wconf 89' lang='lat' dir='ltr'><strong>a</strong></span> <span class='ocrx_word' id='word_1_798' title='bbox 1249 2567 1319 2598; x_wconf 86' lang='lat' dir='ltr'><strong>vico,</strong></span> <span class='ocrx_word' id='word_1_799' title='bbox 1337 2572 1365 2594; x_wconf 88' lang='lat' dir='ltr'><strong>ut</strong></span> <span class='ocrx_word' id='word_1_800' title='bbox 1376 2572 1494 2602; x_wconf 86' lang='lat' dir='ltr'><strong>putatur,</strong></span> <span class='ocrx_word' id='word_1_801' title='bbox 1508 2567 1577 2594; x_wconf 89' lang='lat' dir='ltr'><strong>unde</strong></span> <span class='ocrx_word' id='word_1_802' title='bbox 1595 2567 1742 2594; x_wconf 79' lang='lat' dir='ltr'><strong>traxitori-</strong></span> 
     </span>
    </p>
   </div>
   <div class='ocr_carea' id='block_1_112' title="bbox 961 2612 1740 2650">
    <p class='ocr_par' dir='ltr' id='par_1_112' title="bbox 961 2612 1740 2650">
     <span class='ocr_line' id='line_1_112' title="bbox 961 2612 1740 2650; baseline 0 -11"><span class='ocrx_word' id='word_1_803' title='bbox 961 2614 1050 2650; x_wconf 83' lang='lat' dir='ltr'><strong>ginem</strong></span> <span class='ocrx_word' id='word_1_804' title='bbox 1067 2613 1256 2647; x_wconf 87' lang='lat' dir='ltr'><strong>(alii_Cilicetn</strong></span> <span class='ocrx_word' id='word_1_805' title='bbox 1272 2613 1387 2647; x_wconf 84' lang='lat' dir='ltr'><strong>dicunt),</strong></span> <span class='ocrx_word' id='word_1_806' title='bbox 1399 2613 1478 2640; x_wconf 91' lang='lat' dir='ltr'><strong>homo</strong></span> <span class='ocrx_word' id='word_1_807' title='bbox 1491 2612 1629 2639; x_wconf 85' lang='lat' dir='ltr'><strong>illiberalis</strong></span> <span class='ocrx_word' id='word_1_808' title='bbox 1641 2618 1668 2640; x_wconf 88' lang='lat' dir='ltr'><strong>et</strong></span> <span class='ocrx_word' id='word_1_809' title='bbox 1683 2613 1740 2640; x_wconf 84' lang='lat' dir='ltr'><strong>itte—</strong></span> 
     </span>
    </p>
   </div>
   <div class='ocr_carea' id='block_1_113' title="bbox 1002 2700 1741 2737">
    <p class='ocr_par' dir='ltr' id='par_1_113' title="bbox 1002 2700 1741 2737">
     <span class='ocr_line' id='line_1_113' title="bbox 1002 2700 1741 2737; baseline 0.003 -10"><span class='ocrx_word' id='word_1_810' title='bbox 1002 2701 1035 2737; x_wconf 77' lang='grc' dir='ltr'><strong>(Ῑ)</strong></span> <span class='ocrx_word' id='word_1_811' title='bbox 1047 2700 1152 2737; x_wconf 74' lang='lat' dir='ltr'><strong>Alliam</strong></span> <span class='ocrx_word' id='word_1_812' title='bbox 1162 2700 1212 2734; x_wconf 87' lang='lat' dir='ltr'><strong>Ep.</strong></span> <span class='ocrx_word' id='word_1_813' title='bbox 1238 2701 1272 2726; x_wconf 87' lang='lat' dir='ltr'><strong>ad</strong></span> <span class='ocrx_word' id='word_1_814' title='bbox 1285 2700 1364 2734; x_wconf 72' lang='lat' dir='ltr'><strong>epist.</strong></span> <span class='ocrx_word' id='word_1_815' title='bbox 1385 2700 1493 2737; x_wconf 49' lang='lat' dir='ltr'><strong>Aigypti</strong></span> <span class='ocrx_word' id='word_1_816' title='bbox 1508 2705 1533 2728; x_wconf 82' lang='lat' dir='ltr'><strong>et</strong></span> <span class='ocrx_word' id='word_1_817' title='bbox 1553 2701 1653 2736; x_wconf 74' lang='lat' dir='ltr'><strong>Libym,</strong></span> <span class='ocrx_word' id='word_1_818' title='bbox 1670 2711 1696 2729; x_wconf 86' lang='lat' dir='ltr'><strong>n.</strong></span> <span class='ocrx_word' id='word_1_819' title='bbox 1716 2703 1741 2735; x_wconf 84' lang='lat'><strong>7,</strong></span> 
     </span>
    </p>
   </div>
   <div class='ocr_carea' id='block_1_114' title="bbox 965 2735 1741 2770">
    <p class='ocr_par' dir='ltr' id='par_1_114' title="bbox 965 2735 1741 2770">
     <span class='ocr_line' id='line_1_114' title="bbox 965 2735 1741 2770; baseline -0.001 -7"><span class='ocrx_word' id='word_1_820' title='bbox 965 2742 992 2763; x_wconf 85' lang='lat' dir='ltr'><strong>cl</strong></span> <span class='ocrx_word' id='word_1_821' title='bbox 1004 2735 1078 2770; x_wconf 65' lang='lat' dir='ltr'><strong>Apol.</strong></span> <span class='ocrx_word' id='word_1_822' title='bbox 1093 2736 1125 2762; x_wconf 77' lang='lat' dir='ltr'><strong>de</strong></span> <span class='ocrx_word' id='word_1_823' title='bbox 1139 2735 1200 2769; x_wconf 76' lang='lat' dir='ltr'><strong>fugit</strong></span> <span class='ocrx_word' id='word_1_824' title='bbox 1216 2744 1273 2766; x_wconf 76' lang='lat' dir='ltr'><strong>sua,</strong></span> <span class='ocrx_word' id='word_1_825' title='bbox 1286 2744 1311 2761; x_wconf 82' lang='grc' dir='ltr'><strong>ιι.</strong></span> <span class='ocrx_word' id='word_1_826' title='bbox 1329 2736 1354 2766; x_wconf 86' lang='grc'><strong>6,</strong></span> <span class='ocrx_word' id='word_1_827' title='bbox 1367 2741 1392 2761; x_wconf 85' lang='lat' dir='ltr'><strong>et</strong></span> <span class='ocrx_word' id='word_1_828' title='bbox 1409 2735 1480 2764; x_wconf 73' lang='lat' dir='ltr'><strong>llist.</strong></span> <span class='ocrx_word' id='word_1_829' title='bbox 1495 2737 1587 2763; x_wconf 74' lang='lat' dir='ltr'><strong>Arion.</strong></span> <span class='ocrx_word' id='word_1_830' title='bbox 1602 2735 1636 2762; x_wconf 76' lang='lat' dir='ltr'><strong>ar!</strong></span> <span class='ocrx_word' id='word_1_831' title='bbox 1651 2747 1741 2764; x_wconf 81' lang='lat' dir='ltr'><strong>moim-</strong></span> 
     </span>
    </p>
   </div>
   <div class='ocr_carea' id='block_1_115' title="bbox 967 2771 1739 2802">
    <p class='ocr_par' dir='ltr' id='par_1_115' title="bbox 967 2771 1739 2802">
     <span class='ocr_line' id='line_1_115' title="bbox 967 2771 1739 2802; baseline 0.004 -5"><span class='ocrx_word' id='word_1_832' title='bbox 967 2773 1037 2801; x_wconf 76' lang='lat' dir='ltr'><strong>citos,</strong></span> <span class='ocrx_word' id='word_1_833' title='bbox 1053 2780 1077 2796; x_wconf 91' lang='lat' dir='ltr'><strong>n.</strong></span> <span class='ocrx_word' id='word_1_834' title='bbox 1096 2771 1140 2797; x_wconf 72' lang='lat' dir='ltr'><strong>7b.</strong></span> <span class='ocrx_word' id='word_1_835' title='bbox 1155 2771 1234 2802; x_wconf 73' lang='lat' dir='ltr'><strong>Grcg.</strong></span> <span class='ocrx_word' id='word_1_836' title='bbox 1252 2771 1315 2797; x_wconf 82' lang='lat' dir='ltr'><strong>Naz.</strong></span> <span class='ocrx_word' id='word_1_837' title='bbox 1332 2777 1402 2798; x_wconf 85' lang='lat' dir='ltr'><strong>orat.</strong></span> <span class='ocrx_word' id='word_1_838' title='bbox 1415 2772 1460 2802; x_wconf 77' lang='lat' dir='ltr'><strong>2i;</strong></span> <span class='ocrx_word' id='word_1_839' title='bbox 1476 2773 1610 2799; x_wconf 83' lang='lat' dir='ltr'><strong>Ammian.</strong></span> <span class='ocrx_word' id='word_1_840' title='bbox 1623 2771 1739 2800; x_wconf 80' lang='lat' dir='ltr'><strong>Matccil.</strong></span> 
     </span>
    </p>
   </div>
   <div class='ocr_carea' id='block_1_116' title="bbox 967 2806 1455 2840">
    <p class='ocr_par' dir='ltr' id='par_1_116' title="bbox 967 2806 1455 2840">
     <span class='ocr_line' id='line_1_116' title="bbox 967 2806 1455 2840; baseline 0.002 -8"><span class='ocrx_word' id='word_1_841' title='bbox 967 2808 985 2832; x_wconf 86' lang='grc' dir='ltr'><strong>ι.</strong></span> <span class='ocrx_word' id='word_1_842' title='bbox 1005 2814 1058 2833; x_wconf 82' lang='lat' dir='ltr'><strong>xxii</strong></span> <span class='ocrx_word' id='word_1_843' title='bbox 1075 2814 1081 2838; x_wconf 89' lang='lat'>;</span> <span class='ocrx_word' id='word_1_844' title='bbox 1101 2806 1209 2833; x_wconf 77' lang='lat' dir='ltr'><strong>St-zum.</strong></span> <span class='ocrx_word' id='word_1_845' title='bbox 1221 2806 1268 2833; x_wconf 89' lang='lat' dir='ltr'><strong>lib.</strong></span> <span class='ocrx_word' id='word_1_846' title='bbox 1284 2814 1320 2839; x_wconf 89' lang='lat' dir='ltr'><strong>tv,</strong></span> <span class='ocrx_word' id='word_1_847' title='bbox 1335 2813 1395 2840; x_wconf 81' lang='lat' dir='ltr'><strong>cap.</strong></span> <span class='ocrx_word' id='word_1_848' title='bbox 1412 2806 1455 2833; x_wconf 82' lang='grc'><strong>10.</strong></span> 
     </span>
    </p>
   </div>
  </div>
