2016 3046
258 157 351 177 CXXIII

947 149 1212 178 PROLECOMRNA.

262 208 377 239 ruditus.
396 207 467 235 nulla
480 209 578 235 mentis
598 209 660 235 dote
686 209 902 235 commendatus.
922 208 1042 235 Fullonis
1057 211 1080 238 Α
1094 208 1192 235 Christi
1215 207 1320 234 Domini
1346 207 1475 233 auxilium
1505 206 1661 240 implorant,
1689 207 1813 235 dentibus
1839 207 1876 234 illi

262 255 345 281 [ilium
368 255 450 281 fuisse
468 255 505 281 ait
523 255 680 281 Ammianus
697 254 884 286 Marcellinus;
904 255 948 289 qui
962 262 1044 289 para-

263 301 307 327 siti
329 300 418 327 statim
430 305 457 326 et
471 300 615 333 gnathonis
626 300 806 326 conditionem
824 305 954 332 sectatus,
978 299 1044 326 nihil

264 353 315 371 non
332 345 432 371 ventris
443 345 565 379 gulisque
575 352 655 372 causa
675 353 755 379 agere
766 350 874 380 paratus
888 348 955 372 erat.
968 344 1046 372 Post-

264 391 372 418 lllOdlllll
391 397 480 418 autem
500 397 595 418 auctus
611 391 636 418 in
654 391 781 418 damnum
794 391 984 425 complurium,
998 398 1046 424 pe-

263 437 420 464 nuariorum
446 442 574 470 exceptur
589 436 710 467 effectus.
730 436 962 470 Constantinopoli
978 435 1047 462 suil-

264 481 297 507 lis
312 482 440 508 carnibus
454 482 615 516 recipiendis
627 489 659 508 ac
671 481 865 508 distribuendis
877 488 985 516 operam
1000 481 1046 507 da-

264 526 330 557 bat;
348 535 464 560 ctnnque
486 527 616 562 pecunias
640 534 735 553 onmes
751 526 924 560 depeculatus
951 530 1022 552 esset
1038 546 1045 556 ,

264 574 474 607 repetundarum
505 581 567 600 reus
587 573 739 606 aufugerat.
759 573 806 599 His
836 573 877 599 vir
901 572 1047 607 praeclarus

263 619 390 653 gradibus
415 620 447 646 ad
467 620 586 654 episcopi
616 620 773 653 dignitatem
790 619 922 646 ascendit.
935 617 974 645 Ne
989 618 1047 650 qui-

265 665 325 691 dem
337 665 520 692 Christianum
535 665 629 697 fuisse,
651 666 760 699 quando
772 665 821 691 fuit
834 665 866 692 ad
882 665 1048 692 sacerdotale

265 711 444 738 ministerium
469 717 589 743 vocatus,
615 717 730 738 testatur
752 711 925 738 Athanasius.
951 711 1048 745 Hujus-

265 757 337 784 modi
355 757 491 784 hominem
503 758 659 791 quatrelmnt
673 757 779 789 Ariani,
796 757 915 783 venalem
931 756 1046 789 scilicet,

265 803 342 837 cujus
356 803 410 829 vita
428 803 553 829 omnibus
578 802 687 838 ﬂagitiis
711 803 850 837 inquinata
868 806 948 833 esset.
976 809 1049 829 sum-

265 854 327 882 ptus
346 848 422 875 elIusi
452 856 512 875 cum
530 850 628 882 probro
653 853 734 883 atque
761 849 903 880 dedecore,
921 853 1047 883 prorupta

264 895 387 925 audacia,
402 898 529 929 tantaque
542 894 666 927 avaritia,
683 899 712 921 ut
724 894 791 921 nihil
804 902 857 921 non
869 895 918 928 ipsi
931 895 1045 929 qutestui
1066 883 1087 910 Β

265 945 336 967 esset
349 945 539 974 opportunum.
556 940 591 967 Ut
616 940 696 967 talem
716 941 798 975 igitur
814 941 948 968 hominem
969 941 1048 968 dece-

266 985 322 1014 bat,
339 980 426 1010 adfuit
445 985 605 1019 ingredienti
633 985 750 1012 militare
777 985 948 1018 satellitium,
970 986 1047 1020 quasi

265 1030 369 1058 si‘ilicet
385 1037 474 1058 arcem
500 1030 544 1057 ille
557 1038 608 1057 non
629 1031 773 1058 Ecclesiam
802 1032 946 1064 regendam
963 1032 1043 1058 susci-

267 1082 353 1112 peret.
377 1076 595 1110 Quadragesimm
623 1081 729 1111 tempus
752 1081 811 1104 erat
825 1084 886 1104 cum
904 1077 947 1104 ille
966 1078 1048 1105 adve-

268 1122 307 1148 nit
321 1121 370 1156 (ιι).
383 1120 474 1156 Neque
497 1121 532 1148 ita
556 1121 641 1149 multo
665 1126 734 1156 post,
754 1122 817 1156 quid
845 1123 879 1150 ab
897 1122 1048 1156 huiusmodi

267 1172 374 1201 pastore
388 1167 527 1194 Dominico
552 1167 625 1202 gregi
641 1169 852 1202 exspectandum
867 1173 939 1195 esset
960 1168 1047 1203 palam

267 1213 328 1240 fuit.
357 1213 462 1240 Etenim
491 1218 553 1248 post
571 1213 767 1241 hebdomadam
794 1214 935 1242 Paschalis
958 1215 1049 1241 videre

269 1263 329 1285 erat
344 1259 464 1294 virgines
479 1259 504 1285 in
524 1266 663 1286 carcerem
685 1259 794 1293 conjici,
811 1260 954 1295 episcopos
968 1267 981 1287 a
996 1261 1048 1287 mi-

268 1303 360 1330 litilms
373 1304 478 1331 vinctos
502 1303 597 1331 abduci
612 1324 620 1336 ,
644 1305 828 1338 orphanornm
854 1305 1049 1340 viduarumque

269 1350 365 1377 domos
379 1354 407 1376 et
421 1357 505 1384 panes
521 1351 612 1385 diripi.
628 1351 790 1384 irruptiones
803 1351 830 1377 in
849 1351 943 1378 domos
967 1350 1024 1378 lieri
1039 1371 1047 1383 ,

268 1395 350 1422 multa
368 1401 445 1422 nocte
453 1396 621 1424 Christianos
634 1396 737 1424 aedibus
750 1396 899 1428 deturbari,
915 1396 1048 1423 domicilia

267 1441 418 1475 obsignari,
431 1440 530 1468 fratres
543 1441 707 1469 clericorum
734 1448 782 1475 pro
798 1441 928 1468 fratribus
942 1440 1048 1472 pericli-

270 1485 332 1511 tari.
349 1485 411 1513 Hac
422 1485 530 1519 quidem
544 1486 656 1518 atrocia,
667 1487 713 1513 sed
729 1486 864 1513 atrociora
876 1485 975 1513 deinde
987 1493 1050 1512 con-

269 1535 361 1557 secuta
399 1536 462 1557 sunt
493 1531 626 1558 facinora.
654 1531 721 1558 Nam
751 1531 917 1558 hebdomade
944 1539 1048 1558 sacram

268 1572 444 1601 Pentecosten
460 1575 640 1609 subsequente
658 1575 706 1610 (ὁ),
722 1583 783 1603 cum
812 1576 925 1610 populus
942 1576 1050 1609 expleto

264 1620 369 1655 jejunio
383 1621 478 1648 orandi
500 1628 580 1648 causa
605 1621 639 1648 ad
663 1622 860 1652 ctemeterium,
880 1622 921 1647 vel
948 1626 977 1647 ut
996 1620 1050 1647 alio

269 1666 327 1693 loco
346 1667 384 1693 ait
395 1667 570 1700 Athanasius,
583 1667 617 1693 ad
630 1666 765 1694 desertum
792 1666 879 1694 locum
892 1673 974 1701 prope
995 1673 1051 1693 coa-

269 1713 408 1739 meteriutn
417 1719 541 1747 egressus
566 1717 638 1740 esset
654 1713 726 1747 (nam
744 1712 815 1746 quod
829 1719 924 1739 omnes
938 1719 953 1738 a
967 1711 1051 1739 Geor-

268 1758 305 1792 gii
320 1758 450 1785 societate
463 1762 492 1785 et
506 1758 695 1785 communione
713 1758 905 1790 abhorrerent,
919 1757 1050 1784 ecclesias

268 1803 376 1831 Arianis
391 1804 504 1832 traditas
518 1804 690 1839 frequentare
702 1804 850 1839 nolebant),
869 1811 898 1831 re
910 1808 1049 1836 comperta

269 1849 493 1877 sceleratissimus
519 1849 563 1877 ille
587 1850 776 1877 Sebastianum
803 1849 900 1877 ducem
919 1850 1049 1881 concitat,

271 1899 416 1929 auctorque
429 1899 470 1922 est
488 1895 656 1930 utpOpulum
677 1894 790 1922 infestus
817 1894 968 1921 adoriatur.
998 1893 1049 1926 Qui

271 1946 419 1971 nec.mora,
431 1947 492 1967 cum
506 1947 586 1967 manu
601 1940 714 1968 militum
736 1940 794 1975 plus
811 1940 892 1967 trium
914 1939 1026 1967 millium
1041 1959 1049 1972 ,

271 1985 365 2016 armis,
381 1985 483 2012 strictis
496 1985 600 2020 gladiis,
616 1987 731 2014 arcubus
745 1991 773 2013 et
784 1985 846 2013 telis
859 1986 1050 2013 instructorum

272 2031 329 2065 ipsa
340 2031 384 2058 die
398 2031 536 2059 Dominica
549 2031 576 2058 in
592 2032 718 2067 populum
731 2032 839 2067 irrupit.
855 2032 922 2059 Tum
935 2038 1053 2066 perstre—

271 2084 335 2111 pere
354 2082 380 2104 et
402 2078 514 2104 horrere
528 2077 628 2108 omnia,
656 2077 781 2110 tumultu,
805 2078 933 2111 clamore,
952 2078 1051 2113 plagis,

272 2123 371 2158 gemitu
387 2122 541 2155 dolentium,
555 2123 625 2157 quod
640 2123 706 2150 solet
718 2123 745 2150 in
756 2122 909 2157 hujusmodi
920 2124 1052 2151 incursio-

272 2170 352 2197 nibus
363 2169 480 2196 evenire.
500 2169 675 2197 Commodum
689 2174 778 2197 tamen
801 2170 909 2198 accidit.
939 2174 967 2197 ut
990 2177 1051 2197 cum

270 2215 429 2242 adveniente
445 2214 511 2242 hora
535 2214 611 2242 turba
630 2214 719 2249 populi
744 2214 865 2250 digressa
886 2214 994 2242 domum
1022 2222 1052 2242 se
1068 2214 1090 2242 D

273 2262 428 2294 recepisset,
443 2261 518 2296 pauci
534 2268 566 2288 eo
582 2261 609 2288 in
626 2261 686 2288 loco
698 2260 797 2288 residui
807 2265 898 2288 essent
908 2280 915 2293 ,
930 2261 974 2294 qui
993 2260 1052 2287 nul-

273 2307 307 2334 lis
320 2314 372 2335 non
389 2306 467 2333 malis
477 2306 700 2341 contumeliisque
712 2311 774 2334 sunt
785 2305 884 2333 aﬂ'ecti.
894 2305 951 2333 Non
963 2306 1054 2333 mulie-

273 2360 327 2385 res,
340 2360 391 2379 non
406 2352 509 2387 parvuli
524 2352 616 2378 intacti
628 2352 718 2384 fuere;
738 2353 784 2386 qui
796 2356 885 2378 tamen
906 2352 968 2378 mali
986 2352 1052 2379 nihil

273 2399 448 2431 admiserant,
461 2399 639 2433 precibusque
655 2399 796 2426 vacabant.
816 2399 918 2426 Exinde
946 2406 1010 2426 vero
1022 2400 1049 2426 in

274 2446 391 2480 virgines
406 2445 525 2473 saevitum
545 2450 595 2472 est.
610 2445 730 2472 Accenso
743 2446 842 2479 quippe
870 2452 943 2479 rogo,
961 2445 1051 2472 admo-

275 2496 316 2518 tas
331 2490 383 2525 igni
414 2490 467 2517 dux
486 2490 662 2524 compellebat
686 2490 719 2516 ad
744 2490 870 2516 Ariauam
888 2489 967 2516 tidem
994 2497 1052 2516 am-

273 2537 451 2572 plectendam.
468 2535 516 2563 Ubi
539 2541 628 2562 autem
643 2543 690 2562 eas
711 2535 764 2561 vim
781 2536 906 2562 tormenti
921 2543 1050 2570 superare

274 2583 416 2617 ignemque
429 2582 493 2609 nihil
506 2589 611 2617 _eurare
627 2581 827 2613 animadvertit,
846 2581 929 2608 nudas
944 2585 982 2608 tot
997 2581 1054 2615 pla-

273 2630 315 2663 gis
329 2628 355 2654 in
371 2628 472 2655 vultum
488 2627 610 2663 impactis
623 2627 821 2659 dehonestavit,
833 2631 863 2653 ut
873 2633 920 2662 per
932 2627 1055 2660 aliquan-

276 2679 331 2700 tum
345 2674 472 2709 temporis
486 2674 601 2708 spatium
616 2681 650 2700 ne
665 2681 679 2700 a
697 2673 876 2700 familiaribus
889 2672 998 2707 quidem
1012 2673 1053 2699 in-

276 2720 392 2748 ternosci
419 2724 538 2755 possent.
564 2719 630 2746 Dum
657 2724 746 2747 autem
776 2718 829 2746 illa;
854 2719 925 2746 inter
940 2718 1052 2746 verbera

312 2787 349 2819 (η)
362 2787 461 2814 Athan.
474 2786 511 2814 De
525 2786 586 2822 fuga
605 2795 664 2819 sua,
676 2795 703 2814 n.
718 2787 745 2813 6.

312 2823 348 2854 (bl
362 2822 462 2848 Athan.
477 2821 600 2854 Αροιζιιιι
615 2821 718 2853 Coum.
735 2830 762 2848 ιι.
779 2821 825 2848 27.

312 2860 346 2891 (τ)
361 2857 460 2883 Athan.
475 2857 511 2883 De
525 2856 587 2891 fuga
601 2865 659 2890 sua,
673 2864 700 2883 ιι.
716 2856 742 2884 7.

1096 253 1210 280 stridere
1228 261 1276 280 ceu
1292 254 1347 280 hesi
1363 258 1390 280 et
1405 253 1502 288 injuria
1516 252 1616 280 aﬂ'ecti.
1649 251 1729 281 Viros
1758 254 1877 288 quadra-

1096 299 1168 332 ginta
1189 299 1408 333 comprehensos,
1426 300 1478 324 dux
1498 298 1623 326 insolenti
1640 305 1672 326 ac
1685 299 1794 326 immani
1811 307 1877 334 sup-

1096 345 1166 379 plicii
1189 351 1286 379 genere
1310 343 1442 371 multavit.
1459 343 1524 370 Nam
1550 344 1633 379 virgis
1667 344 1817 378 palmarum
1836 352 1880 371 re-

1096 398 1160 418 cens
1174 390 1329 424 amputatis,
1346 389 1445 424 quibus
1464 390 1552 416 adhuc
1564 389 1649 416 aculei
1669 389 1816 422 merebant,
1839 389 1879 416 sic

1096 444 1188 463 eorum
1204 441 1277 469 terga
1296 435 1434 466 laceravit,
1453 435 1614 462 utnonnulli
1637 435 1670 462 ob
1691 434 1787 461 inﬁxos
1815 442 1880 461 acu-

1097 482 1152 509 leos
1165 483 1328 509 medicorum
1343 481 1457 509 subinde
1475 489 1554 508 manu
1572 488 1639 516 opus
1657 482 1799 513 baberent,
1824 481 1879 508 imo

1097 527 1204 561 quidam
1230 526 1283 552 vim
1300 527 1438 561 plagarum
1459 533 1510 552 non
1541 526 1658 552 ferentes
1674 526 1815 553 interirent
1830 525 1877 561 (τ’).

1098 573 1224 607 Reliquos
1239 578 1327 599 autem
1340 579 1434 598 omnes
1451 572 1635 606 apprehensus
1650 579 1701 597 una
1719 579 1780 598 cum
1795 571 1878 606 virgi-

1099 619 1178 645 nibus
1194 619 1219 645 in
1237 625 1363 652 magnam
1375 617 1455 644 Oasin
1470 617 1606 651 deportari
1622 623 1759 644 curarunt.

1133 665 1176 692 l7.
1199 664 1384 691 Consolotorirt
1402 663 1542 690 Athanasii
1565 663 1686 697 epistola.
1701 678 1736 682 -—
1758 663 1878 698 Corpora

1098 718 1178 744 porro
1194 718 1302 740 eortnn,
1319 709 1365 742 qni
1381 709 1406 735 vi
1421 709 1559 743 plagarum
1574 709 1702 736 exstincti
1728 714 1801 740 sunt,
1824 717 1878 736 non

1098 757 1225 784 continuo
1241 756 1272 781 ad
1289 755 1471 789 funcrisjusta
1487 755 1615 781 solvenda
1632 754 1818 787 tradiderunt;
1831 755 1879 782 sed

1098 802 1155 837 ipsa
1174 801 1329 836 abjeccru‘ut
1341 800 1490 835 insepulta,
1505 801 1673 834 canibusque
1690 801 1878 834 discerpenda,

1099 850 1183 876 donec
1199 856 1259 875 cum
1274 847 1374 882 ingenti
1391 846 1510 882 periculo
1522 847 1629 881 cognati
1642 854 1751 874 suorum
1763 854 1878 881 corpora

1100 896 1168 922 clam
1181 894 1362 921 subducerent
1376 901 1382 925 ;
1396 892 1441 927 qui
1457 892 1528 919 haud
1543 892 1601 919 sine
1614 900 1713 927 magno
1727 892 1818 919 labore
1831 900 1880 919 cu-

1099 944 1193 967 rarunt
1205 960 1212 971 ,
1235 944 1308 965 utne
1321 939 1437 972 cuipiam
1455 946 1498 966 res
1515 942 1578 965 nota
1597 943 1678 965 esset.
1695 938 1786 964 Ariani
1803 938 1879 965 hisce

1098 985 1201 1014 ellerati
1220 986 1302 1012 animi
1327 985 1435 1012 indiciis
1454 992 1566 1012 summa:
1583 985 1633 1011 sibi
1651 984 1820 1011 crudelitatis
1838 984 1879 1011 fan

1101 1041 1170 1059 mam
1188 1031 1370 1059 conciliarunt
1382 1050 1390 1063 ,
1408 1035 1437 1057 ut
1452 1038 1531 1056 nemo
1557 1038 1609 1056 non
1625 1038 1671 1057 eos
1683 1030 1760 1064 quasi
1775 1029 1879 1057 facino-

1100 1085 1174 1104 rosos
1186 1083 1212 1104 et
1227 1076 1405 1104 cxsecraudos
1429 1076 1527 1110 ubique
1543 1076 1706 1102 traduceret.
1725 1076 1780 1103 Hac
1798 1076 1832 1102 de
1850 1083 1879 1102 re

1098 1131 1178 1158 porro
1202 1121 1409 1150 coasolatoriam
1436 1122 1574 1156 epistolam
1599 1122 1673 1149 misit
1693 1121 1877 1153 Athanasius,

1100 1170 1176 1205 Cujus
1200 1169 1381 1204 fragmentum
1407 1169 1484 1197 allert
1504 1169 1699 1196 Thcodoretns.
1722 1178 1731 1194 ι
1757 1168 1878 1200 Horum,

1102 1217 1205 1250 inquit,
1221 1223 1303 1242 causa
1320 1222 1398 1243 nemo
1412 1220 1532 1242 vestrum
1547 1215 1638 1242 dolore
1656 1216 1803 1247 crucietur,
1818 1215 1879 1242 licet

1102 1261 1175 1295 impii
1198 1262 1364 1295 sepulturam
1387 1261 1547 1293 invideant.
1577 1265 1603 1288 et
1628 1261 1758 1288 funcralia
1787 1261 1879 1295 prohi-

1100 1308 1192 1334 beant.
1218 1307 1256 1334 Eo
1281 1308 1351 1333 enim
1379 1314 1464 1340 usque
1489 1314 1628 1341 progressa
1654 1311 1695 1333 est
1716 1307 1878 1333 Arianorum

1102 1352 1237 1386 impietas.
1260 1351 1356 1378 Portas
1384 1352 1551 1384 occludunt,
1579 1352 1611 1378 ad
1636 1351 1757 1386 sepulcra
1785 1351 1881 1378 sedent

1102 1397 1178 1430 quasi
1200 1396 1345 1427 daemones,
1365 1402 1399 1422 ne
1415 1395 1476 1429 quis
1495 1394 1636 1422 defunctus
1652 1403 1683 1422 eo
1700 1395 1841 1421 inferatur.
1866 1405 1877 1422 ι

1099 1442 1138 1469 Ad
1164 1442 1283 1477 virgines
1308 1441 1418 1468 missam
1445 1440 1587 1475 epistolam
1615 1442 1654 1467 ait
1679 1440 1879 1469 Thcodoretus.

1099 1488 1178 1515 Viros
1205 1492 1292 1514 tamen
1318 1495 1369 1514 una
1397 1494 1457 1514 cum
1480 1486 1632 1522 virginibus
1649 1486 1748 1521 alloqui
1773 1486 1881 1513 videtur

1063 1551 1083 1579 Ο
1100 1534 1272 1564 Athanasius,
1283 1540 1342 1559 cum
1359 1533 1405 1565 ait,
1422 1532 1468 1559 καὶ
1485 1532 1665 1568 θαπτομένοις
1685 1533 1747 1568 ὑμῖν
1767 1532 1880 1567 φθονοῦ-

1102 1587 1152 1606 σιν.
1173 1578 1248 1606 Unde
1267 1579 1420 1613 conjectare
1443 1579 1522 1605 liceat
1539 1580 1571 1605 ad
1596 1584 1695 1606 emtum
1723 1579 1878 1606 Catholica-

1102 1632 1160 1651 rum
1181 1624 1289 1651 missam
1303 1624 1444 1659 epistolam
1468 1623 1550 1650 fuisse
1563 1643 1570 1653 ,
1588 1629 1616 1650 et
1632 1623 1749 1658 aliquam
1764 1630 1822 1650 esse
1845 1631 1881 1651 ex

1101 1670 1134 1697 iis
1150 1678 1209 1704 quae
1233 1669 1404 1705 ἑορταστικαί
1421 1669 1477 1696 sive
1490 1669 1516 1696 in
1532 1673 1603 1696 ctetu
1613 1669 1824 1696 Christianorum
1840 1669 1881 1697 Ioh

1100 1715 1193 1750 gendaz
1206 1716 1340 1742 dicuntur.

1136 1762 1180 1789 18.
1207 1761 1236 1787 In
1258 1768 1349 1788 sacras
1371 1764 1458 1787 autent
1482 1759 1598 1794 virgines
1623 1759 1679 1786 haec
1701 1759 1781 1785 etiam
1807 1762 1881 1794 gesta

1102 1810 1186 1837 fuisse
1209 1811 1415 1836 commemorat.
1431 1805 1596 1832 Athanasius
1622 1805 1672 1840 (Δ).
1702 1805 1858 1832 Admirandi
1872 1827 1880 1839 ,

1101 1855 1199 1890 inquit,
1225 1852 1330 1884 Ariani,
1348 1850 1484 1886 iudicibus
1501 1851 1567 1884 ipsis
1583 1849 1633 1877 sibi
1652 1850 1701 1877 hac
1723 1850 1749 1876 in
1774 1857 1804 1876 re
1831 1849 1882 1876 mi-

1101 1900 1278 1928 nistrantibus
1313 1897 1638 1932 obtemperantibusque,
1674 1896 1788 1923 nudatas
1824 1896 1882 1922 vir-

1101 1947 1178 1982 gines
1204 1946 1230 1972 in
1258 1944 1431 1972 hermctariis
1447 1962 1454 1975 ,
1474 1947 1504 1969 ut
1528 1947 1637 1974 vocant,
1665 1941 1794 1976 suspendi
1822 1941 1882 1975 jus-

1102 1995 1216 2024 serunt,
1233 1995 1259 2017 et
1282 1989 1322 2017 sic
1347 1989 1452 2016 illarum
1471 1988 1556 2016 latera
1577 1988 1661 2015 ternis
1677 1995 1762 2022 usque
1779 1987 1883 2014 vicibus

1103 2037 1274 2064 lancinarunt
1284 2055 1292 2067 ,
1306 2039 1384 2061 utne
1398 2034 1448 2061 viri
1464 2034 1572 2068 quidem
1601 2033 1787 2060 scelestissimi
1815 2033 1882 2060 talia

1103 2090 1219 2117 unquam
1243 2082 1298 2108 sint
1312 2082 1428 2115 experti.
1443 2079 1495 2106 Sed
1508 2079 1564 2114 jam
1581 2080 1613 2106 ad
1632 2079 1683 2105 ista
1700 2080 1790 2106 omnia
1804 2079 1883 2106 Aria-

1103 2129 1130 2155 ni
1158 2128 1360 2159 obduruerant,
1383 2131 1409 2153 et
1428 2126 1626 2152 humanitatem
1650 2131 1756 2151 omnem
1781 2124 1883 2151 amise-

1103 2178 1175 2200 rant.

1140 2218 1183 2247 19.
1198 2217 1324 2245 Ecclesiae
1338 2217 1416 2252 jussu
1435 2215 1585 2244 Constantii
1608 2215 1715 2242 Arionis
1730 2217 1884 2245 traduntur.

1105 2265 1228 2299 Episcopi
1239 2264 1324 2290 vexati
1338 2268 1361 2289 et
1377 2262 1458 2297 pulsi.
1475 2277 1510 2282 —
1528 2262 1566 2288 Eo
1585 2262 1643 2296 ipso
1659 2267 1779 2295 tempore
1794 2262 1884 2287 edicto

1105 2310 1243 2337 mandavit
1266 2309 1456 2339 Constantius,
1469 2312 1496 2334 ut
1511 2315 1606 2334 omnes
1620 2307 1737 2341 episcopi
1756 2307 1883 2334 catholici

1105 2356 1214 2391 [Egypti
1235 2359 1262 2382 et
1285 2354 1376 2390 Libya:
1388 2353 1496 2381 sedibus
1513 2353 1686 2387 pellerentur,
1707 2353 1884 2387 ecclesizeque

1106 2401 1280 2427 traderentur
1302 2398 1412 2425 Arionis
1427 2398 1473 2431 (ρ).
1486 2397 1543 2430 Qua
1559 2398 1619 2423 data
1633 2397 1756 2432 jussione
1767 2417 1774 2429 ,
1791 2397 1885 2424 confe-

1106 2446 1170 2473 stim
1193 2451 1245 2471 una
1262 2451 1357 2471 omnes
1371 2443 1491 2477 episcopi
1507 2443 1613 2475 vexati,
1630 2442 1781 2477 proﬂigati,
1797 2443 1883 2477 pulsi,

1107 2492 1150 2518 vel
1164 2491 1196 2518 ad
1212 2490 1394 2518 simulandam
1409 2497 1469 2516 cum
1484 2489 1592 2516 Arianis
1608 2489 1824 2517 communionem
1839 2497 1885 2516 co-

1106 2537 1160 2564 acti
1185 2541 1256 2564 sunt.
1280 2538 1320 2563 Ad
1349 2536 1497 2571 nonaginta
1521 2542 1635 2562 numero
1653 2541 1733 2562 erant
1756 2535 1801 2569 qni
1824 2543 1884 2562 cum

1106 2582 1254 2609 Athanasio
1271 2582 1486 2609 communionem
1503 2585 1531 2607 et
1557 2581 1716 2608 societatem
1743 2580 1865 2608 colerent
1876 2600 1885 2613 ,

1107 2629 1132 2655 iu
1148 2636 1216 2662 quos
1231 2635 1328 2655 omnes
1341 2628 1459 2654 Arianus
1483 2627 1560 2654 l'uror
1584 2633 1727 2662 grassatus
1749 2631 1800 2653 est.
1817 2626 1885 2653 Nam

1107 2674 1180 2701 misit
1196 2673 1373 2701 Sebastianus
1389 2674 1442 2700 dux
1461 2674 1568 2700 litteras
1583 2673 1616 2700 ad
1630 2680 1724 2700 omnes
1736 2673 1835 2707 ubique
1847 2672 1887 2699 lo-

1107 2728 1200 2748 corum
1221 2721 1378 2754 praepositos
1400 2720 1586 2754 militaresque
1603 2720 1745 2752 tribunos;
1770 2725 1887 2753 quorum

1148 2787 1187 2821 (d)
1199 2786 1274 2819 Apol.
1288 2787 1320 2812 ad
1332 2786 1481 2817 Constant,
1493 2794 1519 2813 ιι.
1529 2786 1573 2813 55.

1147 2819 1182 2855 (e)
1199 2821 1297 2847 Athan.
1313 2821 1377 2848 ibid.
1392 2830 1420 2848 ιι.
1435 2821 1480 2853 ‘27,
1493 2827 1519 2847 et
1532 2820 1608 2854 Apol.
1618 2821 1649 2846 de
1666 2821 1728 2855 fuga
1743 2827 1790 2847 sua
1803 2839 1810 2852 ,
1823 2827 1851 2846 ιι.
1861 2819 1889 2851 ’1,

1111 2860 1138 2884 et
1154 2855 1222 2883 Hist.
1240 2858 1330 2882 Arum.
1350 2857 1382 2882 ad
1399 2857 1548 2889 monac/tos,
1566 2864 1591 2883 ιι.
1607 2855 1651 2881 72.
