2016 3046
780 188 859 216 νιτλ
878 189 907 215 S.
929 186 1068 215 ATHANA
1074 187 1127 214 Sil.

1640 193 1742 213 CXXXIII

120 256 204 285 opera
230 248 287 276 veri
314 255 346 276 ac
361 247 438 283 probi
465 247 586 283 episcopi
602 247 709 281 exacti;
739 248 756 274 ii
774 255 849 279 vero,
865 248 909 282 qui
925 253 946 280 Α
964 253 1066 273 terrore
1077 251 1159 280 atque
1183 245 1398 280 impendentium
1415 244 1597 280 periculorum
1614 249 1684 271 metu
1708 243 1743 272 ad

121 296 205 331 impie
225 295 377 326 sentirent,
419 294 446 320 in
481 301 576 322 eorum
605 294 683 321 sedes
711 293 807 321 intrnsi
836 298 908 321 sunt.

119 341 287 369 Grantlmvos
302 340 384 375 igitur
400 340 561 374 episcopos.
576 339 622 374 qui
643 339 678 366 ab
695 339 850 366 Alexamer
863 347 909 367 or-

121 387 208 413 dinati
230 387 257 413 in
272 386 430 413 sacerdotio
444 390 657 418 consenuerant,
679 386 705 412 in
718 386 844 412 exsilium
860 385 909 412 de-

120 433 226 469 portari
247 437 379 460 curarunt
392 452 400 465 ,
421 432 597 459 Anunonium
625 432 750 464 scilicet,
770 431 907 462 llermem.

119 477 326 513 Anagamphum
356 481 384 504 et
406 476 529 504 Marcum
557 477 584 503 in
611 477 780 511 superiorem
805 476 906 504 Oasin:

120 524 204 552 Muim
221 545 228 556 ,
253 523 418 551 Psenosirim
431 543 439 556 ,
455 522 652 550 Nilammonem
665 542 672 554 ,
691 522 800 550 Plenem
812 541 820 554 ,
838 521 907 548 Mar-

119 578 182 598 cum
209 575 234 598 et
263 569 467 596 Athenodorum
487 568 512 594 in
527 568 753 599 Ammoniacam,
777 575 829 594 non
853 567 905 594 alia

120 621 222 648 mente,
239 622 319 650 quam
330 619 358 643 ut
372 621 420 648 per
433 613 542 640 deserta
558 613 616 640 loca
632 618 809 648 peragrantes
821 613 907 640 inter-

118 663 201 690 irent.
229 660 295 688 Nam
324 667 358 687 ne
384 660 508 686 inlirmos
531 659 640 693 quidem
671 658 814 690 miserati,
843 659 905 685 dum

93 705 99 709 ”
117 715 188 744 aegre
205 707 241 734 illi
262 705 430 734 conﬁcerent
456 705 519 736 iter,
541 704 705 738 compellere
730 709 821 732 tamen
842 705 881 731 illi
898 725 905 736 ,

117 762 232 789 urgere;
249 757 276 780 ct
297 753 320 780 si
342 751 388 787 qui
405 759 460 778 non
476 755 588 785 possent
605 751 742 782 incedere.
759 758 792 777 ne
805 755 906 785 puncto

115 799 225 833 quidem
255 796 387 832 temporis
416 795 571 823 intermissa
587 796 630 822 via
648 795 723 822 sellis
746 795 906 822 defereban-

114 849 170 872 tur.
185 844 252 871 Tam
270 843 348 870 ardui
364 843 471 870 itineris
489 842 611 869 laborem
628 849 682 869 non
701 841 792 868 ferens
807 849 876 868 unus
890 849 906 869 e

115 896 204 919 turma
220 889 330 925 praesul,
347 889 427 923 cujus
445 894 551 915 tacetur
565 895 675 921 nomen,
688 888 841 915 exstinctus
852 892 903 915 est.

115 937 191 964 Illius
206 937 323 963 cadaver
337 936 394 962 suis
406 934 601 970 asportandum
619 943 672 962 non
696 939 902 962 concesserunt.
921 927 942 954 Β

114 984 183 1011 Tam
202 982 285 1010 feroci
300 981 427 1008 nimirum
441 986 519 1008 erant
534 981 634 1012 animo,
652 985 681 1008 ut
700 988 733 1008 ne
749 985 835 1007 morte
847 980 905 1015 qni-

113 1031 176 1057 dem
204 1029 424 1057 adversariorum
449 1027 566 1062 mitigari
587 1032 709 1062 possent.
738 1028 840 1055 Eadem
872 1028 905 1054 de

114 1084 197 1104 causa
216 1076 392 1103 Dracontium
418 1075 575 1109 episcopum
590 1074 622 1100 ad
636 1073 746 1102 deserta
759 1074 817 1101 loca
830 1074 903 1101 circa

113 1123 222 1159 Clysma
245 1122 272 1149 in
292 1122 393 1148 Arabia
418 1121 575 1155 relegarunt
593 1129 599 1146 :
614 1119 755 1148 Philonem
768 1141 776 1153 ,
788 1120 903 1156 Babylo-

114 1177 192 1201 nem,
206 1167 366 1202 Adelphium
384 1167 410 1194 in
432 1165 558 1194 Psinabla
577 1166 726 1193 Thebaidis
737 1186 744 1197 ,
760 1166 902 1194 llieracem

113 1220 141 1241 et
153 1214 310 1241 Dioscorum
338 1214 516 1249 presbyteros
540 1213 657 1248 Syenem
683 1212 793 1240 exsules
821 1213 902 1242 mise-

114 1266 189 1288 runt.
212 1260 287 1288 Alios
309 1261 342 1288 ad
368 1260 459 1297 fugam
487 1261 682 1296 capessendam
701 1260 902 1295 compulerunt,

113 1314 212 1342 nempe
236 1307 408 1335 Ammonium
423 1327 430 1339 ,
446 1306 582 1343 Agathum
596 1327 603 1339 ,
624 1306 882 1342 Agathodzemonem
894 1327 902 1339 ,

113 1354 297 1390 Apollonium,
312 1354 472 1389 Eulogium,
486 1353 612 1388 Apollon,
636 1352 831 1387 Paphnutium,
850 1353 903 1380 Ga-

111 1402 168 1436 jnm
185 1405 212 1428 et
234 1401 358 1428 Flavium
383 1401 512 1434 antiquos
537 1400 702 1434 episcopos:
722 1400 902 1430 Dioscornm.

111 1447 297 1479 Ammonium,
316 1445 490 1473 Heraclidem
512 1451 540 1473 et
562 1445 652 1474 Psaim
683 1445 746 1472 item
762 1445 903 1480 episcopos

112 1493 307 1530 proﬂigarunt;
331 1500 448 1526 quorum
479 1493 549 1520 alios
576 1493 609 1519 ad
639 1491 821 1527 lapicidinas.
845 1499 901 1518 ret-

112 1539 386 1574 prorsusindignam,
399 1538 663 1570 abduxerunt,alios
687 1538 721 1565 ad
745 1545 839 1565 necem
860 1538 902 1565 in-

112 1585 200 1612 secuti
221 1589 296 1617 sunt,
324 1585 439 1612 aliorum
456 1585 603 1612 multorum
618 1584 763 1612 facultates
780 1584 899 1618 diripue—
914 1598 936 1627 ε

111 1634 184 1657 runt.
200 1630 313 1658 Demutn
325 1631 359 1658 ad
386 1630 497 1665 triginta
519 1637 634 1658 numero
648 1650 655 1661 ,
670 1635 699 1657 ut
727 1630 814 1657 fertur
830 1630 898 1664 apud

111 1675 301 1709 Athanasium,
322 1676 411 1703 vexati
428 1681 455 1702 et
471 1676 497 1703 in
519 1675 608 1711 fugam
628 1675 699 1703 versi
715 1680 788 1707 sttnl,
803 1681 901 1710 praeter

112 1722 232 1753 exsules,
252 1722 296 1756 qui
314 1722 348 1749 ad
367 1721 487 1749 sedecim
503 1726 592 1749 erant.
609 1720 730 1755 Eratque
747 1721 900 1748 miserabile

113 1767 313 1802 spectaculum,
324 1768 468 1802 episcopos
483 1767 601 1794 vinculis
615 1765 776 1801 constringi,
792 1766 902 1801 presby-

111 1819 184 1842 teros
200 1818 227 1841 et
242 1814 393 1841 monachos
406 1813 503 1841 ferreis
515 1813 620 1840 catenis
636 1812 725 1848 ligari,
744 1813 776 1839 ad
792 1819 900 1839 necem-

110 1867 162 1894 que
179 1860 298 1888 laniatos
315 1860 383 1887 mitti
411 1860 438 1887 in
460 1859 597 1886 exsilium.
614 1858 682 1885 Tum
701 1858 780 1885 mista
800 1859 899 1892 ubique

110 1906 202 1933 omnia
219 1926 228 1938 ,
255 1911 338 1940 atque
368 1905 395 1932 in
426 1904 549 1940 periculo
576 1904 739 1931 versabatur
767 1903 900 1939 {Egyptos

112 1956 177 1979 tota.
195 1952 262 1978 Dum
283 1952 356 1978 enim
374 1951 463 1986 populi
485 1951 604 1978 edictum
633 1949 787 1984 hujusmodi
809 1949 900 1984 perin-

111 1998 192 2032 digne
209 1996 329 2030 ferrent,
355 1996 536 2030 viderentque
556 1995 628 2022 bona
651 2002 701 2022 sua
724 2000 752 2022 et
774 1995 898 2022 fortunas

111 2043 247 2070 devastari
273 2048 300 2070 et
324 2043 350 2069 in
377 2042 509 2068 Arianam
540 2048 596 2068 rem
623 2041 745 2068 converti
762 2059 770 2074 ,
791 2041 817 2067 in
838 2048 897 2066 mo-

111 2095 186 2116 tuum
202 2089 422 2123 seditionumque
437 2088 585 2115 discrimen
605 2087 759 2121 respublica
782 2086 898 2114 vocaba-

111 2139 138 2162 tu
143 2143 166 2162 r.

144 2181 190 2208 ΞΟ.
223 2180 389 2207 Monasteria
414 2188 513 2207 eversa.
542 2194 575 2199 —
599 2177 668 2205 Tum
686 2177 811 2205 monachi
836 2185 897 2205 cum

109 2227 206 2264 primis
216 2226 380 2257 Arianorum
400 2225 520 2252 furorem
534 2224 639 2258 experti
660 2228 733 2250 sunt.
751 2224 896 2251 Enimvero

960 293 1076 321 Arianos
1099 293 1263 324 deﬁcerent;
1277 291 1350 318 inter
1367 299 1435 326 quos
1449 292 1644 319 adnumeratur
1656 291 1744 318 Theo-

960 339 1042 366 dorus
1071 338 1242 374 Oxyrinchi,
1271 337 1317 369 qui
1354 341 1495 372 postquam
1529 338 1600 365 inter
1626 337 1744 364 Arianos

960 389 1133 418 computatus
1169 387 1233 417 est,
1273 383 1362 410 denuo
1396 384 1539 411 ordinatus
1577 391 1591 410 a
1626 382 1744 418 Georgio

959 429 1011 458 fuit
1023 431 1069 466 (ιε).

993 477 1038 504 21.
1060 477 1112 510 Qui
1128 477 1228 512 fuerin!
1243 477 1357 512 episcopi
1373 477 1405 504 ab
1417 476 1524 504 Arionis
1543 475 1689 503 ronstituti.
1707 489 1744 496 —

960 523 1102 557 Pcriniqua
1115 529 1218 557 perque
1232 523 1340 557 indigna
1359 530 1402 550 res
1415 522 1521 557 populis
1533 522 1589 548 visa
1605 521 1665 554 fuit,
1681 528 1743 547 cum

959 575 998 597 tot
1018 575 1125 604 tamque
1142 570 1270 604 gravibus
1285 577 1317 596 ac
1329 569 1482 604 grandaevis
1504 568 1639 602 episcopis
1651 566 1744 602 prolli-

957 614 1085 650 gatis(d),
1102 614 1203 642 ethnici
1218 615 1336 642 nondum
1355 614 1464 646 initiati,
1481 613 1679 646 catechumeni,
1698 620 1743 640 se-

958 665 1078 692 natores,
1098 660 1220 695 iuniores
1244 658 1452 695 petulaht'esqne
1476 659 1613 692 homines,
1628 659 1743 686 idolola-

958 711 1016 738 traa,
1032 706 1143 742 bigami,
1160 707 1320 741 magnisque
1333 707 1494 734 criminibus
1517 705 1628 733 obnoxii
1643 706 1693 733 viri
1711 705 1743 732 ad

956 759 1048 778 eorum
1064 752 1214 786 implendas
1234 752 1310 779 vices
1324 752 1422 779 delecti
1439 757 1521 785 sunt,
1543 757 1686 787 postquam
1709 751 1744 778 ah

956 798 1065 825 Arianis
1082 798 1266 825 Christianam
1285 798 1364 825 fidem
1390 798 1568 830 didicissent,
1589 798 1634 832 qui
1649 797 1743 825 Ariani

956 844 990 871 ad
1003 852 1067 872 suos
1083 851 1203 879 quaestus
1216 844 1342 872 Ecclesiae
1358 845 1537 879 dignitatibus
1557 843 1646 875 abusi,
1658 851 1741 871 vena-

956 889 990 918 lia
1017 895 1114 918 cuncta
1139 891 1339 926 proponebant.
1368 890 1424 918 Hoc
1447 898 1514 918 sane
1525 891 1632 918 caeteris
1647 897 1741 918 eorum

956 936 1105 965 sceleribus
1120 937 1191 964 velut
1213 937 1338 965 cumulus
1357 938 1480 964 accessit.
1500 937 1558 964 Non
1570 936 1743 970 quaerebatur

955 990 988 1010 ex
1001 984 1150 1018 apostolico
1173 987 1307 1018 prazcepto
1320 1004 1328 1016 ,
1343 983 1533 1018 inculpatusne
1547 983 1609 1018 quis
1627 989 1658 1010 ac
1674 981 1743 1008 inte-

955 1030 1011 1064 gris
1027 1031 1147 1057 moribus
1158 1035 1248 1063 esset;
1273 1030 1320 1057 sed
1333 1030 1379 1065 qui
1395 1030 1455 1064 plus
1477 1029 1536 1057 auri
1560 1029 1702 1064 penderet,
1719 1028 1742 1055 is

955 1075 1098 1110 episcopus
1114 1076 1335 1103 renuntiabatur.
1348 1075 1421 1104 Nihil
1434 1076 1566 1104 curabant
1583 1076 1658 1110 impii
1669 1074 1743 1110 quod

957 1121 996 1148 vel
1013 1123 1122 1157 gentilis
1140 1126 1212 1150 esset
1227 1124 1272 1158 qui
1291 1124 1435 1151 accederet
1449 1143 1456 1156 ,
1483 1131 1579 1150 aurutn
1599 1123 1680 1150 modo
1694 1122 1743 1149 da-

955 1172 1008 1194 ret.
1024 1167 1091 1195 llinc
1104 1169 1210 1204 populis
1232 1169 1342 1204 gravior
1364 1170 1474 1197 emersit
1497 1168 1641 1197 calamitas
1656 1177 1663 1195 :
1679 1175 1741 1195 cum

954 1214 1027 1241 enim
1048 1214 1233 1242 mercenarios
1248 1215 1307 1243 illos
1327 1215 1486 1250 alienosqne
1507 1215 1558 1242 sibi
1575 1216 1650 1242 viros
1664 1221 1742 1240 aver-

955 1263 1092 1293 saren'tur,
1115 1266 1178 1289 tunc
1196 1262 1341 1295 verberati,
1358 1261 1526 1297 proscripti,
1542 1261 1702 1294 carceriqne
1725 1266 1741 1286 a

955 1307 1022 1334 duce
1039 1308 1185 1343 mancipati
1210 1314 1283 1336 sunt.
1302 1309 1378 1342 Quod
1397 1303 1452 1341 ille,
1467 1313 1559 1342 utpote
1576 1307 1742 1334 Manichatus

954 1357 981 1380 et
999 1353 1149 1381 Catholicis
1169 1354 1301 1387 infensus,
1320 1355 1439 1382 libenter
1453 1354 1663 1389 exsequebatur.
1689 1353 1741 1387 Qui

954 1405 1036 1432 porro
1061 1398 1194 1432 ejusmodi
1223 1400 1366 1435 episcopos
1391 1400 1575 1431 ordinarent,
1604 1399 1740 1427 Meletiani

953 1447 1054 1470 erant:
1074 1444 1119 1477 qui
1145 1443 1266 1478 plerique
1283 1453 1379 1472 omnes
1397 1453 1450 1473 non
1477 1445 1602 1480 religiosa
1628 1446 1734 1472 institu-

954 1489 1029 1517 tione
1044 1490 1162 1524 educati,
1173 1499 1227 1519 non
1244 1499 1339 1519 sanam
1357 1492 1448 1526 fidem,
1467 1500 1521 1521 non
1533 1493 1597 1527 qttid
1611 1492 1740 1521 Christia-

953 1536 1068 1568 nismus,
1086 1544 1138 1564 non
1153 1538 1252 1572 quibus
1265 1538 1415 1566 Christiani
1431 1539 1580 1574 Scriptnris
1595 1543 1740 1566 uterentur

954 1585 1095 1608 noverant.
1111 1580 1178 1608 Nam
1194 1583 1302 1616 qttidam
1328 1590 1421 1610 eorum
1446 1591 1480 1610 ex
1508 1583 1674 1618 gentilitate,
1693 1583 1738 1610 alii

952 1633 985 1653 ex
1011 1632 1108 1655 senatu
1132 1634 1159 1655 et
1180 1637 1214 1656 ex
1238 1631 1373 1663 supremis
1389 1631 1593 1666 magistratibus
1609 1631 1642 1658 ad
1659 1631 1739 1658 Chri-

953 1673 1056 1700 stianos
1070 1680 1262 1706 accesserant,
1283 1680 1311 1702 ut
1332 1676 1461 1703 miseram
1486 1676 1683 1703 immunitatem
1706 1684 1738 1702 ac

951 1719 1134 1753 patrocinium
1150 1720 1392 1753 nanciscerentur;
1410 1720 1664 1755 antiquioribusque
1687 1720 1739 1747 Me-

951 1763 1060 1792 letianis
1071 1765 1186 1798 pecunia
1209 1766 1355 1800 corruptis,
1369 1766 1403 1793 ad
1417 1774 1477 1793 eam
1493 1773 1641 1801 pervenere
1655 1766 1739 1801 digni-

952 1814 1046 1843 tatem,
1074 1811 1231 1846 priusquam
1252 1812 1440 1839 eateehumeni
1459 1816 1560 1840 essent.
1574 1811 1609 1839 At
1629 1812 1742 1840 etiamsi

951 1856 1066 1884 fuissent
1079 1876 1088 1890 ,
1105 1858 1193 1892 qualis
1205 1878 1212 1890 ,
1232 1865 1325 1893 quasso
1338 1879 1346 1892 ,
1363 1859 1501 1886 institutio
1523 1859 1594 1894 apud
1612 1859 1737 1887 Meletia-

950 1903 1022 1931 nos?
1037 1903 1195 1931 Nullatenus
1214 1912 1280 1940 ergo
1299 1905 1416 1932 instituti
1433 1905 1578 1940 derepente
1592 1907 1737 1940 accedunt,

950 1950 1098 1985 statimque
1119 1955 1230 1984 accepto
1241 1951 1318 1986 quasi
1335 1951 1454 1979 infantes
1467 1952 1578 1980 nomine
1590 1972 1597 1984 ,
1615 1952 1736 1987 episcopi

949 2001 1013 2022 sunt
1027 1996 1153 2030 appellati
1169 2005 1175 2023 :
1191 1997 1277 2031 ignari
1291 2004 1356 2024 sane
1369 1998 1493 2025 homines
1513 1998 1577 2033 quid
1593 2003 1665 2026 esset
1680 1999 1738 2032 pio-

950 2046 1034 2069 tatem
1056 2043 1126 2070 inter
1150 2048 1177 2070 et
1199 2044 1366 2079 impietatem
1393 2045 1572 2072 discriminis.
1590 2044 1623 2073 Hi
1640 2046 1736 2081 igitur.

946 2087 1059 2122 jubente
1073 2088 1245 2124 imperatore,
1267 2097 1301 2117 ne
1320 2090 1460 2117 minimum
1471 2091 1581 2126 quidem
1605 2092 1735 2122 cunctati.

949 2141 981 2162 ex
996 2134 1146 2163 Meletianis
1161 2136 1254 2163 Ariani
1281 2141 1343 2164 sunt
1358 2137 1448 2165 effecti
1461 2156 1469 2169 .
1495 2138 1582 2172 parati
1597 2142 1674 2164 certe
1702 2138 1736 2164 ad

948 2182 1074 2216 quemvis
1089 2181 1241 2210 Constantii
1266 2189 1360 2210 nutum
1376 2184 1534 2219 religionem
1557 2187 1671 2210 mutare.
1690 2181 1737 2210 Nae

949 2227 1008 2259 illi,
1026 2235 1085 2254 cum
1113 2228 1149 2255 ita
1170 2229 1291 2256 moribus
1313 2235 1340 2256 et
1363 2229 1436 2257 cttltu
1461 2229 1604 2256 versatiles
1621 2234 1713 2256 essent
1727 2248 1734 2260 ,

108 2281 164 2300 non
176 2277 236 2299 erat
248 2271 378 2306 improbis
389 2271 545 2299 hominibus
559 2271 627 2298 satis
643 2271 716 2305 quod
731 2270 895 2298 monasteria
911 2268 934 2297 D
952 2272 1002 2299 rati
1032 2273 1181 2301 Ecclesium
1211 2274 1317 2301 civilem
1345 2281 1405 2302 esse
1427 2279 1552 2302 senatum
1564 2294 1573 2307 ,
1598 2281 1658 2301 cum
1689 2275 1737 2301 ad-

109 2323 266 2347 everterent
277 2323 305 2346 et
318 2318 377 2346 solo
392 2322 535 2351 mquarent
557 2316 614 2353 (a);
640 2317 689 2344 sed
705 2316 788 2344 etiam
804 2323 899 2343 mona-

108 2366 176 2392 chos
193 2365 219 2391 in
236 2365 324 2400 ignem
341 2364 495 2400 conjicere,
515 2364 645 2398 vivosque
657 2369 834 2390 concremare
850 2369 898 2389 co-

109 2411 256 2438 nabantur.
274 2411 341 2437 Dum
366 2411 573 2438 Catholicornni
595 2410 690 2437 domos
711 2409 895 2441 devastarent,

108 2457 232 2491 deposita
247 2457 330 2483 etiam
346 2457 380 2484 ab
390 2457 543 2484 Athanasio
562 2456 588 2483 in
601 2456 780 2482 hencstorum
794 2455 895 2481 civium

107 2503 212 2530 aedibus
230 2502 363 2531 collocata
380 2503 564 2537 irrumpentes
579 2500 764 2529 abstulerunt.
789 2499 895 2527 interea

109 2554 201 2575 tamen
213 2548 302 2576 clerus
314 2549 443 2583 plehsqne
454 2547 588 2575 catholica
601 2546 785 2578 totarumnis,
801 2550 840 2572 tot
850 2552 896 2572 ca-

109 2593 278 2620 lamitatibus
293 2592 384 2620 amicti
397 2593 490 2627 (ὑμᾶς
501 2592 653 2619 constantia
667 2598 699 2617 ac
707 2590 740 2617 de
754 2596 824 2616 verae
835 2590 895 2617 fidei

108 2640 200 2666 studio
216 2639 282 2666 nihil
301 2639 527 2666 intermittebant.
544 2636 602 2664 Duo
624 2641 698 2663 certe
716 2639 819 2662 tantum
836 2642 896 2670 pre-

108 2687 225 2722 sbyleri,
241 2686 381 2714 Machetes
393 2691 421 2714 et
433 2687 574 2721 Didymus,
589 2686 743 2713 vexationis
757 2682 897 2711 declinan-

109 2733 150 2759 da:
176 2739 258 2760 causa
287 2733 321 2759 ad
348 2731 512 2759 Arianorum
547 2739 575 2759 se
603 2735 697 2766 partes
724 2729 894 2765 proripuere.

107 2777 163 2806 Nec
191 2778 303 2806 defuere
330 2779 402 2805 inter
423 2778 565 2813 episcopos
587 2777 699 2812 [Egypti
714 2795 722 2808 ,
742 2775 788 2810 qui
815 2773 896 2800 fracti

144 2848 181 2883 (τι)
194 2847 295 2875 Athan.
320 2847 392 2876 Hist.
408 2849 502 2875 Arion.
518 2849 552 2874 ad
568 2846 719 2879 monac/tos;
731 2854 759 2875 n.
779 2844 828 2879 70,
841 2842 884 2870 72.

145 2886 181 2918 to)
197 2883 307 2910 Lucifer
315 2891 363 2918 pro
372 2884 528 2915 Athanasio,
545 2891 574 2910 ιι.

146 2916 180 2954 (ε)
198 2916 348 2946 Marcellin.
365 2924 392 2946 et
405 2919 528 2946 Faustin.
545 2920 570 2944 in
587 2916 698 2944 Libello.

228 2965 366 2996 PATEOL.
387 2965 447 2995 Gn.
466 2965 567 2995 XXV.

950 2317 1004 2344 hnc
1033 2317 1165 2344 idolorum
1198 2317 1364 2352 impietatem
1399 2323 1494 2354 utpote
1523 2318 1624 2346 ethnici
1655 2326 1736 2353 sape-

950 2368 1035 2395 rent,
1069 2369 1200 2398 usurpato
1229 2370 1318 2391 tamen
1355 2365 1487 2400 praeclaro
1516 2365 1616 2392 Christi
1646 2365 1736 2392 nomi-
1776 2367 1781 2373 ‘

949 2416 982 2435 ne
998 2430 1005 2440 ,
1029 2409 1130 2437 Ariana
1157 2415 1232 2444 peste
1262 2415 1344 2437 totam
1377 2410 1530 2438 iniecurnnt
1556 2410 1703 2446 (Egyptum
1726 2419 1734 2444 ;

949 2455 1096 2491 A‘lgyptum
1114 2456 1236 2490 scilicet,
1250 2457 1276 2483 in
1291 2464 1343 2491 qua
1359 2457 1414 2484 sola
1438 2456 1558 2484 Orientis
1570 2457 1683 2492 regione
1701 2455 1735 2482 li-

951 2500 1013 2527 bera
1043 2502 1174 2530 hactenus
1190 2502 1290 2537 ubique
1317 2503 1406 2530 fuerat
1422 2510 1496 2530 sanae
1522 2503 1585 2530 ﬁdei
1604 2502 1737 2537 praedica-

952 2548 989 2572 tio
1001 2546 1050 2578 (el.

992 2593 1030 2619 De
1058 2592 1166 2620 violatis
1194 2593 1325 2620 Ecclesia:
1357 2593 1544 2621 sacerdotibus
1575 2592 1736 2627 gravissime

951 2637 1126 2670 conqueritur
1139 2637 1305 2665 Athanasius
1317 2638 1350 2672 (Γ)
1367 2647 1373 2664 :
1389 2642 1525 2671 tantasque
1535 2642 1674 2664 auctorem
1691 2644 1737 2663 ca-

951 2681 1080 2709 lamitatis
1093 2681 1167 2709 Sauli
1182 2687 1210 2709 et
1218 2682 1340 2714 Achabo,
1358 2681 1491 2709 Pharaoni
1512 2681 1672 2715 catterisque
1684 2680 1737 2707 lut-

948 2726 1065 2761 jusmodi
1080 2728 1202 2763 tyrannis
1216 2732 1366 2762 comparat.
1390 2726 1448 2755 lino
1465 2727 1604 2754 Achahum
1620 2726 1646 2753 in
1660 2733 1691 2752 ea
1708 2733 1737 2752 re

951 2773 1110 2800 Constantio
1123 2773 1339 2806 anteferendum,
1356 2771 1503 2808 quod'viso
1521 2773 1577 2800 Elia
1599 2772 1737 2807 paenitens

985 2841 1023 2877 (ιι)
1035 2842 1136 2869 Athan.
1151 2841 1216 2869 ibid.
1231 2850 1258 2869 n.
1272 2843 1315 2873 73,
1329 2842 1371 2869 78.

985 2876 1018 2910 (ej
1036 2878 1135 2903 Athan.
1148 2876 1258 2910 Apolog.
1274 2879 1307 2903 ad
1328 2878 1480 2909 Comitum,
1496 2877 1579 2904 n.10.

987 2913 1019 2948 (Ι)
1039 2912 1110 2939 Hist.
1123 2911 1217 2939 Arion.
1228 2914 1262 2939 ad
1279 2914 1432 2945 monac/tos,
1448 2922 1476 2940 n.
1491 2912 1536 2945 67,
1550 2911 1594 2939 68.

1568 2965 1581 2988 ι
