2016 3046
273 187 377 209 CXXXIV

955 166 1222 197 PROLECOMENA.

274 242 458 274 peruesusqne
476 234 586 263 sceleris
599 231 745 268 aliquando
765 230 847 258 fuerit
863 239 870 257 :
888 236 980 257 verum
992 229 1061 256 Con-
1077 231 1100 258 Α
1114 234 1196 255 causa
1207 225 1376 253 versabalur.
1390 223 1458 251 Cum
1474 219 1563 250 autem
1585 220 1738 248 Constantii
1753 219 1904 254 imperato-

274 281 393 309 stantius
411 281 437 307 in
457 279 533 306 malis
558 277 709 306 inferendis
730 275 908 309 exercitatus,
921 274 1063 302 calamita-

276 327 350 354 tibus
371 325 545 353 calamitates
558 323 712 358 adjiciebat,
725 327 807 357 atque
821 321 906 355 pulsis
923 320 1064 356 graviores

277 379 412 399 aerumnas
436 370 559 406 parabat.
583 370 716 397 ἀθάνατον
737 368 822 395 κακὸν
843 367 1002 402 γιγνόμενος
1023 365 1065 397 εις

277 416 385 450 αὸτώς,
408 417 445 444 ait
458 417 623 444 Athanasius
638 415 823 451 (a),_alludens
842 414 875 441 ad
883 413 992 441 llomeri
1008 420 1066 440 car-

281 471 343 491 men
357 463 390 490 de
407 463 497 498 Scylla
511 470 518 489 :

293 509 328 538 Ἠ
341 509 374 536 δέ
393 518 436 537 τοι
449 510 485 536 οὺ
500 508 604 543 θνητὴ,
621 508 690 536 ἀλλ’
710 507 860 535 ἀθάνατον
876 506 971 533 κακόν
985 504 1061 532 ἐστι.

314 556 373 583 Non
398 557 498 584 mirum
516 561 627 589 autem»,
644 555 820 590 subsequitur
849 554 893 582 ille
909 573 917 586 ,
940 552 962 580 si
987 553 1023 579 ita
1042 552 1068 578 in

281 604 423 639 episcopos
444 603 556 637 sa-viat,
570 603 615 637 qui
633 609 666 629 ne
682 601 806 637 cognatis
822 600 929 636 quidem
945 599 1002 626 suis
1019 604 1069 632 pe—

282 650 380 684 percit.
408 649 523 676 Patruos
542 649 614 675 enim
641 648 760 680 occidit,
778 646 916 682 patrueles
938 644 1068 677 sustulit,

283 698 407 723 socerum
421 700 604 731 cognatosque
626 695 691 722 nihil
708 694 855 721 miseratus
870 696 921 720 est.
939 691 1071 719 Omnibus

282 741 410 776 periurus
424 749 432 767 :
447 748 511 776 erga
529 739 653 773 fratrem,
666 740 746 774 cujus
771 738 927 773 sepulcrum
948 737 1072 764 excitare

283 794 313 814 se
329 787 455 818 simulat,
478 787 577 821 impius
600 790 628 813 et
656 785 819 813 inhumanus
846 793 853 812 :
879 791 940 811 nam
956 783 1072 817 despon-

283 840 341 860 sam
367 833 426 868 ejus
451 832 639 868 Olympiadem
669 831 794 858 barbaris
830 830 961 862 tradidit,
990 836 1073 864 quam

284 881 330 908 ille
345 881 378 908 ad
394 881 497 908 obitum
520 887 606 914 usque
629 878 700 913 apud
715 885 744 906 se
767 877 907 909 servavit,
925 876 1069 904 educavit-

285 935 338 963 que
361 926 438 962 quasi
463 926 599 960 propriam
626 924 678 952 sibi
701 931 824 951 uxorem.
846 923 912 950 Eam
939 922 1074 949 Constan-

285 976 340 1001 tius
354 973 458 1001 scilicet
468 972 564 999 Arsaci
576 971 711 998 Armenize
726 970 780 1005 regi
798 970 901 996 locavit
915 968 1072 1003 conjugem,

286 1027 375 1054 neque
391 1018 476 1046 multo
492 1017 585 1053 elapso
606 1021 728 1052 tempore
740 1020 804 1051 post
826 1015 987 1044 Constantis
1002 1021 1074 1041 mor-

288 1069 354 1092 lem.

323 1111 368 1137 22.
386 1109 435 1137 Pia
452 1109 541 1144 populi
560 1108 704 1137 Christiani
720 1108 822 1136 studia.
847 1121 882 1128 —-
904 1107 977 1134 Inter
993 1107 1076 1133 innu-

288 1163 380 1183 meras
400 1155 552 1184 istiusmodi
569 1155 748 1186 calamitates,
768 1153 892 1186 verbera,
903 1153 1009 1184 exsilia,
1024 1158 1077 1179 cae-

289 1203 348 1235 des,
369 1202 505 1230 eminebat
520 1201 667 1229 Christiani
687 1200 777 1236 populi
792 1200 921 1227 alacritas
948 1199 980 1226 ad
1005 1206 1079 1226 mar-

290 1249 390 1285 tyrium
417 1248 587 1275 subeundum
601 1248 650 1282 (ὁ),
664 1246 838 1282 graviorique
853 1246 880 1273 in
896 1245 1007 1280 impiam
1023 1245 1078 1271 haz-

289 1295 374 1323 resim
398 1293 460 1321 odio
480 1294 686 1329 eontlagrabant
712 1291 860 1320 Catholici.
884 1290 955 1318 Hinc
969 1291 1078 1322 luctus,

288 1340 435 1376 .lacqmaa,
449 1338 575 1374 gemitus,
593 1337 727 1366 universis
745 1345 798 1366 uno
814 1344 862 1366 ore
877 1336 911 1364 ad
936 1336 1079 1364 Dominum

291 1385 471 1414 clunantibus
488 1394 495 1412 :
513 1384 605 1417 Parce,
619 1384 740 1416 Domine,
752 1383 848 1419 populo
865 1388 923 1415 tuo,
942 1388 965 1409 et
988 1390 1020 1409 ne
1031 1382 1076 1408 de:

294 1431 473 1459 hereditatem
489 1435 563 1458 tuam
580 1431 607 1457 in
627 1430 795 1465 opprobrium
817 1429 930 1455 inimicis
947 1428 1020 1455 tuis:
1036 1427 1082 1454 sed

295 1478 390 1512 Ieslina
403 1482 430 1504 ut
444 1477 540 1511 eripias
561 1485 607 1503 nos
625 1476 657 1502 de
680 1484 759 1502 manu
775 1476 936 1509 iniquorum.
953 1473 1026 1500 Nam
1038 1474 1082 1508 fa-

293 1522 372 1550 mulis
382 1531 439 1550 ecce
454 1523 507 1549 tuis
519 1530 570 1550 non
580 1526 758 1557 pepercerunt,
767 1521 812 1548 se/l
826 1522 894 1547 uiam
904 1520 1082 1555 pra’muninnt

293 1569 469 1596 Antichristo.

329 1615 375 1642 25.
398 1613 543 1648 nyrinchi
562 1612 630 1642 laus.
656 1628 692 1633 ——
711 1612 803 1640 Sensit
818 1615 913 1640 sancta
931 1611 1083 1648 Oxyrincbi

294 1660 391 1687 civitas
414 1659 604 1687 haereticorum
619 1659 750 1687 furorem.
765 1659 829 1686 Erat
844 1666 875 1686 ea
894 1659 961 1685 urbs
974 1666 1084 1693 peram-

295 1705 338 1740 pla
355 1709 382 1731 et
395 1704 602 1739 populosissima
614 1724 622 1737 ,
644 1705 671 1732 in
693 1712 746 1740 qua
768 1709 823 1731 tum
839 1711 893 1732 uno
907 1708 1029 1739 tempore
1044 1704 1085 1731 vi-

296 1750 363 1786 ginti
381 1750 467 1777 millia
482 1749 635 1785 virginum,
652 1754 679 1777 et
693 1749 820 1777 monachi
837 1750 871 1776 ad
888 1750 982 1777 decem
1000 1749 1084 1776 tuillia

297 1796 431 1832 degebant
444 1796 493 1831 (c).
510 1796 585 1830 Ejus,
601 1797 640 1824 uti
659 1796 786 1829 diximus,
804 1796 949 1831 episcopus
961 1796 1086 1824 Theodo-

297 1850 356 1875 rus,
372 1850 433 1870 cum
449 1843 482 1869 ad
507 1842 624 1870 Arianas
649 1848 738 1878 partes
751 1843 922 1876 descivisset,
943 1842 1031 1869 denuo
1045 1849 1085 1869 or-

299 1889 409 1916 dinatus
423 1896 436 1915 a
453 1889 571 1924 Georgio
586 1888 647 1916 fuit.
661 1889 747 1922 Quam
770 1896 825 1916 rem
842 1889 951 1924 indigne
966 1888 1087 1916 ferentes

298 1933 404 1968 populi,
428 1935 463 1961 ab
478 1933 536 1968 ejus
556 1935 746 1961 communione
762 1940 945 1967 recesserunt,
957 1934 1087 1969 quemad-

277 1977 409 2010 ,modum
432 1981 459 2004 et
485 1978 630 2010 monachi;
659 1985 775 2012 quorum
807 1982 862 2004 tum
890 1978 1088 2011 antesignanus

301 2027 362 2050 erat
375 2023 474 2050 Paulus
487 2023 596 2057 quidam
607 2042 614 2055 ,
627 2023 669 2050 vir
684 2024 830 2050 Sanctitate
844 2024 1016 2059 conspicuus.
1037 2024 1087 2050 Ec-

301 2067 411 2095 clesiam
428 2075 493 2095 vero
507 2069 603 2096 deinde
630 2068 790 2103 interposito
815 2069 932 2103 quodam
959 2070 1089 2104 temporis

301 2113 391 2148 spatio
416 2113 545 2147 regebant
561 2113 712 2148 presbyteri
735 2118 762 2140 et
778 2114 896 2141 diaconi.
911 2113 939 2141 Si
956 2113 1089 2141 Faustino

302 2164 329 2186 et
349 2159 506 2186 Marcellino
520 2159 556 2186 sit
573 2159 649 2190 fides,
667 2159 694 2186 in
709 2157 846 2187 Theodori
865 2160 954 2187 locum
974 2166 1090 2195 c00pta-

302 2210 346 2233 tus
359 2210 401 2233 est
423 2204 589 2237 Heraclides,
602 2206 647 2239 qui
660 2211 753 2239 postea
768 2207 801 2233 ad
817 2206 1004 2234 Luciferianos
1018 2207 1090 2234 defe-

1115 273 1155 301 ris
1178 272 1297 300 animum
1314 278 1367 298 non
1382 269 1468 304 probe
1493 272 1667 303 perspectum
1690 266 1814 299 haberet,
1829 271 1904 292 ratus

1116 319 1288 355 imprudente
1307 318 1355 346 illo
1368 321 1444 344 tanta
1469 314 1575 342 admitti
1598 314 1732 345 facinora,
1749 315 1903 341 orationem

1116 367 1143 395 in
1161 367 1218 402 ejus
1234 369 1381 399 conspectu
1408 362 1441 390 ad
1465 361 1646 397 propulsanda
1663 360 1781 388 crimina
1799 360 1903 387 haben-

1117 413 1180 441 dam
1193 411 1354 439 adornabat.
1373 410 1406 438 Et
1419 410 1508 445 primo
1519 408 1629 443 quidem
1642 407 1686 434 ille
1698 407 1904 441 imperatorem,

1117 462 1210 493 utpote
1225 457 1410 485 Christianum
1431 462 1463 482 ac
1482 454 1651 488 religiosum,
1676 460 1738 480 eum
1755 452 1855 479 ﬁducia
1872 458 1904 478 se

1119 504 1194 532 adire
1206 502 1386 538 significabat.
1408 501 1563 535 Statimque
1582 507 1597 526 a
1612 498 1747 534 principio
1763 504 1796 525 ex
1816 497 1906 524 visce-

1119 552 1195 580 ribus
1217 558 1306 578 causaa
1324 556 1422 581 orsus,
1444 548 1547 583 grande
1568 553 1597 574 se
1616 546 1654 573 ait
1668 545 1764 572 afferre
1783 544 1809 571 in
1827 551 1907 580 syco-

1120 599 1237 634 phantas
1259 599 1460 631 argumentum,
1474 594 1536 629 quia
1551 592 1656 620 scilicet
1668 590 1800 619 Ursacius
1814 595 1842 617 et
1857 589 1908 616 Va-

1121 643 1190 676 lens,
1203 643 1247 678 qui
1260 650 1275 669 a
1285 641 1377 669 multis
1388 645 1462 668 retro
1474 639 1554 667 annis
1564 638 1624 666 ﬁcta
1641 638 1692 665 sibi
1705 637 1819 664 crimina
1833 635 1910 662 obtu-

1123 691 1220 722 lerant,
1229 689 1348 718 libellum
1361 693 1454 723 postea
1467 686 1634 722 paenitentiae
1648 684 1799 716 dedissent,
1810 690 1863 716 quo
1880 689 1910 708 se

1122 736 1251 764 mentitos
1264 743 1326 763 esse
1347 739 1374 763 et
1388 734 1539 762 calumnias
1561 731 1708 768 protulisse
1729 734 1825 765 aperte
1837 729 1909 756 fate-

1123 788 1227 812 rentur.
1240 782 1363 819 Magnam
1378 781 1532 818 lmjusmodi
1547 783 1709 816 argumento
1724 777 1911 805 accessionem

1124 837 1193 863 esse,
1207 829 1281 864 quod
1302 837 1332 856 se
1355 829 1479 861 absente,
1494 827 1626 855 arbitratu
1646 833 1697 853 suo
1710 825 1760 860 ipsi
1773 831 1829 851 rem
1849 830 1912 858 ges-

1125 877 1241 910 sissent;
1261 875 1411 910 cuiusmodi
1427 881 1489 902 acta
1505 881 1558 901 non
1567 873 1658 900 valere
1669 871 1771 900 nemini
1789 877 1912 904 comper-

1125 928 1180 950 tum
1203 930 1255 950 non
1276 927 1358 950 esset.
1371 922 1409 948 Ex
1426 921 1501 948 hisce
1522 920 1610 955 palam
1628 926 1688 946 esse
1707 916 1806 944 nullam
1832 916 1912 943 fidem

1125 969 1298 998 mendacibus
1319 967 1481 998 habendam,
1496 966 1518 994 si
1537 972 1606 1001 quas
1620 968 1680 999 post
1699 964 1756 991 [nec
1775 963 1910 990 crimiua‘

1126 1014 1213 1041 tiones
1229 1013 1368 1040 offerrent.
1387 1011 1420 1038 Et
1434 1011 1520 1046 primo
1536 1010 1645 1045 quidem
1662 1007 1733 1043 quod
1746 1007 1913 1043 jactitabant

1124 1060 1174 1093 illi,
1188 1059 1365 1087 Athanasium
1385 1056 1526 1085 Constanti
1555 1057 1675 1090 Augusto
1691 1055 1718 1081 in
1733 1053 1832 1080 malam
1851 1061 1915 1087 par-

1128 1110 1180 1132 tem
1203 1105 1235 1132 de
1251 1104 1411 1132 Constantio
1431 1102 1515 1129 fratre
1539 1102 1621 1129 verba
1635 1100 1746 1132 fecisse,
1769 1099 1794 1126 id
1815 1099 1915 1126 nedum

1127 1152 1274 1180 verisimile
1298 1155 1383 1182 esset,
1403 1157 1437 1176 ne
1453 1149 1508 1176 ficri
1525 1149 1636 1183 quidem
1652 1146 1784 1182 potuisse,
1805 1145 1916 1179 quando

1128 1205 1265 1233 nunquam
1280 1197 1324 1224 ille
1338 1197 1516 1224 Constantem
1533 1194 1620 1222 solum
1636 1193 1710 1220 solus
1726 1195 1797 1220 esset
1810 1191 1916 1218 allocu-

1129 1249 1184 1276 tus,
1203 1244 1250 1271 sed
1280 1250 1386 1279 semper
1408 1241 1553 1269 comitibus
1574 1239 1736 1275 permultis,
1765 1237 1810 1272 qui
1835 1241 1918 1271 geste

1128 1290 1169 1317 rei
1185 1289 1372 1316 testimonium
1387 1287 1458 1315 ferre
1472 1291 1592 1323 possent.
1618 1285 1706 1320 Rogat
1724 1289 1753 1311 ut
1776 1291 1809 1310 ne
1824 1283 1915 1316 patia-

1130 1340 1174 1363 tur
1190 1336 1271 1363 istam
1296 1341 1407 1361 manere
1431 1333 1625 1365 suspicionem,
1649 1331 1698 1358 sed
1720 1329 1916 1357 reminiscatur

1137 1382 1255 1416 seipsum
1269 1381 1421 1416 Augustum
1437 1378 1624 1407 C0nstantium
1647 1381 1689 1404 ter
1703 1375 1874 1406 convenisse,
1885 1381 1921 1401 ac

1131 1428 1203 1455 inter
1216 1425 1411 1461 alloquendum
1428 1431 1462 1451 ne
1477 1424 1590 1451 verbum
1607 1422 1716 1456 quidem
1738 1420 1837 1447 fecisse
1853 1426 1920 1446 con-

1132 1477 1174 1500 tra
1189 1471 1334 1499 Eusebium
1352 1475 1380 1497 et
1393 1470 1484 1497 socios
1499 1472 1637 1495 tantarum
1657 1466 1709 1494 sibi
1731 1466 1921 1493 calamitatum

1133 1523 1271 1546 auctores.
1284 1516 1360 1550 Quod
1374 1516 1396 1544 si
1410 1523 1444 1542 ne
1461 1515 1521 1542 illos
1530 1514 1637 1549 quidem
1651 1513 1832 1544 accusaverit,
1850 1518 1922 1546 quos

1095 1572 1119 1604 ρ
1134 1562 1297 1590 criminandi
1311 1568 1393 1588 causa
1411 1560 1515 1593 aderat,
1529 1566 1579 1594 qua
1598 1559 1695 1585 ductus
1714 1557 1819 1584 insania
1833 1557 1922 1591 impe-

1135 1612 1255 1635 ratorem
1273 1606 1343 1641 apud
1356 1605 1550 1640 imperatorem
1568 1608 1734 1635 accusasset,
1750 1602 1921 1636 fratremque

1135 1653 1303 1680 concitasset
1321 1652 1347 1678 in
1364 1650 1476 1678 fratrem
1492 1650 1503 1676 ?
1517 1649 1604 1676 Aliam
1623 1648 1722 1675 exinde
1748 1646 1923 1674 adversario-

1135 1705 1195 1725 rum
1206 1696 1371 1724 calumniam
1381 1694 1516 1730 depellere
1527 1692 1695 1728 aggreditur.
1710 1691 1827 1718 Aiebant
1847 1690 1924 1717 enim

1135 1751 1199 1771 eum
1218 1743 1324 1770 litteras
1354 1742 1449 1777 gratiae
1471 1740 1650 1768 concilianda:
1670 1745 1752 1766 causa
1766 1737 1871 1765 misisse
1888 1737 1924 1763 a'l

1136 1789 1330 1824 Magnentium,
1344 1788 1421 1821 cujus
1434 1785 1576 1820 exemplar
1592 1786 1617 1810 in
1635 1791 1699 1810 suas
1719 1782 1849 1809 incidisse
1865 1789 1926 1807 rna-

1137 1842 1187 1862 nus
1202 1833 1375 1869 jactitabant.
1392 1832 1482 1860 Gemit
1497 1831 1606 1866 quidem
1623 1828 1789 1857 Athanasius
1803 1827 1855 1854 sibi
1869 1832 1926 1853 tam

1137 1881 1241 1907 atrocis
1265 1880 1304 1906 rei
1328 1879 1371 1905 \‘el
1390 1877 1574 1912 suspicionem
1598 1875 1681 1902 fuisse
1702 1875 1840 1909 iniectam,
1863 1880 1927 1899 cum

1137 1927 1248 1961 ignotus
1265 1925 1344 1960 plane
1360 1924 1411 1951 sibi
1428 1923 1509 1950 fuerit
1524 1922 1659 1957 parricida
1680 1919 1861 1955 Magnentius,
1875 1919 1927 1953 qui

1137 1973 1279 2001 Constanti
1306 1971 1358 1999 sibi
1390 1975 1505 2005 patrono
1527 1968 1644 2002 aliisque
1673 1965 1815 2001 permultis
1836 1964 1869 1991 de
1898 1972 1930 1992 se

1138 2021 1207 2048 bene
1228 2019 1333 2046 meritis
1349 2024 1443 2045 necem
1459 2015 1595 2043 intulerit.
1614 2014 1671 2040 Sibi
1688 2013 1802 2040 multum
1818 2011 1852 2039 ab
1871 2011 1929 2038 hu-

1136 2065 1255 2102 jusmodi
1286 2065 1345 2090 viro
1379 2062 1530 2089 amicorum
1560 2060 1718 2087 Constantis
1749 2058 1931 2086 interfectore

1139 2110 1383 2146 pertimescendum
1409 2108 1504 2140 fuisse,
1529 2114 1590 2134 cum
1618 2106 1717 2133 nemini
1740 2105 1797 2139 ipse
1821 2106 1871 2131 hac
1902 2105 1930 2131 in

1140 2163 1216 2194 parte
1231 2156 1364 2185 secundus
1379 2159 1462 2182 esset.
1477 2154 1545 2180 Aliis
1561 2161 1626 2180 vero
1650 2151 1790 2187 permultis
1815 2150 1849 2177 ad
1865 2158 1930 2178 eam

1142 2204 1284 2232 levandam
1298 2202 1481 2237 suspicionem
1501 2200 1602 2231 allatis.
1618 2200 1652 2226 ad
1667 2198 1776 2224 tertiam
1797 2197 1932 2223 erimina-

302 2252 350 2278 cit.
370 2250 435 2277 Erat
453 2251 528 2284 item,
544 2256 573 2278 ut
590 2251 616 2278 in
631 2250 691 2278 aliis
705 2252 845 2286 permultis
858 2251 971 2288 Egypti
991 2252 1088 2280 Eccle.
1106 2245 1128 2273 Ι)
1142 2251 1243 2277 tionem
1266 2247 1453 2283 progreditur.
1478 2245 1506 2272 ln
1528 2245 1632 2272 crimen
1655 2243 1756 2278 quippe
1773 2242 1931 2274 vertebant,

303 2297 364 2330 siis,
388 2297 532 2331 episcopus
544 2296 653 2332 quidam
681 2297 831 2331 Oxyrincbi
850 2297 1022 2329 Meletianus,
1039 2305 1089 2324 no-

303 2342 377 2368 mine
390 2341 570 2376 Apollonius,
596 2341 640 2375 qui
666 2341 833 2368 Seleuciensi
859 2345 954 2375 postea
984 2341 1089 2376 synodo

303 2387 436 2414 interfuit.
450 2385 488 2413 Ita
505 2392 561 2413 tres
577 2387 603 2413 in
620 2390 710 2420 partes
726 2386 857 2413 distracta
875 2391 930 2413 tum
945 2391 1005 2413 erat
1020 2386 1090 2413 civi-

304 2438 356 2459 tas.
372 2431 486 2458 Tantam
504 2431 606 2458 scilicet
626 2431 815 2458 haereticorum
831 2430 906 2458 furor
922 2431 1090 2458 Constantii-

304 2486 357 2513 que
369 2478 464 2504 levitas
479 2477 632 2512 reipublicae
643 2476 804 2503 Christianae
819 2477 969 2504 intulerant
983 2482 1089 2511 pertur-

304 2524 442 2552 bationem
457 2529 538 2558 atque
559 2523 718 2557 perniciem.

339 2569 384 2596 2L
408 2570 568 2596 Athanasius
591 2570 744 2604 Apotogiam
760 2570 793 2596 ad
813 2569 1000 2597 Constantium
1023 2571 1089 2598 edit.

306 2616 340 2644 Ut
356 2617 540 2644 Constantium
554 2618 631 2644 adeat
653 2618 702 2644 iter
723 2618 880 2651 ingreditur.
903 2616 1039 2652 Remigrat
1063 2618 1091 2644 in

305 2664 484 2690 solitudinem.
499 2679 534 2683 —
549 2663 621 2691 Inter
634 2665 690 2692 haec
707 2664 874 2691 Athanasius
889 2663 916 2690 in
931 2663 1091 2692 secretiori-

305 2710 356 2736 bus
368 2711 452 2736 cremi
466 2710 532 2736 locis
543 2718 590 2744 per
601 2718 705 2737 summa
719 2711 842 2744 corporis
856 2710 1031 2738 incommoda
1044 2711 1093 2737 de-

306 2756 446 2782 litescebat
460 2776 468 2787 ,
491 2763 523 2782 ac
543 2763 603 2782 cum
624 2756 708 2789 feris,
736 2761 765 2783 ut
782 2757 838 2791 ipse
853 2757 892 2783 ait
908 2756 959 2792 (ά),
988 2755 1092 2785 latendi

344 2857 381 2890 (a)
398 2855 468 2882 Hist.
484 2857 576 2883 Arian.
591 2858 623 2884 ad
641 2857 792 2891 monac/ros,
810 2865 836 2884 n.
853 2856 897 2884 68.

344 2892 378 2926 ib)
395 2891 495 2918 Athan.
510 2891 587 2924 ibid.,
605 2901 630 2918 ιι.
651 2893 693 2919 Ἷ9.

1143 2298 1215 2332 quod
1229 2297 1254 2323 in
1271 2302 1369 2329 magna
1385 2292 1514 2323 ecclesia,
1530 2291 1649 2317 nondum
1659 2288 1784 2315 absoluto
1800 2286 1931 2318 :edilicio,

1144 2351 1194 2370 nec
1209 2345 1367 2376 exspectato
1384 2338 1537 2366 Constantii
1550 2337 1637 2371 jussu,
1650 2334 1763 2370 synaxin
1779 2333 1931 2360 habuisset.

1144 2389 1191 2416 llle
1214 2395 1279 2415 vero
1300 2394 1352 2414 non
1376 2390 1456 2420 negat
1477 2383 1585 2418 quidem
1606 2382 1720 2413 faetum,
1738 2387 1831 2407 verum
1848 2379 1888 2406 ait
1903 2386 1935 2405 se

1145 2441 1199 2462 non
1227 2432 1427 2461 dedicationem
1453 2430 1577 2457 ecclesiae
1599 2428 1764 2458 celebrasse,
1790 2425 1862 2460 quod
1887 2424 1933 2451 in-

1143 2481 1219 2515 jussu
1235 2478 1387 2507 Constantii
1404 2477 1481 2504 nefas
1501 2476 1607 2506 fuisset,
1635 2476 1681 2501 sed
1696 2480 1757 2500 cum
1778 2473 1814 2499 ob
1835 2471 1934 2505 ingen-

1146 2532 1199 2555 Iem
1216 2525 1306 2561 populi
1322 2523 1506 2559 frequentiam
1523 2529 1575 2549 non
1591 2524 1704 2556 possent
1718 2519 1851 2546 Catholici
1873 2525 1935 2544 om-

1146 2579 1194 2599 nes
1215 2571 1243 2598 in
1260 2570 1322 2597 aliis
1337 2569 1462 2598 ecclesiis
1485 2569 1589 2602 absque
1612 2565 1766 2601 periculosa
1795 2571 1936 2598 compres-

1146 2618 1222 2646 sione
1246 2616 1405 2648 convenire,
1421 2614 1592 2649 rogantibus,
1617 2613 1671 2639 imo
1692 2610 1935 2639 obmurmuranti-

1142 2665 1194 2692 bus
1206 2662 1320 2698 populis,
1333 2670 1365 2690 ac
1380 2662 1408 2688 in
1423 2661 1560 2688 desertum
1573 2659 1661 2686 locum
1674 2658 1806 2692 angustiae
1818 2655 1939 2683 vitanda:

1144 2716 1225 2737 causa
1251 2707 1390 2744 proficisci
1420 2706 1594 2742 parantibus,
1612 2704 1783 2739 compulsum
1803 2710 1832 2730 se
1847 2702 1938 2729 fuisse

1144 2761 1238 2783 eorum
1254 2753 1357 2790 optatui
1373 2760 1470 2788 gerere
1485 2759 1601 2784 morem,
1623 2757 1705 2786 atque
1727 2751 1754 2777 in
1771 2749 1890 2777 ecclesia
1909 2749 1938 2775 in

1195 2855 1219 2889 ο)
1231 2854 1379 2883 Marcellin.
1394 2859 1421 2882 et
1435 2854 1559 2882 Faustin.
1579 2853 1607 2880 in
1624 2851 1739 2880 Libello.

1195 2857 1219 2889 ο)
1231 2857 1379 2883 Marcellin.
1394 2859 1421 2882 et
1436 2857 1559 2882 Faustin.

1183 2857 1223 2927 id)
1234 2890 1311 2925 Apol.
1328 2891 1361 2917 ad
1377 2890 1574 2918 Constantium.
