2016 3046
781 183 861 210 VITA
879 183 908 211 S.
929 181 1126 210 ATHANASII.

1673 195 1760 216 CXXIV

145 245 271 272 Cmsareo
287 243 359 270 dicta
375 246 538 271 conventum
552 241 662 272 habere.
678 248 759 276 quam
784 248 841 268 rem
855 246 883 268 et
895 248 928 268 ex
944 245 966 272 Î‘
981 246 1089 276 paterna
1105 242 1175 268 bona
1192 241 1218 269 in
1237 248 1293 269 rem
1312 249 1389 269 suam
1405 248 1574 270 converteret
1589 241 1637 279 (b).
1653 246 1691 272 Ad
1705 247 1761 274 haec

145 290 261 317 aliorum
278 297 338 321 usu,
360 294 386 316 et
401 297 433 316 ex
452 293 524 315 recta
541 289 645 316 ratione
660 288 762 315 licitam
777 295 837 314 esse
853 295 929 315 com-

145 340 290 363 monstrat.
307 335 436 367 Quartam
463 335 561 362 exinde
582 334 802 362 criminationem
821 339 848 360 ut
865 342 930 369 pro-

145 381 234 416 pulset
249 381 427 413 Athanasius,
440 388 492 415 qua
514 381 714 407 mentiebantur
728 388 789 407 eum
812 380 929 414 impera-

145 427 211 460 tori,
226 427 330 462 jubenti
352 430 382 454 ut
404 434 434 454 se
449 427 551 457 adiret.
569 435 621 454 non
643 427 846 460 obtemperasse
860 434 867 452 :
881 433 930 452 tte-

146 476 192 507 gat
205 472 304 500 litteris
323 472 512 499 Constantium
531 473 588 499 suis
603 472 754 499 Athanasio
770 471 884 507 jussisse
900 476 929 498 ut

145 518 352 550 seconveniret,
366 518 412 545 sed
421 518 499 552 quasi
519 524 643 554 rogatum
656 518 827 546 concessisse
842 517 929 545 facul-

147 567 228 589 tatem
240 570 268 589 se
277 562 403 594 adeundi,
415 570 496 597 quem
508 567 595 590 tamen
608 564 665 598 ipse
678 571 817 598 nunquam
835 568 928 598 postu-

149 607 234 635 lasset
249 615 256 640 ;
270 608 387 642 hincque
399 607 486 643 palam
497 615 557 635 esse
572 615 618 635 eas
632 608 736 636 litteras
750 616 783 635 ex
799 609 929 636 adversa-

147 655 247 680 riorum
268 660 378 680 suorum
403 653 605 687 conspiratione
621 653 706 680 fuisse
719 653 806 680 datas.
825 652 928 680 Deinde

145 706 211 726 vero
234 703 333 726 cetera
364 704 474 726 sanctus
501 699 600 734 praesul
615 699 789 734 prosequitur
805 706 864 733 quae
878 706 928 726 nos

145 745 271 779 superius
285 745 483 773 enarravimus.
500 744 556 773 Hac
572 750 709 780 postrema
726 744 864 772 confutata
877 744 929 772 cri-

145 791 295 819 minatione
323 792 473 827 apologiam
497 792 632 819 clauserat
655 792 832 824 Athanasius,
856 792 928 827 ejus-

145 846 198 873 que
226 846 317 866 coram
341 838 504 873 imperatore
525 838 673 865 recitandae
700 838 787 873 gratia
809 839 841 865 ad
866 845 927 865 eum

144 884 320 918 properabat.
340 883 375 910 At
388 884 440 910 iter
452 883 601 917 ingressus,
625 890 734 911 rumore
756 883 826 918 vulgi
842 883 927 910 edidi-

145 930 181 956 cit
195 937 264 964 quas
278 930 318 956 sui
333 936 414 957 causa
429 929 585 956 Occidentis
600 929 734 964 episcopis
749 929 925 956 Constantius

144 974 282 1002 intulisset
306 975 486 1002 calamitates.
512 974 571 1007 Quo
585 980 733 1010 comperto,
755 983 816 1002 cum
833 975 926 1002 obstu-

145 1026 268 1057 pesceret
291 1021 456 1049 Athanasius
484 1029 516 1049 ac
550 1029 641 1049 secum
666 1021 817 1054 haesitaret,
842 1021 924 1048 altera

143 1075 208 1095 ecce
229 1067 300 1095 fama
319 1072 442 1102 vagatur,
466 1067 595 1095 ecclesias
619 1067 730 1102 Egypli
748 1067 858 1094 Arianis
875 1072 927 1094 tra-

143 1115 226 1147 ditas,
252 1113 396 1149 episcopos
417 1113 519 1149 pulsos,
540 1113 612 1141 viros
638 1113 819 1145 Christianos,
845 1113 926 1148 virgi-

143 1167 247 1194 nesque
262 1159 294 1186 ad
308 1166 402 1187 necem
419 1160 583 1191 lancinatos,
595 1159 722 1186 ethnicos
739 1159 766 1185 in
785 1158 928 1193 episcopo-

144 1213 204 1231 rum
231 1205 308 1232 sedes
332 1205 451 1232 intrusos
471 1204 564 1232 fuisse.
583 1204 646 1232 Hinc
661 1205 786 1239 quamvis
810 1206 927 1240 accepis-

144 1255 187 1277 set
208 1250 382 1283 Athanasius,
399 1251 530 1286 pergebat
547 1256 638 1278 tamen
663 1251 695 1277 ad
721 1251 925 1285 imperatorem,

144 1300 220 1323 ratus
238 1296 409 1331 imprudente
433 1296 480 1324 illo
505 1296 556 1323 ista
580 1297 672 1331 peragi
697 1305 704 1328 ;
724 1304 784 1323 cutn
814 1296 925 1323 tertium

144 1348 210 1368 ecce
226 1342 347 1368 nuntium
364 1342 474 1376 accipit,
492 1342 634 1375 epistolam
653 1350 667 1369 a
680 1341 838 1370 Constantio
860 1342 926 1370 mis-

142 1394 201 1413 sam
229 1387 420 1414 Alexandrinis
445 1386 539 1420 fuisse,
564 1395 616 1422 qua
636 1387 815 1415 Athanasium
841 1387 927 1416 scele-

145 1437 229 1466 stum,
243 1432 469 1465 nefarium,omni
479 1433 611 1468 supplicio
624 1434 732 1468 dignum
748 1434 925 1469 significaret,

143 1478 288 1513 Georgium
311 1487 377 1506 vero
398 1480 649 1513 praestantissimum
679 1481 767 1508 virum
791 1481 818 1508 in
845 1482 926 1509 rebus

144 1525 339 1552 ecclesiasticis
351 1526 618 1553 exercitatissimum.
637 1526 782 1562 Epistolam
798 1528 862 1555 item
878 1527 927 1555 da-

982 287 1080 314 nitrum
1093 286 1144 314 sibi
1155 294 1261 314 omnem
1287 288 1421 320 attribuit,
1431 287 1506 322 cujus
1520 297 1615 325 magna
1631 291 1671 318 vis
1683 297 1761 326 quot-

980 332 1058 359 annis
1077 332 1252 366 coliigebalur
1287 332 1320 359 ad
1349 332 1588 367 lacum-Mariam,
1610 341 1691 370 atque
1708 345 1759 364 una

980 377 1073 412 papyri
1094 377 1248 412 calamique
1272 378 1396 412 paludes,
1425 386 1530 407 necnon
1555 381 1682 410 salinaria
1705 388 1761 410 sta-

980 430 1041 458 gna.
1058 422 1114 450 lmo
1132 427 1185 450 tam
1201 424 1309 452 sordida
1325 425 1439 452 avaritia
1456 425 1606 460 laborabat,
1628 433 1658 456 ut
1672 436 1759 464 quan-

981 468 1080 495 tumvis
1095 468 1235 496 vilissimte
1257 476 1301 496 res
1326 475 1417 497 essent
1439 471 1489 506 ipsi
1521 473 1633 506 quaastui
1658 481 1761 509 oppor-

981 517 1061 541 tunae.
1087 513 1163 541 Nulla
1194 515 1342 549 turpitudo,
1369 516 1441 543 nulla
1468 517 1580 545 infamia
1607 519 1686 554 hujus
1711 529 1760 549 un-

979 567 1059 594 quam
1081 560 1256 595 cupiditatem
1285 562 1451 590 retardabat.
1470 563 1536 590 Nam
1560 564 1631 592 inter
1648 571 1759 598 caetera,

980 606 1137 634 lecticarum
1159 607 1192 633 ad
1213 606 1347 634 efferenda
1370 613 1539 636 mortuorum
1565 617 1680 646 corpora
1697 619 1759 639 cer-

980 653 1196 687 tum;numerum
1223 654 1371 688 assignavit
1393 663 1400 687 ;
1425 662 1475 683 nec
1500 656 1637 691 cuiquam,
1660 663 1760 692 prater

978 705 1036 732 eos,
1053 706 1121 733 quos
1138 699 1194 733 ipse
1210 699 1405 732 constituisset,
1429 706 1609 736 mortuorum,
1626 704 1757 732 maxime-

978 751 1031 780 que
1060 745 1273 780 peregriuorutu,
1293 753 1405 781 corpora
1432 747 1527 775 eil'crre
1557 749 1660 776 licitum
1687 755 1756 778 erat.

978 788 1054 822 Quod
1071 796 1123 817 non
1142 789 1184 816 ille
1201 790 1394 825 hospitalitatis
1412 799 1514 825 amore,
1532 794 1577 820 sed
1594 793 1661 822 lucri
1674 803 1756 829 pecu-

979 835 1084 869 niaeque
1099 843 1179 863 causa
1200 835 1326 863 faciebat.
1343 836 1426 864 Nemo
1439 837 1546 872 impune
1560 842 1588 865 et
1604 839 1671 866 citra
1688 839 1757 874 peri-

979 881 1068 908 culum
1085 889 1183 915 corpus
1198 882 1338 915 humabat,
1356 883 1417 917 quia
1432 890 1463 910 ex
1481 883 1594 918 singulis
1617 886 1758 913 cadaveri-

942 914 963 941 Î’
978 927 1027 954 bus
1043 927 1163 954 nonnihil
1180 927 1230 962 ipsi
1245 932 1361 962 quaestus
1380 929 1576 957 obveniret.-Si
1589 930 1651 965 quis
1667 936 1756 958 autem

976 973 1026 1000 sibi
1042 973 1148 1008 indigna
1167 973 1284 1001 molienti
1305 974 1459 1007 obsisteret,
1474 982 1534 1002 cum
1558 976 1757 1011 quamprimum

975 1020 1008 1046 ad
1023 1020 1207 1046 Constantium
1225 1019 1372 1052 deferebat,
1390 1020 1565 1055 professionis
1578 1029 1632 1049 suat
1647 1023 1756 1056 oblitus,

975 1066 1013 1092 ait
1036 1066 1195 1093 Ammianus
1212 1066 1395 1098 Marcellinus,
1421 1074 1480 1101 qua:
1497 1067 1562 1094 nihil
1581 1068 1632 1095 nisi
1655 1067 1756 1102 justum

976 1112 1072 1140 suadet
1085 1117 1112 1139 et
1129 1112 1199 1140 lene.
1232 1112 1399 1140 Memoratur
1414 1121 1428 1140 a
1448 1113 1555 1141 Juliano
1570 1114 1698 1148 Apostata
1721 1115 1757 1150 (Îµ)

975 1158 1084 1192 quidam
1107 1157 1179 1185 Zeno
1205 1159 1335 1190 medicus,
1357 1158 1464 1194 Georgii
1483 1166 1564 1194 opera
1584 1160 1609 1186 in
1629 1161 1756 1188 exsilium

975 1203 1068 1238 pulsus
1079 1210 1088 1230 :
1101 1203 1147 1238 qui
1163 1208 1255 1238 postea
1271 1207 1423 1237 revocatus,
1441 1211 1473 1231 ac
1486 1212 1547 1231 cum
1562 1204 1665 1233 honore
1679 1206 1757 1233 resti-

976 1254 1050 1277 tutus
1070 1249 1103 1277 ab
1131 1249 1225 1277 eodem
1246 1248 1352 1276 Iuliano
1376 1249 1437 1278 fuit.
1464 1259 1473 1275 Î¹
1494 1250 1527 1278 Et
1559 1251 1629 1279 inter
1657 1258 1755 1279 caetera

976 1295 1044 1330 (iure
1063 1294 1231 1330 Ammianus)
1246 1294 1385 1321 dicebatur
1403 1295 1429 1322 id
1445 1302 1550 1330 quoque
1575 1296 1691 1330 maligne
1702 1297 1750 1324 do-

976 1340 1063 1368 cuisse
1077 1340 1273 1372 Constantium,
1293 1341 1363 1374 quod
1388 1341 1414 1367 in
1438 1341 1503 1368 urbe
1518 1341 1656 1375 praedicta,
1672 1342 1758 1369 ardifi-

976 1386 1017 1413 cia
1031 1391 1126 1413 cuncta
1146 1386 1204 1414 solo
1217 1387 1392 1419 cohterentia,
1408 1394 1422 1413 a
1439 1387 1576 1414 conditore
1599 1387 1756 1415 Alexandro

976 1434 1162 1469 magnitudine
1194 1434 1362 1469 publicarum
1388 1434 1570 1469 impensarum
1606 1439 1755 1467 exstructa.

975 1481 1164 1508 emolumentis
1179 1481 1269 1508 aerarii
1286 1481 1417 1516 proï¬cere
1432 1482 1528 1508 debent
1542 1488 1574 1508 ex
1587 1481 1658 1517 jure.
1674 1491 1683 1507 I
1698 1482 1756 1509 Non

977 1527 1113 1562 cogitabat
1127 1526 1231 1554 scilicet
1248 1528 1328 1554 homo
1344 1526 1464 1561 pecunia:
1477 1534 1583 1561 semper
1605 1535 1684 1562 quant
1700 1527 1758 1555 oili-

144 1575 199 1598 tatn
215 1570 247 1597 ad
266 1575 396 1606 tyrannos
407 1571 582 1599 Auxumenos
596 1571 728 1599 [Ezanam
738 1578 765 1600 et
779 1573 923 1606 Sazanam,
939 1583 960 1612 á½·)
977 1572 1011 1599 cii
1024 1573 1155 1607 cupidior,
1172 1580 1251 1607 quam
1274 1573 1360 1607 turpia
1386 1572 1440 1605 illa,
1456 1580 1538 1607 qttam
1564 1573 1652 1600 aliena
1673 1580 1687 1600 a
1707 1581 1757 1608 pa-

143 1623 197 1650 qua
212 1615 325 1650 jubebat
340 1620 371 1642 ut
385 1615 571 1644 Frumentium
594 1618 749 1646 Auxumeos
770 1619 925 1654 episcopum

143 1659 355 1686 transmitterent
363 1659 594 1693 Alexandriam,ut
602 1670 616 1688 a
625 1662 739 1698 Georgio
747 1671 837 1692 veram
847 1664 926 1691 fidem

143 1712 291 1739 sanamque
305 1706 462 1740 religionem
479 1707 625 1735 edisceret.
645 1708 691 1736 H'e
715 1709 835 1744 profecto
853 1710 926 1739 litte-

142 1758 191 1783 ras,
214 1758 283 1785 quas
304 1751 337 1778 ad
362 1751 473 1782 verbum
497 1752 581 1780 refert
605 1754 780 1788 Athanasius,
805 1756 925 1783 animum

142 1795 292 1830 praeferunt
313 1797 505 1826 maledicorum
522 1799 760 1828 criminationibus
778 1802 927 1829 vehemen-

145 1847 185 1868 ter
196 1843 452 1877 exasperatum.llis
467 1845 596 1879 acceptis,
609 1845 773 1873 Athanasius
793 1848 926 1875 intellexit

142 1885 246 1920 quanto
268 1888 294 1913 in
319 1887 475 1915 discrimine
496 1894 663 1917 versaretur.
686 1890 806 1926 Cumque
832 1898 926 1920 omnes

143 1932 233 1960 aditus
256 1933 357 1960 arduos
382 1941 429 1960 seu
453 1934 542 1968 potius
571 1935 734 1964 interclusos
756 1937 870 1969 videret,
898 1938 925 1964 in

142 1985 263 2005 eremum
278 1979 372 2013 pedem
388 1979 489 2013 retulit,
510 1985 590 2015 atque
607 1981 743 2017 Apologia
754 1990 809 2010 sua:
821 1990 852 2010 ea
866 1991 926 2018 quae

144 2024 278 2058 posterius
299 2026 486 2054 enarravimus
515 2026 624 2061 adjecit,
650 2028 695 2055 ubi
720 2034 748 2055 et
777 2028 924 2063 legitimam

143 2070 194 2097 sibi
218 2071 336 2099 adfuisse
364 2072 431 2107 fuga:
457 2080 578 2106 causam.
603 2081 653 2102 nec
675 2082 703 2102 se
715 2075 803 2102 ollicio
816 2083 865 2104 suo
878 2077 924 2103 de-

142 2115 226 2143 fuisse
251 2121 458 2144 commonstrat.
486 2118 524 2145 De
549 2118 683 2153 virginum
700 2119 728 2146 in
747 2119 864 2147 Ecclesia
885 2120 926 2147 di-

142 2161 245 2195 gnitate
270 2167 297 2189 et
333 2163 513 2191 sanctimonia
543 2164 628 2191 multa
658 2171 866 2198 commemorat,
899 2170 926 2194 et

141 2212 274 2242 quantum
291 2209 325 2236 sit
340 2209 465 2237 criminis
481 2209 582 2237 Christi
598 2217 712 2245 sponsas
730 2218 744 2237 a
762 2211 925 2239 Christianis

977 1619 1059 1646 storis
1074 1626 1192 1646 munere.
1207 1618 1264 1645 Non
1273 1626 1363 1646 secum
1380 1620 1521 1653 reputabat
1536 1618 1562 1645 in
1577 1619 1685 1646 civitate
1700 1626 1758 1645 ver-

977 1666 1031 1692 sari
1053 1672 1092 1697 se,
1111 1672 1171 1699 qua
1184 1670 1277 1699 suolnte
1291 1670 1376 1698 motu,
1392 1669 1418 1692 et
1434 1665 1477 1692 ubi
1492 1672 1581 1692 causze
1592 1672 1646 1692 non
1660 1671 1758 1699 suppe-

977 1715 1077 1743 terent,
1100 1711 1278 1739 seditionibus
1302 1711 1406 1739 crebris
1425 1711 1590 1746 agitabatur.
1614 1711 1679 1744 Quae
1691 1718 1759 1739 sane

978 1756 1211 1784 inconsiderantia
1236 1756 1323 1784 virum
1348 1756 1455 1784 tandem
1475 1754 1591 1790 conjecit
1615 1756 1642 1783 in
1665 1757 1758 1791 perni-

976 1802 1055 1829 ciem.

1011 1847 1055 1874 â€˜26.
1076 1846 1142 1874 Cum
1167 1846 1257 1881 itaque
1275 1847 1317 1874 his
1337 1847 1370 1874 de
1391 1848 1481 1876 causis
1506 1848 1531 1876 in
1555 1848 1757 1877 Catholicorum

974 1892 1050 1928 juxta
1065 1893 1236 1928 etgenlilium
1246 1893 1335 1920 odium
1347 1893 1516 1928 incurrisset,
1528 1896 1660 1923 concitata
1672 1896 1759 1931 plebs,

976 1941 1126 1975 ardensque
1139 1940 1239 1973 furore,
1252 1946 1313 1966 eum
1330 1939 1356 1966 in
1370 1940 1486 1967 ecclesia
1516 1945 1641 1976 agentem
1664 1942 1757 1970 adorta

976 1990 1029 2018 est,
1055 1992 1203 2020 parumque
1226 1985 1311 2013 abfuit
1339 1985 1404 2020 quin
1434 1986 1570 2014 hominem
1598 1988 1756 2015 trucidaret.

976 2032 1028 2060 Vix
1059 2032 1150 2066 itaque
1182 2032 1300 2067 elapsus,
1336 2033 1368 2059 ad
1401 2032 1592 2068 imperatorem
1626 2035 1758 2071 profugus

976 2078 1042 2105 adiit
1061 2077 1112 2112 (á½±).
1131 2077 1198 2104 llinc
1215 2081 1304 2103 autem
1318 2077 1381 2104 data
1396 2077 1588 2106 Athanasianis
1602 2079 1757 2111 occasione,

976 2123 1105 2151 ecclesias
1121 2123 1182 2157 ipsi,
1199 2124 1303 2151 exactis
1317 2123 1436 2151 Arianis.
1457 2124 1545 2152 denuo
1563 2125 1757 2156 obtinuerunt;

976 2169 1073 2204 quibus
1089 2174 1177 2197 tamen
1192 2176 1244 2196 non
1261 2169 1306 2196 diu
1324 2169 1426 2197 licitum
1438 2169 1489 2197 fuit
1506 2174 1654 2197 conventus
1666 2170 1692 2197 in
1706 2171 1758 2198 illis

976 2215 1124 2243 celebrare.
1141 2215 1331 2243 Alexandriam
1348 2216 1419 2243 enim
1436 2216 1589 2243 concedens
1601 2215 1655 2242 dux
1674 2215 1758 2251 [Egy-

141 2258 197 2280 tam
211 2254 320 2289 indigne
331 2260 468 2289 exceptas,
481 2263 548 2290 quas
562 2256 613 2291 ipsi
628 2256 742 2291 gentiles
756 2264 861 2284 summo
877 2257 926 2284 ho-
940 2267 963 2295 Î¹)
975 2260 1025 2296 ÏÎ¹á½·,
1040 2260 1189 2288 Catholicis
1203 2265 1312 2296 ereptas
1324 2260 1420 2288 iterum
1443 2261 1526 2288 tradit
1556 2260 1673 2288 Arianis.
1693 2260 1758 2288 lâ€™ost

140 2299 202 2327 nori
220 2303 247 2326 et
260 2300 433 2328 admirationi
461 2301 606 2328 haberent.
631 2300 762 2328 Caeterum
791 2301 923 2330 Constan-

140 2345 197 2373 tius
209 2353 240 2373 ea
256 2345 363 2373 feritate
376 2351 445 2378 erat,
461 2352 491 2373 ut
503 2347 610 2381 juberet
623 2351 670 2373 aut
690 2347 787 2374 adduci
801 2348 923 2375 Athana-

140 2391 224 2423 sium,
247 2396 294 2417 aut
319 2390 410 2418 afferri
435 2397 517 2426 caput
538 2391 608 2426 ejus,
637 2399 733 2427 magna
748 2394 880 2427 promissa
897 2394 922 2422 ei

139 2436 186 2471 qui
205 2436 232 2463 id
249 2440 341 2471 ageret
356 2437 479 2464 mercede
492 2436 540 2473 (a).

175 2481 222 2508 25.
233 2481 336 2517 Georgii
344 2482 458 2509 auaritia
465 2487 488 2509 et
498 2483 660 2510 immanitas.
671 2482 692 2510 Î‘
702 2483 775 2517 plebe
789 2483 880 2517 pulsus
894 2484 922 2512 in

139 2529 228 2555 sedem
247 2527 404 2555 restituitur.
417 2541 452 2549 â€”-
465 2527 570 2556 interea
592 2527 724 2564 Georgius
744 2528 832 2557 fretus
849 2529 923 2557 Con-

139 2572 235 2600 stantii
263 2572 362 2608 gratia,
385 2580 446 2600 cum
471 2573 529 2601 sine
545 2573 644 2609 injuria
659 2578 820 2611 potestatem
835 2574 921 2602 levem

139 2623 223 2654 atque
246 2618 352 2653 inopem
377 2619 566 2652 arbitraretur,
597 2620 734 2648 exactoris
759 2628 791 2648 ac
813 2620 921 2657 tyranni

139 2666 228 2700 magis
253 2672 334 2700 quam
356 2665 474 2700 episcopi
494 2673 591 2693 munus
616 2666 722 2701 agebat,
745 2667 853 2702 vimque
873 2667 922 2694 tati

139 2711 245 2739 civitati
259 2719 292 2739 ac
304 2711 402 2748 popqu
417 2712 588 2741 inferebatut
601 2713 683 2741 etiam
698 2712 816 2746 civibus,
831 2717 922 2748 erepta

176 2832 216 2867 (Î·)
231 2832 333 2868 Theod.
350 2832 395 2861 lib.
413 2841 443 2866 tr,
459 2841 518 2868 cap.
533 2833 577 2860 Î—.

177 2869 215 2903 (l1)
228 2867 318 2894 Rufin.
337 2868 383 2895 lib.
404 2877 422 2899 Î¹,
437 2876 497 2901 cap.
513 2868 548 2895 25
563 2877 570 2899 Ï‚
592 2868 672 2904 Grcg.
692 2869 758 2896 Naz.
779 2875 848 2897 orat.
865 2870 896 2897 2|
911 2878 918 2904 ;

140 2901 279 2936 Ammian.
293 2902 454 2935 Marcellin..
471 2905 517 2931 lib.
532 2912 600 2931 nn.

976 2307 1035 2334 haec
1054 2307 1152 2334 missus
1167 2306 1202 2333 ab
1226 2306 1390 2340 imperatore
1413 2305 1551 2337 Notarius,
1569 2306 1614 2340 qui
1640 2306 1672 2333 de
1687 2307 1759 2333 sediâ€”

977 2352 1053 2380 tiosis
1074 2359 1169 2387 poenas
1197 2357 1366 2387 exposceret,
1390 2352 1489 2379 multos
1514 2351 1757 2379 Alexandrinorum

977 2397 1172 2424 excruciandos
1207 2397 1419 2431 verberibusque
1457 2397 1598 2424 caedendos
1634 2397 1756 2423 tradidit.

977 2441 1086 2468 Pulsum
1103 2441 1248 2477 Georgium
1266 2446 1399 2469 memorat
1422 2449 1483 2468 cum
1503 2441 1656 2469 Sozomeuo
1673 2442 1759 2469 Atha-

977 2488 1070 2514 nasius
1093 2486 1121 2513 in
1149 2486 1219 2514 libro
1241 2485 1277 2513 De
1302 2487 1419 2521 aynodis.
1433 2486 1527 2521 Neque
1543 2487 1579 2514 ita
1596 2487 1680 2514 multo
1696 2491 1758 2522 post

976 2532 1034 2567 ipse
1046 2531 1178 2566 Georgius
1191 2538 1331 2567 regressus
1354 2531 1555 2565 Alexandriam,
1581 2539 1686 2560 memor
1699 2532 1759 2567 ejus

976 2583 1030 2611 quo
1047 2575 1206 2610 perfunctus
1235 2580 1294 2603 erat
1317 2576 1440 2611 periculi,
1460 2577 1559 2603 ardens
1572 2576 1695 2603 vindicta;
1711 2585 1758 2604 cu-

975 2621 1101 2656 piditate,
1118 2621 1203 2648 multo
1218 2620 1295 2656 plura
1309 2628 1389 2655 quam
1405 2627 1470 2648 ante
1486 2621 1554 2648 mala
1569 2621 1651 2648 infert
1671 2629 1757 2657 popu-

976 2667 1019 2694 lis.
1041 2665 1143 2700 Quibus
1162 2665 1213 2701 ipsi
1234 2666 1434 2694 calamitatibus
1462 2667 1548 2701 magis
1568 2668 1707 2702 magisque
1723 2668 1757 2695 ad

977 2713 1045 2740 iram
1056 2713 1174 2746 accensi,
1188 2712 1327 2741 hominem
1343 2720 1391 2741 ceu
1405 2717 1508 2749 pestem
1523 2714 1667 2747 quamdam
1683 2721 1759 2748 pero-

1014 2836 1049 2871 (Î¹â€™)
1065 2836 1149 2871 Epist.
1167 2836 1213 2864 t5.

975 2874 1050 2935 mut)
1067 2873 1164 2901 Athan.
1177 2872 1340 2908 Desynodis,
1353 2880 1379 2900 n.
1394 2873 1446 2906 57;
1461 2872 1569 2901 Sozom.
1590 2874 1636 2900 lib.
1650 2879 1757 2910 vt,cnp.
