2016 3046
260 168 357 190 ῦικπι

941 155 1204 184 PROLEGOMENA.

262 227 324 247 sum
354 222 382 245 et
406 216 600 245 exsecrabilem
627 215 755 244 habuere.
772 215 905 243 Praeterea
927 215 1046 250 perfidia:
1060 217 1084 245 A
1097 215 1162 248 Quae
1180 216 1291 250 quidem
1309 215 1466 244 minutatim
1486 223 1618 245 enarrare
1640 218 1774 252 prolixius
1796 225 1881 256 esset,

261 270 290 292 et
302 262 464 298 arrogantia),
480 261 653 289 incusabatur
668 268 684 288 a
700 261 855 294 monachis,
875 267 988 295 quorum
1004 260 1045 287 in-

263 317 331 346 gens
347 314 410 337 tunc
421 312 480 335 erat
493 315 541 342 per
553 307 698 343 Egyptum
712 315 853 335 numerus.
879 307 937 334 Hoc
957 311 1046 334 autem

263 362 349 391 genus
378 354 516 381 hominum
543 353 709 380 multitudini
722 357 783 381 erat
799 352 908 388 pietatis
925 352 1047 379 virtutis-

263 408 318 435 que
336 407 418 427 causa
435 399 663 434 acceptissimum.
680 397 716 426 Ut
729 403 820 426 autem
835 404 930 426 narrat
943 397 1047 433 Grego-

264 447 321 474 rius
334 444 534 475 Nazianzenus.
557 449 585 472 et
606 443 720 472 inferius
742 444 841 471 dicitur
861 444 888 472 in
903 443 1047 478 colloquiis

262 493 381 526 Joviani,
395 499 449 519 non
466 492 492 519 in
517 491 635 527 Egypto
657 491 802 524 duntaxat,
816 491 862 519 sed
884 496 911 518 et
925 490 952 518 in
968 489 1047 525 Syria

263 543 291 566 et
308 546 356 573 per
376 542 460 565 totum
473 536 623 569 Orientem,
644 543 736 572 parem
755 536 843 570 quoad
857 535 972 563 facultas
997 534 1048 561 fuit

266 584 358 613 intulit
371 584 536 612 vastitatem.
563 591 573 608 ι
588 583 681 618 Exque
705 582 875 618 proceribus,
891 582 929 608 ait
944 580 1047 616 Grego-

264 631 333 664 rius,
347 637 394 658 eos
410 629 461 657 sibi
474 629 587 663 pecunia
603 628 777 660 conciliabat,
791 628 835 662 qui
851 627 910 654 auri
927 633 1046 654 amorem

263 676 366 704 Christi
389 676 474 703 amori
490 675 675 707 anteferrent;
700 681 732 701 ac
755 673 925 708 potissimum
952 671 1048 699 mulie-

261 723 326 752 bres
351 722 476 750 homines
499 722 537 756 (id
569 726 610 749 est
636 719 794 755 eunuchos)
817 720 886 747 inter
903 719 976 746 viros
997 718 1048 746 mi-

262 769 338 797 nime
351 768 434 800 viros,
449 774 514 795 sexu
540 767 648 802 quidem
669 766 776 798 dubios,
799 766 940 801 impietate
956 769 1047 792 autem

262 813 440 850 perspicuos:
457 812 554 847 quibus
571 819 632 840 cum
649 811 812 839 feminarum
829 819 894 839 cura
920 811 1047 838 commit-

265 864 349 893 tatur,
365 859 436 887 haud
452 860 510 886 scio
522 858 568 892 qui
583 858 630 885 fiat
654 863 684 884 ut
703 865 750 885 eos
769 857 884 884 Romani
901 857 1048 891 imperato-

1097 268 1177 295 quam
1202 262 1316 290 instituti
1344 263 1429 290 nostri
1453 263 1521 290 ratio
1545 263 1625 291 ferat.
1648 265 1771 293 Adeatur
1787 266 1882 294 Ferre-

1097 307 1154 336 rius
1168 308 1219 344 (a),
1234 309 1280 344 qui
1297 316 1354 337 rem
1372 309 1431 338 fuse
1448 310 1586 338 describit.
1610 310 1771 347 Scythopoli
1788 318 1881 348 postea

1097 353 1124 380 in
1140 353 1350 389 Cappadociam,
1362 355 1424 384 inde
1439 356 1465 383 in
1481 356 1631 392 Egyptum
1653 357 1822 392 deportatus,
1836 367 1880 396 sy-

1097 401 1168 428 nodo
1193 402 1300 428 demum
1324 402 1514 430 Alexandrina:
1538 403 1602 430 anni
1625 402 1678 430 562
1702 403 1834 437 interfuit,
1851 410 1880 432 ut

1098 454 1238 474 narramus
1251 447 1374 475 inferius.
1389 447 1528 475 Emicahat
1543 448 1608 475 item
1626 448 1698 475 inter
1709 448 1880 476 confessores

1098 491 1189 519 lumen
1212 492 1307 520 Gallia:
1337 493 1456 522 Hilarius
1474 494 1617 529 episcopus
1642 494 1820 522 Pictaviensis
1850 494 1882 522 de

1098 538 1175 572 cujus
1197 539 1262 573 vita,
1290 539 1485 568 certaminibus
1506 541 1688 576 operibusque
1710 539 1770 568 fuse
1795 541 1882 568 nostri

1098 583 1125 610 in
1139 589 1274 619 postrema
1290 585 1384 613 Hilarii
1397 593 1509 620 operum
1521 587 1651 614 editione.

1135 631 1161 657 2.
1180 630 1275 658 Liberii
1291 631 1402 658 reditum
1420 631 1547 659 Romana:
1569 632 1709 659 senatoria:
1729 632 1880 667 impetratae.

1098 692 1132 697 —
1149 677 1246 704 Verum
1261 678 1331 704 inter
1345 684 1375 704 ea
1395 677 1534 705 tirmitatis
1555 682 1584 704 et
1608 678 1767 705 constantia:
1790 685 1881 705 exem-

1099 724 1153 759 pla,
1183 723 1281 759 quibus
1310 723 1457 751 Christiani
1483 723 1583 758 quique
1614 724 1647 751 ad
1684 731 1776 751 veram
1802 724 1883 752 fidem

1101 769 1227 795 tuendam
1244 772 1271 795 et
1284 768 1505 803 propugnandam
1519 769 1739 801 concitabantur,
1760 776 1883 798 summus

1099 821 1133 841 ex
1153 812 1253 840 Liberii
1276 812 1407 847 Hosiique
1429 813 1506 848 lapsu
1528 820 1630 841 mceror
1651 813 1703 848 piis
1726 813 1884 841 hominibus

1099 864 1208 886 coortus
1223 863 1275 886 est.
1293 857 1360 885 Nam
1377 859 1410 886 ad
1433 858 1570 887 Liberium
1590 859 1660 893 quod
1684 863 1799 893 spectat,
1819 859 1883 886 dum

264 913 308 934 res
321 907 442 934 virorum
459 905 555 932 ofﬁciis
577 904 787 940 muneribusque
800 904 957 938 prteticiant.
976 903 1048 930 Tan-
1061 892 1085 922 Β
1099 905 1202 932 Beroeaa
1220 904 1264 932 ille
1279 910 1447 937 versaretur,
1465 904 1579 932 Romam
1595 904 1772 932 Constantius
1797 905 1882 937 venit,

264 957 321 979 tum
344 951 429 978 valuit
452 951 497 978 ille
516 950 615 978 diaboli
640 950 808 982 administer,
826 950 870 977 ille
883 954 957 978 sator
974 949 1047 976 ziza-

262 997 382 1030 niorum,
408 997 453 1024 ille
477 997 638 1024 Antichristi
664 1004 828 1031 prtecursor,
840 996 885 1031 qui
908 1001 964 1023 tum
987 995 1047 1031 epi-

263 1050 345 1078 scopo
370 1042 485 1077 quodam
503 1043 534 1069 'ea
550 1045 708 1076 tempestate
725 1041 845 1069 omnium
867 1041 1048 1069 disertissimo

263 1088 362 1123 linguae
387 1088 446 1115 vice
471 1088 599 1115 utebatur
612 1087 646 1122 (si
665 1087 708 1114 cui
732 1091 822 1114 tamen
837 1086 968 1114 disertum
986 1093 1047 1113 eum

263 1134 401 1169 appellare
418 1134 522 1166 lubeat,
534 1134 580 1168 qui
596 1141 649 1160 non
668 1138 721 1160 tam
736 1132 835 1168 impius
850 1132 982 1160 sectarius
993 1131 1050 1159 fue-

264 1181 312 1214 rit,
329 1188 409 1216 quant
427 1180 553 1208 inimicus
567 1184 593 1207 et
606 1179 788 1207 contentionis
807 1179 897 1207 studio
910 1178 1046 1213 flagrans:

264 1235 362 1255 nomen
388 1227 446 1262 ejus
463 1225 585 1254 consulto
610 1224 794 1260 praeteribo):
815 1225 873 1260 ipse
886 1231 982 1252 manus
996 1223 1047 1251 sibi

263 1273 379 1302 cilicium
405 1273 477 1308 apud
499 1280 556 1301 suae
582 1271 709 1299 factionis
733 1272 839 1298 turbam
861 1271 984 1304 retinuit,
1001 1269 1047 1304 qui

262 1320 405 1347 veritatem
426 1326 493 1346 auro
509 1323 631 1346 evertere
656 1318 820 1351 conabatur,
846 1317 917 1352 quod
937 1317 1046 1352 quidem

261 1366 296 1393 ad
315 1366 373 1401 pios
388 1373 453 1394 usus
467 1370 653 1400 cerrogatum,
667 1364 814 1399 impietatis
835 1364 1047 1391 inetrumentum

262 1412 395 1447 improbis
420 1412 578 1439 curantibus
604 1411 702 1439 evasit.
725 1420 735 1437 ι
761 1410 827 1444 Quis
855 1415 944 1437 autem
975 1414 1049 1438 esset

262 1460 404 1493 episcopus
421 1458 477 1491 ille,
492 1465 545 1493 quo
564 1459 623 1486 vice
636 1457 735 1493 lingua
756 1462 878 1484 uteretur
900 1456 1045 1492 Georgius,

264 1504 334 1531 haud
359 1504 439 1531 facile
463 1504 538 1531 dictu
565 1509 617 1531 est.
640 1504 814 1538 Augurantur
841 1504 963 1532 nonnulli
979 1505 1047 1531 Aca-

262 1550 332 1577 cium
354 1549 437 1577 fuisse
451 1549 656 1577 Caesariensem.
673 1550 725 1577 Sed
739 1550 784 1584 qui
798 1550 895 1584 potuit,
913 1555 988 1578 tanto
1004 1550 1046 1577 in-

262 1597 419 1624 tercedente
443 1597 513 1623 inter
536 1601 680 1631 utrumque
702 1597 802 1632 spatio,
826 1597 884 1632 ejus
910 1597 1000 1624 hacin
1016 1604 1046 1624 re

262 1643 414 1670 ministerio
438 1643 496 1669 uti?
523 1642 620 1670 Annon
643 1644 733 1677 potius
757 1642 929 1670 Meletianum
948 1651 1045 1678 quem-

261 1689 335 1723 piam
356 1688 525 1716 Arianumve
549 1689 709 1724 episcopum
733 1688 778 1717 hic
803 1689 970 1717 subittdicari
995 1697 1046 1724 pu-

263 1734 406 1762 tandum?
430 1734 485 1763 Res
513 1739 572 1763 esto
601 1742 685 1770 penes
713 1735 811 1763 eruditi
842 1736 950 1763 lectoris
974 1736 1048 1763 arbi-

261 1781 355 1809 trium.

297 1828 341 1855 27.
358 1827 502 1863 Georgium
528 1835 611 1863 porro
629 1828 802 1856 Alexandriae
822 1829 963 1857 sedentem
981 1836 1046 1856 con-

261 1874 335 1902 venit
347 1875 451 1905 Aetius,
464 1874 509 1901 τοῡ
533 1875 627 1901 ’Δθέου
644 1876 752 1903 nomine
769 1876 987 1910 infamatusapud
1005 1876 1047 1904 sui

262 1921 312 1947 avi
333 1925 360 1947 et
377 1921 547 1954 sequentium
572 1926 722 1955 temporum
737 1922 870 1949 homines.
885 1920 912 1948 Si
927 1921 1046 1956 Epipha-

262 1965 309 1992 nio
323 1965 452 1998 creditur,
465 1973 481 1993 a
493 1965 610 2001 Gecrgio
632 1967 725 1994 Aetius
749 1967 857 1994 diaconi
869 1968 983 2002 gradum
999 1976 1047 1996 ac-

262 2011 335 2046 cepit
358 2020 366 2044 ;
392 2019 484 2038 verum
505 2012 550 2039 alii
572 2020 587 2039 a
613 2012 726 2040 Leontio
760 2014 863 2040 dicunt.
888 2014 959 2041 Aetii
982 2021 1048 2042 vero

262 2059 378 2086 adeundi
403 2065 486 2086 causa
512 2058 705 2086 Alexandriam
722 2059 786 2086 item
799 2060 938 2088 concessit
955 2060 1048 2087 Euno-

263 2105 334 2132 mius
349 2105 409 2140 ejus
423 2105 573 2139 discipulus
587 2105 755 2139 emulusque
774 2105 932 2140 impietatis.
950 2105 1047 2140 Cujus-

263 2151 336 2179 lnodi
351 2151 475 2178 homines
494 2151 628 2186 Georgius
640 2151 728 2178 amice
744 2151 911 2185 comiterque
931 2152 1049 2186 excipie-

262 2197 320 2229 bat,
348 2198 412 2224 dum
443 2197 592 2226 Catholicis
627 2199 733 2232 piisque
765 2197 832 2225 viris
869 2198 1047 2232 asperrimum

262 2244 361 2272 bellum
374 2245 514 2272 indiceret.

297 2291 372 2319 Anno
384 2291 447 2319 557.
461 2291 529 2318 ——l.
540 2290 662 2327 Episcopi
673 2292 742 2326 pulsi
754 2292 800 2319 alii
809 2291 898 2319 animo
911 2291 990 2326 fracti
1003 2299 1047 2318 ce-

262 2338 336 2369 dunt,
352 2337 398 2364 alii
412 2341 518 2364 manent
537 2338 676 2365 invicti.—
686 2337 759 2366 Inter
774 2338 841 2370 haec,
853 2345 886 2366 ex
903 2338 1047 2372 episcopo-

262 2389 322 2410 rum
342 2391 466 2416 numero,
495 2385 541 2419 qui
569 2392 640 2412 verae
667 2384 729 2412 fidei
752 2390 780 2412 et
804 2385 947 2412 Athanasii
962 2392 1046 2413 causa

262 2429 432 2462 exsulabant,
458 2430 503 2458 alii
531 2431 633 2458 invicto
657 2438 766 2465 semper
791 2431 883 2459 animo
899 2439 1045 2463 aerumnas,

262 2475 435 2504 solitudinem
461 2476 634 2512 inediamque
660 2477 805 2511 ferebant;
827 2478 873 2504 alii
897 2485 963 2506 vero
985 2478 1045 2506 diu-

263 2521 393 2550 turnitate
406 2516 685 2550 calamitatum‘fracti
699 2530 809 2550 cessere
829 2523 950 2556 demum,
964 2530 1046 2558 atque

262 2567 295 2594 ad
323 2567 499 2595 simulandam
522 2575 584 2595 cum
609 2568 718 2596 Arianis
744 2569 917 2596 concordiam
936 2569 1046 2597 deducti

262 2617 334 2640 sunt.
355 2613 474 2640 Eminuit
496 2614 605 2648 quidem
630 2614 739 2641 Eusebii
764 2614 943 2643 Vercellensis
968 2615 1047 2643 forti-

263 2659 327 2685 tmlo
344 2659 480 2693 animique
493 2660 680 2694 lirmitaszqui
700 2659 877 2695 Scythopolin
898 2661 1044 2697 relegatus,

262 2705 394 2739 principio
428 2705 536 2739 quidem
567 2706 665 2733 blande
689 2707 945 2743 perhumaniterque
968 2715 1049 2735 exce-

260 2755 323 2786 ptus
341 2751 399 2782 fuit,
415 2758 430 2777 a
447 2750 603 2786 Patrophilo
620 2756 709 2780 autem
731 2753 859 2788 deinceps
873 2759 900 2781 et
912 2754 945 2781 ab
969 2754 1047 2781 Aria-

263 2797 317 2829 nis,
340 2797 421 2824 nullis
441 2805 493 2824 non
512 2799 590 2825 malis
607 2803 635 2825 et
655 2800 829 2828 contumeliis
853 2805 894 2828 est
920 2800 1044 2829 allectus.

1099 958 1180 986 atque
1197 951 1388 986 triutnphantis
1411 958 1485 979 more
1504 953 1598 979 urbem
1624 951 1763 986 ingressus
1786 956 1829 978 est
1848 951 1885 978 28

1098 997 1200 1032 Aprilis
1216 1004 1286 1024 anno
1301 996 1364 1023 557.
1380 995 1449 1023 Tum
1468 1001 1598 1023 matronae
1611 996 1741 1024 Romanae
1766 997 1883 1024 honora-

1098 1043 1211 1072 biliores
1226 1049 1254 1071 et
1272 1044 1429 1075 senatorim,
1440 1043 1656 1071 detrectantibus
1669 1043 1786 1070 ollicium
1803 1044 1885 1076 viris,

1099 1090 1289 1118 Constantium
1311 1089 1446 1124 supplices
1460 1089 1576 1122 adeunt,
1594 1090 1764 1125 reditumque
1780 1089 1885 1118 Liberii

1098 1136 1222 1171 praesulis
1231 1136 1270 1163 sui
1283 1136 1382 1163 obnixe
1395 1136 1542 1171 postulant.
1559 1136 1606 1163 llle
1626 1137 1771 1171 respondet
1789 1137 1886 1164 adesse

1099 1181 1216 1209 Felicem
1236 1182 1311 1208 urbis
1324 1182 1493 1216 episcopum,
1510 1182 1599 1209 virum
1618 1186 1692 1208 tanto
1712 1189 1826 1220 munere
1843 1182 1886 1209 di-

1099 1236 1191 1263 gnum.
1211 1227 1262 1255 Cui
1290 1227 1352 1260 illa,
1380 1228 1496 1254 invisutn
1515 1227 1641 1255 omnibus
1664 1226 1782 1255 Felicem
1811 1235 1886 1260 esse,

1099 1281 1150 1302 nec
1172 1281 1290 1308 unquam
1306 1280 1336 1300 se
1350 1280 1429 1308 posse
1449 1280 1482 1300 eo
1502 1273 1610 1305 deduci,
1629 1277 1658 1300 ut
1672 1281 1733 1300 cum
1749 1273 1886 1308 ejusmodi

1099 1321 1157 1348 viro
1171 1319 1308 1347 societatis
1323 1319 1364 1346 vel
1380 1320 1579 1346 communionis
1597 1319 1733 1354 quidpiam
1749 1319 1883 1347 habeant.

1098 1366 1273 1394 Constantius
1285 1369 1388 1398 autem,
1402 1370 1432 1391 ut
1442 1372 1498 1392 rem
1513 1370 1665 1400 pergratam
1681 1365 1814 1392 Romanis
1828 1365 1886 1393 edi-

1098 1417 1183 1446 ceret,
1195 1413 1273 1447 jttbet
1290 1413 1411 1440 revocari
1426 1411 1582 1444 Liberium,
1599 1417 1627 1439 et
1643 1420 1694 1439 una
1711 1420 1772 1439 cum
1793 1411 1886 1440 Felice

1098 1461 1242 1489 ecclesiam
1258 1459 1404 1487 moderari.
1418 1459 1476 1490 Qua
1490 1459 1648 1486 conditione
1668 1466 1729 1486 cum
1754 1459 1810 1486 risu
1835 1466 1886 1485 ex-

1098 1511 1186 1542 cepta,
1203 1510 1231 1533 et
1244 1509 1339 1533 contra
1354 1504 1486 1532 clamante
1500 1504 1611 1539 populo,
1633 1511 1702 1531 unus
1718 1504 1798 1536 Deus,
1812 1510 1888 1531 unus

1097 1553 1230 1585 Christus,
1267 1559 1338 1580 unus
1363 1552 1517 1586 episcopus,
1546 1550 1709 1585 postulatum
1735 1550 1780 1577 ille
1811 1550 1885 1584 plebi

1097 1598 1243 1626 concessit.
1270 1597 1306 1625 Ut
1329 1602 1418 1623 autem
1437 1596 1517 1622 habet
1533 1595 1714 1626 Sozomenus,
1728 1595 1836 1622 nonnisi
1855 1602 1887 1622 re

1098 1653 1159 1674 cum
1175 1643 1310 1679 episcopis
1322 1642 1472 1670 deliberata
1495 1641 1662 1668 evocandum
1686 1642 1783 1668 statuit
1800 1640 1888 1668 Libe-

1097 1692 1179 1722 rium,
1196 1689 1342 1724 etquidem
1358 1695 1389 1715 ea
1404 1687 1463 1723 lege
1482 1692 1510 1715 et
1523 1687 1690 1721 conditione,
1712 1692 1742 1723 μι
1759 1686 1887 1715 Orienta-

1097 1737 1163 1765 lium
1179 1742 1242 1762 ante
1258 1735 1420 1762 sententiam
1445 1733 1657 1766 amplexaretur.
1677 1733 1728 1761 Cui
1750 1741 1803 1760 non
1826 1737 1886 1760 sta-

1098 1784 1145 1810 tim
1160 1781 1223 1811 ,fuit
1247 1780 1360 1808 Romam
1385 1779 1583 1814 commigrandi
1607 1779 1735 1812 facultas,
1761 1783 1791 1806 ut
1812 1778 1887 1807 infra

1098 1835 1254 1856 narramus.

1132 1874 1160 1902 5.
1174 1873 1331 1908 Blasphema
1347 1872 1410 1906 ﬁdei
1427 1872 1542 1907 formula
1561 1871 1653 1900 Sirmii
1668 1873 1750 1901 edita.
1768 1888 1803 1894 —-
1827 1873 1889 1902 Hoc

1099 1928 1170 1948 anno
1190 1919 1282 1947 Sirmii
1300 1919 1389 1946 coacti
1406 1919 1514 1946 Arianae
1536 1918 1663 1946 factionis
1679 1921 1809 1954 praesules
1824 1927 1887 1948 eam

1098 1967 1208 1994 edidere
1225 1966 1287 1994 ﬁdei
1303 1965 1459 1998 formulam,
1482 1973 1544 2001 qute
1566 1966 1681 2000 septima
1703 1974 1817 1994 numero
1839 1975 1888 1995 res

1098 2018 1225 2042 censetur
1246 2013 1281 2040 ab
1296 2013 1456 2044 Athanasio,
1488 2017 1563 2039 tanta
1580 2012 1709 2040 refertam
1735 2013 1887 2048 impietate,

1099 2065 1129 2087 ut
1144 2060 1320 2094 blasphemiae
1335 2060 1444 2088 nomine
1457 2060 1585 2094 insignita
1598 2059 1691 2087 fuerit.
1709 2060 1775 2087 Nam
1792 2062 1819 2088 in
1837 2062 1887 2090 lib.

1099 2104 1137 2132 De
1152 2105 1260 2139 synodi:
1277 2104 1348 2139 apud
1363 2103 1495 2132 Hilarium
1518 2105 1576 2132 haec
1601 2105 1744 2140 inscriptio
1762 2106 1887 2141 legitur:

1101 2159 1111 2176 ι
1130 2150 1287 2185 Exemplum
1311 2150 1486 2184 blasphemia:
1511 2151 1581 2185 apud
1605 2150 1734 2178 Sirmium
1759 2159 1807 2186 per
1832 2152 1889 2180 Ho-

1099 2197 1168 2224 sium
1183 2202 1209 2224 et
1223 2196 1376 2224 Potamium
1390 2197 1562 2231 conscriptae.
1578 2205 1588 2222 ›
1603 2196 1666 2229 Sed,
1685 2203 1715 2224 ut
1729 2197 1888 2232 conjectare

1063 2247 1085 2275 ι)
1099 2242 1203 2270 licitum
1216 2247 1270 2273 est,
1286 2241 1348 2269 dolo
1362 2241 1525 2269 Arianorum
1552 2241 1651 2270 Hosius
1673 2242 1720 2270 hic
1741 2244 1888 2277 praemitti-

1101 2293 1155 2322 tur,
1173 2295 1228 2322 quo
1253 2288 1341 2323 major
1367 2287 1490 2316 formulae
1512 2289 1661 2316 auctoritas
1683 2293 1738 2316 tam
1762 2289 1887 2323 praeclari

1100 2335 1152 2362 viri
1182 2335 1292 2362 nomine
1313 2335 1478 2367 accederet;
1504 2335 1568 2369 quia
1587 2335 1692 2362 scilicet
1717 2335 1826 2368 ilosius,
1846 2335 1887 2361 uti

1101 2390 1163 2410 mox
1178 2382 1343 2414 narrabitur,
1357 2381 1444 2408 eidem
1459 2381 1583 2409 formulae
1594 2381 1620 2408 vi
1635 2385 1663 2408 et
1680 2381 1822 2416 plagarum
1839 2382 1887 2409 do-

1100 2428 1158 2456 lore
1170 2427 1336 2463 compulsus,
1350 2426 1509 2463 suffragium
1523 2427 1662 2462 ascripsit.
1681 2427 1710 2454 in
1732 2435 1764 2455 ea
1781 2431 1887 2455 tacetur

1100 2482 1198 2502 nomen
1214 2474 1372 2502 Substantize
1382 2478 1408 2501 et
1421 2473 1676 2505 cottsubstantialis,
1691 2473 1777 2501 Filius
1797 2473 1887 2501 minor

1099 2519 1179 2548 Patre
1194 2520 1366 2556 praedicatur,
1383 2519 1495 2553 honore,
1509 2518 1654 2554 dignitate,
1670 2519 1807 2552 claritate,
1828 2527 1887 2546 ma-

1097 2567 1208 2602 jestate,
1220 2566 1350 2601 Patrique
1365 2565 1501 2594 subditus.
1528 2565 1632 2592 Dicitur
1646 2565 1730 2592 Pater
1744 2566 1819 2593 solus
1833 2564 1886 2592 itii-

1101 2613 1138 2640 tio
1153 2620 1258 2647 carere,
1274 2612 1448 2644 immortalis,
1462 2611 1617 2644 invisibilis,
1633 2611 1793 2645 impatibilis
1813 2617 1884 2638 esse.

1099 2659 1282 2692 Quamobrem
1300 2658 1362 2694 jure
1386 2659 1420 2685 ab
1444 2657 1547 2685 Hilario
1569 2658 1627 2685 haec
1651 2657 1714 2684 fidei
1739 2655 1884 2691 professio,

1101 2705 1268 2740 blasphemia
1284 2710 1311 2733 et
1327 2705 1437 2732 haeresis
1454 2704 1589 2732 Sirmiana
1603 2701 1885 2738 nuncupatur..Pota-

1099 2752 1170 2780 mius
1180 2759 1243 2779 vero
1254 2751 1373 2783 illius,ut
1387 2750 1468 2786 vulgo
1482 2751 1663 2782 existimatur,
1678 2748 1789 2781 artifex,
1803 2748 1883 2783 Ulys-

1100 2799 1253 2834 siponensis
1287 2798 1449 2834 episcopus,
1482 2798 1526 2833 qui
1556 2796 1622 2825 olitn
1649 2795 1791 2824 catholicae
1821 2793 1884 2823 ﬁdei

299 2886 336 2921 (α)
351 2885 429 2916 Joan.
445 2889 576 2924 Stcphan.
590 2887 743 2921 Ferrerius,
759 2887 796 2915 De
812 2887 862 2915 vita
880 2887 909 2916 S.
926 2888 1033 2917 Eusebii
1050 2888 1160 2916 Vercell.
