2016 3046
814 180 893 207 γιτΑ
914 180 942 208 S.
963 179 1160 208 ATHANASII.

1692 185 1799 206 CXXIV“

172 243 301 267 strenuus
315 239 415 267 vindex
432 239 532 273 fuerat,
563 239 735 274 imperatoris
761 240 856 275 gratia:
879 248 961 268 aucuo
975 243 999 272 Α
1013 241 1134 275 itemque
1151 238 1277 272 Ursacio,
1291 238 1398 266 Valenti
1427 245 1459 266 ac
1478 237 1619 265 Germinio
1635 237 1799 265 Arianorum

170 285 268 320 pandat
280 293 360 314 causa
378 287 453 314 illam
471 286 598 322 prodidit,
614 286 777 321 Arianisque
792 295 853 315 sese
873 288 961 316 socie-

172 335 228 358 tate
259 330 363 365 jnnxit.
393 330 422 359 in
449 331 528 366 cujus
555 331 789 367 praevaricationis
819 333 960 368 praemium

171 375 255 405 fundo
269 377 366 411 ﬁscali,
379 378 423 405 cui
438 378 595 413 cupiditatis
621 379 717 407 oculos
745 379 894 414 adjecerat,
911 380 959 408 dos

171 428 252 450 natus
274 428 326 452 est.
343 423 404 457 Quo
426 424 541 458 factum,
572 429 602 452 ut
625 425 724 453 Hosius
751 425 901 453 Potamium
930 430 961 454 ut

171 469 284 504 impium
302 474 329 497 et
341 470 499 498 haereticum
513 471 670 499 traduceret
680 471 790 506 ubique.
807 472 899 507 Neque
914 473 960 500 bo-

172 515 216 542 nis
232 519 307 543 tanta
322 515 463 550 impietate
476 517 563 551 partis
580 517 632 545 frui
646 517 771 547 Potamio
787 519 871 546 licttit.
892 519 959 546 Dum

171 561 244 588 enim
260 561 334 588 fundi
351 562 500 597 recipiendi
516 570 598 590 causa
621 570 762 599 properat,
789 565 882 592 divina
896 573 959 600 per-

171 615 267 635 cussus
281 608 392 640 ultione,
410 608 502 636 ulcere
516 609 636 645 linguam
651 611 824 644 corrodente,
845 612 959 639 necdum

172 660 320 689 conspecto
332 655 443 689 praedio,
457 654 529 682 diem
546 656 614 683 obiit
626 661 791 684 extremum.

207 700 233 728 4.
249 700 327 727 Hosii
345 700 448 736 lapsus.
461 716 494 721 —
507 701 559 729 Tot
575 703 723 737 prostratis
742 703 960 738 subornatisque

170 746 297 774 veritatis
317 747 473 775 vindicibus
490 745 679 781 Constantius.
697 749 731 776 ad
745 749 859 777 Hosium
874 757 888 776 a
902 749 960 784 pri-

169 793 242 820 stino
259 793 377 820 consilio
385 793 582 820 detnrbandum
597 801 706 829 semper
720 795 852 826 intentus,
867 801 959 822 senem

170 845 247 865 anno
267 838 375 873 integro
387 838 481 866 Sirntii
499 839 588 873 patria
607 845 746 868 extorrem
763 841 890 868 detinuit.
900 839 958 868 Non

169 883 216 911 ille
232 883 285 911 viri
298 883 436 918 canitiem,
453 892 506 912 nott
518 885 691 920 dignitatem,
709 894 796 921 neque
814 891 958 921 paternum

1011 287 1039 314 in
1056 286 1207 315 Occidente
1227 285 1412 319 antesignanis
1425 293 1433 311 :
1446 292 1507 311 cum
1530 285 1631 319 probro
1650 289 1732 318 atque
1754 283 1800 311 de-

1010 333 1109 360 decore
1127 331 1244 359 fractum
1259 331 1449 366 abiectumque
1470 338 1530 358 sese
1543 330 1678 363 indicans,
1688 330 1801 357 damna-

1011 382 1092 413 toque
1107 377 1267 409 Athanasio,
1287 377 1398 411 supplex
1420 376 1563 410 postulans
1575 377 1616 403 eis
1636 376 1756 403 amicitia
1773 380 1801 403 et

1011 423 1205 452 communione
1230 422 1353 458 adiungi.
1370 421 1461 456 Usque
1484 430 1517 449 eo
1541 422 1602 457 plus
1625 422 1696 456 apud
1724 422 1799 449 illum

1010 469 1100 505 potttit
1124 476 1202 496 amor
1231 468 1327 504 patria:
1345 474 1372 496 et
1389 468 1462 496 sedis
1487 468 1679 503 recuperandae
1703 467 1799 501 libido,

1009 524 1091 551 quam
1107 516 1189 544 olilcii
1205 523 1236 543 ac
1261 516 1405 550 praeteritae
1424 515 1513 542 laudis
1537 520 1565 542 et
1586 514 1799 542 existimationis

1010 563 1176 591 recordatio.
1201 561 1318 590 Ursacio
1345 566 1435 588 autem
1463 565 1490 588 et
1516 560 1598 588 sociis
1627 568 1675 595 pro
1691 560 1801 588 Liberio

974 600 983 607 ’
1010 609 1204 644 imperatorem
1229 607 1397 643 rogantibus,
1410 607 1516 634 detnum
1531 607 1580 642 ipsi
1605 607 1630 634 in
1647 606 1798 634 Ecclesiam

1011 655 1164 682 revertendi
1180 655 1257 689 copia
1277 653 1347 680 facta
1361 658 1411 681 est.

1047 701 1123 728 ANNO
1135 701 1200 728 558.
1218 715 1253 721 --
1267 701 1292 728 1.
1305 700 1444 726 Athanasii
1464 699 1591 734 Apologia
1612 700 1643 726 de
1656 699 1719 734 fuga
1734 708 1794 727 sua.

1009 763 1044 767 —
1060 747 1134 775 inter
1153 747 1210 774 haec
1229 746 1400 773 Athanasius
1421 746 1446 773 itt
1474 745 1669 774 secretioribus
1687 745 1801 782 Egypti

1011 792 1078 820 locis
1092 793 1206 827 degens,
1229 791 1481 826 monachorumque
1503 796 1609 818 tatttum
1634 795 1722 818 ctetus
1746 791 1802 818 fre-

1009 843 1158 873 quentans,
1174 838 1307 873 comperit
1332 837 1476 865 Leontium
1503 838 1715 870 Antiocbeuum,
1731 837 1801 866 Nar-

1010 885 1110 911 cislttnt
1135 883 1309 916 Neroniadis,
1331 883 1477 918 Georgium
1505 884 1700 917 Laodicenum,
1717 889 1799 912 natle-

168 937 235 966 erga
255 929 364 957 Hosium
389 937 511 959 amorem
533 936 576 958 est
600 931 734 960 reveritus
763 932 805 959 vir
834 932 954 960 inltuma-
973 932 997 960 Β
1011 937 1111 965 resque
1135 931 1252 957 Arianos
1273 930 1372 965 probra
1388 935 1415 957 et
1439 930 1556 957 convitia
1573 930 1656 957 mttlta
1671 937 1801 965 spargere

131 1002 139 1009 ,
168 983 241 1009 nus;
260 976 306 1003 sed
320 975 451 1010 majorem
468 977 638 1009 centenario,
657 984 710 1004 non
725 977 823 1004 exsilio
839 981 956 1010 tantum,

167 1022 216 1049 sed
231 1022 416 1055 contumeliis,
433 1023 606 1055 verberibus,
620 1022 708 1058 plagis
726 1022 832 1051 allicere
848 1027 891 1050 est
908 1031 958 1050 au-

166 1075 225 1096 sus.
240 1067 269 1095 ln
282 1073 414 1103 cognatos
427 1073 517 1096 autem
528 1068 585 1103 ejus
598 1068 713 1096 crimina
730 1068 834 1104 fingunt
849 1069 956 1102 Ariani,

165 1114 273 1142 strenui
289 1114 489 1142 calumniarum
514 1115 646 1147 artifices,
665 1119 696 1142 ut
713 1115 770 1143 suis
791 1122 957 1150 suorumque

165 1160 246 1188 malis
265 1160 322 1195 jam
342 1160 420 1188 senio
441 1160 586 1189 confectus
611 1161 693 1188 homo
716 1160 902 1196 frangeretur,
922 1161 960 1189 ad»

165 1213 284 1240 suasque
303 1211 393 1241 partes
414 1206 554 1234 deﬁceret.
570 1207 676 1241 Quibus
693 1208 801 1235 tandem
817 1207 956 1235 calamita-

168 1250 241 1278 tibus
265 1259 411 1286 oppressus
432 1251 532 1280 Hosius
549 1261 582 1280 eo
601 1253 736 1280 addttctus
762 1259 816 1286 est,
839 1257 868 1280 ut
893 1261 954 1281 cutn

168 1297 282 1325 Ursacio
296 1302 322 1324 et
334 1297 448 1326 Valente
465 1299 550 1326 iniret
565 1299 769 1327 communionis
783 1300 953 1332 societatem,

165 1341 309 1370 Sirmiensi
332 1343 392 1371 fidei
419 1344 624 1377 subscriberet,
640 1352 691 1372 nec
716 1351 805 1372 tamen
835 1353 954 1380 unquam

164 1387 299 1415 calculum
324 1388 408 1416 ferret
427 1389 454 1416 in
475 1390 668 1422 Athanasium,
684 1392 755 1426 quod
773 1392 954 1426 peroptabant

162 1434 268 1461 Ariani.
287 1434 325 1462 De
349 1435 427 1471 cujus
447 1436 522 1471 lapsu
537 1444 552 1463 a
571 1436 664 1465 multis
677 1437 730 1465 hoc
746 1438 845 1465 saeculo
862 1438 954 1473 dispu-

164 1484 250 1507 tatum
265 1485 317 1508 est.
337 1481 406 1508 Sunt
419 1482 465 1517 qui
481 1482 582 1516 dicant,
595 1483 683 1510 virum
697 1484 722 1511 id
739 1485 828 1512 aetatis
842 1493 894 1512 non
911 1489 953 1513 sat

163 1526 265 1554 mentis
291 1532 447 1561 compotem
470 1533 526 1555 tum
556 1527 650 1562 fuisse,
668 1530 715 1556 sed
738 1529 909 1557 calamitate'
925 1534 954 1558 et

162 1571 240 1598 senio
265 1572 434 1600 debilitatutn
462 1573 495 1600 ad
525 1573 700 1608 imperatoris
716 1575 888 1604 conditiones
905 1584 951 1604 ve-

163 1616 247 1643 nisse.
258 1616 302 1643 Ait
316 1624 398 1651 porro
408 1618 573 1646 Athanasius
583 1619 706 1652 Hosium,
721 1619 839 1648 instante
852 1626 951 1655 morte,

161 1661 218 1688 vim
231 1662 282 1689 sibi
296 1662 398 1690 illatam
412 1665 490 1699 quasi
510 1668 674 1693 testamento
691 1666 857 1700 declarasse,
870 1668 952 1695 Aria-

161 1715 226 1735 nam
247 1709 374 1737 lueresitn
399 1710 508 1738 feriisse
530 1712 716 1745 anathemate,
731 1714 903 1749 vetuisscque
919 1722 952 1742 ne

161 1752 224 1786 quis
236 1751 310 1779 illam
328 1754 474 1790 reciperet.
492 1755 552 1784 Non
567 1757 665 1784 desunt
683 1761 772 1785 tamen
787 1759 833 1793 qui
850 1759 882 1787 de
897 1759 951 1787 lio-

160 1797 195 1825 sii
228 1799 390 1833 poenitentia
415 1803 617 1831 controversias
643 1810 782 1832 moveant.
807 1804 863 1833 Nos
888 1813 902 1832 a
921 1813 950 1834 re

160 1844 276 1872 multum
301 1845 437 1880 itnplicata
463 1849 588 1877 consulto
605 1850 750 1878 brevitatis
766 1859 848 1878 causa
864 1851 949 1879 absti-

159 1897 268 1919 nemus.
295 1892 437 1921 Adeantur
461 1894 480 1921 ii
504 1895 602 1930 quibus
629 1897 668 1924 rei
687 1896 775 1925 fusius
802 1898 949 1927 tractandae

159 1935 244 1963 otium
261 1936 322 1966 fuit.

195 1981 222 2009 5.
237 1981 335 2010 Liberit‘
358 1983 457 2019 lapsus.
471 1999 506 2005 -—
520 1984 594 2014 Hosii
607 1986 859 2022 pravaricationem
875 1988 946 2015 haud

159 2027 198 2055 ita
222 2028 308 2056 multo
328 2035 391 2064 post
405 2031 567 2059 subsecutus
587 2037 629 2059 est
648 2031 750 2059 Liberii
768 2032 859 2067 lapsus
875 2041 882 2059 :
899 2033 946 2068 qui

157 2082 220 2102 cum
238 2076 358 2110 priorem
371 2077 524 2105 vexationis
540 2082 727 2113 tempestatem
750 2079 857 2106 fortiter
870 2079 946 2107 tulis-

158 2127 212 2153 set,
228 2122 333 2150 fractus
355 2123 466 2151 detnum
493 2124 672 2152 diuturnitate
690 2132 722 2152 ac
740 2125 820 2152 ludio
842 2126 944 2159 exsilii,

156 2168 239 2195 minis
253 2168 427 2201 Arianorum,
443 2169 500 2197 suis
514 2177 679 2203 suorumque
701 2171 841 2204 :erumnis,
856 2178 946 2198 remo-

157 2214 231 2240 tione
245 2213 435 2247 familiarium,
451 2214 542 2242 aemuli
555 2215 620 2242 item
634 2215 676 2242 sui
691 2215 823 2244 felicitate
838 2222 945 2243 stoma-

154 2259 264 2291 chatus,
274 2259 331 2294 jam
345 2260 379 2287 ad
394 2260 579 2288 simulandum
596 2260 763 2294 declinabat,
779 2269 841 2289 cum
865 2270 943 2290 acce-

153 2304 222 2332 dens
245 2305 460 2334 Fortunatianus
485 2307 667 2342 Aquileiensis
703 2307 814 2335 dubium
841 2307 942 2337 Liberii

155 2351 290 2384 animum,
306 2353 340 2380 ad
367 2353 515 2381 ineundam
532 2362 592 2381 cum
614 2354 725 2382 Arianis
739 2355 897 2383 societatem
915 2361 943 2384 et

152 2397 341 2432 denegandam
367 2399 519 2427 Athanasio
559 2400 781 2428 communionem
816 2402 941 2430 deduxit.

151 2443 269 2478 Moxque
287 2444 333 2472 ille
355 2453 369 2472 a
396 2445 559 2481 Demophilo
576 2446 718 2475 Bermensi
735 2447 854 2475 oblatam
883 2448 941 2476 Sir-

151 2489 284 2517 ntiensetn
303 2491 394 2524 fidem,
409 2492 466 2519 sive
477 2493 567 2526 potius
582 2493 735 2528 perﬁdiam,
752 2494 881 2530 suffragio
891 2502 941 2523 suo

151 2536 279 2568 munivit,
295 2537 433 2572 pollicitus
450 2538 551 2566 nullam
568 2546 598 2567 se
611 2547 672 2567 cum
688 2539 839 2568 Athanasio
854 2541 940 2569 socie-

152 2586 233 2610 tatem
250 2585 507 2613 communioncmve
523 2586 716 2614 admissurum.
735 2586 841 2616 Exinde
866 2587 940 2615 litte-

149 2637 195 2657 ras
211 2631 256 2657 dat
273 2631 306 2658 ad
326 2631 518 2660 Constantium
536 2633 695 2666 mittendas,
711 2633 754 2661 cui
772 2638 893 2661 testatur
910 2641 940 2662 se

146 2676 203 2710 jam
221 2677 294 2705 dicto
318 2678 474 2706 audientem
498 2686 570 2712 esse,
597 2679 729 2707 damnare
745 2679 937 2714 Athanasium,

149 2723 257 2757 precari
273 2723 369 2760 legatis
386 2725 455 2757 suis,
472 2725 535 2758 sibi,
552 2725 614 2753 aliis
635 2727 776 2754 exsulibus
801 2727 938 2762 episcopis

149 2770 316 2805 remigrandi
339 2772 373 2800 ab
396 2772 494 2799 exsilio
517 2772 683 2800 facultatem.
705 2772 760 2801 Nec
786 2778 876 2801 tamen
894 2774 939 2802 ille

150 2816 234 2844 tantis
258 2817 341 2844 animi
365 2818 478 2846 emolliti
502 2818 744 2854 significationibus
769 2820 935 2856 postulatum

149 2861 242 2889 statim
273 2866 316 2890 est
343 2869 492 2891 assecutus.
523 2864 614 2897 Quare
648 2865 826 2892 diuturnioris
853 2873 934 2894 morae

150 2906 305 2942 impatiens,
322 2907 427 2936 litteras
437 2909 620 2937 Orientalibus
632 2910 764 2945 episcopis
780 2911 933 2947 rescripsit,

1011 977 1038 1004 in
1064 976 1154 1011 fugam
1179 976 1274 1011 ipsius.
1303 984 1335 1003 ac
1361 976 1514 1003 timiditatis
1539 976 1628 1010 ipsum
1656 982 1797 1009 accusare,

1010 1023 1084 1057 quod
1112 1022 1257 1050 formidine
1285 1023 1381 1050 mortis
1405 1022 1546 1057 perculsus
1561 1029 1590 1049 se
1607 1021 1799 1056 proripuisset.

1010 1068 1132 1102 Quorum
1158 1068 1204 1096 ille
1226 1067 1369 1095 maledicta
1395 1071 1426 1094 nt
1451 1066 1631 1101 propulsaret,
1646 1065 1798 1100 elegantem

1009 1115 1093 1143 edidit
1109 1115 1260 1150 apologiam
1275 1123 1282 1148 ;
1301 1114 1346 1142 ubi
1364 1113 1436 1142 salse
1458 1112 1492 1140 ab
1510 1114 1623 1140 exordio
1638 1112 1729 1140 irridet
1747 1112 1798 1139 ho-

1008 1161 1113 1188 minttm
1134 1161 1293 1194 amentiam,
1307 1160 1354 1195 qui
1376 1167 1410 1188 eo
1429 1159 1553 1193 consilio,
1571 1167 1603 1187 ea
1619 1166 1667 1194 spe
1688 1159 1739 1186 sibi
1755 1158 1798 1185 fu-

1009 1213 1070 1241 gam
1089 1206 1319 1242 formidinemque
1338 1206 1549 1242 exprobrarent,
1564 1210 1593 1233 ut
1608 1207 1710 1241 pudore
1724 1205 1799 1240 ejus-

1009 1252 1081 1279 modi
1100 1252 1223 1284 convitii,
1237 1253 1308 1280 ultro
1325 1253 1389 1287 ipsis
1414 1256 1583 1280 occurreret.
1609 1251 1708 1279 Narrat
1731 1259 1796 1279 vero

1007 1298 1119 1332 quantis
1133 1304 1180 1326 eos
1196 1299 1274 1326 malis
1290 1299 1441 1331 affecerint,
1458 1306 1526 1334 quos
1542 1306 1635 1326 secum
1657 1306 1710 1326 non
1729 1306 1795 1326 con-

1007 1345 1108 1372 sentire
1123 1345 1378 1380 deprehendissent,
1396 1345 1532 1373 Liberium
1542 1345 1658 1376 scilicet,
1673 1345 1796 1379 llosium,

1007 1390 1131 1424 aliosque
1161 1391 1323 1426 permultos.
1357 1391 1503 1420 Contendit
1531 1399 1580 1426 per
1608 1391 1796 1426 evangelicam

1007 1437 1129 1472 regulam
1144 1438 1243 1472 cuique
1265 1437 1349 1465 licere
1364 1438 1447 1473 capiti
1464 1443 1492 1465 et
1517 1438 1595 1465 saluti
1613 1446 1669 1465 sua:
1691 1439 1796 1474 prospi-

1005 1490 1078 1511 cere.
1097 1483 1257 1519 Exemplum
1272 1483 1351 1512 ali‘crt
1367 1489 1488 1512 veterum
1514 1484 1636 1517 Patrum,
1653 1485 1796 1519 propheta-

1005 1537 1084 1562 rum,
1112 1530 1315 1564 apostolorum,
1341 1530 1396 1558 imo
1422 1531 1508 1566 ipsius
1535 1530 1718 1566 Cbristi,qui
1741 1539 1795 1558 non

1004 1575 1090 1602 solum
1106 1575 1197 1602 docuit
1212 1572 1274 1603 esse'
1287 1576 1487 1611 persecutionis
1501 1580 1624 1610 tempore
1637 1577 1793 1611 fugiendum

967 1616 987 1646 C
1004 1621 1039 1647 ab
1053 1620 1105 1647 alia
1123 1621 1150 1648 in
1164 1621 1246 1648 aliam
1269 1622 1419 1653 civitatem,
1434 1622 1482 1649 sed
1507 1626 1534 1649 et
1558 1622 1615 1657 ipse
1641 1623 1674 1649 ad
1701 1630 1794 1649 nccetn

1003 1667 1187 1700 conquisitus,
1202 1666 1271 1693 baud
1292 1667 1376 1693 semel
1396 1674 1425 1694 se
1441 1667 1575 1701 proripuit
1590 1667 1794 1695 insidiantibus.

1002 1710 1125 1744 Domum,
1146 1711 1298 1746 apologiam
1320 1711 1460 1745 claudens,
1490 1717 1604 1740 enarrat
1631 1721 1686 1748 quo
1715 1718 1794 1748 pacto

1002 1757 1114 1784 obsessa
1136 1766 1150 1784 a
1178 1757 1294 1793 Syriano
1313 1758 1382 1785 duce
1397 1759 1526 1791 ecclesia,
1545 1759 1572 1786 in
1591 1766 1645 1794 qua
1671 1759 1717 1787 ille
1737 1765 1792 1787 tum

1001 1803 1173 1836 versabatur,
1203 1803 1321 1838 portenti
1345 1811 1376 1831 ac
1392 1804 1507 1839 prodigii
1525 1803 1614 1832 simile
1630 1804 1793 1840 fueritquod

1000 1846 1056 1874 Deo
1069 1846 1218 1881 opitulante
1234 1851 1338 1874 tantum
1352 1847 1502 1876 declinaret
1513 1848 1673 1883 periculum.

1033 1892 1060 1919 2.
1075 1892 1194 1927 Epistula
1221 1893 1284 1920 item
1302 1898 1328 1920 et
1353 1893 1471 1922 Historia
1500 1895 1534 1922 ad
1560 1897 1791 1924 tuonacltos.—A

1001 1940 1145 1967 monachis
1160 1945 1252 1967 autem
1276 1940 1436 1976 frequenter
1450 1948 1562 1977 rogatus
1579 1943 1748 1972 Athanasius
1760 1949 1791 1972 ut

998 1993 1089 2012 rerum
1108 1985 1160 2012 sibi
1175 1985 1208 2013 ab
1223 1986 1336 2014 Arianis
1356 1992 1494 2021 gestarum
1510 1988 1692 2024 Ecclesichue
1706 1989 1791 2017 histo-

998 2033 1067 2060 riam
1096 2033 1309 2066 transmitteret,
1327 2041 1433 2061 necnon
1452 2035 1616 2062 Arianorum
1633 2036 1788 2071 dogmatum

997 2077 1226 2110 confulationem,
1239 2085 1333 2104 eorum
1347 2078 1393 2105 ille
1416 2079 1517 2113 optatis
1536 2079 1695 2112 obsecutus,
1709 2080 1787 2106 Aria-

996 2124 1076 2151 nismi
1102 2124 1137 2151 ad
1166 2123 1232 2151 illud
1261 2131 1348 2158 usque
1377 2128 1484 2159 tempus
1510 2125 1652 2153 historiam
1686 2127 1788 2159 scripto

996 2169 1147 2201 mandavit,
1164 2170 1236 2196 unde
1249 2177 1300 2197 nos
1321 2177 1416 2197 eorum
1432 2178 1493 2205 quae
1509 2171 1643 2199 hactenus
1659 2176 1786 2198 enartata

995 2220 1060 2243 sunt
1075 2215 1220 2242 maximam
1233 2220 1339 2250 partem
1350 2216 1501 2244 hausimus.
1517 2217 1661 2245 Misititem
1677 2217 1785 2251 librum,

995 2268 1049 2296 quo
1061 2261 1156 2296 paucis
1166 2261 1345 2296 impugnabat
1359 2263 1613 2290 hmreseosAri-ana‘.
1622 2268 1784 2291 commenta.

997 2308 1030 2335 Et
1049 2309 1176 2342 rogabat,
1191 2316 1244 2343 qua
1266 2313 1327 2336 erat
1349 2309 1434 2336 anitni
1461 2310 1650 2344 temperantia,
1665 2314 1694 2336 ut
1710 2315 1785 2344 post-

996 2359 1078 2386 quam
1107 2353 1236 2387 legissent
1262 2354 1437 2388 opusculum,
1462 2353 1514 2381 sibi
1541 2354 1721 2387 remitterent,
1735 2362 1785 2382 nec

995 2399 1113 2433 cuipiam
1135 2399 1278 2433 legendum
1299 2399 1513 2427 commodarent.
1542 2399 1600 2428 Non
1627 2400 1710 2433 enirn,
1740 2400 1783 2426 in-

993 2445 1064 2480 quit,
1082 2449 1170 2472 tutum
1185 2450 1227 2472 est
1243 2450 1368 2473 nostrum
1391 2446 1601 2474 balbutientium
1616 2451 1644 2473 et
1660 2446 1783 2473 indocto-

995 2499 1053 2518 rum
1067 2491 1173 2518 litteras
1187 2492 1220 2518 ad
1236 2495 1360 2526 posteros
1377 2492 1532 2527 pervenire.
1551 2491 1616 2518 Eam
1631 2499 1696 2519 vero
1707 2492 1784 2520 Aria-

993 2537 1075 2565 nismi
1096 2536 1311 2564 confutationem
1328 2538 1436 2572 penitus
1450 2537 1587 2565 interiisse
1605 2537 1780 2566 arbitramur.
1806 2572 1811 2580 η

993 2582 1106 2610 Diversa
1131 2583 1205 2610 enim
1229 2590 1340 2617 prorsus
1361 2587 1421 2610 erat
1441 2583 1476 2610 ab
1499 2582 1668 2610 orationibus
1685 2588 1780 2611 contra

992 2628 1108 2656 Arianos
1123 2633 1151 2655 et
1165 2629 1199 2656 ab
1216 2629 1331 2662 epistola
1346 2629 1465 2656 secunda
1485 2629 1519 2656 ad
1541 2628 1731 2664 Serapionem,
1750 2634 1780 2657 ut

992 2677 1115 2713 pluribus
1131 2677 1194 2705 alibi
1210 2683 1450 2706 comtnonstratnr.

1027 2725 1055 2752 3.
1070 2725 1190 2758 Epistula
1213 2725 1247 2751 ad
1260 2725 1431 2758 Serapionem
1448 2725 1480 2752 de
1495 2730 1578 2753 marte
1597 2724 1666 2752 Arii.
1676 2738 1712 2744 —
1725 2723 1779 2751 Ne-

990 2777 1044 2806 que
1065 2771 1100 2798 ita
1124 2771 1210 2798 multo
1228 2777 1289 2806 post
1316 2771 1426 2804 accidit,
1455 2776 1485 2799 ut
1511 2779 1573 2799 cum
1604 2772 1737 2807 Serapion
1750 2774 1779 2799 et

988 2818 1034 2846 alii
1048 2818 1158 2854 quidam
1176 2818 1385 2853 disputationem
1397 2819 1520 2853 inissent,
1536 2819 1573 2847 ibi
1584 2819 1776 2847 controversia

987 2865 1069 2892 finem
1091 2865 1226 2897 facerent,
1251 2873 1285 2892 an
1314 2864 1441 2892 Ecclesia:
1457 2866 1648 2893 communione
1662 2866 1775 2899 junctus

987 2912 1098 2940 obiisset
1112 2911 1204 2946 Arius,
1219 2920 1279 2948 qua:
1295 2919 1340 2939 res
1353 2913 1379 2939 in
1399 2912 1521 2946 proximo
1537 2920 1683 2946 congressu
1708 2917 1774 2946 ps:-
