2016 3046
774 123 855 151 VITA
876 123 904 152 S.
925 123 1119 153 ATHANASll.

1658 135 1758 156 CXXXIX

136 187 200 209 rum
218 181 308 217 potius
333 184 469 218 gravitate
490 189 519 214 et
530 186 691 219 constantia,
705 194 786 222 quam
802 189 924 223 corporis
938 191 962 220 Α
976 195 1023 217 aut
1040 193 1166 217 eventum
1184 187 1351 222 dispensare,
1376 191 1458 222 atque
1475 191 1591 221 coeptum
1612 186 1644 213 ad
1666 194 1758 214 mona-

138 228 296 255 Secessioue
311 231 426 264 exprimi
441 235 523 266 atque
534 231 665 266 insigniri.
677 232 734 265 Quo
743 237 821 267 pacto
837 233 919 261 David

136 272 218 299 simul
230 279 256 299 et
272 281 361 301 rerum
386 277 565 311 gerendarum
581 277 709 305 facultate
725 279 880 313 praestabat,
893 283 922 308 et

138 317 165 343 in
179 325 283 345 summa
301 324 388 347 tamen
411 321 555 349 solitudine
573 322 705 357 degebat;
720 323 743 350 si
759 324 804 352 cui
829 328 920 354 tamen

138 363 202 391 illud
223 371 231 390 :
253 363 431 401 Singulariter
455 375 513 394 sum
524 375 569 402 ego
596 367 678 394 donec
707 373 839 397 transeant
850 371 871 403 θ,
889 372 922 399 ad

138 410 221 446 hujus
235 410 298 438 dicti
322 411 554 441 conﬁrmationem
580 411 671 441 aa‘erri
696 421 776 449 posse
790 416 922 446 videatur.

138 456 179 483 ita
197 461 227 484 ut
244 457 289 492 qui
306 457 375 485 alios
398 458 499 485 virtute
517 459 669 493 anteibant,
686 462 766 489 iidem
788 461 823 489 ab
851 462 924 490 illius

139 503 254 530 consilio
263 507 290 530 et
301 508 391 531 mente
402 503 524 538 longiore
538 505 681 535 intervallo
694 508 829 542 abessent,
843 516 925 543 quam

140 547 261 582 reliquos
280 548 469 575 antecedet-eu!
486 558 493 578 :
511 557 593 585 atque
617 553 650 580 ad
668 553 810 580 sacerdotii
828 561 925 581 munus

141 593 261 620 numeris
277 594 402 623 omnibus
417 597 611 624 absolvendum
637 605 721 633 pauca
745 598 924 633 conferentes,

142 640 228 670 multo
244 640 318 678 plura
342 647 376 671 ad
399 645 554 671 monasticae
571 645 633 672 vita
649 645 780 672 rationem
806 646 926 681 partibus

142 689 271 717 omnibus
284 690 442 725 explendam
464 691 628 725 reciperent.
646 691 816 727 Tantumque
837 692 861 720 ei
878 693 927 720 tri-

142 735 270 767 buebant,
287 740 318 763 ut
333 737 462 772 quidquid
482 737 532 772 ipsi
549 738 638 765 visum
651 742 721 766 esset
736 745 784 773 pro
808 738 866 773 lege
877 738 926 766 ha-

143 780 255 813 berent;
274 789 306 808 ac
321 789 416 809 rursus
432 783 545 810 vetitum
559 783 609 810 sibi
621 788 648 811 et
660 784 831 811 interdictum
848 784 927 818 qu-id-

142 825 208 859 quid
234 826 279 855 ille
298 828 431 856 sententia
455 836 502 857 sua
524 829 704 864 improbasset
730 830 926 863 existimarent,

971 235 1053 262 steria
1074 235 1127 262 iter
1151 238 1313 268 prosecutus
1333 237 1384 260 est.
1409 232 1587 267 Posteaquam
1611 232 1701 267 itaque
1724 232 1758 260 ad

973 279 1170 308 monasterium
1196 278 1287 306 Pabau
1317 277 1428 313 propius
1463 278 1578 305 accessit
1611 278 1758 312 Artemius,

973 326 1044 353 haud
1056 333 1134 353 secus
1148 332 1179 352 ac
1190 325 1213 352 si
1227 324 1326 352 bellum
1339 328 1489 358 gereretur,
1501 323 1759 358 dispositiscircum—

973 377 1088 405 quaque
1096 369 1236 401 militibus,
1247 367 1327 402 jussit
1341 368 1537 395 monasteriutn
1549 368 1663 395 observa
1669 369 1700 395 ri.
1717 367 1760 395 lno

975 423 1085 452 gressus
1101 415 1138 443 ibi
1151 414 1320 443 considebat.
1336 414 1416 440 Extra
1433 413 1520 440 locum
1539 417 1629 440 tamen
1642 421 1760 441 conven-

975 465 1018 489 tus
1033 469 1094 489 cum
1107 461 1259 495 prapositis
1269 460 1376 495 agebat,
1390 459 1546 487 constitutis
1559 459 1630 486 ultro
1639 459 1761 495 citroque

975 508 1135 543 sagittariis.
1159 507 1218 540 Quo
1235 512 1380 541 conspectu
1405 507 1503 535 fratres
1527 507 1663 541 perterriti
1686 512 1758 535 sunt.

976 554 1043 582 Erat
1067 559 1124 580 tum
1147 553 1209 581 istic
1229 552 1271 580 vir
1294 553 1441 581 sanctitate
1465 553 1628 588 conspicuus
1652 554 1762 580 nomine

978 600 1119 636 Pecysius,
1143 600 1188 634 qui
1213 599 1326 626 fratrum
1351 599 1457 627 animos
1485 599 1674 627 confirmabat.
1703 599 1760 626 Dux

978 652 1068 674 autem
1088 646 1236 680 interprete
1257 653 1332 678 usus,
1351 645 1421 679 Quo,
1444 646 1541 680 inquit.
1561 645 1587 672 in
1609 646 1669 672 loco
1686 651 1763 680 pater

977 692 1099 731 omnium
1115 696 1235 719 vestrum
1253 691 1402 720 versatur?
1416 691 1566 726 Respondit
1581 691 1664 718 abbas
1681 691 1764 726 [νεογ-

978 738 1055 766 sius:
1071 738 1210 766 Abscessit
1233 738 1267 766 ad
1285 737 1460 765 monasteria.
1481 737 1530 765 Cui
1555 737 1628 764 dux:
1653 735 1702 770 Qui
1718 744 1762 764 se-

979 785 1096 813 eundum
1112 785 1145 813 ab
1163 792 1196 812 eo
1215 785 1301 813 locum
1317 785 1420 812 obtinet
1438 784 1547 811 ubinam
1563 783 1623 811 est?
1640 784 1708 811 Tum
1726 783 1765 810 in-

981 830 1072 857 dicant
1093 829 1225 857 abbatem
1243 829 1403 864 Psarphium
1428 836 1554 864 magnum
1580 821 1781 856 teconontum."

142 871 273 906 illiusque
285 873 393 900 decreta
418 881 466 909 pro
479 874 605 902 Mosaicis
621 874 720 902 tabulis
740 875 881 907 ducerent,
893 883 925 903 ac
940 877 962 904 Β
977 875 1061 909 Quem
1073 876 1187 903 seorsim
1201 875 1424 910 duxalloquitur.
1436 875 1483 902 Est
1497 882 1580 910 penes
1596 881 1649 908 me,
1665 874 1762 908 inquit,

145 918 249 951 majore
263 926 341 953 quam
353 927 411 953 quae
420 920 522 948 sanctis
537 920 604 948 viris
612 920 703 948 deberi
712 920 834 948 videatur
842 921 926 956 ipsius

143 963 318 991 veneratione
332 964 514 994 afficerentur.
534 975 543 992 ι

180 1008 206 1036 8.
228 1009 386 1037 Athanasius
401 1011 435 1037 ad
450 1013 578 1038 desertum
596 1020 678 1047 usque
692 1012 860 1048 perquiritur.
875 1013 927 1039 Ar-

143 1057 238 1083 rentius
255 1057 310 1083 dua;
320 1057 355 1083 ad
367 1059 527 1085 monasteria
542 1058 621 1086 venit.
632 1073 666 1079 ——-
682 1057 767 1086 Tanta
784 1066 866 1093 porro
880 1065 928 1086 ve-

142 1102 229 1135 sania,
259 1107 334 1130 tanto
357 1103 449 1131 furore
470 1108 497 1131 et
515 1104 578 1132 odio
604 1108 681 1132 erant
698 1105 755 1138 ejus
781 1105 926 1132 adversarii

143 1148 271 1183 correpti.
289 1153 319 1176 ut
333 1156 367 1176 ne
382 1150 519 1177 desertum
537 1149 645 1185 quidem
674 1155 717 1178 sat
742 1155 828 1177 tutum
850 1151 888 1178 illi
911 1158 927 1178 a

145 1193 385 1228 perquisitinnibus
402 1195 619 1222 adversariorum
635 1199 718 1227 esset,
742 1195 791 1223 sed
813 1195 840 1222 in
860 1203 928 1231 quo-

145 1238 257 1266 tidianis
271 1239 358 1266 adhuc
372 1239 480 1267 insidiis
492 1245 658 1268 versaretur.
676 1250 686 1266 ι
701 1241 767 1268 Nam
787 1249 849 1269 cum
867 1242 929 1276 qni-

147 1285 222 1316 dam,
247 1287 419 1320 prosequitur
447 1286 608 1321 Gregorius,
628 1295 661 1315 eo
682 1295 712 1315 se
737 1288 926 1320 contulissent,

147 1334 175 1357 ut
190 1331 263 1364 pium
279 1331 366 1358 virum
381 1331 492 1367 perinde
508 1340 540 1360 ac
554 1333 639 1360 feram
657 1333 801 1368 quamdam
817 1333 928 1360 investi—

147 1380 253 1409 garent,
270 1384 320 1404 nec
343 1385 405 1404 eum
425 1380 603 1413 undequaque
626 1380 805 1413 perquisitum
827 1379 930 1407 inveni-

147 1425 216 1453 rent,
232 1428 267 1448 ne
285 1422 398 1449 miseere
410 1423 517 1457 quidem
539 1431 600 1450 cum
614 1424 647 1450 iis
662 1424 707 1458 qui
731 1424 806 1452 missi
823 1424 930 1451 fuerant

146 1467 279 1502 colloquia
295 1468 404 1496 voluere
425 1476 539 1496 :verum
559 1470 680 1497 cervices
701 1470 797 1505 gladiis
820 1470 930 1504 objicie-

147 1515 223 1548 bant,
241 1514 314 1541 velut
329 1522 377 1549 pro
392 1514 500 1542 Christo
513 1515 706 1550 periclitantes,
719 1521 801 1551 atque
816 1516 851 1544 ita
869 1516 929 1544 ani-

980 921 1155 956 iinperatoris
1165 922 1268 957 iussum
1281 926 1376 949 contra
1390 921 1583 953 Athanasium,
1599 927 1680 954 quem
1693 918 1764 953 apud

979 974 1027 995 vos
1040 967 1198 995 delitescere
1211 966 1282 994 fama
1301 971 1353 995 est.
1365 966 1414 994 Cui
1429 967 1513 994 abbas
1524 965 1689 1000 Psarphius:
1706 965 1765 1000 Ipse

979 1013 1089 1047 quidem
1108 1013 1229 1040 omnium
1253 1017 1376 1040 nostrqu
1400 1017 1477 1047 pater
1502 1016 1556 1043 est,
1576 1012 1689 1039 necdum
1713 1011 1763 1037 viri

980 1059 1076 1086 faciem
1095 1061 1205 1093 aspexi;
1227 1066 1290 1086 ecce
1312 1058 1517 1086 monasterium.
1535 1057 1682 1092 Diligenter
1701 1063 1765 1090 per-

980 1109 1117 1133 scrutatus
1131 1106 1196 1137 dux,
1208 1112 1269 1132 cum
1290 1104 1469 1133 Athanasium
1487 1111 1540 1132 non
1558 1104 1718 1135 invenisset,
1731 1103 1765 1129 ad

981 1156 1144 1179 conventum
1159 1151 1291 1178 accedens
1305 1159 1312 1177 :
1326 1150 1420 1182 Orate,
1435 1150 1533 1185 inquit,
1548 1157 1598 1185 pro
1613 1157 1666 1177 me.
1680 1148 1766 1184 Repo-

981 1201 1049 1222 nunt
1061 1195 1105 1222 ille
1118 1204 1125 1222 :
1139 1195 1196 1222 Non
1210 1195 1272 1222 licet
1284 1195 1373 1222 nobis.
1387 1193 1506 1221 V'etitum
1520 1194 1619 1229 quippe
1634 1193 1711 1221 nobis
1724 1197 1765 1220 est

982 1249 998 1268 a
1012 1241 1093 1269 Patre
1107 1246 1210 1273 nostro,
1223 1249 1258 1269 ne
1267 1249 1326 1268 cum
1339 1241 1429 1275 aliquo
1440 1248 1550 1268 oremus
1562 1241 1607 1274 qui
1620 1247 1679 1267 cum
1690 1239 1766 1266 Aria-

982 1287 1024 1315 nis
1051 1288 1243 1314 communicet.
1271 1287 1338 1314 Cum
1379 1287 1447 1314 duce
1482 1293 1600 1320 namque
1632 1285 1764 1312 Arianum

982 1333 1126 1367 quemdam
1150 1334 1252 1360 versari
1278 1336 1478 1367 conspexerant
1502 1331 1622 1367 episcopi
1649 1330 1774 1359 formam.

983 1377 1182 1413 prtcferentem.
1200 1378 1417 1406 Abscedentibus
1429 1383 1519 1405 autem
1543 1378 1607 1410 illis,
1623 1377 1696 1404 solus
1713 1377 1766 1403 dux

983 1429 1108 1459 precatus
1120 1429 1171 1452 est.
1185 1424 1225 1452 Ac
1240 1431 1301 1451 cum
1317 1424 1434 1451 interdiu
1450 1424 1476 1451 in
1497 1423 1593 1459 synaxi
1612 1422 1766 1450 obdormis-

983 1475 1035 1503 set,
1059 1469 1266 1505 expergefactus
1289 1470 1449 1504 sauguinem
1481 1470 1591 1496 naribus
1615 1467 1765 1497 emittebat,

983 1517 1106 1551 Cumque
1126 1517 1280 1551 ignorarent
1304 1516 1430 1543 monachi
1445 1514 1509 1550 quid
1532 1515 1673 1542 accidisset
1688 1513 1737 1548 ipsi
1757 1522 1765 1540 :

148 1568 192 1586 mo
205 1561 366 1594 comparati,
386 1566 422 1592 ut,
440 1561 463 1588 si
483 1561 650 1588 acerbissimi
671 1562 810 1596 quidpiam
835 1570 883 1597 pro
896 1570 930 1590 eo
943 1555 964 1584 C
982 1561 1146 1595 perterritus
1163 1560 1312 1593 Artemius,
1333 1559 1431 1588 Oblata
1445 1560 1520 1593 mihi,
1539 1560 1636 1594 inquit,
1650 1559 1766 1592 visione,

147 1605 311 1640 perferrent,
324 1606 350 1634 id
367 1607 456 1641 magni
471 1607 503 1634 ad
519 1607 715 1641 philosophiam
736 1608 866 1635 momenti
883 1608 933 1635 du-

147 1657 254 1685 cerent.
280 1653 470 1688 diuturnisque
492 1652 613 1688 jejuniis,
640 1653 821 1686 chameuuiis,
849 1660 932 1682 cane-

149 1699 270 1733 terisque
284 1700 407 1734 corporis
426 1700 565 1732 aerumnis,
579 1707 647 1734 quas
661 1708 710 1735 pro
727 1700 866 1735 perpetuis
883 1701 932 1728 de-

149 1746 220 1773 liciis
232 1745 373 1779 haberent,
390 1746 472 1773 tnulto
493 1746 634 1774 sublimius
652 1754 684 1774 ac
699 1746 825 1774 divinius.
843 1755 853 1772 ι
871 1746 933 1773 Haec

149 1791 298 1827 Gregorius
323 1791 522 1820 Nazianzenus.
547 1793 616 1825 Quid
641 1797 730 1820 autem
749 1792 776 1819 in
800 1792 933 1826 ejusmodi

149 1837 347 1870 perquisitione
361 1836 467 1869 eadem,
483 1841 512 1864 ut
526 1837 643 1870 videtur,
658 1844 739 1872 quam
760 1842 853 1864 narrat
867 1837 933 1864 Gre:

150 1882 253 1916 gorius,
267 1886 372 1917 gestum
389 1883 435 1916 sit,
451 1882 573 1917 pluribus
594 1888 753 1911 recensetur
770 1884 798 1911 in
812 1884 866 1911 vita
884 1883 934 1910 Pa-

150 1929 250 1956 cbomii
266 1929 304 1964 (a)
324 1929 358 1956 ad
374 1929 445 1956 hunc
461 1924 546 1956 ferme
568 1929 688 1956 modum.
709 1928 775 1956 Post
790 1930 857 1961 haec,
873 1937 933 1956 cum

150 1975 314 2002 Athanasius
325 1975 359 2002 ab
370 1975 533 2009 imperatore
542 1974 703 2002 Constantio
718 1975 933 2010 perquireretur,

150 2024 232 2053 atque
248 2027 281 2046 ex
300 2018 407 2047 insidiis
423 2019 599 2052 Arianorum,
618 2019 677 2053 ejus
698 2020 849 2054 vestigandi
871 2027 934 2055 pro-

150 2065 240 2093 vincia
256 2065 363 2093 cuidam
379 2065 441 2092 duci
457 2066 519 2093 data
540 2071 612 2093 esset
625 2066 748 2094 Artemio
769 2067 890 2098 nomine,
912 2066 935 2093 is

152 2111 252 2146 ubique
275 2115 463 2146 perscrutatus
479 2115 530 2139 est.
553 2112 620 2139 Cum
637 2119 731 2139 rumor
752 2116 841 2140 autem
863 2118 941 2140 esset.

152 2165 214 2184 eum
231 2156 347 2185 fortasse
361 2158 447 2185 latere
465 2157 535 2192 apud
556 2157 771 2185 Tabennesiotas
787 2159 935 2185 monachos

153 2203 205 2231 sibi
219 2203 419 2237 dilectissimus,
439 2205 519 2232 solvit
529 2203 583 2231 dux
598 2208 627 2231 ut
639 2204 701 2231 illuc
716 2204 867 2238 navigaret.
885 2203 934 2230 Cui

152 2249 269 2277 adverso
290 2249 401 2278 flumine
423 2250 600 2277 contendenti
624 2250 743 2277 occurrit
758 2249 933 2282 Theodorus;

151 2297 198 2333 qui
214 2297 334 2324 secundo
355 2296 466 2324 ﬂumine
481 2297 630 2328 ferebatur,
648 2296 863 2330 perlustraturus
878 2303 936 2322 mo-

152 2343 271 2370 nasteria
288 2342 360 2369 circa
381 2342 568 2376 Hermopolin.
585 2341 651 2368 Cum
666 2346 756 2368 autem
771 2342 935 2368 monasterio

152 2389 196 2416 cui
221 2388 284 2423 Cajo
307 2395 404 2415 nomen
428 2393 488 2415 erat
511 2387 749 2422 appropinquaret,
773 2387 841 2413 vidit
862 2392 934 2414 retro

152 2436 325 2470 navigantem
342 2435 448 2462 ducem.
473 2434 585 2461 Domino
606 2438 694 2460 autem
720 2433 856 2460 revelante
870 2433 933 2467 quid

152 2483 275 2510 futurum
300 2487 372 2510 esset
393 2481 538 2514 intellexit,
559 2488 592 2508 ac
607 2480 736 2507 fratribus
758 2479 933 2506 renuntiavit.

151 2531 220 2559 Cum
236 2532 414 2564 percuperent
435 2532 524 2555 autem
548 2526 646 2554 fratres
667 2526 816 2560 retrogredi
833 2526 934 2560 ipsum-

151 2583 207 2612 que
227 2575 395 2608 antevenire,
411 2581 445 2601 ne
467 2573 538 2601 forte
557 2572 655 2600 fratres
670 2572 697 2599 in
714 2572 804 2599 Pabau
825 2576 934 2606 agentes

152 2622 386 2658 perturbarentur,
406 2621 449 2654 ait;
469 2620 523 2647 illis
543 2628 551 2646 :
573 2620 599 2647 Is
619 2619 695 2654 cujus
718 2619 804 2652 gratia
830 2622 934 2645 tantum

153 2668 261 2695 itineris
283 2666 399 2701 spatium
423 2672 563 2693 servorum
591 2665 676 2699 ipsius
691 2664 831 2694 :inviseudi
854 2671 934 2690 causa

152 2713 257 2742 atriensi
271 2719 377 2744 sumus,
392 2716 481 2745 potest
494 2718 554 2738 eam
571 2718 626 2738 rem
639 2712 707 2738 citra
725 2711 827 2739 tristem
842 2717 933 2737 casum

188 2761 199 2776 ¹
212 2759 281 2787 Psal.
301 2767 362 2793 ch,
384 2758 426 2785 10.
464 2758 474 2774 ³
493 2758 542 2785 lsa.
561 2765 612 2794 ιιι,
629 2760 655 2788 8.

191 2839 228 2878 (a)
251 2839 314 2866 Acta
328 2837 376 2865 SS.
393 2837 424 2865 H
440 2838 516 2865 Maii.

982 1614 1019 1634 ex-
1032 1606 1206 1633 miseratione
1220 1606 1310 1633 divina
1326 1606 1371 1633 vix
1388 1611 1502 1633 mortem
1520 1604 1620 1640 effugi;
1635 1608 1714 1638 atque
1729 1605 1766 1632 ita

983 1652 1118 1679 discessit.
1138 1651 1203 1684 Quae
1224 1659 1286 1679 cum
1309 1659 1435 1679 reversus
1455 1651 1576 1678 audisset
1596 1650 1772 1684 Theodorus,

983 1698 1038 1725 Deo
1051 1699 1153 1733 gratias
1170 1698 1271 1725 retulit.

1019 1743 1045 1771 9.
1067 1743 1206 1771 Athanasii
1230 1744 1280 1770 iter
1309 1744 1343 1770 ad
1373 1743 1531 1770 monasteria
1556 1741 1707 1770 Thebaidis.
1731 1758 1762 1764 --

984 1788 1060 1816 llaud
1084 1789 1168 1816 multo
1188 1793 1248 1823 post
1268 1789 1326 1823 ipse
1342 1788 1514 1821 Theodorus,
1528 1796 1589 1816 cum
1615 1788 1767 1823 accepisset

983 1835 1159 1862 Athanasium
1183 1835 1209 1862 in
1225 1835 1389 1862 Thebaidem
1413 1835 1554 1868 accedere,
1576 1835 1684 1862 obviam
1704 1842 1766 1866 cum

985 1881 1186 1915 antiquioribus
1206 1886 1314 1916 patrum
1338 1881 1508 1916 fratrumque
1526 1881 1684 1908 monasterii
1705 1889 1768 1916 pro-

984 1927 1106 1962 greditur
1128 1927 1183 1961 (b);
1211 1928 1355 1962 virumque
1381 1927 1522 1955 oﬂ'endunt
1548 1931 1609 1954 ante
1636 1934 1718 1961 quam
1740 1927 1767 1953 in

985 1973 1190 2008 Hermopoliten
1204 1981 1314 2001 nomum
1337 1974 1514 2009 pervenisset.
1528 1974 1586 2008 Quo
1598 1973 1690 2008 procul
1705 1981 1768 2001 con-

984 2024 1088 2054 specto,
1119 2019 1220 2047 fratres
1249 2023 1418 2047 maturantes
1439 2024 1595 2046 accurrunt.
1620 2019 1769 2054 Utramque

985 2071 1075 2093 autem
1098 2065 1219 2094 ﬂuminis
1237 2066 1324 2101 ripam
1343 2065 1548 2093 innumerabilis
1569 2065 1713 2092 multitudo
1727 2072 1770 2092 oc-

984 2112 1101 2146 cupabat
1129 2112 1329 2147 episcoporum,
1361 2111 1534 2145 clericorum,
1562 2111 1767 2139 monachorum.

985 2157 1059 2191 Quos
1072 2157 1117 2184 ubi
1131 2158 1249 2192 primum
1264 2158 1330 2185 vidit
1342 2158 1519 2189 Athanasius,
1534 2158 1590 2185 haec
1603 2165 1635 2184 ex
1648 2157 1770 2194 Scriptu-

987 2205 1024 2230 ris
1039 2204 1225 2233 vociferatur:
1241 2204 1293 2236 Qui
1318 2209 1378 2231 sunt
1401 2205 1446 2231 isti
1461 2204 1506 2239 qui
1525 2209 1551 2230 ut
1570 2203 1651 2230 nubes
1671 2202 1769 2235 uolant,

985 2255 1009 2275 et
1019 2251 1095 2282 quasi
1111 2250 1239 2277 columbis
1251 2258 1311 2277 cum
1325 2251 1406 2284 pullis
1421 2250 1475 2277 suis
1489 2250 1523 2276 ad
1545 2258 1585 2276 me
1602 2249 1725 2283 feruntur
1735 2247 1746 2263 ³
1758 2248 1771 2275 ε

988 2295 1103 2323 Tantam
1126 2297 1225 2324 exinde
1242 2296 1422 2330 frequentiam
1446 2295 1573 2323 salutavit
1594 2294 1769 2326 Athanasius,

988 2341 1098 2375 ignarus
1117 2342 1177 2376 quis
1200 2341 1284 2368 abbas
1305 2341 1463 2368 Theodorus
1483 2345 1565 2368 esset.
1584 2339 1677 2374 Neque
1697 2340 1769 2366 enim

988 2386 1032 2413 ille
1053 2386 1090 2413 ita
1111 2387 1233 2421 proxime
1247 2387 1281 2414 ad
1300 2386 1454 2422 pontificem
1472 2390 1635 2417 accesserat,
1650 2384 1697 2412 sed
1713 2391 1770 2411 mo-

988 2434 1138 2460 nachorum
1155 2434 1277 2460 seniores
1292 2434 1325 2460 ad
1339 2438 1433 2460 turma:
1447 2434 1563 2460 frontem
1578 2432 1703 2459 incedere
1713 2430 1771 2464 jus.

987 2479 1032 2505 sit.
1055 2478 1146 2504 Primo
1168 2481 1257 2504 tamen
1281 2483 1391 2512 aspectu
1413 2478 1500 2504 virum
1528 2477 1638 2511 agnovit
1653 2476 1771 2504 Athana-

987 2526 1061 2556 sius;
1078 2524 1155 2558 cujus
1166 2524 1337 2558 apprehensa
1355 2531 1436 2551 manu
1449 2533 1456 2550 :
1469 2523 1502 2550 Et
1513 2523 1657 2558 quomodo,
1674 2522 1777 2556 inquit,

988 2569 1086 2596 fratres
1105 2576 1135 2596 se
1158 2570 1276 2597 habent?
1301 2570 1350 2597 Cui
1374 2569 1533 2596 Theodorus
1553 2578 1560 2596 :
1586 2567 1770 2595 Sanctissimis

989 2616 1042 2642 tuis
1064 2615 1188 2649 precibus
1207 2616 1286 2648 bene,
1314 2616 1404 2648 Pater,
1427 2616 1557 2642 valemus.
1578 2615 1646 2641 Tum
1672 2614 1770 2641 fratres

988 2662 1098 2689 circiter
1116 2667 1224 2689 centum
1246 2670 1359 2690 numero
1379 2662 1496 2696 psalmos
1511 2669 1620 2694 canere,
1642 2661 1670 2688 in
1696 2665 1770 2687 tanta

989 2707 1142 2742 frequentia
1165 2712 1194 2734 ut
1222 2715 1302 2735 nemo
1328 2708 1479 2742 proximum
1504 2708 1555 2736 sibi
1583 2711 1783 2743 cognosceret.”

1028 2826 1064 2861 (ὁ)
1077 2827 1106 2855 ln
1122 2825 1179 2854 Vita
1195 2823 1341 2852 Pachomit'.
