2016 3046
229 108 283 130 ἰιι

895 97 1160 127 PROLEGOMENA.

228 144 325 190 ‘lAbbas
342 160 445 190 interea
458 160 615 188 Theodorus
628 161 745 193 asinum,
762 167 817 195 quo
828 160 948 195 pontifex
967 167 1015 188 ve-
1028 163 1052 192 Α
1067 165 1159 188 mutuo
1184 159 1253 188 bello
1275 159 1479 196 conflagrabant
1496 159 1545 195 (α).
1570 158 1640 188 Hinc
1662 160 1852 195 proseminata:

231 207 357 240 hebatur,
380 214 460 233 manu
478 212 570 233 tenens
593 206 705 241 praaibat
726 213 786 233 cum
804 206 934 233 fratribus
947 206 1018 241 psal-

232 251 361 281 lenlibus.
377 252 506 280 Lacernae
519 256 546 279 et
560 252 633 279 faces
645 252 716 278 ultro
728 251 851 287 citroque
868 252 1016 279 micabant.

226 296 398 327 Athanasius
420 303 509 326 autent
532 298 703 325 Theodorum
721 305 836 325 cernens
852 298 943 325 animo
968 298 1019 326 fer-

233 349 353 377 ventem,
380 352 432 372 non
457 345 483 371 in
512 345 665 379 promiscua
691 344 778 371 solum
807 345 884 370 turba
906 344 1019 379 pedibus

232 390 368 423 incedere,
393 391 439 418 sed
464 391 497 417 ab
520 391 643 417 aerensis
660 391 786 425 utrinque
808 389 914 417 facibus
935 390 1019 418 ferme

230 437 364 470 comburi,
390 442 547 471 tantamque
570 437 752 470 alacritatem,
779 441 884 464 tantum
910 436 1019 463 virtutis

231 484 349 511 studium
371 483 509 516 praeferre,
531 483 598 510 alios
618 483 759 517 episcopos
780 483 820 510 sic
836 482 935 509 affatur
952 491 959 509 :
977 481 1019 508 Vi-

232 528 295 556 dete
310 533 413 564 quanto
427 537 475 557 nos
492 529 581 563 spatio
602 530 744 556 antecedat
759 529 803 557 ille
823 534 905 556 tanta:
925 536 1019 556 mona-

233 577 346 603 chorum
364 577 522 610 frequentize
534 575 627 603 Pater.
647 575 730 602 Nobis
744 575 816 602 haud
830 583 892 602 vere
909 574 1018 602 Patrum

232 629 331 649 nomen
348 622 484 650 convenit.
504 621 544 648 llli
563 627 629 649 sane
649 621 757 653 Patres,
771 621 816 656 qui
830 621 976 648 humilitati
992 626 1019 648 et

231 668 414 703 obsequentite
426 675 458 695 ex
475 667 520 695 Dei
537 675 629 694 amore
642 668 707 694 dant
727 675 849 702 operam.
867 667 941 694 Beati
958 675 1020 701 pro-

231 713 304 741 fecto
320 719 347 741 et
366 714 439 741 nulla
456 721 509 742 non
531 714 613 741 laude
624 714 710 748 digni,
724 714 770 748 qui
790 721 898 748 semper
911 720 1019 740 erucem

212 754 339 786 inomini
351 763 458 794 gemant
472 768 479 786 :
494 767 610 794 quorum
626 759 774 794 ignominia
788 766 852 786 vere
867 763 907 786 est
923 758 1019 793 gloria,

231 812 346 839 quorum
368 805 446 832 labor
458 812 521 832 vere
534 805 652 839 requies.
667 805 820 839 Paucisque
831 804 926 831 diebus
941 804 1019 830 Anti-

232 851 339 885 noopoli
358 855 386 878 et
409 850 560 886 llermopoli
577 855 770 882 commoratus,
793 849 904 877 utilibus
920 857 967 877 eos
987 856 1020 877 ac

232 896 331 924 divinis
346 897 505 925 cohortatus
524 896 708 928 sermonibus,
722 896 754 923 ad
776 895 942 923 monasteria
957 903 1021 930 pro-

232 942 320 970 fectus
341 948 393 971 est.
415 943 567 976 Conspecta
591 943 627 970 ibi
647 942 762 969 fratrum
778 942 914 976 probitate
933 941 1021 969 since-

232 995 317 1022 raque
330 993 423 1016 meute
444 996 549 1016 summe
564 989 652 1021 laetus,
669 988 762 1015 laudes
777 987 893 1015 Domino
917 987 1019 1015 retulit.

233 1035 273 1061 Ac
291 1041 353 1062 cum
376 1034 572 1062 monasterium
591 1034 803 1069 circumquaque
825 1034 1019 1068 perlustraret,

235 1084 393 1114 attenteque
417 1079 562 1114 dispiceret
591 1079 765 1107 collectarum
788 1080 891 1115 locum,
921 1089 1022 1109 mensa:

235 1125 374 1157 conclave,
403 1124 572 1160 singularum
601 1126 742 1153 domorum
765 1127 887 1158 cellulas,
911 1132 938 1154 et
963 1127 1021 1161 ipsa

235 1178 322 1205 usque
338 1171 443 1203 sedilia,
462 1170 641 1198 admiratione
659 1176 753 1205 captus
768 1172 826 1200 ait:
851 1172 988 1207 Magnum,
1006 1180 1023 1200 o

235 1216 388 1249 Theodore,
410 1224 477 1251 opus
494 1217 647 1252 peregistis,
671 1222 798 1245 curantes
820 1219 940 1253 requiem
965 1219 1023 1246 ani-

236 1271 351 1290 marum.
368 1262 538 1290 Monachales
548 1269 652 1290 vestras
662 1263 768 1298 regulas
781 1264 882 1297 audivi,
894 1265 1022 1298 praclara

236 1308 339 1336 omnia.
359 1307 428 1335 Hinc
448 1308 606 1343 subjungit:
630 1308 718 1336 Patris
737 1309 820 1336 vestri
839 1317 921 1344 opera
948 1311 1023 1338 vobis

238 1355 308 1382 inest
320 1355 405 1390 gratia
419 1355 475 1382 Dei.
488 1355 555 1382 Cum
571 1360 596 1382 te
612 1356 796 1390 conspicimus
808 1363 867 1389 nos,
884 1356 1022 1385 Christum

237 1400 394 1435 conspicere
411 1404 548 1434 putamus.
568 1400 720 1435 Paucisqne
734 1401 770 1428 ibi
784 1401 879 1428 diebus
900 1409 1023 1429 commo-

239 1451 325 1478 ratus,
342 1446 408 1472 dicit
429 1446 521 1473 abbati
542 1445 705 1473 Theodoro:
727 1446 861 1479 Quoniam
878 1454 961 1482 prope
980 1451 1024 1474 est

239 1491 355 1525 Pascha,
370 1491 468 1519 fratres
481 1492 514 1519 de
534 1499 611 1519 more
632 1500 770 1525 convoca;
784 1500 833 1529 ego
848 1500 913 1520 vero
925 1498 954 1520 ut
973 1493 1025 1521 Do-

238 1538 330 1566 minus
343 1538 541 1573 dispensaverit
554 1546 643 1572 agam.
658 1538 776 1574 Ipsoque
797 1539 925 1572 salutato,
943 1540 1024 1567 istinc

239 1583 377 1616 profectus
390 1588 442 1611 est.
464 1583 635 1619 Litterasque
657 1593 705 1618 per
727 1593 789 1613 eum
805 1586 879 1612 misit
900 1585 933 1612 ad
953 1586 1026 1613 Orsi-

239 1631 309 1658 sium
336 1631 446 1666 ejusque
471 1630 590 1663 fratres,
617 1631 716 1666 quibus
739 1639 768 1659 se
795 1631 829 1658 ad
852 1636 1025 1666 conspectum

239 1675 373 1704 Theodori
387 1676 556 1711 fratrumque
566 1676 624 1710 ejus
635 1685 805 1712 summopere
814 1677 932 1705 laetatum
945 1678 1027 1705 fuisse

240 1723 420 1758 signiﬁcabat,
437 1730 487 1750 nec
498 1731 617 1758 unquam
630 1723 687 1751 fore
698 1724 865 1752 sanctissimi
875 1723 1027 1759 huiusmodi

241 1774 327 1796 coetus
344 1770 542 1797 immemorem.

277 1815 321 1843 10.
340 1815 398 1842 Alia
416 1815 479 1842 item
495 1818 583 1842 exstat
599 1815 713 1850 epistola
729 1815 869 1843 Athanasii
884 1816 917 1842 ad
936 1822 1029 1842 mona-

241 1862 306 1888 chos
322 1868 371 1896 per
394 1861 557 1897 Egyptum;
577 1869 637 1896 quae
657 1869 710 1896 quo
733 1867 852 1896 tempore
874 1861 973 1896 scripta
994 1861 1030 1888 sit

242 1908 390 1943 ignoratur.
403 1907 470 1934 Cum
489 1908 638 1942 accepisset
650 1907 775 1934 Illll'lll'ilm
787 1908 950 1935 Athanasius
965 1915 1030 1934 non-

243 1953 330 1980 nullos
349 1953 510 1980 Arianorum
527 1960 595 1985 esse,
612 1953 658 1988 qui
676 1955 837 1981 monasteria
854 1958 1030 1988 peragrantes

242 2006 335 2026 sanam
351 2004 378 2026 et
393 1998 569 2026 orthodoxam
586 1999 664 2026 fidem
688 1999 857 2030 simularent,
875 2005 904 2026 ut
915 1999 1028 2026 fratrum

243 2052 277 2072 ex
297 2045 361 2071 hinc
380 2044 496 2076 animos,
512 2044 612 2072 sensim
633 2049 661 2071 et
677 2045 780 2072 occulte
804 2050 952 2079 serpentes,
968 2045 1030 2071 dolo

244 2091 409 2117 abducerent
421 2097 435 2117 a
449 2095 521 2117 recta
535 2090 587 2117 fide
597 2111 605 2123 ,
618 2091 745 2117 admonet
759 2090 820 2118 illos
834 2098 867 2118 ne
878 2097 939 2118 cum
952 2090 1030 2117 Aria-

245 2136 287 2163 nis
301 2135 380 2163 ullam
396 2135 512 2163 habeant
527 2136 567 2163 vel
581 2137 614 2163 ad
635 2136 798 2170 precandum
814 2136 983 2167 societatem,
996 2143 1030 2163 ne

1069 210 1131 234 sunt
1147 206 1223 240 quasi
1239 205 1348 233 familiae
1362 205 1551 234 dissentientes
1566 206 1636 234 inter
1649 213 1679 234 se
1691 214 1724 234 ac
1739 207 1851 234 multum

1068 253 1209 288 disiunctae
1237 258 1265 281 et
1290 253 1423 288 dispares.
1448 252 1621 283 Macedonius
1644 253 1756 288 quippe,
1780 253 1852 281 inter

1068 299 1231 327 Arianorum
1244 299 1381 335 principes
1398 299 1537 334 hucusque
1556 304 1742 334 computatus,
1757 307 1851 327 nova-tu

1068 345 1102 374 de
1127 346 1229 382 Spiritu
1258 351 1354 374 sancto
1380 345 1543 374 sententiam
1567 345 1685 378 induxit,
1708 350 1854 380 aperteque

1069 392 1160 420 docuit
1174 399 1233 420 esse
1249 396 1401 419 creaturam
1415 397 1443 418 et
1458 398 1539 418 unum
1565 397 1599 418 ex
1613 390 1779 418 administris
1799 390 1854 425 spi-

1070 439 1177 471 ritibus,
1195 437 1259 465 licet
1276 437 1335 465 aliis
1351 437 1430 473 longe
1441 436 1665 472 praestantiorem.
1681 436 1733 463 Alii
1748 436 1804 463 veri
1822 444 1854 463 ac

1070 485 1128 519 puri
1141 484 1235 511 Ariani
1249 488 1336 516 erant,
1354 483 1423 510 duce
1438 483 1526 514 Aetio,
1546 482 1713 510 administris
1724 489 1788 509 vero
1803 481 1854 509 Eu-

1070 530 1161 563 doxio,
1176 530 1222 565 qui
1237 530 1433 557 Antiochenam
1448 529 1499 556 hoc
1511 528 1620 556 circiter
1634 532 1739 562 tempus
1752 527 1854 555 invasit

1070 577 1172 609 sedem,
1196 577 1308 611 ejusque
1331 575 1461 611 discipulo
1485 575 1627 608 Eunomio,
1649 574 1695 609 qui
1719 573 1791 602 haud
1819 574 1855 600 ita

1071 624 1183 651 multum
1211 627 1305 658 postea
1334 621 1487 658 hujusmodi
1514 625 1596 648 sectae
1619 627 1716 648 nomen
1746 619 1855 647 indidit.

1071 669 1186 696 Maxima
1202 674 1291 697 tamen
1312 675 1377 703 pars
1394 667 1556 696 Semiariani
1571 670 1660 699 erant,
1678 665 1856 700 antesignano

1070 720 1098 742 et
1119 716 1231 743 doctore
1245 715 1346 743 Basilio
1365 715 1480 749 Ancyrae
1499 712 1637 748 episcopo.
1657 711 1678 739 li
1697 716 1788 738 autem
1806 711 1858 738 hac

1071 768 1122 789 una
1140 761 1166 788 in
1182 768 1212 788 re
1226 768 1241 788 a
1264 760 1411 789 Catholicis
1426 759 1634 792 dissentiebant,
1649 758 1722 793 quod
1740 756 1858 784 consub-

1071 806 1274 835 stantialitatem
1306 807 1490 841 repudiarent.
1519 804 1616 832 Filium
1639 810 1756 838 namque
1788 801 1859 829 affir-

1072 852 1181 880 mabant
1203 853 1231 880 in
1255 852 1380 880 omnibus
1399 852 1471 879 Patri
1492 851 1620 879 similem.
1645 849 1679 877 Et
1699 856 1774 880 vero,
1801 848 1860 883 ipso

1071 899 1172 927 fatente
1185 899 1345 931 Athanasio,
1361 906 1415 926 non
1428 902 1508 926 erant
1522 897 1540 924 ii
1557 903 1668 932 prorsus
1679 895 1713 921 ah
1726 893 1858 922 ecclesia-

1071 946 1138 973 stica
1157 946 1348 974 communione
1369 945 1524 978 abjiciendi,
1537 951 1598 972 cum
1610 950 1641 970 ea
1654 946 1758 969 tantum
1779 947 1860 975 repu-

1071 991 1143 1018 diata
1160 999 1237 1024 voce,
1252 999 1313 1019 cum
1330 991 1479 1019 Catholicis
1492 991 1581 1026 reipsa
1600 992 1808 1020 concordarent.
1824 991 1861 1019 At

1072 1045 1125 1064 non
1141 1045 1203 1069 una,
1222 1043 1251 1064 ut
1266 1037 1293 1064 in
1317 1037 1451 1066 similibus
1472 1038 1553 1065 sectis
1568 1037 1647 1070 solet,
1663 1043 1722 1065 erat
1736 1037 1859 1064 omnium

1073 1082 1307 1111 Semiarianorum
1323 1082 1425 1117 opinio.
1442 1082 1500 1110 Non
1521 1083 1634 1111 deerant
1651 1083 1723 1109 enim
1743 1090 1776 1110 ex
1796 1082 1861 1115 illis,

1072 1132 1118 1166 qui
1140 1131 1238 1158 Filium
1255 1131 1364 1165 quidem
1380 1129 1453 1156 Patri
1472 1128 1588 1156 similem
1602 1128 1732 1161 dicerent,
1751 1127 1796 1154 sed
1812 1134 1862 1161 per

1072 1176 1187 1212 gratiam
1206 1180 1321 1212 tantum,
1346 1175 1420 1203 omni
1441 1174 1582 1209 repudiata
1604 1179 1707 1201 natura
1731 1172 1861 1201 similitu-

1074 1222 1146 1250 dine.
1167 1221 1283 1249 Basilius
1304 1227 1369 1249 vero
1387 1227 1448 1248 cum
1465 1220 1552 1254 gratia
1571 1223 1598 1247 et
1616 1219 1776 1246 auctoritate
1792 1218 1861 1254 apud

1073 1268 1260 1296 Constantium
1270 1267 1384 1294 multum
1395 1265 1505 1297 valeret,
1519 1265 1656 1293 Auomceis
1663 1268 1722 1292 erat
1733 1264 1863 1291 doctrina

1073 1322 1154 1342 causa
1179 1313 1388 1346 infestissimus;
1421 1316 1572 1346 auctorque
1598 1310 1680 1338 fuisse
1706 1309 1863 1338 Constantio

1073 1360 1170 1394 fertur,
1185 1364 1214 1387 ut
1224 1359 1330 1392 Aetius,
1345 1358 1493 1390 Eudoxius,
1506 1362 1534 1385 et
1545 1356 1590 1384 alii
1604 1355 1728 1391 permulti
1744 1355 1862 1390 ejusdem

1074 1413 1155 1435 sectae
1179 1406 1314 1439 homines,
1329 1404 1496 1440 pellerentur
1512 1403 1538 1430 in
1554 1402 1691 1430 exsilium.
1707 1401 1735 1428 ln
1751 1408 1785 1429 eo
1804 1401 1863 1428 sita

1075 1460 1118 1481 res
1131 1457 1209 1480 erant
1226 1459 1296 1479 anno
1310 1451 1374 1483 358,
1394 1457 1457 1478 cum
1478 1448 1615 1479 Anommi,
1640 1448 1686 1482 qui
1712 1447 1821 1482 paulum
1846 1453 1861 1473 a

1076 1499 1232 1527 calamitate
1253 1498 1433 1533 respirabant,
1455 1495 1588 1531 synodum
1603 1494 1734 1522 celebrari
1749 1496 1863 1528 rogant;

1076 1553 1162 1581 eaque
1186 1545 1212 1572 in
1237 1551 1267 1572 re
1292 1543 1520 1572 concurrentibus
1547 1541 1610 1568 item
1634 1539 1864 1567 Semiarianorom

1077 1591 1156 1622 votis,
1181 1590 1323 1617 amborum
1348 1588 1453 1623 optatui
1473 1591 1503 1614 ut
1528 1587 1605 1613 fieret
1626 1585 1704 1618 satis,
1733 1585 1864 1620 synodum

1076 1635 1249 1664 Constantius
1269 1633 1433 1661 Nicomediae
1450 1632 1565 1664 indixit,
1581 1630 1607 1657 in
1622 1637 1674 1664 qua
1691 1634 1751 1657 erat
1765 1629 1797 1655 de
1813 1627 1865 1655 fide

1077 1681 1196 1708 maxime
1211 1678 1394 1707 statuendum.
1414 1677 1468 1705 Sed
1490 1676 1546 1712 jam
1567 1674 1660 1702 multis
1675 1672 1809 1709 episcopis
1833 1678 1866 1699 eo

1078 1726 1243 1755 concedendi
1259 1732 1340 1753 causa
1356 1724 1408 1751 iter
1421 1722 1564 1758 ingressis,
1579 1720 1679 1748 accidit
1692 1724 1720 1746 ut
1733 1717 1866 1747 horrendo

1079 1779 1157 1802 terrze
1176 1777 1250 1800 motu
1266 1771 1331 1799 urbs
1349 1774 1529 1801 everteretur,
1543 1767 1669 1802 quodque
1688 1766 1819 1793 intactum
1832 1764 1867 1791 ab

1078 1818 1230 1855 huiusmodi
1257 1816 1377 1853 pernicie
1401 1815 1582 1850 superfuerat,
1608 1813 1734 1840 incendio
1754 1811 1866 1846 periret.

1079 1865 1143 1899 Quae
1162 1871 1244 1892 causa
1268 1863 1328 1894 fuit,
1343 1866 1372 1889 ut
1393 1861 1427 1888 ad
1443 1859 1591 1895 cogendam
1613 1857 1745 1893 synodum
1765 1855 1865 1888 Nicaea,

1079 1909 1193 1937 celebris
1211 1908 1253 1934 illa
1274 1914 1306 1934 ac
1321 1912 1418 1941 magna
1440 1904 1542 1940 synodo
1563 1910 1635 1930 anno
1648 1902 1703 1929 525
1725 1901 1866 1929 nobilitata

1080 1955 1155 1987 urbs,
1174 1953 1271 1980 iterum
1283 1952 1469 1986 deputaretur.
1483 1949 1517 1977 Ut
1531 1953 1620 1976 autem
1636 1946 1775 1975 instabiles
1788 1951 1867 1974 erant

1080 2001 1184 2032 Ariani,
1203 2003 1233 2026 ut
1255 2006 1303 2026 sua
1329 1998 1444 2033 quisque
1467 1996 1598 2023 interesse
1623 1993 1745 2029 putabat,
1764 1996 1868 2019 mutato

1081 2045 1205 2078 consilio,
1226 2049 1352 2071 auctores
1372 2046 1400 2069 et
1423 2048 1550 2070 suasores
1570 2039 1729 2067 Constantio
1745 2041 1817 2070 sunt,
1837 2041 1868 2064 ut

1081 2092 1174 2120 divisis
1189 2091 1324 2126 episcopis
1336 2089 1522 2118 Occidentales
1533 2088 1697 2120 Ariminum,
1713 2085 1865 2123 Orientales

1082 2136 1232 2165 Seleuciam
1251 2136 1277 2163 in
1290 2135 1393 2162 Isauria
1411 2134 1558 2162 convenire
1569 2133 1674 2168 jubeat.

245 2182 404 2216 quihusdam
422 2182 574 2210 rudiorihus
596 2181 752 2209 offensionis
768 2190 801 2210 ac
818 2182 946 2218 perniciei
967 2183 1030 2209 hinc
1046 2200 1068 2227 Β
1116 2183 1192 2210 ΔΝΜ)
1219 2181 1280 2209 559.
1292 2181 1361 2208 —i.
1372 2180 1492 2216 Synadur
1502 2179 1662 2207 Sirmiemia.
1673 2175 1868 2227 ——“Auno.359.

244 2229 352 2257 occasio
365 2229 466 2256 oriatur
480 2235 489 2255 :
504 2236 552 2256 nec
569 2229 648 2256 modo
663 2228 696 2255 ab
711 2228 870 2256 Arianorum
884 2235 1028 2263 congressu

245 2280 273 2303 et
290 2275 424 2310 colloquio
437 2275 601 2308 abstineant,
628 2275 682 2301 imo
699 2282 733 2302 ue
746 2275 779 2301 iis
792 2274 899 2308 quidem
915 2274 1031 2308 jungan-

247 2328 291 2350 tur
307 2322 352 2356 qui
374 2329 435 2349 cum
462 2321 571 2349 Ariauis
591 2321 699 2348 foveant
724 2320 921 2348 conununionis
945 2320 1032 2347 socie-

249 2371 347 2399 tatem;
361 2366 481 2400 potuisse
503 2373 532 2393 se
555 2365 705 2400 huiusmodi
731 2366 929 2392 hortamentum
954 2365 1033 2392 innu-

248 2413 329 2440 meris
345 2420 378 2440 ex
394 2413 534 2447 Scriptura
552 2412 680 2439 mutnatis
700 2411 766 2439 locis
781 2411 944 2438 confirmare
956 2432 963 2444 ,
987 2418 1033 2437 su-

247 2458 390 2493 persedere
409 2463 509 2491 tamen,
525 2458 587 2493 quia
612 2466 672 2485 cum
692 2458 850 2485 callentibus
875 2457 1031 2492 Scripturas

249 2509 350 2538 ageret.

286 2549 328 2576 11.
349 2549 443 2576 Ariani
457 2550 486 2577 in
505 2551 592 2578 uarias
608 2550 685 2577 divisi
708 2553 800 2576 sectas.
816 2564 851 2569 —
866 2549 961 2576 Ariani
985 2548 1031 2576 ubi

248 2597 338 2623 omnia
358 2604 392 2623 ex
410 2597 542 2624 sententia
557 2602 583 2624 et
599 2597 729 2624 arbitratu
751 2604 811 2628 suo,
832 2595 980 2634 profligatis
999 2596 1032 2624 iis

248 2644 293 2677 qui
308 2642 468 2670 catholicam
484 2643 561 2670 fidem
579 2648 727 2675 tuerentur,
743 2643 888 2678 procedere
905 2642 1032 2670 videban-

250 2694 303 2721 tur,
320 2689 484 2724 obouisjam
499 2690 590 2717 multis
602 2689 776 2722 factionibus,
789 2689 887 2716 mutuis
901 2688 1030 2721 discidiis,

286 2776 324 2810 (al
333 2776 467 2810 Sulpicius
478 2777 603 2810 Severus,
613 2777 658 2804 lib.
672 2786 690 2804 ιι
699 2777 800 2810 ;Rulin.
813 2777 857 2804 lib.
870 2784 888 2808 ι,
901 2784 958 2810 cap.
971 2775 1023 2807 25;

252 2812 356 2840 Socrat.
366 2812 411 2840 lib.
430 2820 459 2847 ιι,
480 2819 540 2847 cap.
551 2813 607 2847 55;
625 2812 733 2841 Sozom.
749 2813 794 2841 lib.
813 2820 849 2845 tv,
867 2819 924 2846 cap.
948 2812 988 2839 ll.

1084 2236 1146 2256 cum
1159 2228 1251 2256 Sirmii
1263 2227 1437 2255 Constantius
1451 2229 1556 2260 ageret,
1569 2223 1748 2259 prementibus
1761 2222 1870 2249 Ariauis

1084 2275 1217 2310 episcopis
1235 2274 1306 2301 haud
1334 2279 1416 2307 parvo
1438 2277 1553 2298 numero
1574 2269 1622 2305 (b),
1648 2269 1693 2304 qui
1721 2268 1870 2296 aulicorum

1086 2328 1162 2348 more
1178 2319 1308 2353 principis
1322 2317 1461 2346 comitatui
1476 2317 1580 2343 hzrere
1595 2315 1727 2347 solebant,
1743 2321 1812 2349 quos
1828 2313 1870 2340 in-

1084 2371 1126 2394 ter
1143 2366 1236 2393 videre
1254 2369 1315 2392 erat
1334 2362 1490 2398 Georgium,
1506 2361 1678 2389 Alexandria:
1698 2360 1870 2387 κατάσκοπον

1086 2417 1112 2440 et
1125 2411 1252 2439 Basilium
1268 2410 1500 2438 Semiariauorum
1514 2407 1722 2442 antesignanum
1735 2415 1742 2439 ;
1757 2405 1823 2432 inita
1834 2405 1869 2431 ibi

1086 2457 1282 2488 contraversia,
1307 2463 1340 2484 eo
1360 2455 1469 2482 demum
1491 2458 1601 2481 ventum
1620 2457 1673 2485 est,
1687 2456 1716 2479 ut
1734 2459 1809 2478 novae
1824 2458 1871 2477 eu-

1086 2505 1180 2532 dendae
1193 2503 1314 2530 formula:
1331 2502 1390 2530 fidei
1406 2501 1498 2528 Marco
1513 2499 1659 2527 Arethusio
1671 2498 1809 2533 provincia
1825 2497 1871 2523 da-

1086 2556 1179 2583 retur;
1206 2549 1252 2585 qui
1278 2553 1308 2576 ut
1328 2553 1388 2576 erat
1408 2547 1448 2582 τῷ
1471 2545 1605 2582 ὁμοουσῐῳ
1627 2544 1752 2576 infestus,
1772 2542 1872 2570 diserte

1086 2604 1183 2625 nomen
1197 2596 1353 2624 substantia:
1365 2599 1389 2622 et
1400 2592 1639 2622 cousubstantialis
1649 2586 1871 2627 proscribendum

1085 2643 1112 2670 in
1129 2644 1184 2677 ipsa
1201 2642 1314 2670 formula
1330 2642 1475 2670 statuebat.
1489 2641 1550 2673 Cui,
1564 2647 1614 2668 nec
1629 2643 1717 2666 tatnen
1732 2637 1791 2664 sine
1806 2643 1870 2662 cott-

1085 2688 1236 2720 troversia,
1260 2686 1416 2722 suffragium
1449 2687 1581 2714 dederunt
1605 2689 1737 2720 quotquot
1761 2682 1873 2710 aderant

1115 2776 1150 2812 (b)
1172 2776 1274 2805 Socrat.
1292 2776 1337 2804 lib.
1355 2783 1383 2809 ιι,
1404 2783 1463 2811 cap.
1476 2775 1520 2803 57.
