2016 3046
760 145 838 174 νιΤΑ
861 145 890 173 S.
911 145 1107 175 ATllANASll.

1687 159 1750 181 «ιιι

121 198 252 234 episcopi.
265 198 324 226 Non
340 205 463 228 nostrum
481 206 522 229 est
533 209 565 229 ea
579 203 669 231 omnia
684 212 838 238 recensere,
851 214 910 241 qua:
925 209 948 237 Α
962 207 1036 235 sibus
1056 207 1181 236 Patribus
1199 210 1324 238 rescribit
1345 210 1502 245 imperator,
1526 218 1556 239 se
1578 211 1748 246 negotiorum

122 250 177 272 turn
204 244 296 272 Sirmii
316 245 436 280 ejusdem
459 247 580 276 formulae
600 251 745 278 occasione
769 251 909 288 designata

120 295 193 319 sunt.
213 291 266 318 Sed
282 299 335 319 non
349 292 496 326 silendum,
517 301 578 321 cum
595 302 694 330 magna
708 296 911 325 Catholicorum

119 338 298 373 omniumque
309 337 379 373 frugi
392 339 530 366 hominum
543 341 656 375 oil'eusa,
677 342 737 370 ﬁdei
751 343 910 378 professioni

121 383 288 415 praemissum
299 383 451 418 huiusmodi
463 385 566 413 titulum
577 386 661 414 fuisse
673 396 680 414 :
691 387 769 415 Edita
778 393 815 415 est
827 389 911 416 catho-

119 429 170 455 lica
177 428 252 462 ﬁdes,
262 431 503 463 prmentedomino
527 438 614 459 nostro
624 434 742 467 piissimo
757 441 779 462 et
796 436 911 464 victoriis

120 474 216 500 eximio
231 472 385 508 Constantio
404 474 533 509 Augusto,
547 482 655 510 Merito,
664 480 819 508 venerando.
836 481 910 509 Cass.

121 517 165 545 Fl.
181 518 305 551 Eusebio,
315 526 339 546 et
354 519 399 547 Η.
413 520 529 556 Hypatio
542 523 707 552 clarissimis.
724 524 816 552 Sirmii
831 527 912 554 unde-

120 564 187 591 cimo
203 564 335 592 Kalendas
351 565 456 594 Junius.

153 610 183 637 2.
209 609 375 645 Displicebat
395 612 429 640 iis
451 612 548 647 quibus
567 614 752 642 ecclesiastica
768 615 909 652 disciplina

119 660 147 683 et
160 655 268 684 traditio
284 658 370 691 cordi,
383 659 454 693 quod
470 659 495 686 in
517 658 609 687 fronte
623 660 744 688 formulae
760 666 909 697 temporum

120 703 300 731 ascriberetur
331 705 481 738 memoria,
506 707 614 740 quando
637 707 663 734 in
683 707 717 735 iis
746 715 806 743 qua:
829 708 908 736 ﬁdem

119 753 242 782 spectant
253 749 326 776 nulla
341 750 469 785 temporis
479 751 549 778 ratio
557 752 731 788 conditioque
739 753 907 782 observanda

119 795 164 822 sit.
188 794 244 822 Nec
268 795 383 824 minoris
402 793 594 832 erat'invidiae,
619 799 691 833 quod
715 799 759 826 ubi
777 799 838 827 Filii
861 800 908 828 Dei

119 841 258 869 aeternitas
273 841 307 869 ab
323 841 414 877 impiis
425 843 579 871 hominibus
592 844 618 871 in
632 846 845 873 controversiam
862 853 908 874 vo-

119 889 367 922 cabatur,acternus
381 893 470 917 tamen
480 889 714 925 impudentissima
725 893 910 920 assentatione

119 934 295 963 Constantius
308 935 496 971 appellaretur.
510 936 572 965 iiaac
584 937 700 966 maxime
713 939 833 966 omnium
849 946 909 966 car-

119 981 159 1016 pit
183 981 346 1010 Athanasius
360 982 410 1018 (a).
434 983 483 1010 Cui
505 983 568 1011 item
584 983 648 1011 illud
667 985 765 1012 rationi
781 990 808 1013 et
831 985 909 1013 Chri-

119 1026 216 1055 stianae
232 1027 355 1064 religioni
374 1029 505 1056 absonum
528 1030 648 1062 videtur;
670 1031 742 1066 quod
767 1031 839 1059 nulla
861 1040 908 1059 ur-

119 1078 199 1108 gente
210 1081 305 1106 causa,
323 1074 397 1103 nullo
420 1076 575 1111 postulante
593 1077 713 1111 negotio,
730 1082 836 1104 tantum
857 1078 909 1104 iter

118 1120 313 1153 capessendum
329 1121 464 1156 episcopis
478 1126 570 1149 esset:
587 1123 665 1157 quasi
683 1130 747 1150 vero
762 1131 814 1150 non
833 1128 907 1151 esset

119 1163 224 1191 Nicaeus
236 1165 355 1199 synodus
365 1166 399 1193 ad
411 1167 547 1194 sinceram
558 1167 720 1195 ﬁrmandam
734 1168 813 1196 ﬁdem
830 1169 907 1202 satis,

119 1213 149 1236 ut
164 1209 191 1237 in
212 1210 270 1238 dies
284 1218 359 1239 nova:
377 1212 409 1240 de
421 1212 527 1248 integro
543 1213 666 1241 formulae
680 1222 712 1242 ac
728 1214 788 1242 ﬁdei
804 1215 908 1250 profes-

119 1253 211 1281 siones
226 1255 364 1288 prodirent
380 1257 406 1283 ln
421 1257 569 1292 publicum.

154 1300 183 1326 5.
210 1300 332 1335 Synadus
360 1302 546 1337 Ariminemis.
571 1319 607 1325 —
630 1304 782 1332 Ariminum
817 1305 909 1341 itaque

118 1353 182 1373 cum
205 1347 399 1375 convenissent
426 1349 545 1384 episcopi
575 1350 685 1378 circiter
706 1351 907 1386 quadringenti,

119 1392 224 1424 Ariani,
239 1393 285 1427 qui
297 1394 435 1429 octoginta
449 1402 562 1422 numero
576 1402 758 1430 accesserant,
775 1398 909 1426 Sirmien-

119 1445 177 1466 sem
191 1439 270 1466 ﬁdem
284 1441 317 1467 de
329 1447 381 1476 qua
400 1449 461 1469 mox
476 1446 578 1476 aetum,
593 1443 676 1471 totius
688 1443 784 1479 synodi
798 1444 909 1472 calculis

120 1490 147 1512 et
163 1485 299 1522 suffragiis
317 1487 530 1522 consignandam
544 1488 661 1516 oiIerunt
677 1490 728 1524 (ὁ).
752 1490 800 1518 His
813 1490 909 1519 Patres

120 1532 283 1566 conspectis,
295 1533 388 1560 statim
401 1534 512 1562 insidias
527 1535 673 1570 suspicari,
688 1536 836 1572 solitasque
856 1537 907 1565 Ur-

121 1577 190 1604 sacii
214 1583 242 1605 et
264 1578 386 1606 Valentis
405 1584 478 1607 artes
502 1585 530 1608 et
552 1581 695 1609 machinas
711 1582 745 1610 ad
770 1582 907 1611 Nicanam

119 1624 293 1651 evertendam
307 1624 385 1652 ﬁdem
395 1630 567 1661 comparatas
592 1627 759 1656 subodorari.
774 1629 909 1661 Quamob-

121 1676 178 1696 rem
194 1669 221 1696 in
238 1669 391 1705 huiusmodi
409 1672 619 1706 conspirationis
633 1674 753 1701 artiﬁces
775 1675 909 1708 conversi,

121 1714 222 1742 acriter
234 1715 395 1749 compellant
407 1720 435 1744 et
448 1716 630 1751 alloquuntur,
645 1726 697 1745 non
712 1718 772 1745 ﬁdei
788 1718 911 1746 formula:

121 1761 323 1795 promulgandis
346 1768 427 1789 causa
453 1770 468 1790 a
495 1770 524 1790 se
551 1768 656 1791 tantum
679 1764 731 1791 iter
755 1770 909 1800 susceptum

122 1805 217 1839 fuisse,
231 1807 328 1842 quibus
343 1812 415 1835 esset
428 1807 534 1836 Nicena
555 1809 621 1837 ﬁdes
638 1810 721 1843 satis;
737 1810 784 1838 sed
797 1817 830 1837 eo
848 1818 912 1838 con-

121 1852 182 1880 silio
197 1853 355 1886 accessisse,
377 1858 405 1881 ut
421 1859 552 1889 quotquot
568 1855 629 1882 huic
649 1856 858 1883 adversarentur
873 1856 912 1884 fe-

122 1898 209 1925 rirent
222 1899 404 1926 anathemate.
423 1897 535 1927 lirsacio
552 1905 642 1927 autem
659 1900 770 1929 Valente
783 1906 810 1929 et
829 1902 912 1930 sociis

121 1948 215 1972 contra
233 1944 427 1980 obnitentibus,
442 1950 471 1973 et
487 1946 556 1974 facta
575 1946 707 1982 ﬁdemque
724 1955 800 1975 suam
817 1955 912 1983 propu-

122 1990 277 2024 gnantibus,
289 1990 361 2018 nulla
373 1990 530 2026 interposita
547 2000 632 2025 mora,
649 1992 741 2020 Patres
755 1992 910 2028 Ursacium,

123 2036 273 2069 Valentem,
291 2036 471 2069 Germinium,
487 2038 664 2072 Auxentium,
684 2038 790 2072 Gajum,
809 2044 836 2067 et
859 2040 911 2067 De-

122 2082 269 2116 tnophilum
292 2082 422 2110 damnant
448 2087 477 2109 ut
499 2083 640 2110 haereticos
663 2092 670 2110 :
697 2084 841 2119 missisque
864 2092 913 2119 per

93 2155 99 2159 ,
121 2128 218 2162 viginti
229 2133 351 2156 oratores
363 2129 395 2155 ad
406 2128 592 2156 Constantium
610 2129 717 2161 litteris,
731 2130 793 2165 quid
806 2136 911 2166 gestum

121 2174 157 2201 sit
172 2174 336 2209 signiﬁcant.
351 2174 423 2202 Jussi
440 2179 503 2203 sunt
522 2180 612 2202 autem
630 2175 721 2210 legati.
735 2177 779 2210 qui
793 2177 911 2212 episcopi

122 2225 212 2253 erant,
230 2221 300 2255 apud
315 2221 464 2256 principem
479 2229 589 2249 causam
606 2221 793 2256 episcoporum
818 2229 907 2258 agere.
926 2240 948 2267 ι)

121 2267 228 2295 Obnixe
249 2267 348 2302 quippe
367 2268 507 2302 rogabant,
531 2273 560 2295 ut
577 2268 626 2295 sibi
641 2268 674 2295 ad
692 2268 828 2302 paroecias
846 2275 909 2296 suas

122 2313 275 2341 revertendi
293 2315 369 2349 copia
384 2319 456 2342 esset
469 2324 476 2342 :
495 2322 556 2342 esse
571 2315 669 2349 quippe
686 2315 784 2342 multos
794 2322 909 2350 pauper-

121 2366 178 2388 tate
192 2367 223 2387 ac
241 2360 316 2388 senio
338 2360 501 2393 laborantes,
517 2361 615 2395 quibus
633 2361 786 2388 diuturnior
809 2367 842 2388 eo
856 2360 907 2388 loci

120 2407 300 2434 commoratio
314 2413 440 2434 aerumnae
455 2414 486 2434 ac
499 2407 578 2434 taedio
600 2411 680 2434 esset.
700 2405 799 2433 Verum
815 2410 908 2433 aucto-

121 2453 199 2480 ribus
213 2456 241 2479 et
254 2453 466 2480 consuasoribus
477 2452 585 2479 Arionis
598 2452 784 2485 Constantius,
801 2452 908 2479 trahere

121 2506 226 2529 moras,
243 2505 291 2526 nec
308 2498 402 2533 legatis
426 2499 467 2525 sui
487 2503 648 2534 conspectus
674 2499 779 2533 copiam
800 2498 909 2529 facere;

121 2545 205 2579 idque
217 2545 278 2572 dolo
291 2552 323 2572 ac
341 2544 471 2577 versutia,
485 2549 515 2572 ut
527 2552 617 2572 rerum
635 2544 773 2578 imperitos
788 2551 819 2572 ac
831 2549 910 2571 aetate

119 2591 243 2627 iuniores
264 2592 405 2626 episcopos
427 2591 506 2618 taedio
526 2598 618 2623 morte,
639 2590 752 2624 praecisa
778 2597 825 2624 spe
847 2597 910 2624 per-

122 2637 230 2664 ticiendi
253 2637 363 2672 negotii,
380 2636 516 2672 frangeret
533 2636 650 2667 demum,
669 2639 696 2663 et
714 2635 747 2662 ad
765 2635 908 2663 iucundam

121 2690 185 2710 cum
203 2682 312 2710 Arianis
323 2682 480 2715 societatem
495 2681 650 2708 adduceret.
661 2679 717 2708 Nec
735 2680 839 2708 modico
850 2686 911 2715 post

121 2736 264 2757 accessum
282 2728 432 2763 legatorum
453 2727 611 2762 interposito
636 2727 735 2762 spatio,
756 2726 910 2754 Ariminen-

172 2775 199 2810 a)
218 2774 278 2801 Lib.
295 2774 334 2802 De
353 2775 470 2809 synodis,
488 2782 516 2800 n.
533 2773 548 2799 4
563 2777 683 2810 etiamm.

172 2807 198 2845 tr)
219 2811 326 2838 Socrat.
350 2807 395 2836 lib.
419 2817 460 2845 II,
490 2808 626 2845 carpam;
653 2808 772 2845 Sozomi
789 2807 836 2836 lib.
872 2816 909 2841 tv,

121 2843 232 2879 cap.“
248 2849 276 2872 et
287 2844 533 2879 sequent.;Theod.
554 2843 600 2872 lib.
619 2850 648 2877 Il,
665 2851 725 2878 cap.
745 2843 787 2870 l7.

159 2878 193 2915 (ε)
206 2879 313 2915 Dialog.
327 2878 416 2907 contra
431 2878 517 2912 Lucii.

966 253 1174 281 moleobrutmn
1189 255 1307 283 nondum
1329 256 1450 291 potuisse
1461 256 1563 292 legatos
1580 257 1690 293 alioqui.
1708 256 1748 285 Illi

964 304 1058 326 contra
1075 300 1220 328 obsecrare
1241 308 1288 335 per
1307 301 1413 329 litteras
1433 302 1636 336 imperatorem,
1653 307 1680 330 ut
1695 302 1748 330 sibi

962 346 1091 374 ecclesias
1107 354 1171 374 suas
1187 352 1250 374 ante
1264 347 1402 375 ineuntem
1420 348 1537 375 hiemem
1553 349 1691 383 repetendi
1707 349 1749 376 fa-

962 392 1049 419 cultas
1072 396 1152 425 esset,
1171 401 1309 427 nunquam
1334 401 1364 421 se
1389 401 1404 421 a
1428 393 1565 428 proposito
1583 401 1746 426 recessuros.

962 437 1136 471 quantumvis
1148 445 1229 464 morae
1243 438 1421 465 diuturnitate
1436 439 1616 473 mrumnisque
1630 446 1748 473 pressos.

961 481 1065 509 Interea
1080 483 1174 510 Ariani
1191 484 1303 516 instare,
1320 492 1418 519 urgere
1429 492 1461 512 ac
1472 485 1620 513 sollicitare
1637 486 1748 521 legatos,

961 528 1006 562 qui
1026 533 1081 555 tum
1104 527 1169 556 Nice
1191 529 1218 555 in
1239 528 1354 556 Thracia
1370 529 1559 562 versabantur,
1578 536 1608 557 ut
1623 530 1704 557 latam
1722 530 1748 558 in

961 573 1063 608 synodo
1080 573 1243 601 Ariminensi
1262 574 1287 600 in
1303 573 1444 602 Ursacium
1460 575 1600 603 Valentem
1617 580 1644 602 et
1661 575 1750 603 socios

961 619 1124 647 sententiam
1140 619 1312 654 abrogarent.
1329 620 1380 653 Qui
1399 621 1506 648 demum
1521 621 1600 648 taedio
1612 629 1644 648 ac
1655 622 1749 656 despe-

962 665 1067 691 ratione
1084 665 1153 692 bene
1175 665 1301 700 gerenda:
1316 665 1353 693 rei
1376 665 1454 694 fracti
1477 673 1509 694 ac
1523 667 1631 698 devicti,
1657 671 1749 702 optata

961 711 1111 738 concedunt
1133 711 1252 743 Arionis,
1277 711 1341 738 dato
1367 711 1401 738 ad
1426 719 1520 739 eorum
1542 711 1681 740 libidinem
1708 721 1750 740 re-

960 756 1073 790 seripto.
1093 755 1224 791 Quodque
1237 755 1354 783 maxime
1366 756 1561 791 deplorandum
1579 756 1639 791 fuit,
1652 763 1748 785 contu-

960 800 1050 828 meliis
1072 806 1099 828 et
1118 801 1322 829 calamitatibus
1344 801 1506 830 Arianorum
1523 810 1605 838 opera
1627 803 1747 836 inﬂictis.

960 847 1067 874 demum
1090 851 1118 874 et
1142 847 1192 881 ipsi
1216 847 1403 876 Ariminenses
1425 849 1556 884 episcopi,
1578 850 1749 884 paucissimis

925 887 946 915 Β
961 890 1091 925 exceptis,
1108 895 1266 924 cesserunt;
1287 898 1320 919 ac
1334 898 1394 926 qua:
1407 891 1469 927 jure
1481 898 1543 921 ante
1558 893 1746 928 decreverant,

961 935 1037 962 irrita
1052 942 1084 963 ac
1103 935 1219 962 rescissa
1236 935 1322 968 fuere,
1341 945 1393 964 non
1410 938 1468 965 sine
1483 945 1579 972 magna
1602 939 1746 973 proborum

960 981 1117 1009 oﬁ'ensioue.
1140 981 1208 1008 Nam
1227 981 1420 1017 ingemiscens,
1441 983 1479 1009 ait
1506 982 1746 1020 liieronymus(c),

958 1027 1032 1054 orbis
1050 1032 1183 1054 terrarum
1200 1036 1229 1056 se
1243 1028 1372 1056 Arianum
1392 1036 1452 1056 esse
1469 1029 1583 1057 miratus
1600 1034 1650 1057 est.

994 1073 1021 1100 4.
1037 1072 1159 1108 Synodus
1182 1073 1349 1101 Seleuciam.
1370 1074 1497 1101 Acaciani
1521 1075 1692 1103 damnantur.
1711 1090 1746 1096 --

959 1119 1026 1146 Dum
1039 1119 1098 1146 hinc
1116 1119 1142 1146 in
1157 1119 1304 1147 Occidente
1312 1123 1454 1152 geruntur,
1466 1119 1618 1148 Orientales
1627 1121 1746 1156 episcopi

959 1164 992 1191 ad
1007 1164 1058 1191 160
1076 1172 1188 1192 numero
1207 1163 1358 1192 Seleuciam
1374 1169 1581 1198 convenerunt;
1597 1164 1688 1200 ibique
1702 1166 1748 1193 de-

959 1211 1027 1237 cima
1052 1210 1166 1245 septima
1194 1209 1363 1245 Septembris
1386 1210 1421 1238 de
1447 1210 1499 1238 ﬁde
1522 1218 1602 1247 agere
1628 1215 1747 1246 emptum

960 1260 1001 1283 est
1027 1254 1076 1290 (rt).
1108 1254 1229 1282 Interfuit
1257 1256 1359 1291 synodo
1395 1256 1523 1284 Hilarius.
1557 1257 1749 1285 Athanasium-

961 1309 1013 1336 que
1031 1303 1117 1336 ipsum
1139 1302 1286 1336 opinantur
1316 1302 1435 1330 adfuisse
1463 1303 1574 1337 quidam
1611 1304 1747 1331 recentio-

961 1355 1004 1374 res
1026 1355 1033 1374 :
1053 1347 1116 1381 quia
1133 1347 1330 1381 nimirumipse
1346 1347 1511 1375 Athanasius
1524 1347 1622 1375 librum
1642 1348 1676 1376 de
1700 1355 1747 1384 sy-

959 1393 1036 1420 nodis
1053 1400 1151 1426 orsus,
1177 1397 1292 1420 testatur
1321 1401 1353 1421 ea
1381 1401 1411 1421 se
1437 1393 1558 1422 scribere
1583 1401 1642 1429 quas
1659 1394 1746 1429 vidit,

958 1447 1072 1474 quisque
1098 1444 1227 1467 accurate
1252 1439 1348 1472 novit,
1376 1439 1448 1476 ἅπερ
1463 1439 1573 1475 ἑώρακα.
1588 1439 1635 1466 καὶ
1662 1440 1748 1475 ἔγνων

959 1484 1090 1521 ἀκριϐῶς.
1109 1486 1143 1512 At
1161 1485 1205 1511 vix
1228 1485 1357 1512 credatur
1383 1485 1563 1513 Athanasium
1589 1493 1638 1520 per
1663 1491 1747 1514 totam

961 1530 1112 1566 [Egyplttm
1127 1538 1158 1558 ea
1174 1535 1334 1566 tempestate
1350 1531 1383 1558 ad
1401 1537 1495 1558 necem
1510 1532 1700 1567 perquisitum,
1719 1537 1749 1560 ut

962 1576 1050 1604 locum
1077 1577 1122 1604 ubi
1138 1577 1300 1604 consisteret
1320 1576 1440 1611 reperire
1462 1577 1506 1604 vix
1527 1581 1630 1612 posset,
1653 1578 1748 1605 Seleu-

961 1623 1030 1651 ciam
1047 1623 1214 1651 concessisse
1226 1644 1233 1656 ,
1248 1623 1291 1650 ubi
1308 1623 1379 1650 nulla
1395 1623 1608 1658 subterfugiendi
1630 1623 1672 1650 via
1689 1628 1750 1651 erat

962 1668 997 1694 ab
1012 1667 1117 1695 insidiis
1137 1668 1321 1695 inimicorum.
1343 1668 1436 1703 itaque
1452 1669 1524 1703 quod
1541 1669 1579 1696 ait
1599 1669 1655 1703 ipse
1669 1676 1700 1696 ea
1719 1676 1750 1696 se

962 1714 1063 1748 scripto
1078 1714 1184 1741 tradere
1199 1722 1258 1749 quae
1274 1714 1398 1747 vidisset,
1422 1722 1475 1741 non
1492 1715 1528 1742 ita
1543 1714 1747 1750 intelligendum

962 1765 1087 1796 putamus
1099 1781 1108 1793 ,
1130 1761 1203 1795 quod
1226 1767 1346 1795 przcsens
1365 1767 1396 1787 ea
1417 1767 1510 1787 coram
1528 1762 1683 1795 aspexerit;
1701 1761 1748 1789 sed

961 1806 1033 1842 quod
1052 1813 1105 1833 non
1124 1813 1234 1833 rumore
1248 1806 1320 1841 vulgi
1341 1813 1371 1833 ea
1388 1805 1541 1840 acceperit,
1560 1813 1652 1833 verum
1675 1806 1748 1833 litte-

962 1859 1008 1879 ras
1027 1856 1054 1879 et
1073 1855 1132 1878 acta
1152 1851 1317 1886 synodorum
1331 1851 1388 1878 suis
1401 1850 1459 1885 ipse
1475 1850 1561 1878 oculis
1573 1851 1686 1879 intuitus
1701 1852 1746 1879 sit.

962 1899 996 1926 Et
1010 1906 1074 1926 sane
1087 1898 1168 1926 verba
1180 1899 1285 1931 isthaac,
1296 1898 1367 1933 ἆπερ
1380 1897 1491 1933 ἑώρακα
1511 1899 1558 1925 καὶ
1575 1899 1661 1933 ἔγνων
1671 1900 1748 1936 ἀκρι-

963 1944 1019 1976 ϐῶς
1031 1965 1038 1977 ,
1058 1953 1110 1972 non
1126 1952 1206 1972 unam
1231 1945 1363 1980 synodum
1389 1944 1590 1972 Seleuciensem
1605 1949 1748 1980 spectant,

963 1991 1010 2018 sed
1038 1990 1238 2018 Ariminensem
1255 1997 1374 2024 quoque,
1395 1990 1473 2025 cujus
1495 1991 1638 2018 historiam
1658 1991 1750 2025 priore

963 2037 1023 2064 loco
1038 2041 1149 2064 enarrat
1163 2036 1347 2068 Athanasius,
1366 2041 1457 2070 postea
1484 2044 1549 2063 vero
1570 2036 1749 2065 Seieuciensis

962 2083 1058 2119 syuodi
1070 2084 1102 2110 ad
1119 2083 1190 2110 hunc
1207 2083 1262 2110 fere
1275 2083 1382 2110 modum
1400 2092 1407 2110 :
1421 2083 1504 2110 Erant
1519 2083 1593 2115 istic,
1607 2084 1691 2118 inquit
1701 2083 1749 2119 (e),

963 2128 1082 2163 episcopi
1109 2128 1219 2155 circiter
1248 2133 1357 2155 centum
1383 2128 1536 2162 sexaginta.
1567 2128 1634 2156 Cum
1659 2135 1748 2156 autem

965 2173 1108 2200 nullorum
1124 2173 1232 2200 nomina
1248 2173 1280 2200 de
1292 2173 1373 2201 variis
1388 2173 1549 2201 criminibus
1565 2173 1748 2207 deferrentur,

964 2225 1187 2254 accusatoresque
1215 2219 1288 2246 edito
1306 2219 1424 2246 clamore
1450 2219 1553 2246 scelera
1580 2219 1748 2253 objicerent,

961 2266 1087 2299 Acacius,
1105 2264 1295 2300 Patrophilus,
1311 2263 1430 2292 Urianus
1446 2264 1522 2300 Tyri,
1540 2264 1686 2296 Eudoxius,
1702 2264 1749 2298 qui

962 2311 1158 2339 Antiochenam
1175 2311 1274 2338 invasit
1289 2310 1450 2343 Ecclesiam,
1469 2309 1611 2341 Leontius,
1625 2309 1750 2337 Theodo-

963 2366 1019 2390 rus,
1037 2357 1177 2389 Evagrius,
1196 2356 1352 2384 Theodulus
1366 2361 1393 2383 et
1407 2356 1541 2392 Georgius
1557 2356 1603 2383 ille
1616 2356 1748 2384 Laodice-

964 2411 1014 2430 nus
1035 2403 1187 2430 facinorum
1204 2402 1274 2428 fama
1294 2402 1463 2435 nobilitatus,
1479 2406 1647 2430 veteratores
1661 2401 1750 2430 homi-

960 2457 1020 2482 nes,
1030 2456 1062 2476 ac
1076 2449 1275 2484 przeteritarum
1285 2448 1409 2475 fraudum
1423 2455 1475 2475 non
1490 2447 1751 2480 immemoresJutu-

960 2505 1016 2524 ram
1025 2496 1220 2524 damnationem
1228 2500 1286 2522 astu
1295 2494 1429 2522 declinare
1438 2494 1665 2522 conantur.Veriti
1672 2495 1750 2529 quip-

961 2549 994 2576 pe
1006 2549 1072 2569 cum,
1082 2546 1238 2576 argumenta
1252 2540 1467 2567 adversariorum
1484 2540 1510 2566 in
1528 2547 1558 2567 se
1571 2544 1727 2575 comparata
1739 2558 1749 2572 ,

962 2594 1019 2616 tum
1035 2587 1211 2614 solitudinem
1222 2588 1397 2619 suam,pauci
1410 2587 1483 2614 enim
1497 2586 1641 2613 admodum
1658 2591 1748 2620 erant,

962 2639 990 2662 et
1006 2634 1100 2668 ingens
1123 2633 1230 2660 illorum
1248 2633 1419 2667 frequentia;
1436 2632 1505 2660 alios
1519 2632 1570 2660 sibi
1588 2632 1695 2660 Arianae
1709 2632 1750 2659 fa-

963 2680 1061 2708 ctionis
1082 2679 1217 2710 ascivere,
1235 2678 1417 2705 mercenarius
1436 2678 1569 2710 homines,
1588 2685 1603 2705 a
1623 2677 1750 2706 Secundo

963 2725 1170 2760 Pentapolitano
1184 2723 1336 2755 ordinatos.
1359 2731 1391 2750 ex
1411 2724 1496 2760 Libya
1512 2724 1617 2752 scilicet
1632 2724 1748 2758 Stepha-

1001 2771 1041 2805 (d)
1059 2771 1166 2798 Socrat.
1184 2769 1232 2797 lib.
1246 2777 1278 2801 ιι,
1294 2777 1355 2805 cap.
1370 2769 1420 2802 59;
1433 2770 1541 2797 Sozom.
1563 2770 1610 2798 lib.
1634 2777 1670 2801 Iv,
1687 2777 1749 2805 cap.

963 2806 1014 2838 2‘2;
1026 2806 1128 2832 Theod.
1149 2805 1195 2834 lib.
1210 2813 1239 2837 II,
1253 2812 1312 2839 cap.
1327 2804 1377 2838 26;
1393 2806 1491 2834 Athan.
1510 2805 1558 2833 lib.
1576 2805 1614 2834 De
1630 2805 1749 2840 synodis,

965 2842 1015 2868 sub
1025 2841 1140 2867 initium.

1001 2875 1034 2911 (ει)
1053 2876 1110 2904 Lib.
1126 2875 1161 2903 De
1176 2875 1292 2910 synodis.
