2016 3046
272 139 344 159 CXLII

922 122 1187 160 PROLEGOMENA.

274 190 454 219 Illlllt,be‘l".lm
463 194 490 214 et
502 187 647 220 i‘oilueem,
658 187 787 215 scelestos
802 192 829 215 et
842 195 904 216 reus
921 189 1056 220 homines,
1071 189 1094 218 Α
1111 187 1172 215 fidei
1204 186 1334 214 formulas
1360 193 1410 222 per
1436 194 1484 215 eos
1501 187 1586 216 variis
1610 187 1678 216 locis
1707 192 1734 215 et
1761 189 1890 224 tempori—

272 233 437 268 insuperqne
458 233 629 261 Pancratium
658 238 687 261 et
714 234 886 262 Ptolemaeum
911 236 1054 270 quemdam

273 278 458 306 lelelianutn.
484 279 551 307 Tum
576 275 606 307 ut
633 280 823 308 accusationes
839 281 1055 309 adversariorum

274 324 504 358 Subterfugerent,
521 324 555 351 de
570 324 621 352 fide
636 332 716 359 agerc
731 325 799 352 Velle
820 325 957 352 simulant.
983 325 1056 358 Quo-

274 377 333 396 rmn
364 370 498 397 vafritiem
529 371 677 405 conspicati
701 371 791 397 επιετί
818 371 939 406 episcopi
961 378 1054 398 eorum

273 415 369 442 exinde
386 420 460 450 gesta
486 416 678 443 observabant.
696 415 734 442 Illi
761 421 850 443 autem
874 424 926 443 non
941 418 1056 444 obscure

271 460 399 488 Arianam
426 469 455 489 se
479 462 603 490 hmresim
622 467 838 497 propugnaturos
852 462 1052 497 significabant.

271 507 337 540 Qua:
352 515 433 535 causa
451 507 501 538 fuit
515 513 543 535 ut
557 508 623 535 duas
638 508 664 535 in
682 512 773 542 partes
790 509 925 543 propalam
938 509 1055 544 synodus

273 554 371 581 abiret.
385 553 453 582 Pars
470 553 593 586 minima,
609 562 671 588 quas.
689 562 739 581 ceu
754 554 883 581 colluvies
899 552 958 581 erat
971 555 1055 582 homi-

273 608 348 631 num,
361 600 406 634 qui
419 604 465 627 aut
477 600 525 632 rei,
544 605 590 626 aut
603 600 732 635 suspecti,
750 606 797 627 aut
821 601 969 628 sceleribus
991 601 1056 629 insi-

271 646 338 680 gniti
352 651 441 677 erant,
458 645 597 674 haerebant
611 647 710 673 Acacio
721 646 896 679 Caesariensi;
915 647 960 674 alii
979 647 1055 682 longe

273 691 368 727 majori
382 699 496 719 numero
513 691 594 720 abiis
618 693 749 728 segregati
775 693 914 726 Basilium,
933 693 1056 729 Ancyra-

271 745 336 764 nttm
354 737 449 765 ducem
465 739 661 773 sequebantur.
675 739 802 766 Acaciani
820 740 903 774 igitur
917 739 1054 766 temerarii

271 782 407 816 homines,
423 784 521 818 quibus
536 783 603 811 nihil
619 785 754 815 inausum.
774 784 909 812 Nicaanam
923 785 1054 820 synodum

271 835 363 863 aperte
375 830 526 862 criminari,
540 838 639 865 negare
656 831 733 858 fidetu
747 832 804 866 ejus
818 831 961 864 sinceram,
972 833 1054 860 abro-

272 875 358 910 ganda
377 875 437 909 ejus
461 876 570 903 decreta
588 877 753 905 contendere
765 898 772 910 ,
797 882 878 912 atque
893 878 927 906 de
948 878 1054 914 integro

271 921 443 949 statuendum
470 922 503 950 de
525 923 576 949 fide
603 923 759 957 praedicare.
776 923 871 951 Caneri
897 929 987 951 autem
1007 924 1053 959 qui

272 975 382 1002 magno,
398 973 427 995 ut
441 968 540 995 dictum
564 972 616 1002 est,
633 976 746 996 numero
758 974 849 1002 erant,
865 978 972 997 summo
995 972 1054 1005 qui-

272 1015 331 1040 dem
350 1021 431 1048 opere
451 1015 643 1042 obnitebantur
662 1015 751 1049 itnpiis
775 1015 930 1042 hominibtts
944 1035 952 1050 ,
973 1023 1053 1043 unam

272 1064 377 1092 tamen,
387 1060 494 1087 cteteris
502 1060 624 1095 integris,
637 1061 974 1089 consubstantialisvocem
985 1069 1054 1096 pra:-

272 1105 324 1132 cidi
346 1106 477 1140 optabant
497 1114 529 1133 ex
555 1106 672 1134 Nicaznis
686 1107 816 1138 decretis.
836 1115 868 1135 eo
881 1107 985 1135 scilicet
1007 1109 1056 1135 ob-

271 1154 346 1178 tentu
359 1170 367 1183 ,
383 1152 452 1185 quod
468 1152 644 1180 obscuritatis
667 1159 748 1180 causa
774 1157 896 1187 suspecta
915 1154 1056 1189 quamplu-

273 1196 352 1223 rimis
365 1201 392 1223 ct
404 1196 576 1224 formidolosa
594 1197 743 1224 videretur.
761 1197 828 1224 Cum
850 1197 931 1232 igitur
951 1198 1055 1233 longio—

272 1250 318 1269 res
329 1243 388 1270 istic
402 1251 484 1270 morte
503 1244 685 1276 traherentur,
711 1243 874 1270 instantibus
888 1244 1056 1271 accusatori-

272 1288 333 1320 bus,
350 1289 403 1316 rcis
416 1294 506 1316 autem
521 1289 599 1316 solita
611 1289 757 1316 calliditate
769 1289 900 1322 judicium
918 1289 1054 1323 refugien-

271 1332 354 1366 tibus,
372 1333 558 1368 episcoporttm
577 1338 674 1365 coetus,
695 1341 755 1361 cttm
777 1334 876 1367 negotii
893 1334 1055 1362 diuunrnita-

273 1384 339 1410 tem,
352 1384 408 1406 tum
424 1380 594 1413 excogitatas
618 1379 644 1406 in
660 1379 716 1407 dies
737 1379 771 1406 ab
785 1379 877 1413 impiis
899 1379 1056 1407 hominibus

272 1424 305 1450 ad
319 1423 566 1459 subterfugiendum
581 1425 718 1452 machinas
731 1425 916 1459 indignissime
925 1426 1054 1457 ferentes,

272 1469 415 1497 damnatus
432 1470 569 1504 Acacium,
588 1469 786 1504 Patrophilum,
804 1470 950 1502 Uranium,
967 1471 1055 1498 Eudo-

273 1517 356 1547 xium,
371 1516 516 1550 Georgium
534 1516 597 1543 olim
617 1522 771 1544 exactorem
781 1537 790 1550 ,
809 1521 836 1544 et
849 1517 917 1545 alios
932 1526 964 1545 ex
977 1518 1052 1550 Asia,
1067 1532 1092 1562 α

272 1561 414 1589 Leontium
431 1581 438 1594 ,
466 1561 610 1597 Evagrium
636 1567 664 1590 et
691 1562 858 1590 Theodulum
883 1564 1052 1592 abdicarunt.

271 1607 466 1636 Communione
491 1614 580 1635 autem
606 1616 653 1635 sua
680 1609 879 1636 interdixerunt
895 1611 1052 1642 Asterium,

271 1652 415 1680 Eusebium
429 1673 436 1685 ,
450 1653 586 1688 Augarum
600 1672 608 1684 ,
626 1652 771 1680 Basilicum
783 1674 790 1686 ,
806 1653 947 1685 Phtebum,
971 1653 1054 1680 Fide-

271 1699 349 1731 lium,
374 1699 534 1735 Eutychium
547 1719 554 1731 ,
574 1699 762 1732 Eustathium,
779 1703 806 1726 et
820 1699 944 1734 Magnum
957 1720 965 1731 ,
981 1699 1054 1735 quod

270 1745 299 1773 in
318 1745 363 1780 jus
379 1746 466 1773 vocati
478 1765 486 1777 ,
502 1749 532 1772 ut
545 1745 648 1772 oblatas
662 1745 866 1773 criminationes
878 1745 1055 1780 depellerent,

271 1798 431 1825 comparere
445 1791 643 1818 detrectassent
657 1799 667 1817 ι
679 1791 871 1826 decretumque
893 1791 943 1818 fuit
965 1795 994 1818 ut
1021 1798 1053 1818 ea

271 1837 426 1863 conditione
440 1841 592 1870 perstarent
602 1837 712 1869 ,‘donec
733 1844 762 1864 se
777 1837 811 1864 ab
828 1837 988 1871 hujnsmodi
1001 1838 1055 1866 cri-

273 1883 465 1909 minationibus
489 1887 644 1917 purgarent.
671 1882 874 1910 Confessionem
899 1889 988 1911 autem
1002 1891 1054 1912 no-

272 1935 335 1954 vam
359 1928 420 1954 fidei
443 1928 586 1956 ediderunt
601 1949 609 1961 ,
638 1936 690 1963 qua
711 1936 790 1956 voces
817 1929 958 1964 ὁμοούσιος
980 1935 1008 1957 et
1029 1931 1054 1957 ὁ-

274 1973 434 2007 μοιοούσιος,
462 1973 532 2008 quod
555 1977 676 2001 motuum
699 1978 726 2001 et
753 1975 926 2009 querelarum
947 1976 1054 2003 occasio

273 2019 387 2046 fuissettt
401 2040 409 2051 ,
432 2020 610 2054 abjiciebant;
630 2021 755 2055 ἀνόμοιον
772 2026 862 2048 autern
888 2022 1055 2050 damnabant

273 2065 462 2098 anathemate;
487 2065 513 2092 in
531 2065 641 2100 reliquis
665 2066 732 2093 nihil
757 2067 874 2093 alienum
890 2074 904 2093 a
923 2067 1053 2095 catholica

273 2110 406 2137 doctrina.
423 2111 565 2141 Caeterum,
580 2115 720 2145 postquam
737 2112 769 2138 ad
786 2111 905 2144 singulas
925 2112 1054 2140 ecclesias

270 2157 401 2192 judicium
424 2157 449 2184 in
472 2157 623 2185 Acacianos
636 2157 719 2184 latum
736 2158 865 2185 miserant
880 2158 1052 2191 Scmiariani,

1107 235 1158 260 bus
1173 233 1350 267 conscriptas.
1377 233 1405 260 In
1432 233 1509 259 tertia
1521 252 1529 265 ,
1548 239 1643 260 vocum
1658 233 1737 261 οὐσία
1750 240 1778 260 ει
1790 234 1888 269 dimoti-

1108 287 1164 306 σιον
1190 279 1374 306 sinceritatem
1395 283 1545 313 propugnat
1569 284 1663 306 contra
1684 279 1866 308 Semiarianos
1879 301 1887 314 ,

1106 331 1173 359 quos
1191 328 1280 351 tamen
1300 331 1352 351 non
1377 324 1547 351 inintic0rum
1570 324 1670 352 habere
1696 325 1756 352 loco
1779 326 1889 360 proﬁte-

1107 375 1162 401 tur,
1177 370 1203 396 in
1221 369 1369 404 primisque
1380 369 1508 396 Basilium
1523 369 1707 405 Ancyranutn,
1719 377 1779 398 cum
1796 379 1888 399 vorem

1107 419 1211 442 tantum
1230 414 1383 450 dpooticrtov,
1410 422 1462 442 non
1479 422 1534 442 rem
1559 415 1615 449 ipsa
1640 415 1889 448 signiticatam,re-

1105 468 1214 499 spuant.
1233 463 1337 497 Quibus
1355 468 1444 491 autem
1461 463 1566 491 litteras
1585 464 1690 491 miserit
1705 464 1887 497 Athanasius,

1106 510 1178 537 haud
1195 509 1277 543 plane
1302 513 1421 538 constat.
1438 509 1567 537 Socrates
1584 509 1727 545 ὲπδστολὴν
1745 510 1812 545 πρὸς
1825 511 1888 542 τοὺς

1106 556 1260 592 γνωρίμους
1284 560 1443 590 nuncupat,
1473 554 1639 584 Sozomenus
1656 563 1720 584 vero
1736 556 1804 591 πρὸς
1825 558 1888 589 τοὺς

1105 601 1286 638 ἐπιτηδείους.
1305 601 1373 629 Sunt
1388 602 1434 635 qui
1451 606 1544 636 putent
1569 601 1603 629 ad
1619 602 1763 630 monachos
1780 603 1886 630 missas.

1106 649 1159 677 Sed
1171 649 1309 676 crederem
1328 648 1418 682 potius
1432 647 1466 675 ad
1480 647 1648 676 catholicum
1657 653 1755 676 emtum
1771 648 1888 675 Alexan-

1106 693 1213 721 drinum
1229 713 1237 725 ,
1254 701 1288 720 ne
1306 693 1378 720 inter
1394 693 1514 721 incertos
1539 693 1609 728 vulgi
1624 701 1746 721 rumores
1759 693 1792 721 de
1808 693 1883 728 ejus-

1106 739 1178 766 modi
1194 739 1305 774 synodis
1324 739 1422 774 ubique
1433 742 1608 774 pervagantes
1622 739 1704 766 animi
1720 740 1886 774 penderent:

1105 790 1133 812 et
1146 793 1213 812 sane
1231 785 1309 813 initio
1336 789 1364 813 et
1390 785 1443 812 line
1459 784 1579 820 epistolae
1598 789 1709 818 cetum,
1726 789 1756 812 ut
1770 785 1887 819 videtur,

1108 831 1263 865 alloquitur.

1069 863 1090 890 Β
1140 863 1215 905 Auito
1234 876 1296 904 560.
1310 892 1344 897 ——
1359 878 1385 904 1.
1403 876 1526 912 ενηοάιη
1541 876 1840 912 Constantiuapolilana.
1853 890 1890 898 -α

1108 921 1270 951 Semiariani
1286 927 1377 949 autem
1401 921 1661 957 Constantinopolim
1675 921 1809 957 profecti,
1825 929 1887 948 cum

1107 970 1189 997 multa
1208 970 1261 997 alia
1286 972 1448 1003 peregerunt
1462 988 1470 1001 ,
1484 975 1543 1003 quae
1557 975 1606 995 nos
1619 969 1743 995 consulto
1759 975 1889 996 enarrare

1105 1016 1311 1050 supersedemus
1323 1036 1331 1049 ,
1350 1020 1406 1042 tum
1422 1014 1557 1042 celebrata
1573 1021 1604 1041 ea
1630 1013 1656 1041 in
1683 1014 1750 1042 urbe
1762 1014 1865 1049 synodo
1878 1035 1888 1047 ,

1105 1063 1289 1090 Aetiumeum
1312 1061 1424 1089 asseclis
1450 1064 1640 1096 percusserunt
1656 1060 1840 1088 anathemate.
1856 1060 1889 1088 Et

1106 1108 1139 1135 de
1150 1115 1237 1141 more,
1249 1107 1329 1142 quasi
1339 1115 1392 1134 non
1405 1111 1495 1134 essent
1511 1111 1549 1134 tot
1559 1105 1616 1141 jam
1625 1106 1729 1141 pridem
1736 1106 1818 1133 edita:
1826 1106 1888 1133 fidei

1106 1153 1227 1180 formulae
1235 1153 1311 1186 satis,
1318 1160 1370 1188 qua
1379 1157 1457 1180 erant
1467 1152 1549 1179 animi
1557 1151 1727 1179 volubilitate
1735 1151 1889 1186 mentisque

1106 1199 1306 1230 incertitudine.
1327 1205 1387 1226 eam
1404 1205 1464 1232 quae
1477 1204 1591 1225 numero
1603 1197 1711 1225 decima
1721 1197 1807 1224 fertur
1817 1197 1888 1231 apud

1105 1244 1280 1270 Athanasium
1304 1240 1342 1270 de'
1360 1243 1465 1278 integro
1486 1242 1679 1278 promulgant;
1704 1250 1756 1278 qua
1773 1243 1887 1270 similem

1106 1289 1214 1325 quidem
1228 1289 1300 1317 Patri
1314 1289 1413 1317 Filium
1429 1289 1577 1322 declarant,
1594 1289 1642 1316 sed
1655 1296 1734 1316 voces
1747 1288 1889 1324 ὁμοούσιος

1105 1340 1131 1362 et
1148 1335 1297 1366 ὑπόστασις
1311 1334 1453 1370 repudiant
1468 1344 1474 1361 :
1490 1335 1551 1366 quia
1563 1334 1667 1361 scilicet
1682 1333 1788 1369 populis
1804 1334 1889 1362 ollen-

1106 1379 1178 1406 sioni
1203 1380 1280 1414 juxta
1295 1386 1328 1406 ac
1349 1379 1497 1414 suspicioni
1514 1384 1615 1412 essent,
1632 1385 1682 1411 nec
1697 1382 1837 1407 exstarent
1860 1379 1887 1406 in

1105 1425 1204 1452 divinis
1221 1425 1332 1452 litteris.

1141 1470 1169 1497 2.
1186 1470 1292 1505 Lucifer
1317 1478 1364 1504 pro
1389 1470 1530 1498 Athanasii
1555 1471 1704 1506 defensione
1722 1470 1802 1498 libros
1823 1471 1888 1499 edit.

1108 1516 1230 1550 Epistulae
1244 1516 1382 1543 Athanasii
1396 1517 1430 1543 ad
1455 1515 1617 1550 Luciferum.
1631 1531 1667 1538 —
1688 1515 1754 1549 Hoc,
1769 1521 1799 1543 ut
1811 1521 1890 1551 puta-

1106 1567 1159 1594 tur,
1174 1569 1255 1594 anno,
1271 1562 1311 1589 vel
1329 1562 1454 1589 fortassis
1478 1562 1619 1597 superiore
1632 1582 1639 1594 ,
1658 1562 1765 1589 Lucifer
1785 1562 1889 1589 Calari-

1106 1613 1185 1635 tanus
1195 1608 1278 1636 libros
1286 1615 1334 1643 pro
1344 1608 1494 1636 Athanasio
1504 1608 1704 1636 necessitudine
1715 1608 1765 1636 sibi
1774 1609 1890 1642 aliisque

1104 1654 1260 1681 nominibus
1275 1654 1507 1689 conjunctissimo,
1525 1654 1645 1689 itemque
1658 1653 1710 1681 alia
1723 1662 1782 1689 quae
1801 1654 1889 1680 adhuc

1104 1704 1212 1727 exstant
1237 1699 1365 1734 opuscula
1393 1698 1583 1731 concinnavit;
1617 1698 1663 1726 ubi
1696 1698 1830 1726 acerrime
1860 1698 1889 1725 in

1105 1745 1295 1781 imperatorem
1321 1745 1469 1777 invehitur,
1496 1745 1567 1779 quod
1585 1744 1762 1771 Athanasium
1787 1743 1887 1770 bonum

1104 1792 1194 1819 virum
1206 1811 1213 1823 ,
1226 1791 1295 1826 aequi
1321 1798 1353 1818 ac
1371 1791 1428 1818 veri
1445 1791 1595 1818 studiosum
1609 1810 1617 1823 ,
1637 1791 1670 1817 de
1694 1789 1786 1818 medio
1798 1797 1894 1816 rerum.

1105 1837 1219 1869 tollere,
1243 1840 1374 1871 quantum
1403 1836 1430 1863 in
1454 1836 1514 1871 ipso
1529 1836 1610 1864 situm
1636 1839 1712 1869 erat,
1727 1839 1861 1870 satageret
1878 1855 1887 1866 ,

1105 1883 1293 1910 universorum
1308 1882 1523 1916 subscriptiones
1532 1885 1560 1909 et
1573 1880 1700 1916 suﬂ‘ragia
1713 1885 1889 1915 extorqueret

1105 1928 1132 1955 in
1149 1928 1296 1962 perniciem
1321 1927 1435 1954 innoxii.
1453 1926 1515 1954 ldeo
1537 1931 1626 1954 autem
1653 1926 1728 1954 istaec
1744 1927 1770 1953 in
1788 1933 1896 1954 annum.

1105 1974 1270 2001 conferimus
1281 1973 1344 2006 560,
1356 1974 1419 2009 quia
1433 1973 1541 2001 Lucifer
1553 1974 1591 2001 ait
1606 1973 1706 2000 bellum
1717 1980 1749 2000 eo
1763 1977 1887 2005 tempere

1106 2019 1268 2048 Constantio
1282 2020 1365 2047 fuisse
1379 2028 1440 2047 cum
1461 2019 1594 2054 Soporino
1609 2019 1667 2046 sive
1681 2020 1783 2053 Sapore
1792 2017 1888 2045 Persa~

1106 2073 1165 2092 rum
1190 2073 1260 2100 rege.
1288 2065 1363 2098 Quod
1386 2065 1486 2093 bellum
1512 2072 1573 2092 cum
1599 2071 1670 2091 anno
1696 2063 1818 2098 proximo
1834 2063 1886 2090 559

1106 2112 1228 2145 cmperit,
1244 2115 1396 2146 opportune
1412 2111 1438 2138 in
1465 2118 1563 2138 annum
1578 2110 1630 2137 360
1654 2109 1769 2137 Luciferi
1787 2109 1887 2143 scripta

1106 2157 1223 2184 conferri
1238 2164 1317 2191 posse
1331 2157 1506 2183 arbitramur.
1520 2155 1588 2183 Cum
1605 2162 1713 2182 rumore
1728 2154 1822 2181 nuntio
1832 2154 1891 2181 lucc

273 2203 459 2231 Constantium
475 2203 575 2230 adeunt
591 2203 750 2237 Augustum,
769 2207 882 2237 actaque
899 2203 936 2230 illi
949 2211 996 2231 sua
1010 2212 1053 2232 re-
1069 2199 1091 2227 D
1105 2211 1120 2230 a
1137 2203 1263 2230 Lucifero
1280 2203 1432 2238 conscripta
1444 2202 1530 2230 fuisse
1544 2201 1696 2235 accepisset
1711 2200 1887 2230 Athanasius,

273 2249 408 2276 nuntiant.
428 2247 583 2283 llujusmodi
599 2247 656 2283 fuit
679 2248 860 2276 Sclettciensis
886 2249 981 2284 synodi
995 2250 1054 2277 exi-

273 2300 326 2323 tus.

309 2341 336 2369 5.
360 2340 519 2368 Athanasius
549 2339 687 2375 epistolam
711 2340 800 2367 scribit
826 2341 858 2368 de
879 2341 995 2376 synodis.
1021 2358 1056 2363 —

274 2387 337 2414 llinc
350 2387 466 2414 maxima
482 2394 545 2422 pars
568 2387 664 2414 hausta
680 2394 712 2414 ex
730 2387 843 2421 epistola
861 2388 1001 2415 Athanasii
1023 2389 1056 2416 de

275 2435 395 2469 synodis,
408 2434 560 2469 conscripta
576 2439 636 2468 post
657 2434 806 2461 celebratas
824 2435 940 2469 synodos
955 2435 1056 2461 Arimi—

275 2489 385 2509 nensem
401 2487 428 2508 et
444 2481 643 2508 Seleuciensem
655 2501 665 2513 ,
680 2485 822 2515 antequam
852 2480 999 2515 legatorum
1029 2487 1057 2508 et

276 2533 381 2562 patrum
397 2527 607 2554 Ariminensium
630 2526 733 2560 lapsum
750 2526 915 2553 edidicisset.
931 2525 959 2552 In
979 2526 1056 2560 cujus

275 2573 363 2600 Prima
377 2578 452 2608 parte
462 2573 554 2608 paucis
568 2576 659 2599 narrat
673 2571 735 2605 quid
748 2571 773 2598 in
786 2571 937 2600 istiusmodi
946 2571 1056 2606 synodis

275 2620 310 2647 sit
332 2624 433 2646 actum.
462 2619 490 2646 In
518 2619 636 2646 secunda
666 2623 790 2646 recenset
815 2618 998 2652 blasphemias
1021 2617 1056 2644 ab

275 2664 438 2690 Arianorum
457 2664 667 2699 primipilaribus
691 2664 717 2691 in
741 2663 838 2690 Filium
864 2663 909 2690 Dei
926 2662 1054 2696 prolatas.

277 2709 310 2737 Ut
340 2714 428 2736 autem
457 2718 548 2736 eorum
576 2709 726 2737 instabilent
753 2710 870 2736 animum
900 2710 1056 2735 inconstan-

277 2756 395 2789 tiamque
413 2755 501 2790 palam
526 2755 628 2789 faciat,
645 2760 769 2783 recenset
791 2755 915 2782 undecim
938 2754 1058 2781 diversas

311 2852 349 2887 (ιι)
363 2852 390 2880 ln
405 2853 494 2881 libello
513 2860 621 2888 prccqu
636 2853 785 2882 Marcellini
799 2859 824 2881 ct
836 2853 967 2881 Faustini.

1106 2250 1189 2276 misso
1209 2249 1357 2284 Eutychete
1377 2249 1493 2276 diacono
1508 2247 1607 2274 litteris
1629 2251 1704 2281 rogat
1719 2245 1886 2276 Luciferum,

1105 2295 1196 2323 utsibi
1215 2295 1367 2330 ltujusmodi
1390 2295 1553 2329 scriptorutn
1567 2294 1672 2328 copiam
1697 2293 1790 2323 iaciat,
1807 2301 1887 2327 quem

1105 2342 1206 2369 eximio
1231 2341 1395 2369 confessoris
1411 2341 1520 2368 nomine
1541 2339 1693 2373 compellat.
1719 2338 1846 2373 Optatum
1862 2338 1887 2364 ei

1106 2388 1215 2416 Lucifer
1231 2388 1430 2422 quamprimum
1449 2386 1535 2414 libens
1551 2386 1684 2413 concedit.
1701 2384 1728 2411 ld
1744 2392 1807 2411 vero
1824 2392 1889 2411 con-

1105 2439 1214 2462 secutus
1227 2433 1405 2465 Athanasius,
1425 2439 1459 2459 ex
1476 2432 1566 2458 aninto
1591 2430 1725 2466 gaudens,
1741 2430 1824 2457 libros
1840 2437 1888 2456 ac—

1106 2484 1201 2507 curate
1221 2478 1355 2513 perlectus
1374 2477 1468 2505 Graece
1484 2497 1492 2508 ,
1521 2477 1543 2504 si
1575 2476 1641 2502 fides
1668 2475 1825 2502 Marcellino
1837 2474 1887 2510 (α),

1117 2525 1254 2555 ranstulit,
1278 2523 1503 2559 εὐχαριστηρίους
1529 2522 1614 2548 eidem
1642 2520 1767 2548 Lucil‘éro
1786 2521 1890 2548 litteras

1108 2569 1212 2597 remisit
1229 2568 1413 2601 Athanasius;
1439 2568 1482 2594 ubi
1499 2566 1648 2601 deploratis
1666 2566 1791 2593 Ecclesia:
1815 2565 1890 2592 calao

1108 2615 1247 2641 mitatibus
1262 2634 1269 2646 ,
1288 2614 1325 2640 ait
1350 2614 1465 2640 Arianos
1489 2617 1563 2639 tanto
1586 2611 1678 2639 furore
1694 2613 1720 2639 in
1735 2612 1891 2639 Catltolieos

1109 2660 1163 2694 agi,
1180 2665 1209 2686 ut
1225 2667 1278 2686 non
1297 2660 1376 2686 modo
1395 2659 1510 2686 clericos
1524 2658 1639 2685 militum
1655 2665 1736 2693 opera
1752 2663 1892 2684 verterent

1109 2707 1135 2733 in
1161 2706 1250 2740 fugam
1262 2725 1270 2738 ,
1287 2713 1379 2733 verum
1391 2706 1471 2731 etiam
1490 2704 1611 2732 nefarias
1627 2705 1652 2731 in
1668 2709 1844 2732 monazontas
1863 2708 1895 2731 et

1109 2753 1238 2780 crentitas
1255 2751 1389 2780 inferrent
1404 2759 1517 2783 manus;
1541 2758 1594 2786 quo
1614 2751 1714 2778 factum
1727 2755 1756 2777 ut
1771 2750 1828 2784 ipse
1845 2757 1890 2776 sa-

1906 2780 1910 2827 l
