2016 3046
779 135 858 164 VITA
880 135 909 164 S.
930 136 1125 166 ATllANASlI.

1687 150 1768 170 εςιιιι

153 188 216 216 Iutis
233 195 315 216 causa
340 189 368 216 in
397 189 543 218 remotiora
568 190 677 228 Egypti
699 192 759 220 loca
784 194 935 222 secederet.
950 197 971 224 A
986 197 1143 231 evulgarant
1157 217 1165 230 ,
1184 198 1323 226 descivere
1337 218 1346 231 ,
1367 202 1397 226 ut
1421 199 1487 233 ipsis
1507 198 1614 226 Ariame
1640 199 1769 228 doctrinae

154 234 259 262 Grandi
279 235 375 263 labore
389 240 416 263 et
433 237 554 271 periculo
569 237 627 272 ejus
652 239 788 274 accepisse
812 240 936 267 lucubra-

153 281 252 313 tiones,
269 282 361 308 mirari
375 289 455 315 opus,
467 283 640 312 hortamenta
652 284 709 319 eius
721 285 753 312 ad
770 286 937 314 subeundum

152 335 203 362 pro
229 327 341 355 Christo
365 330 528 363 martyrium
555 331 644 366 magni
672 330 782 359 facere:
799 337 936 360 auctorem

152 373 220 400 tanti
240 374 330 408 operis
358 375 515 409 suspicere,
544 375 664 412 Elimque
686 377 800 404 similem
826 378 934 406 habere.

154 417 245 454 Rogat
268 423 297 445 ut
312 419 396 447 Deum
417 421 530 456 supplex
549 428 619 455 oret,
637 428 692 450 tum
709 424 734 451 in
748 424 788 451 sui
812 426 936 458 gratiam,

153 469 209 493 tum
224 471 319 492 eorum
336 467 380 500 qui
397 475 452 502 prce
466 467 611 496 formidine
623 469 690 504 lapsi
708 475 811 498 essent.
837 471 934 505 Queri-

153 514 198 538 tur
214 518 248 538 ex
262 519 316 546 quo
330 512 438 540 Arianis
458 515 617 542 auctoribus
632 516 665 542 ad
678 516 769 552 fugam
783 517 937 551 compulsus

152 561 236 589 esset,
250 564 301 584 non
319 558 397 585 modo
423 559 523 586 fratres
543 560 635 587 videre
657 561 707 588 sibi
728 570 780 589 non
805 562 914 590 licuisse
928 583 936 594 .

152 602 200 629 sed
215 609 250 629 ne
264 608 389 637 parentes
413 605 521 638 quidem
535 612 609 633 suos.
622 606 708 634 Tanta
723 607 826 636 scilicet
843 609 935 636 Ariani

153 654 218 674 cura
240 649 314 676 urbis
327 649 417 677 aditus
437 650 627 679 observabant.
646 661 655 678 ε
675 652 775 687 Naves,
796 655 846 687 ait,
861 663 935 690 quze-

153 697 231 727 nuit,
241 695 357 722 eremias
368 700 474 731 gyrant,
487 697 581 725 domos
595 699 764 733 perturbant,
780 701 937 729 concutiunt

152 739 263 772 fratres,
276 741 392 776 singulis
414 743 519 777 negotia
535 745 697 773 concinnant
717 746 834 781 :quibus
847 752 935 775 tamen

151 786 233 814 rebus
253 788 339 822 magis
350 782 489 824 magisque
510 790 698 819 universorum
713 792 802 820 odium
816 793 936 821 incurre-

152 836 224 857 rent.
251 840 261 857 I
281 831 334 858 Sed
363 832 510 861 sceleratos
531 835 637 862 tandem
668 836 817 864 facinorum
842 844 936 871 pcenas

152 878 277 904 daturos.
294 878 355 906 Haec
373 884 441 913 erat,
466 887 529 907 cum
555 881 722 910 Athanasius
745 883 801 911 haec
815 885 934 919 scripsit,

151 922 398 951 ecclesiasticarum
435 931 525 952 rerum
558 926 688 954 conditio.
723 926 774 955 Ubi
809 934 935 962 parentes

151 972 242 995 autem
269 969 410 1003 meminit,
439 978 494 999 non
521 971 554 1000 de
584 976 661 1007 patre
689 976 829 1008 matreque
858 982 935 1002 acce-

150 1019 227 1048 ptum
250 1015 349 1048 velim;
378 1016 539 1051 grandaevus
563 1018 662 1053 quippe
686 1018 741 1052 iam
767 1024 825 1047 erat
850 1019 935 1047 Atha-

150 1061 243 1088 nasius
265 1070 272 1088 :
299 1069 392 1090 verum
423 1063 544 1091 fortassis
566 1064 698 1099 interpres
721 1072 812 1092 vocem
837 1075 932 1100 συγγε·

149 1107 204 1138 νεῐς
230 1114 279 1142 per
291 1113 418 1142 parentes
433 1109 577 1144 expressit.
596 1110 629 1137 Et
641 1118 717 1143 sane,
732 1111 758 1138 in
771 1112 936 1140 ecclesiasti-

150 1153 189 1180 cis
205 1153 332 1186 maxime,
351 1154 423 1181 ltaud
441 1155 598 1190 infrequens
616 1155 694 1190 hujus
707 1157 830 1184 vocabuli
840 1166 934 1193 parens

150 1205 219 1225 usus
230 1198 262 1224 ad
277 1204 405 1234 cognatos
419 1199 611 1233 designandos.

185 1243 260 1272 Διςπο
274 1244 372 1272 561.-
383 1245 408 1273 1.
420 1245 539 1274 Meletius
555 1248 581 1274 in
590 1249 735 1284 episcopum
746 1250 934 1277 Antiochenam

151 1289 263 1318 allectus
281 1291 312 1317 ab
327 1292 445 1320 Arianis.
461 1308 497 1313 -κ
509 1294 587 1322 Anno
602 1295 651 1323 36l
676 1296 796 1329 ineunte,
812 1296 935 1325 Meletius

150 1336 192 1363 vir
205 1337 316 1370 pietate,
332 1338 522 1372 sanctimonia,
534 1340 687 1368 eruditione
707 1342 829 1378 insignis,
846 1344 934 1371 studio

148 1387 177 1410 et
189 1390 270 1417 opera
285 1383 460 1417 Arianorum,
476 1385 521 1420 qui
533 1394 585 1413 non
597 1391 638 1413 sat
648 1387 787 1422 explorato
801 1389 858 1423 ejus
874 1391 934 1416 ani-

150 1436 194 1457 mo
211 1429 280 1456 inter
294 1437 358 1457 suos
371 1430 507 1458 hominem
524 1434 767 1466 connumerabant,
784 1434 810 1461 in
825 1435 933 1470 episco-

149 1483 212 1509 pum
232 1475 432 1504 Antiochenum
445 1497 452 1510 ,
464 1477 591 1505 defuncto
605 1478 737 1511 Eudoxio,
750 1480 868 1509 delectus
881 1487 932 1510 est.

148 1522 248 1549 Yerum
263 1527 292 1550 ut
307 1523 332 1550 in
349 1528 424 1551 tanto
446 1532 557 1552 munere
581 1525 625 1552 vix
643 1525 729 1554 latere
755 1531 846 1561 potest
868 1529 932 1564 quid

149 1569 264 1602 quisque
274 1569 385 1602 sentiat,
397 1578 458 1597 cum
471 1571 640 1605 potissimum
657 1572 702 1600 ille
710 1581 759 1600 nec
775 1574 890 1602 obscure
903 1575 933 1601 τὺ

146 1613 289 1649 ὁμοούσιον
302 1616 461 1650 praedicaret
485 1623 739 1654 propugnaretque,
764 1620 858 1647 Ariani
886 1621 933 1648 de-

148 1660 284 1695 prehensa
301 1661 360 1695 ejus
383 1662 505 1689 doctrina
530 1663 700 1692 deturbatum
720 1673 751 1692 ex
776 1667 931 1703 episcopatu

148 1711 281 1734 curarunt
294 1707 319 1734 in
335 1707 459 1736 exsilium
480 1709 611 1745 ablegari,
625 1718 688 1738 cum
709 1712 753 1739 vix
766 1713 873 1748 triginta
887 1722 932 1742 se-

148 1752 233 1779 disset
245 1753 313 1785 dies,
327 1753 352 1781 io
370 1753 482 1789 ejusque
500 1755 588 1783 locum
604 1756 735 1785 Euzoium
759 1764 931 1794 cooptarunt,

148 1805 318 1833 nequaquam
335 1806 488 1834 suspectum
514 1801 563 1829 sibi
581 1808 630 1829 nec
652 1803 739 1830 dubia:
758 1803 817 1831 fidei
843 1805 932 1832 homi-

132 1852 220 1883 nem,
239 1845 285 1871 sed
309 1844 439 1872 Atianum
468 1846 628 1882 Arianmque
651 1847 784 1876 haereseos
800 1850 931 1878 vindicem

139 1890 339 1918 accerrimum.
357 1890 424 1919 Hinc
441 1897 494 1919 tres
510 1892 535 1918 in
561 1897 655 1928 partes
678 1893 808 1922 distracta
824 1895 930 1924 civitas.

148 1935 239 1975 Prima
255 1944 369 1964 numero
383 1937 472 1972 potior
485 1938 665 1971 Arianorum,
678 1938 780 1967 Euzoio
794 1940 930 1976 episcopo.

149 1981 273 2010 Secunda
285 1982 499 2016 Meletianorum,
509 1985 553 2018 qui
572 1985 596 2012 in
612 1985 698 2012 Palma
710 1993 757 2013 seu
769 1987 852 2014 veteri
864 1987 931 2015 urbe

148 2027 277 2055 collectas
302 2029 438 2064 agebant,
462 2037 476 2055 a
495 2028 603 2057 Mcletio
626 2037 720 2058 sanam
741 2031 929 2060 edoctilldem.

148 2072 238 2099 Tertia
267 2073 508 2100 Eustathianorum
532 2081 547 2101 a
573 2079 667 2102 sancto
696 2074 838 2102 Eustathio
865 2076 930 2103 olim

147 2118 285 2152 episcopo.
300 2117 330 2145 Hi
347 2126 361 2145 a
378 2118 488 2154 reliquis
505 2119 632 2147 omnibus
648 2121 780 2155 segregati
794 2141 802 2154 ,
825 2120 929 2149 Paulini

147 2166 300 2201 presbyteri
315 2165 491 2192 conventibus
511 2166 644 2193 interesse
659 2166 791 2194 solebant.
815 2166 862 2195 Ha:
891 2167 930 2194 fa-

990 242 1139 270 vindicibus
1152 243 1178 270 in
1195 244 1397 271 communionis
1411 244 1568 271 societatem
1582 245 1708 273 admissis
1722 253 1768 273 ec-

987 288 1083 316 clesias
1099 289 1246 318 traderent.
1273 290 1342 317 Hinc
1368 299 1437 318 orsae
1451 292 1642 318 Anommorum
1655 296 1681 319 et
1695 291 1768 319 Exu-

988 335 1140 362 conliorum
1154 335 1374 365 nomenclaturze.
1402 335 1504 363 Horum
1525 337 1660 371 principes
1683 336 1770 365 Euno-

988 379 1068 412 mius,
1089 380 1216 412 Aeacius,
1234 388 1266 408 ac
1285 381 1383 416 reliqui
1396 381 1581 414 conscelerati,
1599 383 1673 410 nullo
1684 388 1768 416 metu,

989 425 1058 452 nulla
1079 426 1192 454 adversa
1208 426 1353 454 formidine
1377 427 1505 461 impetum
1526 429 1690 460 retardante.
1709 428 1768 455 hla-

987 471 1098 505 sphema
1115 479 1227 506 quisque
1246 476 1272 499 et
1288 472 1432 499 maledicta
1445 473 1472 499 in
1495 472 1633 500 Christum
1648 474 1769 508 proferre

987 515 1045 543 ausi
1063 521 1136 548 sunt,
1163 516 1350 544 Constantium
1367 518 1438 544 nacti
1456 518 1603 552 impietatis
1615 518 1766 552 vindicem;

986 561 1031 595 qui
1055 568 1116 588 cum
1142 561 1168 588 in
1193 561 1293 589 haeresi
1319 563 1504 589 confirmanda
1528 563 1561 589 ad
1587 571 1672 597 usque
1688 563 1767 590 linem

987 611 1198 640 perseverasset,
1215 607 1284 634 diem
1301 607 1370 634 obiit
1380 613 1542 635 extremum.
1558 606 1624 634 Cum
1642 615 1768 642 propera-

986 657 1027 679 ret
1053 652 1124 679 enint
1148 654 1279 680 adversus
1306 652 1455 686 lulianum,
1476 653 1521 687 qui
1544 654 1577 680 ab
1599 654 1719 680 exercitu
1741 655 1767 681 in

986 696 1080 724 Galliis
1093 698 1270 733 inauguratus
1294 698 1442 733 imperator
1459 698 1486 725 in
1507 698 1644 726 Orientem
1671 699 1768 734 agebat

987 744 1048 776 iter,
1078 745 1175 772 morbo
1191 749 1331 779 correptus
1343 764 1350 776 ,
1365 743 1551 778 Mopsucrenis
1564 745 1589 771 in
1602 744 1696 772 Cilicia
1722 745 1769 772 de-

985 789 1093 817 functus
1115 795 1156 817 est
1179 790 1196 817 4
1219 790 1354 823 Octobris,
1371 789 1423 821 vel,
1437 795 1466 816 ut
1486 790 1543 822 alii,
1558 790 1575 817 5
1588 789 1767 818 Novembris:

986 840 1067 868 atque
1083 835 1200 862 instante
1214 835 1291 862 obitu
1315 835 1348 861 ab
1369 834 1469 861 Euzoio
1484 835 1584 862 Ariano
1607 835 1769 869 baptismate

951 875 971 902 Β
987 880 1050 915 tingi
1067 880 1158 908 voluit.
1175 881 1259 916 Cujus
1278 880 1486 915 corpusingenti
1499 888 1594 916 pompa
1613 881 1639 908 in
1654 881 1768 909 ecclesia

985 926 1175 960 Apostolorum
1185 926 1416 961 Constantinopoli
1426 927 1578 961 depositum
1590 928 1651 960 fuit,
1661 928 1768 963 populis

985 971 1055 998 uitro
1076 972 1197 1008 citroque
1213 972 1416 1001 accurrentibus
1439 974 1472 1001 ad
1497 973 1638 1008 exsequias
1653 975 1769 1007 coboqe~

984 1018 1107 1045 standas.

1018 1110 1093 1137 Auno
1113 1109 1175 1137 562.
1187 1125 1222 1132 —
1240 1110 1266 1137 1.
1280 1110 1403 1137 Julianus
1420 1111 1595 1146 inauguratur
1615 1112 1767 1145 imperator.

984 1154 1093 1181 Artemii
1106 1155 1178 1181 ducis
1198 1156 1361 1190 martyrium.
1373 1170 1408 1176 —-
1420 1156 1473 1183 Etsi
1488 1163 1551 1182 vero
1565 1156 1702 1183 videbatur
1718 1156 1769 1183 Ec-

984 1200 1071 1227 clesia:
1088 1201 1188 1228 licitum
1197 1201 1265 1234 fore,
1275 1201 1408 1228 exstincto
1417 1201 1583 1234 Constantio,
1592 1210 1606 1228 a
1616 1202 1770 1230 calamitate

984 1251 1015 1271 ac
1033 1250 1137 1272 terrore
1152 1246 1269 1281 pristino
1283 1247 1431 1281 respirare,
1443 1247 1550 1274 occulto
1565 1247 1662 1274 divina:
1679 1248 1769 1282 provi—

984 1290 1082 1317 dentia:
1095 1291 1208 1318 consilio
1222 1298 1301 1318 secus
1314 1299 1357 1318 res
1371 1292 1476 1318 cecidit.
1491 1291 1612 1319 Julianus
1625 1293 1708 1324 enim,
1723 1300 1767 1319 re-

984 1342 1120 1371 pugnante
1139 1338 1257 1370 nemine,
1281 1338 1423 1373 imperium
1440 1338 1574 1373 integrum
1597 1339 1725 1373 adeptus,
1752 1346 1767 1365 a

983 1383 1138 1410 Christiana
1155 1383 1216 1413 fide.
1229 1391 1310 1418 quam
1325 1383 1436 1411 nomine
1454 1389 1533 1412 tenus
1549 1385 1693 1420 specieque
1707 1390 1768 1412 tan-

984 1433 1039 1456 tum
1063 1429 1188 1462 colebat,
1213 1434 1306 1465 aperte
1326 1430 1450 1463 descivit,
1474 1431 1617 1466 impiisque
1643 1432 1768 1466 profano-

984 1483 1043 1502 rum
1072 1476 1169 1504 ritibus
1191 1475 1312 1510 impensc
1328 1477 1453 1504 addictus
1467 1497 1475 1509 ,
1493 1478 1598 1505 turbam
1626 1479 1766 1514 gentilium

984 1521 1096 1548 deorum
1125 1522 1227 1549 invexit
1252 1523 1278 1549 in
1305 1522 1410 1550 orbem.
1432 1523 1595 1551 Christianis
1615 1532 1696 1559 porro
1715 1526 1766 1553 etsi

984 1566 1082 1594 bellum
1096 1573 1185 1602 palam
1199 1575 1252 1594 non
1273 1568 1423 1600 indiceret,
1439 1569 1535 1603 quavis
1550 1570 1609 1597 data
1626 1571 1768 1598 occasione

984 1614 1111 1641 saeviebat
1137 1615 1163 1641 in
1186 1621 1232 1641 eos
1247 1615 1293 1649 qui
1311 1621 1343 1642 eo
1358 1614 1532 1642 deferrentur
1549 1616 1668 1643 nomine.
1693 1615 1768 1644 Unde

984 1660 1076 1687 infami
1090 1665 1221 1694 apostatte
1238 1660 1314 1687 titulo
1330 1660 1460 1695 appellari
1474 1661 1566 1695 coepit.
1582 1661 1715 1692 Attamen,
1737 1666 1768 1688 ut

983 1707 1159 1742 philosophiae
1175 1706 1405 1740 humanitatisque
1420 1705 1519 1733 famam
1537 1705 1692 1739 allectabat,
1705 1714 1766 1733 cum

983 1753 1126 1788 imperium
1141 1752 1238 1786 iniret,
1252 1752 1360 1780 exsules
1374 1759 1468 1779 omnes
1491 1753 1582 1779 edicto
1602 1752 1708 1786 publico
1724 1759 1767 1779 re-

983 1800 1101 1828 vocavit.
1113 1799 1172 1833 Quo
1188 1798 1300 1831 factum,
1310 1803 1339 1825 ut
1348 1803 1480 1833 quotquot
1496 1806 1510 1825 a
1525 1797 1685 1826 Constantio
1695 1799 1766 1834 pulsi

983 1847 1008 1874 in
1023 1846 1151 1874 exsilium
1165 1845 1274 1872 fuerant
1288 1844 1424 1879 episcopi,
1444 1844 1564 1871 redirent
1585 1845 1663 1872 sedes
1689 1853 1764 1872 suas.

981 1892 1154 1920 Antiochiam
1185 1895 1273 1918 autem
1302 1889 1440 1925 profectus
1462 1890 1612 1917 Artemimn
1637 1898 1669 1917 ex
1698 1891 1766 1918 duce

983 1935 1094 1971 Egypti
1108 1955 1117 1968 ,
1135 1936 1168 1962 de
1193 1942 1246 1969 quo
1262 1934 1333 1961 haud
1358 1935 1442 1961 multo
1455 1940 1518 1962 ante
1534 1940 1622 1962 actum
1646 1934 1716 1968 fuit,
1732 1936 1765 1963 de

983 1982 1144 2016 templorum
1168 1980 1332 2015 expilatione
1355 1981 1388 2008 ab
1409 1981 1598 2008 Alexandrinis
1621 1982 1765 2016 gentilibus

982 2028 1117 2060 delatum,
1144 2027 1253 2062 capitali
1280 2027 1413 2062 supplicio
1435 2027 1572 2054 multavit.
1593 2027 1643 2061 Qui
1669 2028 1765 2056 exinde

981 2074 1117 2101 Artemius
1132 2081 1180 2108 pro
1190 2078 1310 2109 martyre
1327 2081 1389 2101 cum
1409 2081 1422 2100 a
1437 2073 1549 2107 Graecis,
1570 2078 1625 2100 tum
1637 2081 1651 2100 a
1663 2073 1765 2102 Latinis

981 2126 1022 2148 est
1034 2120 1153 2147 habitus.
1167 2119 1200 2146 Et
1220 2126 1284 2147 sane
1299 2126 1452 2154 quanquam
1475 2127 1536 2146 eum
1552 2119 1632 2154 paulo
1647 2123 1708 2146 ante
1723 2119 1764 2146 vi-

981 2166 1070 2193 dimus
1095 2165 1267 2200 imperatoris
1286 2164 1362 2199 jussu
1378 2164 1410 2191 ad
1428 2165 1589 2192 monasteria
1602 2184 1609 2195 ,
1624 2163 1764 2191 Athanasii

146 2212 260 2243 ctiones,
277 2211 335 2238 haec
351 2211 474 2244 dissidia,
489 2211 538 2238 etsi
558 2211 609 2238 levi
631 2216 717 2243 motu,
734 2219 765 2239 ac
786 2213 929 2240 temerario
946 2214 967 2241 D
982 2212 1155 2247 perquirendi
1177 2219 1256 2238 causa
1269 2231 1278 2244 ,
1303 2211 1473 2246 profectum,
1495 2217 1614 2238 attamen
1643 2211 1763 2239 immissa

146 2263 258 2291 prorsus
268 2263 335 2283 ausu
349 2261 443 2283 exorta
466 2260 529 2283 sunt
540 2276 547 2289 ,
565 2255 600 2283 ad
618 2255 732 2282 multutn
747 2260 835 2283 tamen
848 2264 931 2284 anno-

147 2310 207 2329 rum
226 2302 342 2337 spatium
354 2301 445 2330 furore
469 2307 496 2329 et
511 2302 659 2336 pervicacia
675 2301 791 2336 partiutn
805 2307 868 2330 sunt
881 2311 929 2330 ex-

148 2344 244 2375 tracta.

181 2394 209 2421 Ξ.
225 2394 318 2420 Ariani
330 2402 421 2420 novam
436 2394 515 2420 edunt
537 2394 597 2428 ﬁdei
615 2393 767 2428 formulam.
783 2394 930 2422 Constantii

146 2440 243 2468 obitus.
256 2454 289 2460 —
309 2439 396 2467 Porro
415 2445 443 2466 ut
458 2440 578 2468 solemne
591 2444 648 2467 erat
666 2440 773 2467 Arianis
786 2445 812 2467 et
824 2440 929 2468 Semia-

147 2487 232 2514 rianis
243 2494 378 2521 nunquam
395 2487 421 2513 in
440 2494 521 2513 unum
535 2486 617 2519 coire,
627 2486 690 2521 quiti
705 2494 803 2514 novam
813 2487 929 2522 aliquant

146 2532 208 2560 fidei
223 2532 366 2559 formulam
384 2531 564 2566 publicarent,
583 2533 646 2566 quia
658 2532 760 2559 scilicet
778 2539 792 2559 a
808 2533 930 2560 veritatis

147 2578 256 2605 tramite
277 2578 391 2609 deflexi,
407 2583 487 2612 atque
511 2585 634 2605 errorum
660 2579 774 2613 caligine
799 2579 928 2612 obvoluti,

146 2624 286 2659 multiplici
303 2629 407 2652 tentato
422 2625 530 2656 itinere,
545 2624 646 2651 nullum
661 2629 702 2652 sat
721 2625 928 2656 tutum,nullum

146 2669 269 2704 pervium
282 2669 402 2704 reperire
418 2673 554 2702 poterant,
575 2675 671 2695 nevum
685 2668 741 2703 jam
754 2667 816 2694 fidei
832 2669 929 2695 rescri-

145 2719 221 2749 ptum
241 2714 472 2750 ediderunt,quod
489 2719 600 2742 caeteras
616 2715 675 2742 fidei
692 2714 822 2742 formulas
833 2714 929 2749 impie-

145 2765 201 2788 tate
225 2760 304 2795 longe
329 2764 479 2795 superaret.
508 2759 605 2787 Filium
633 2761 736 2788 scilicet
754 2761 781 2788 in
803 2761 929 2788 omttibus

145 2806 219 2833 Patri
248 2806 408 2834 dissimilem
434 2805 630 2841 praedicabant.
659 2807 691 2833 Et
713 2809 790 2833 tanto
819 2807 928 2839 quidem

147 2858 229 2887 opere
256 2859 270 2878 a
295 2851 408 2886 pristina
425 2851 558 2879 sententia
574 2870 583 2885 ,
598 2859 677 2887 quant
694 2852 926 2887 Constantinopoli

982 2258 1108 2285 divinitus
1124 2258 1300 2291 castigatione
1313 2278 1321 2291 ,
1345 2257 1520 2292 pmnitentent
1544 2257 1605 2284 facti
1624 2256 1707 2284 fuisse
1730 2264 1763 2284 ex

982 2304 1065 2338 ipsius
1082 2310 1162 2338 supra
1186 2303 1344 2330 memoratis
1360 2302 1449 2330 verbis
1472 2302 1602 2337 liquidum
1624 2307 1674 2330 est.
1699 2301 1763 2330 Pius

981 2354 1071 2375 autem
1096 2356 1128 2376 eo
1153 2349 1262 2375 nomine
1286 2347 1500 2382 existimandus,
1525 2348 1595 2382 quod
1613 2348 1762 2375 monachos

981 2394 1081 2422 obnixe
1103 2398 1212 2430 rogaret
1227 2396 1254 2420 in
1271 2401 1346 2420 suum
1364 2393 1398 2421 ad
1414 2393 1564 2420 fundendus
1589 2393 1643 2420 Deo
1668 2401 1763 2427 preces

980 2444 1141 2467 conventum
1159 2439 1264 2466 admitti
1283 2448 1289 2466 :
1308 2439 1361 2465 Deo
1381 2439 1443 2466 item
1467 2439 1567 2466 charus
1579 2458 1587 2470 ,
1604 2439 1666 2473 quia
1682 2439 1762 2464 casti-

980 2491 1067 2522 gatus,
1086 2486 1175 2513 divina
1191 2490 1281 2513 tamen
1295 2485 1443 2513 miserante
1464 2485 1632 2520 providentia
1647 2489 1760 2512 mortem

979 2531 1112 2566 effugerit.

1014 2624 1041 2651 2.
1058 2623 1163 2658 Georgii
1183 2628 1207 2649 et
1230 2622 1371 2650 multorum
1390 2622 1602 2650 Christianorum
1621 2622 1714 2648 cades.
1727 2634 1761 2641 ~—

979 2670 1067 2697 Allato
1084 2668 1273 2696 Alexandriam
1289 2669 1362 2695 necis
1376 2668 1486 2699 Artemii
1500 2667 1601 2699 nuntio,
1620 2667 1759 2702 gentilium

980 2716 1058 2743 turba
1072 2714 1197 2742 insolenti
1211 2715 1244 2741 de
1256 2714 1415 2747 inaugurato
1433 2720 1488 2739 sua:
1498 2712 1639 2747 religionis
1652 2712 1760 2740 homine

979 2761 1076 2796 gaudio
1093 2760 1181 2793 effusi,
1199 2760 1298 2794 impetu
1315 2759 1459 2794 Georgium
1477 2763 1504 2786 et
1514 2758 1683 2786 Christianos
1701 2766 1760 2784 om-

980 2815 1027 2834 nes
1043 2806 1211 2834 ado'riuntur.
1233 2806 1319 2833 Erant
1336 2805 1435 2840 quippe
1454 2810 1511 2832 tum
1528 2804 1642 2840 Georgio
1662 2804 1758 2831 offensi

980 2853 1074 2888 pagani
1090 2860 1184 2882 omnes
1196 2853 1229 2880 ob
1245 2851 1396 2886 hujusmodi
1410 2859 1518 2880 causam
1540 2859 1554 2879 a
1575 2851 1687 2879 Socrate
1702 2857 1756 2878 moi
