2016 3046
269 135 349 156 CXLIV

954 129 1207 158 PROLEGOMENA
1214 150 1220 158 .

269 190 406 213 moratam
419 185 469 222 (ιι).
483 185 572 214 Locus
591 191 652 214 erat
664 187 690 214 in
705 187 772 215 urbe
785 187 839 220 jam
859 188 922 215 inde
939 195 953 215 a
965 189 1062 224 priscis
1076 193 1098 219 Α
1114 188 1222 223 Georgii
1238 188 1298 215 fuit.
1323 187 1399 215 Felix
1416 195 1493 219 sane,
1513 188 1536 215 si
1559 187 1619 216 ﬁdei
1638 196 1730 220 causa,
1750 194 1777 217 et
1795 197 1849 218 nou
1871 186 1900 219 in

270 231 440 266 temporibus
454 239 556 260 vacuus
566 237 593 259 et
608 232 757 267 neglectus,
771 233 854 260 multa
868 235 987 261 sordium
1003 235 1060 262 col-

270 274 379 303 luvione
394 275 510 303 refertus
523 297 532 310 ,
550 276 578 303 in
592 284 646 311 quo
673 277 785 312 gentiles
801 277 906 306 Mithrae
931 279 1059 314 mysteria

269 328 429 357 peragentes
450 323 591 350 immolare
613 324 736 352 homines
757 330 965 353 consueverant.
982 326 1060 353 Hunc

271 373 363 403 utpote
378 377 494 396 vacuum
521 376 553 397 ac
580 369 716 398 desertum
737 371 913 399 Constantius
935 371 1059 400 ecclesiae

270 415 514 442 Alexandrinorum
540 416 596 450 jam
629 422 693 445 ante
727 417 899 445 attribuerat.
928 418 1060 453 Georgius

269 468 334 487 vero
344 469 405 487 cum
415 462 564 490 Ecclesium
573 471 605 492 eo
616 463 676 492 loco
686 464 805 492 excitare
817 464 905 497 vellet,
919 464 1059 499 repurgari

269 506 378 542 adytum
396 508 536 543 precepit.
552 508 580 535 ln
598 509 737 544 peramplo
754 509 905 544 huiusmodi
927 509 986 537 loco
1001 517 1060 545 my-

270 551 351 579 steria
364 553 502 587 gentilium
528 560 607 582 erant
620 555 756 583 recondita
769 563 776 588 ;
789 555 941 591 complures
955 555 1060 584 scilicet

271 598 409 627 hominum
432 601 569 634 calvariae,
587 601 716 636 juvennm
730 602 834 636 pariter
849 609 880 630 ac
895 602 1032 629 seniorum
1050 611 1058 630 :

269 644 315 679 qui
327 644 391 671 olim
411 646 520 673 mactati
539 645 821 681 ferebantur,quando
833 651 956 674 extorum
973 648 1062 682 inspe-

269 691 360 718 ctione
374 692 535 725 divinarent,
552 699 584 720 ac
597 692 700 727 magica
720 692 856 719 sacriﬁcia
873 693 905 720 ad
918 693 1060 720 incantan-

269 737 317 764 das
329 737 434 764 animas
445 742 614 772 peragerent.
624 737 686 765 [hcc
703 737 729 764 in
745 738 848 765 Mithrae
860 738 940 773 adyto
954 742 1060 772 reperta

270 782 420 810 Christiani
447 784 481 810 ad
502 783 642 818 gentilium
668 783 813 810 ludibrium
841 783 915 811 foras
937 784 1059 810 Omnium

269 829 356 856 oculis
383 836 554 864 exposuere,
570 829 664 856 eadem
683 834 819 864 gestantes
843 829 989 857 traduxere
1011 837 1060 864 per

1110 235 1245 262 scelerum
1278 242 1385 269 poenam
1401 255 1408 267 ,
1437 235 1517 261 homo
1542 235 1688 270 gentilibus
1713 235 1788 270 juxta
1819 241 1901 272 atque

1111 281 1273 309 Christianis
1288 281 1407 313 invisus,
1425 285 1479 308 tam
1497 281 1567 308 male
1589 281 1716 309 multatus
1737 287 1818 310 esset.
1834 281 1901 311 Eue-

1110 327 1146 354 cti
1175 334 1255 361 porro
1267 326 1376 361 Georgii
1392 326 1520 353 invidiam
1544 327 1571 354 in
1594 326 1750 355 Catholicos
1765 329 1900 363 conjicere

1110 373 1199 400 conati
1224 377 1287 399 stmt
1315 372 1421 400 Ariani.
1441 372 1539 400 Verum
1562 380 1595 400 ex
1612 373 1762 408 Epiphanio
1783 379 1810 401 et
1833 376 1899 402 Ant-

1110 418 1204 445 tniano
1220 418 1378 446 Marcellino
1398 424 1506 446 constat
1521 426 1535 445 a
1553 419 1619 446 solis
1633 420 1778 454 gentilibus
1791 421 1817 447 id
1836 421 1901 449 faci-

1111 465 1187 492 noris
1201 470 1398 500 perpetratum,
1411 470 1438 493 et
1453 466 1612 499 quidem,ut
1623 465 1661 493 ait
1675 466 1900 495 mendacissimus

1112 510 1305 547 PhiIOstorgins
1329 511 1385 547 (b),
1412 512 1557 539 concitatis
1584 512 1618 540 ab
1645 512 1806 540 Athanasio.
1834 512 1900 546 Quze

1110 557 1246 584 calumnia
1261 557 1301 584 vel
1321 557 1385 584 hinc
1402 557 1570 589 confutatur,
1586 558 1658 592 quod
1680 565 1728 592 per
1745 558 1771 585 id
1793 563 1900 594 tempus

1109 602 1274 629 Athanasius
1289 602 1314 629 in
1337 603 1530 631 secretioribus
1542 603 1626 631 eremi
1646 604 1714 631 locis
1727 603 1854 640 profugus
1870 609 1900 632 et

1110 647 1233 675 occultus
1249 653 1417 675 versaretur.

1145 691 1173 719 4,
1187 691 1313 719 Julianus
1328 692 1535 720 Alexandrinam
1553 693 1649 721 cedem
1669 702 1696 721 se
1709 695 1816 729 indigne
1829 695 1901 728 ferre

1110 738 1229 766 simulat.
1253 753 1288 759 ——
1311 739 1430 774 Accepto
1457 738 1583 767 Julianus
1608 747 1700 771 rerum
1726 741 1901 768 Alexandria!

1110 787 1246 818 gestarum
1267 783 1384 816 nuntio,
1409 791 1438 811 se
1460 784 1569 818 quidem
1597 789 1703 813 tantum
1729 786 1874 813 tumultum
1889 805 1899 819 ,

1112 832 1166 855 tam
1197 828 1344 857 immanem
1381 829 1568 858 carniﬁcinam
1597 831 1730 859 damnare
1761 832 1898 866 simulat;

269 875 417 902 civitatem.
430 875 494 909 Quae
507 882 550 902 res
562 882 730 909 paganorum
744 875 853 902 turbam
868 875 1058 904 inflammavit.
1073 869 1095 897 Β
1110 881 1266 909 quanquam
1285 874 1448 910 negligentia
1467 875 1614 903 ulciscendi
1628 876 1766 910 facinoris,
1783 884 1837 904 non
1856 878 1899 906 in-

269 920 338 948 Tum
355 920 446 948 furore
462 928 538 948 arma
559 921 751 954 ministrante,
778 921 805 948 in
830 921 923 949 obvios
937 929 1059 956 quosque

269 966 439 996 Christianos
464 967 593 1001 impetum
618 966 744 1000 faciunt;
770 974 885 1002 quorum
913 967 1059 1002 permultos

269 1013 345 1040 vario
359 1014 455 1040 mortis
467 1020 564 1048 genere
576 1018 734 1046 enecarunt,
749 1014 832 1045 l‘erro,
848 1013 975 1046 fustibus,
994 1013 1060 1048 lapi-

269 1058 358 1087 dibus.
377 1058 433 1085 Nec
446 1059 559 1086 deerant
577 1059 627 1094 qui
641 1059 750 1086 funibus
768 1059 892 1086 homines
907 1059 1061 1094 strangula-

271 1110 339 1136 rent,
353 1105 550 1139 nonnullasque
573 1105 606 1132 ad
628 1105 775 1132 ludibrium
793 1105 883 1132 crucis
901 1105 927 1132 in
948 1112 1058 1132 crucem

269 1156 403 1186 agerent,
428 1151 496 1179 alios
523 1151 707 1178 vulnerarent.
733 1150 792 1178 Non
809 1150 987 1178 familiaribus
1009 1151 1057 1184 illi,

270 1204 323 1223 non
337 1197 459 1231 cognatis
470 1203 632 1231 pepercere;
653 1196 699 1223 sed
716 1195 819 1223 amicus
832 1196 960 1227 atnicutu,
977 1195 1060 1222 frater

269 1240 399 1274 fratrem,
424 1245 551 1274 parentes
573 1239 642 1267 ﬁlios
661 1239 824 1272 confodere,
848 1247 879 1267 ae
893 1239 919 1267 in
938 1245 1057 1267 mutuam

269 1295 349 1315 ruere
362 1286 474 1314 caedent.
499 1285 564 1319 Qua:
579 1293 661 1313 causa
686 1285 737 1312 fuit
758 1290 788 1312 ut
806 1286 955 1313 Christiani
979 1293 994 1313 a
1017 1293 1060 1313 re-

269 1333 409 1368 purgando
431 1332 536 1360 Mithrae
553 1333 633 1368 adyto
649 1333 823 1361 absisterent.
846 1332 969 1361 Gentiles
994 1340 1059 1360 vero

269 1379 413 1415 GeOrgium
433 1380 599 1406 abstractqu
617 1379 651 1406 ab
673 1379 786 1407 ecclesia
800 1399 809 1411 ,
830 1384 858 1406 et
877 1378 909 1405 ad
925 1379 1058 1407 camelutu

269 1426 429 1460 alligatum,
456 1433 504 1460 per
526 1427 620 1453 urbem
648 1430 731 1452 totam
758 1429 915 1461 raptatum,
943 1425 1059 1452 fustibus

270 1479 428 1506 percussum
440 1493 448 1505 ,
466 1472 602 1507 variisque
626 1471 790 1499 cruciatibus
810 1470 935 1498 affectum
954 1476 981 1498 et
994 1478 1058 1498 ene-

270 1523 372 1550 catum,
392 1525 453 1545 cum
471 1518 531 1545 aliis
555 1518 660 1552 pariter
674 1517 763 1549 casis,
781 1519 827 1552 qui
844 1517 956 1546 camelis
970 1517 1058 1552 intpo-
1072 1541 1093 1569 α

269 1564 313 1591 siti
327 1568 420 1596 erant.
436 1565 644 1592 combusserunt
654 1573 663 1598 ;
681 1564 842 1599 cineresque
866 1564 892 1591 in
908 1571 982 1591 mare
997 1571 1059 1599 pro-

266 1610 332 1645 jecti
363 1616 445 1645 sunt,
477 1618 512 1638 ne
529 1618 543 1637 a
562 1611 725 1638 Christianis
752 1610 883 1644 collecti,
903 1610 930 1637 in
955 1610 1059 1637 honore

269 1658 397 1692 deinceps
421 1661 450 1685 ut
475 1662 624 1692 martyrum
649 1656 771 1691 reliquia:
798 1656 975 1684 haberentur.
991 1655 1059 1683 Cum

269 1704 304 1731 iis
320 1709 408 1731 autem
423 1703 577 1731 obtruncati
597 1708 660 1730 sunt
677 1703 839 1730 Dracontius
852 1707 968 1730 monetae
989 1709 1059 1736 prae-

269 1751 374 1785 pesitus
390 1755 418 1777 et
439 1749 572 1778 Diodorus
588 1749 697 1784 quidam
714 1749 797 1776 veluti
813 1756 922 1782 comes;
938 1749 982 1783 qui
994 1747 1058 1776 fune

270 1796 396 1825 cruribus
413 1796 527 1830 alligati,
544 1796 678 1830 pertracti
701 1795 772 1822 ultro
786 1795 913 1829 citroque
936 1794 1036 1829 raptati
1049 1814 1057 1827 ,

271 1850 304 1870 eo
322 1843 348 1870 in
362 1842 495 1877 supplicio
518 1842 645 1869 exstincti
672 1846 736 1869 sunt
758 1850 765 1868 :
791 1841 836 1869 ille
849 1841 920 1876 quod
933 1849 1007 1868 aram
1031 1841 1059 1869 in

269 1892 377 1915 moneta
391 1888 432 1914 cui
446 1891 667 1921 praxeratrecens
686 1886 801 1914 locatam
817 1887 978 1919 evertisset;
991 1886 1060 1914 alter

269 1934 358 1968 quod,
379 1933 442 1960 dum
469 1932 635 1960 aediﬁcandae
661 1937 789 1967 praeesset
805 1932 946 1965 ecclesiae,
971 1932 1060 1960 cirros

268 1985 427 2011 puerorum,
448 1985 517 2012 qttos
539 1976 571 2003 ad
594 1977 706 2004 deorum
721 1976 823 2003 cultum
838 1977 974 2011 pertinere
986 1977 1059 2003 aesti-

270 2024 374 2056 mabat,
391 2023 516 2050 licentius
532 2022 700 2050 detonderet.
727 2022 780 2049 Nec
801 2021 1058 2056 praetermittendum

269 2070 342 2105 quod
363 2068 457 2103 adjicit
473 2068 632 2095 Ammianus
645 2088 652 2100 ,
670 2068 790 2102 potuisse
814 2068 918 2095 scilicet
937 2067 1060 2095 homines

269 2116 302 2143 ad
316 2115 426 2144 crudele
443 2114 602 2150 supplicium
618 2114 716 2141 ductos
729 2113 945 2141 Christianorum
959 2113 1059 2140 auxilio

271 2162 378 2190 defendi
393 2182 400 2195 ,
430 2161 481 2189 nisi
505 2160 615 2195 Georgii
644 2160 707 2186 odio
731 2167 827 2186 omnes
845 2159 988 2186 indiscrete
1011 2159 1058 2186 lla-

271 2213 395 2244 grassent
409 2217 417 2236 :
437 2208 482 2242 qui
498 2206 631 2241 Georgius
651 2206 802 2234 facinorum
818 2206 952 2240 gravitate
965 2211 992 2233 et
1007 2205 1059 2232 fre-

270 2255 381 2290 quentia
398 2255 450 2282 sibi
464 2261 573 2281 omnem
589 2252 784 2280 misericordia:
798 2252 900 2280 aditum
912 2252 1056 2288 preclusa-

269 2309 297 2328 l".l
302 2306 321 2327 ι.

301 2345 330 2373 5.
347 2344 449 2372 Prester
474 2345 598 2380 superius
619 2349 796 2372 memoratam
811 2365 819 2378 ,
842 2343 922 2370 aliam
951 2344 1055 2371 enecati

267 2391 376 2426 Georgii
388 2398 498 2418 causam
528 2390 608 2418 aﬁ'ert
632 2390 791 2418 Auttuianus
817 2399 824 2417 :
854 2389 924 2424 quod
953 2390 1057 2417 scilicet

268 2446 329 2465 cum
345 2437 476 2465 transiret
491 2444 539 2471 per
562 2437 714 2472 speciosum
740 2437 811 2471 genii
830 2436 971 2471 templum,
986 2436 1057 2462 utul-

268 2484 383 2512 titudine
395 2483 511 2517 stipatus
525 2490 558 2510 ex
578 2491 663 2515 more,
679 2483 766 2510 oculis
781 2483 806 2509 in
817 2482 957 2509 delubrum
971 2482 1056 2516 ipsum

268 2530 399 2564 conjectis
414 2529 550 2557 dixisset:
569 2529 694 2561 Quandiu
716 2528 866 2563 sepulcrum
888 2529 936 2555 hoc
953 2529 1032 2555 sudat
1046 2528 1059 2555 ?

268 2575 327 2608 Quo
348 2574 440 2602 audito
465 2575 561 2609 pagani
583 2574 797 2602 reformidantes
814 2581 847 2601 ne
867 2574 933 2601 illud
948 2581 1057 2609 quoque

269 2624 385 2647 tentaret
397 2625 521 2648 evertere
534 2639 542 2653 ,
560 2624 692 2655 quantum
709 2625 835 2654 poterattt
850 2619 877 2646 in
891 2619 950 2653 ejus
963 2619 1054 2653 perni-

268 2666 337 2693 ciem
355 2666 469 2694 insidias
484 2667 627 2702 parabant,
645 2667 742 2698 donec,
759 2667 923 2700 inaugurato
935 2664 1055 2698 Juliano,

268 2711 386 2739 oblatam
418 2712 455 2740 illi
486 2713 660 2741 occasionem
696 2712 846 2746 arripuere.
883 2710 933 2738 llic
967 2711 1057 2739 exitus

293 2782 462 2825 __(a)‘Socr_at.
560 2792 602 2817 ut,
621 2783 857 2825 cap._2;Sozom.
880 2783 925 2811 lib.
940 2791 977 2817 tv,
995 2790 1055 2818 cap.

269 2818 320 2851 δὴ
336 2818 471 2846 Atumian.
488 2820 535 2846 lib.
553 2827 598 2852 xv,
614 2827 672 2854 cap.
687 2819 712 2847 Ἰ.

308 2854 343 2888 (b)
358 2853 416 2882 Lib.
434 2861 464 2889 tt,
481 2862 538 2888 cap.
552 2855 578 2881 7.

1109 926 1213 955 gratam
1251 921 1383 949 accidisse
1420 929 1477 948 rem
1513 922 1682 957 signiﬁcaret
1715 923 1761 958 (ε).
1789 923 1900 952 Litteris

1109 965 1200 1000 itaque
1213 965 1303 993 missis
1316 985 1324 998 ,
1339 967 1427 1001 carpit
1441 966 1561 994 animum
1576 967 1823 997 Alexandrinorum
1841 974 1900 997 tur-

1109 1010 1250 1038 bulentum
1279 1016 1359 1047 atque
1385 1012 1543 1040 seditiosum
1569 1022 1577 1040 :
1600 1021 1712 1048 parcere
1742 1018 1831 1042 tamen
1860 1014 1900 1042 ait

1109 1057 1286 1090 multitudini,
1297 1057 1379 1086 rebus
1398 1065 1413 1085 a
1430 1058 1547 1094 Georgio
1570 1059 1702 1087 scelerate
1718 1060 1802 1095 gestis
1817 1059 1843 1087 in
1858 1059 1900 1086 fu-

1109 1110 1198 1131 rorem
1234 1109 1311 1132 aetat.
1340 1104 1499 1139 Oportuisse
1528 1105 1727 1133 Alexandrinos
1751 1105 1900 1133 Alexandri

1110 1149 1270 1182 conditoris,
1287 1151 1377 1185 magni
1398 1150 1551 1185 Sarapidis,
1574 1152 1615 1178 sui
1629 1152 1711 1179 etiam
1728 1151 1900 1186 imperatoris

1110 1197 1262 1223 reverentia
1287 1204 1302 1223 a
1325 1202 1400 1224 tanto
1423 1197 1528 1225 scelere
1544 1198 1676 1226 cohiberi.
1694 1198 1727 1225 Et
1751 1198 1774 1226 si
1789 1198 1900 1233 quidem

1110 1243 1249 1270 atrocibus
1263 1242 1369 1278 Georgii
1385 1243 1494 1279 flagitiis
1511 1244 1620 1271 accensi
1637 1244 1821 1278 concitatique
1840 1243 1900 1271 fue-

1111 1296 1140 1315 re
1153 1308 1161 1321 ,
1182 1296 1231 1323 par
1246 1289 1330 1316 fuisse
1352 1289 1490 1324 judicibus
1502 1289 1641 1318 hominem
1656 1297 1705 1324 pro
1725 1289 1822 1316 merito
1839 1288 1898 1323 ple-

1109 1335 1239 1362 etendum
1252 1335 1335 1368 tradi,
1352 1343 1406 1362 non
1427 1336 1476 1370 ipsi
1489 1335 1662 1363 temerariam
1677 1335 1781 1363 turbam
1798 1334 1900 1362 violen-

1110 1385 1151 1408 tas
1176 1380 1277 1408 inferre
1296 1388 1404 1408 manus.
1421 1380 1556 1408 Praeclare
1574 1388 1636 1409 cutn
1648 1381 1688 1408 eis
1716 1385 1806 1408 actum
1825 1388 1898 1413 esse,

1109 1428 1180 1461 quod
1208 1435 1237 1454 se
1258 1427 1407 1461 imperante
1428 1432 1533 1454 tantum
1555 1427 1662 1454 facinus
1674 1427 1710 1454 sit
1723 1427 1896 1459 admissum;

1109 1473 1154 1508 qui
1171 1473 1269 1507 partim
1284 1474 1448 1501 verecundia
1471 1474 1498 1500 in
1521 1473 1617 1506 Deum,
1635 1473 1732 1507 partim
1747 1472 1899 1500 reverentia

1110 1518 1152 1545 avi
1167 1523 1195 1545 et
1207 1518 1333 1545 avunculi
1349 1519 1391 1546 sui
1409 1519 1516 1546 veniam
1534 1519 1696 1546 concederet
1717 1517 1830 1546 civitati.
1846 1517 1900 1545 Ve-

1112 1568 1150 1590 tat
1174 1571 1208 1591 ne
1232 1564 1258 1590 iu
1277 1563 1366 1592 simile
1380 1565 1483 1592 crimen
1508 1571 1684 1600 prorumpere
1698 1564 1825 1599 deinceps
1850 1571 1899 1591 au-

1110 1609 1202 1636 deant.

1146 1654 1173 1682 5.
1194 1654 1300 1690 Georgii
1323 1655 1505 1682 bibliothecam
1527 1657 1672 1683 transmitti
1694 1656 1744 1684 sibi
1759 1662 1847 1684 curat.
1862 1670 1901 1679 —

1111 1700 1267 1729 Secundum
1287 1701 1354 1734 haec,
1369 1701 1477 1738 A'Zgypti
1492 1701 1620 1737 praefecto
1632 1702 1740 1730 Ecdicio
1755 1703 1847 1738 jussit,
1868 1706 1900 1732 ut

1110 1747 1217 1782 Georgii
1232 1748 1422 1776 bibliothecam
1443 1748 1534 1776 multis
1549 1748 1744 1784 philosophia,
1765 1753 1792 1776 et
1807 1749 1898 1776 rheto-

1110 1794 1173 1821 rica:
1186 1794 1334 1826 codicibus,
1351 1802 1455 1822 necnon
1467 1796 1527 1823 aliis
1540 1795 1723 1822 Christianam
1739 1795 1898 1830 religionem

1109 1840 1296 1874 spectantibus
1323 1841 1483 1867 instructam
1496 1859 1505 1873 ,
1532 1840 1677 1874 diligenter
1695 1841 1872 1874 perquisitam
1888 1860 1897 1873 ,

1109 1886 1282 1914 Antiochiam
1298 1891 1408 1914 curaret
1428 1887 1575 1914 transmitti
1592 1887 1657 1914 sibi.
1678 1886 1700 1914 Α
1715 1894 1769 1921 quo
1782 1886 1898 1922 Georgio

1110 1933 1240 1966 quosdam
1256 1939 1286 1959 se
1297 1932 1383 1959 libros
1397 1932 1472 1964 olim,
1485 1940 1545 1959 cum
1559 1931 1585 1959 in
1595 1932 1764 1967 Cappadocia
1776 1932 1898 1968 degeret,

1110 1982 1262 2004 tnutuatum
1287 1986 1348 2005 esse
1364 1983 1567 2005 commemorat.
1585 1979 1618 2006 Et
1635 1984 1724 2006 tamen
1753 1978 1897 2013 Georgium

1110 2023 1267 2050 illiberalem
1297 2029 1324 2050 et
1357 2023 1548 2055 ineruditum,
1578 2024 1730 2058 praesertim
1761 2024 1787 2050 in
1818 2024 1899 2050 rebus

1109 2069 1317 2102 ecclesiasticis,
1331 2069 1414 2097 fuisse
1430 2069 1539 2096 tradunt
1554 2069 1717 2097 Athanasius
1733 2069 1832 2104 aliique
1845 2069 1897 2096 Pa-

1111 2120 1176 2142 tres.

1144 2160 1172 2187 6.
1199 2159 1363 2186 Athanasius
1384 2159 1576 2187 Alexandriam
1604 2159 1761 2195 regreditur.
1778 2176 1814 2180 —
1835 2160 1900 2189 Post

1075 2221 1096 2249 D
1114 2206 1279 2240 publicatum
1297 2205 1397 2233 Jnliani
1413 2206 1606 2240 edictum,quo
1615 2206 1754 2233 exsulibus
1769 2206 1898 2235 redeundi

1111 2256 1229 2285 potestas
1246 2256 1317 2282 erat,
1327 2251 1494 2278 Athanasius
1507 2251 1698 2278 Alexandriam
1714 2251 1898 2286 reversus(d),

1109 2296 1259 2331 ingenlitle
1281 2304 1356 2323 more
1373 2296 1458 2331 plebis
1484 2295 1631 2323 Catholicae
1657 2297 1753 2331 gaudio
1770 2302 1897 2332 exceptus

1108 2347 1161 2369 est.
1188 2342 1218 2369 in
1245 2342 1317 2369 hunc
1335 2342 1453 2369 reditum
1480 2342 1628 2377 Gregorius
1654 2341 1841 2370 Nazianzenus
1864 2350 1897 2370 ea

1109 2388 1199 2415 omnia
1223 2388 1339 2420 confert,
1354 2396 1414 2423 qua:
1433 2388 1491 2422 jam
1515 2388 1640 2422 superius
1654 2393 1896 2416 commonstratnm

1109 2439 1150 2461 est
1179 2434 1212 2461 ad
1238 2434 1354 2461 reditum
1370 2434 1433 2461 anni
1459 2433 1511 2462 549
1526 2435 1673 2468 pertinere.
1696 2434 1896 2462 Alexandrinus

1109 2483 1197 2506 autem
1216 2479 1331 2515 populus
1345 2499 1352 2511 ,
1367 2479 1477 2507 Arianis
1495 2480 1599 2514 ejectis,
1617 2479 1747 2507 ecclesias
1763 2479 1897 2508 conventi-

1108 2526 1159 2552 bus
1175 2526 1371 2554 ecclesiasticis
1387 2525 1610 2561 frequentaudas.
1630 2527 1713 2553 tradit
1735 2527 1894 2554 Athanasio.

1109 2570 1181 2598 Pulsi
1199 2579 1280 2606 porro
1298 2571 1390 2598 Ariani
1404 2571 1438 2598 ab
1452 2571 1587 2605 ecclesiis,
1600 2571 1668 2598 clam
1681 2571 1850 2606 privatisque
1869 2571 1896 2598 in

1109 2617 1211 2645 aedibus
1229 2618 1355 2645 collectas
1380 2617 1506 2652 agebant.
1523 2618 1551 2645 lu
1567 2617 1687 2646 defuncti
1705 2625 1770 2646 vero
1786 2617 1898 2652 Georgii

1109 2665 1198 2692 locum
1216 2664 1333 2692 Arianos
1345 2664 1459 2692 Lucium
1477 2672 1532 2692 sua:
1550 2664 1678 2692 factionis
1701 2664 1839 2692 hominem
1852 2672 1899 2692 co-

1108 2715 1216 2746 optasse
1230 2715 1325 2738 narrat
1340 2711 1477 2739 Socrates.
1496 2710 1593 2738 Verum
1610 2711 1761 2739 reclamare
1772 2711 1900 2739 videntur

1148 2781 1183 2816 (ε)
1196 2779 1302 2808 Socrat.
1314 2779 1361 2807 lib.
1377 2788 1416 2812 ιιι,
1436 2787 1494 2814 cap.
1509 2780 1541 2812 3;
1559 2778 1625 2812 Jul.,
1641 2779 1722 2814 epist.
1738 2778 1781 2806 10.

1149 2817 1188 2852 (ά)
1202 2817 1306 2845 Secrat.
1317 2815 1364 2844 lib.
1373 2823 1414 2850 Ill,
1426 2823 1485 2851 cap.
1500 2815 1528 2842 4.
