2016 3046
271 167 348 189 CXLVI

940 160 1204 188 PROLEGOSIENA.

273 223 329 245 tato
349 223 438 246 tamen
457 218 589 245 haereseos
614 225 728 250 veneno,
743 222 906 252 aperuerunt
922 226 929 244 :
945 226 1050 253 nempe,
1065 221 1088 249 Α
1103 218 1321 245 Athanasius..."
1349 216 1486 248 Eusebius,
1507 217 1634 250 Asterius,
1650 222 1702 245 etc.
1721 217 1799 247 Hisce
1813 218 1886 246 litte-

273 272 325 291 tton
344 272 396 299 qua
415 264 554 291 rationein
575 265 721 298 prophetas
736 264 842 291 advenit
855 263 973 291 Verbum
1000 265 1052 292 Do-

273 309 350 341 mini,
381 310 474 336 eadem
491 309 517 336 in
541 315 664 336 sanctum
681 309 816 336 hominem
830 329 837 341 ,
852 310 955 337 scilicet
972 309 1053 337 Chri-

272 360 342 382 stum
357 375 365 388 ,
383 355 504 386 venisse;
530 355 576 382 sed
605 355 690 389 ipsum
715 354 833 382 Verbum
861 363 970 382 carnem
992 363 1053 382 esse

271 399 385 431 factum,
403 405 502 427 etcum
519 401 544 428 in
561 401 646 427 forma
669 400 717 427 Dei
738 405 829 434 esset,
844 400 957 428 formam
981 401 1051 428 servi

271 446 423 480 accepisse,
438 454 525 482 exque
549 447 630 474 Maria
652 448 755 482 virgine
779 448 925 475 secundum
943 455 1051 475 carnem

270 500 319 526 pro
346 493 423 520 nobis
456 493 593 521 hominem
624 501 684 521 esse
711 494 823 521 factum.
852 494 1053 522 Proﬁtebantur

269 537 345 570 item,
373 545 425 565 non
446 545 544 573 corpus
570 539 746 565 inanimatum
764 544 812 566 aut
825 547 921 567 sensus
943 547 1050 574 expers,

269 588 316 610 aut
330 588 419 611 mente
439 591 536 612 carens
558 585 695 612 Christum
714 585 849 613 habuisse.
865 585 956 621 Neque
968 587 1050 619 enim,

270 629 389 662 aiebam,
408 631 534 665 possibile
547 636 616 664 erat,
635 632 748 659 Domino
761 632 845 659 nostri
862 633 947 666 gratia
963 633 1051 660 homi-

269 681 304 701 ne
322 674 398 702 facto
410 695 417 707 ,
434 683 530 710 corpus
549 677 606 709 ejus
621 677 680 703 sine
695 681 784 704 mente
798 678 929 705 exsistere
943 687 950 705 :
967 678 1051 713 siqui-

268 719 330 746 dem
346 727 398 747 non
410 721 531 755 corporis
552 721 695 755 duntaxat,
712 723 758 749 sed
776 723 872 750 anima:
894 731 1000 758 quoque
1024 724 1050 751 in

269 765 328 799 ipso
343 765 431 794 Verbo
444 767 517 794 salus
532 767 601 794 facta
615 772 666 795 est.
687 768 749 796 Ihee
761 769 863 796 scilicet
881 769 917 796 illi
939 770 1051 804 jubente

268 812 456 846 Apollinario,
484 814 529 848 qui
548 814 688 852 Athanasii
713 815 826 850 gratiam
853 820 881 843 et
904 816 1050 843 amicitiam

268 857 424 892 allectabat,
441 859 554 893 professi
578 865 650 887 sunt.
670 860 769 888 Verum
787 860 862 888 vafre
879 869 910 889 ac
929 862 1049 889 subdole.

268 902 360 938 Neque
373 906 444 931 enim
459 913 489 932 ea
502 913 629 939 germana
645 911 703 933 erat
727 907 885 940 Apollinarii
902 908 1049 935 sententia.

268 949 296 977 In
311 951 424 984 epistola
438 951 510 978 enim
525 959 573 978 sua
584 952 616 978 ad
633 951 727 980 Patres
742 953 959 980 Diocaasariensis
973 961 1051 989 syno-

267 996 306 1028 di,
319 1001 415 1024 caztera
429 997 538 1032 quidem
553 1002 609 1024 uta
630 999 768 1026 moaazhis
779 998 949 1026 Alexandria:
971 1000 1051 1026 allata

267 1041 376 1068 fuerant
402 1041 552 1076 proﬁtetur,
578 1043 670 1076 adjicit
703 1048 792 1071 tanten
824 1044 909 1078 ipsum
934 1045 1050 1072 Verbum

267 1093 376 1113 carnem
389 1094 448 1114 esse
465 1087 576 1121 factum,
599 1095 651 1115 non
665 1095 802 1123 assumpta
816 1094 905 1117 mente
921 1090 1049 1122 humana,

268 1132 500 1166 mente-mutabili,
511 1141 570 1168 qua:
587 1133 710 1168 turpibus
722 1134 930 1168 cogitationibus
943 1135 1050 1169 captiva

267 1178 385 1210 ducitur,
404 1179 450 1206 sed
469 1180 557 1206 divina
579 1185 670 1207 mente
697 1180 859 1208 immutabili
884 1185 911 1208 et
933 1181 1048 1208 cmlesti.

266 1223 295 1251 In
319 1224 420 1259 synodo
434 1225 517 1260 igitur
532 1225 714 1253 Alexandrina
730 1226 886 1261 Apollinarii
902 1227 1024 1254 doctrina
1041 1248 1048 1260 ,

267 1274 297 1296 ut
318 1277 333 1296 a
348 1271 487 1298 monachis
509 1272 629 1306 exposita
645 1277 696 1304 est,
715 1277 807 1306 utpote
828 1273 964 1300 Catholica
976 1293 984 1306 ,
1001 1274 1049 1300 ad-

266 1315 349 1342 missa
375 1315 435 1343 fuit.
455 1316 487 1343 Et
513 1324 577 1344 vero
602 1317 664 1344 licet
682 1319 846 1345 Athanasius
870 1319 941 1345 haud
967 1319 1050 1346 semel

266 1366 358 1396 postea
385 1362 411 1389 in
440 1362 695 1397 Apollinaristarum
718 1372 824 1392 errores
850 1365 972 1392 invectus
994 1365 1048 1398 sit,

267 1413 404 1441 nunquam
434 1411 523 1434 tamen
551 1409 747 1443 Apollinarium
775 1410 861 1445 ipsum
890 1411 1048 1438 nominatim

265 1457 308 1479 est
330 1452 440 1480 adortus
455 1460 463 1479 :
479 1454 607 1488 quoniam
625 1455 772 1488 videlicet,
788 1461 817 1482 ut
833 1456 941 1490 quidem
956 1458 1049 1492 opina-

265 1505 337 1532 mur,
362 1499 424 1526 dum
442 1499 511 1526 vixit
533 1500 717 1535 Athanasius,
734 1501 917 1535 Apollinarius
942 1503 1048 1531 occulte

1103 265 1142 291 ris
1166 263 1339 291 Alexandrini
1367 262 1460 290 Patres
1483 263 1555 297 pacis
1568 263 1741 290 conciliandae
1759 269 1884 292 auctores

1102 314 1187 337 erant.
1218 309 1359 344 Rogabant
1387 314 1417 336 ut
1445 309 1561 336 liberum
1594 308 1756 344 facilemque
1782 310 1884 337 aditum

1101 358 1253 392 prabercnt
1264 357 1297 385 iis
1315 357 1358 391 qui
1383 363 1475 384 secum
1496 356 1620 392 conjungi
1637 365 1667 384 ac
1680 358 1884 386 communicare

1101 407 1242 438 cuperent,
1271 402 1334 429 dum
1368 403 1497 429 Arianam
1518 403 1680 430 damnarent
1706 403 1881 437 impietatem,

1102 450 1272 483 maximeque
1290 448 1408 475 omnium
1425 448 1467 479 iis,
1485 448 1529 482 qui
1560 448 1586 475 in
1617 447 1702 475 veteri
1731 453 1884 476 conventus

1103 498 1223 530 agerent,
1244 493 1347 522 scilicet
1373 493 1534 520 Meletianis.
1554 493 1658 520 Exinde
1675 501 1738 521 vero
1767 501 1810 521 res
1824 501 1838 521 a
1853 501 1884 521 se

1103 540 1129 567 in
1156 541 1258 575 synodo
1281 543 1372 574 gestas
1396 543 1536 570 enarrant,
1554 546 1607 573 qtto
1627 538 1711 566 ferme
1724 539 1820 566 ordine
1834 547 1883 567 nos

1104 586 1295 613 recensuimus.
1321 584 1388 611 Huic
1411 584 1531 618 epistola!
1554 584 1739 618 subscripsere
1753 585 1883 619 prmsules

1102 640 1195 659 omnes
1208 631 1392 664 Alexandrini,
1402 639 1549 666 eorumque
1557 631 1771 665 subscriptiones
1785 632 1882 658 etiam-

1103 685 1166 704 num
1194 681 1314 705 exstant.
1333 677 1378 703 Ait
1393 684 1474 711 porro
1493 675 1620 704 Socrates
1633 676 1673 711 (α)
1690 675 1881 708 Athanasium,

1102 723 1171 757 quod
1188 723 1255 758 fuga:
1270 730 1302 750 ac
1318 730 1442 750 secessus
1470 730 1551 750 causa
1576 721 1747 749 insimulatus
1775 721 1881 753 fuisset,

1101 769 1249 804 apologiam
1265 769 1299 796 de
1318 768 1378 804 fuga
1395 776 1443 795 sua
1460 768 1486 796 in
1502 769 1605 803 synodo
1623 768 1728 802 legisse.

1136 816 1181 843 15.
1197 815 1303 850 Lucifer
1328 815 1434 842 Paulini
1457 815 1619 849 promotione
1641 823 1682 841 res
1709 814 1883 841 Antiochenas

1101 862 1252 897 labefactat.
1268 875 1303 882 --
1320 861 1386 889 Cum
1405 860 1557 896 hujusmodi
1574 860 1672 888 litteris
1691 860 1804 894 profecti
1831 861 1884 887 Eu-

1064 891 1086 919 B
1101 891 1190 935 sebius
1209 911 1236 934 et
1259 907 1392 939 Asterius,
1410 891 1452 934 res
1473 906 1659 933 Antiochenas
1675 891 1882 940 deprehendunt

1102 957 1267 988 przrpostera
1303 952 1420 980 Luciferi
1456 951 1629 979 festinatione
1663 951 1808 979 labefactas
1832 952 1881 986 (b).

1101 999 1126 1026 Is
1144 999 1216 1026 enim
1245 999 1386 1026 Paulinum
1415 997 1610 1026 Antiochenum
1639 998 1822 1025 Eustathianis
1838 1005 1883 1025 ro-

1101 1045 1226 1079 gantibus
1242 1045 1383 1072 ordinarat
1404 1043 1570 1079 episcopum.
1588 1043 1700 1071 Factum
1719 1043 1883 1077 improbavit

1100 1090 1232 1118 Eusebius
1250 1090 1440 1122 Vercellensis.
1455 1096 1483 1118 et
1497 1089 1586 1118 caeteri
1599 1090 1696 1124 quibus
1721 1097 1774 1124 pax
1790 1089 1882 1116 Eccle-

1099 1136 1201 1163 siarum
1226 1135 1312 1162 cordi.
1333 1135 1390 1169 Qua
1403 1135 1475 1162 enint
1492 1135 1519 1162 in
1540 1135 1606 1162 urbe
1619 1134 1674 1170 jam
1697 1135 1749 1162 duo
1761 1135 1879 1168 episcopi

1099 1187 1188 1214 erant,
1216 1189 1329 1216 quorum
1356 1181 1425 1209 alter
1450 1181 1603 1214 haereticus,
1626 1180 1781 1208 Catholicus
1812 1180 1882 1207 alter

1099 1232 1181 1260 esset,
1202 1228 1228 1254 iu
1243 1227 1336 1255 eadem
1351 1235 1449 1255 novum
1461 1235 1492 1254 ex
1514 1226 1661 1254 Catholicis
1674 1225 1800 1261 deligere,
1817 1226 1880 1260 quid

1101 1273 1127 1300 id
1143 1274 1201 1299 era't
1219 1271 1305 1304 aliud,
1321 1279 1401 1306 quam
1416 1271 1509 1298 aeterni
1526 1278 1608 1305 prope
1626 1270 1728 1298 dissidii
1743 1275 1880 1297 auctorem

1098 1319 1174 1346 esse?
1189 1317 1220 1345 Et
1230 1325 1295 1346 sane
1313 1318 1404 1345 multis
1416 1322 1476 1352 post
1490 1317 1568 1343 annis
1581 1317 1715 1344 discordia
1730 1317 1880 1349 hujusmodi

1099 1365 1292 1399 perseveravit.
1320 1363 1355 1390 At
1388 1362 1520 1390 obdurato
1548 1362 1656 1390 Lucifer
1693 1363 1881 1396 obstinatoque

1099 1411 1200 1441 animo.
1216 1409 1250 1437 iis
1268 1410 1378 1444 insuper
1396 1410 1440 1444 qui
1455 1409 1520 1444 lapsi
1534 1409 1646 1437 fuissent
1659 1409 1692 1435 ad
1711 1409 1879 1436 communio-

1099 1463 1159 1482 nem
1175 1455 1304 1483 Ecclesia:
1321 1455 1423 1482 aditum
1448 1456 1574 1489 negabat.
1591 1455 1655 1488 Quae
1671 1462 1753 1482 causa
1780 1454 1831 1481 fuit
1850 1459 1878 1481 ut

1099 1501 1126 1529 in
1138 1502 1282 1536 proborum
1297 1501 1453 1536 praesulum,
1465 1501 1511 1535 qui
1528 1501 1630 1528 leniore
1648 1508 1679 1528 ac
1694 1500 1876 1528 moderatiore

265 1551 377 1579 serpens
388 1566 396 1578 ,
421 1553 530 1573 errores
557 1548 700 1581 spargebat
727 1548 836 1582 quidem
862 1554 993 1583 quantum
1021 1550 1047 1576 in
1062 1557 1083 1587 (ς
1099 1551 1177 1574 erant
1192 1551 1293 1579 mente,
1306 1546 1435 1574 offensam
1447 1546 1701 1581 incurreret.Atque
1716 1546 1778 1573 hinc
1791 1551 1879 1573 ortum

265 1590 323 1624 ipso
349 1591 429 1618 situm
445 1591 515 1625 fuit,
533 1592 602 1626 apud
627 1593 803 1621 Athanasium
821 1599 912 1621 autem
930 1594 1048 1622 Catholi-

264 1643 303 1663 cae
330 1641 358 1663 et
380 1637 493 1665 sincera:
520 1637 582 1666 ﬁdei
607 1639 727 1666 studium
755 1639 963 1668 etuentiebatur.
990 1641 1048 1674 Quo

264 1680 414 1714 defuncto,
439 1681 526 1717 palam
553 1683 708 1717 apertisque
733 1684 822 1712 verbis
847 1685 873 1711 in
903 1685 961 1719 ipsa
986 1685 1048 1713 Dio-

264 1726 419 1754 eatsariensi
440 1727 545 1763 synodo
559 1728 634 1756 virus
651 1728 786 1756 haereseos
809 1735 858 1757 ore
882 1728 966 1764 impio
989 1737 1048 1757 εγὼ

265 1772 341 1799 tnuit.
536 1775 542 1782 ‘

299 1818 344 1845 i2.
359 1818 396 1846 De
411 1819 487 1847 rebus
507 1821 686 1850 Antiochenis.
698 1836 732 1842 —-
748 1821 786 1849 De
813 1822 894 1850 rebus
915 1822 980 1850 item
996 1823 1048 1850 An-

264 1864 396 1892 tiochenae
412 1866 540 1894 Ecclesiae
555 1869 748 1902 compottendis
765 1873 858 1895 actum
874 1869 1048 1896 Alexandriae

264 1910 326 1937 fuit.
345 1909 372 1937 in
388 1919 419 1937 ea
440 1913 539 1946 quippe
549 1913 660 1940 civitate
673 1919 748 1941 tanta
762 1914 802 1941 vis
817 1914 923 1942 dissidii
939 1919 967 1941 et
980 1922 1047 1942 con-

264 1956 392 1984 tentionis
405 1957 573 1991 obtinuerat,
594 1964 624 1986 ut
640 1966 693 1986 non
712 1960 746 1986 ab
762 1959 871 1987 Arianis
892 1960 984 1992 modo,
1000 1960 1047 1987 sed

264 2002 336 2028 inter
363 2008 424 2030 sese
450 2003 582 2031 Catholici
601 2005 728 2040 disjuncti
751 2010 854 2039 essent,
883 2013 934 2033 nec
953 2011 1046 2033 mutua

263 2048 462 2076 communionis
489 2050 620 2077 societate
654 2051 826 2084 fruerentur;
856 2051 916 2079 aliis
941 2051 1047 2079 Melelio

263 2093 380 2127 praesule
395 2094 536 2122 ecclesiam
559 2096 586 2122 in
609 2096 694 2123 veteri
719 2097 785 2124 urbe
799 2097 888 2129 sitam,
904 2097 965 2124 aliis
976 2097 1046 2124 Pau-

262 2139 318 2166 lino
343 2139 500 2175 presbytero
522 2146 628 2168 rectore
645 2141 728 2168 aliam
751 2142 777 2169 in
794 2142 861 2169 urbe
875 2150 942 2170 nova
966 2150 1048 2170 occu-

262 2185 399 2218 pontibus.
413 2186 618 2220 Optatissimum
637 2186 764 2215 Patribus
777 2192 846 2221 erat,
859 2192 890 2216 ut
903 2195 955 2216 non
966 2188 1048 2216 modo

1099 1591 1216 1618 schisma
1230 1590 1441 1618 Luciferianum.
1456 1590 1511 1618 Nec
1531 1592 1792 1626 pmtermittendum
1818 1591 1881 1617 Phi-

1099 1638 1187 1665 luuem
1214 1637 1366 1672 episcopum
1393 1637 1560 1672 Egvptium,
1575 1637 1620 1672 qui
1635 1637 1669 1664 ab
1688 1637 1796 1664 Arianis
1810 1644 1881 1663 verae

1099 1683 1160 1710 ﬁdei
1172 1689 1254 1710 causa
1270 1682 1433 1718 Babylonem
1449 1683 1476 1710 in
1491 1682 1609 1718 ἐξεγριο
1629 1682 1763 1718 relegatus
1780 1681 1878 1715 fuerat,

1098 1727 1217 1756 Luciferi
1237 1729 1399 1756 sententiam
1425 1729 1452 1756 in
1477 1729 1631 1764 deneganda
1656 1729 1737 1762 lapsis
1760 1736 1881 1756 commu-

1099 1775 1179 1802 nione
1203 1779 1336 1808 secutum,
1359 1774 1393 1801 ad
1420 1774 1630 1802 Alexandrinam
1662 1775 1793 1810 synodum
1823 1783 1876 1802 non

1098 1820 1267 1853 convenisse,
1284 1820 1356 1855 quod
1371 1820 1492 1852 Patrum,
1517 1824 1547 1847 ut
1571 1825 1689 1855 putatur,
1707 1828 1770 1856 erga
1789 1820 1879 1855 iapsos

1098 1864 1248 1897 lenitatem,
1260 1873 1340 1899 quam
1355 1864 1472 1892 futuram
1497 1865 1686 1900 prospiciebat,
1703 1866 1879 1900 improbaret.

1098 1910 1162 1943 Quae
1189 1910 1253 1937 item
1271 1917 1351 1937 causa
1369 1910 1453 1937 fuisse
1477 1911 1593 1944 videtur,
1613 1912 1683 1946 quod
1699 1911 1818 1944 Lucifer,
1838 1919 1882 1938 ro-

1098 1960 1178 1990 gante
1196 1955 1259 1982 licet
1282 1954 1398 1982 Eusebio
1425 1955 1512 1982 exsilii
1527 1956 1609 1989 socio,
1626 1955 1814 1983 Alexandriam
1830 1956 1881 1984 iter

1097 2002 1198 2029 habere
1214 2001 1337 2029 noluerit.

1134 2047 1177 2074 14.
1186 2048 1346 2074 Athanasius
1356 2051 1455 2082 partem
1472 2047 1643 2082 reliquiarum
1665 2048 1750 2074 sancti
1767 2047 1880 2074 Joannis

1099 2093 1224 2126 Baptista:
1237 2094 1336 2129 recipit.
1353 2109 1387 2114 —-
1406 2094 1471 2120 Dutn
1487 2099 1548 2128 post
1574 2094 1689 2121 reditum
1714 2093 1882 2120 Athanasius

1097 2139 1265 2167 Alexandriae
1287 2140 1449 2173 consideret,
1463 2145 1565 2175 partem
1594 2140 1768 2174 reliquiarum
1791 2140 1879 2167 sancti

1098 2184 1209 2212 Joannis
1222 2185 1347 2220 Baptista:
1360 2185 1393 2212 ad
1410 2193 1440 2213 se
1455 2185 1639 2212 lransmissam
1654 2185 1768 2219 accepit.
1787 2193 1796 2209 ι
1813 2183 1880 2211 Nam

262 2229 461 2259 Catholicorum
476 2232 528 2260 illae
544 2232 674 2261 factiones
684 2233 710 2260 in
725 2241 807 2261 unum
824 2234 938 2266 coirent,
953 2241 1047 2261 verum

1099 2229 1197 2258 Iuliani
1213 2230 1398 2266 temporibus,
1414 2231 1451 2257 ait
1468 2230 1582 2258 Ruﬁnus
1597 2229 1644 2266 (c),
1660 2230 1733 2257 velut
1750 2229 1880 2257 relaxatis

262 2276 343 2302 etiam
360 2277 382 2304 si
398 2277 443 2312 qui
457 2286 490 2305 ex
516 2279 623 2306 Arianis
642 2279 676 2307 ad
699 2287 790 2307 veram
815 2279 895 2307 ﬁdem
918 2279 1046 2307 accedere

261 2322 371 2356 vellent,
384 2323 417 2351 iis
432 2323 520 2351 facilis
529 2330 633 2359 pateret
651 2325 751 2358 aditus,
766 2325 829 2352 dum
841 2326 968 2353 Arianam
983 2333 1045 2360 pro-

262 2369 421 2402 scriberent,
435 2369 571 2397 Niczenam
586 2371 807 2406 amplexarentur
830 2371 920 2399 fidem.
940 2371 1043 2404 Quam-

263 2416 355 2442 obrem
372 2416 439 2443 duos
452 2423 485 2443 ex
504 2417 648 2451 episcopis,
660 2417 705 2450 qui
731 2416 921 2444 Alexandrinae
939 2418 1043 2451 synodo

263 2462 423 2495 intererant,
438 2470 499 2490 cum
517 2467 589 2490 tomo
604 2470 649 2490 seu
661 2462 783 2498 synodali
795 2462 908 2497 epistola
922 2462 1046 2497 legerunt

263 2507 446 2539 Antiochiam,
466 2508 514 2542 qui
535 2515 626 2542 pacem
654 2508 724 2535 inter
738 2507 900 2535 dissidentes
914 2508 1044 2535 concilia-

266 2558 335 2580 rent.
349 2552 479 2588 Quodque
490 2553 609 2581 insolens
622 2557 650 2580 et
664 2553 779 2580 f0rtasse
792 2553 923 2581 hactenus
938 2553 1045 2581 inaudi-

264 2603 332 2631 tunt,
352 2606 404 2626 non
419 2600 452 2626 ad
468 2606 515 2627 eos
528 2604 642 2632 tantutn,
663 2601 708 2634 qui
725 2604 782 2626 tum
805 2599 930 2627 absentes
954 2599 1046 2627 Antio-

265 2645 332 2672 chite
351 2645 537 2677 versabantur,
545 2645 658 2679 epistola
676 2650 828 2679 nuncupata
839 2650 891 2676 est,
906 2645 951 2672 sed
964 2645 1045 2671 etiam

266 2690 297 2716 ad
307 2697 354 2717 eos
365 2691 409 2724 qui
424 2690 572 2722 deferrent,
586 2695 666 2724 atque
684 2691 754 2717 inter
767 2690 903 2718 mittentes
916 2690 1046 2717 adnume-

266 2743 400 2768 rarentur,
410 2736 460 2764 hac
471 2736 556 2764 forma
571 2745 577 2763 :
590 2735 713 2769 Eusebia,
725 2735 858 2770 Lucifero,
870 2736 983 2768 Asteria,
993 2741 1046 2764 etc.

302 2836 340 2872 (η)
354 2835 416 2863 Lib.
432 2843 473 2868 ιιι,
489 2844 548 2872 cap.
566 2837 593 2864 8.

301 2871 338 2905 to)
356 2872 462 2899 Socrat.
479 2872 524 2900 lib.
542 2880 582 2911 ut,
600 2879 659 2906 cap.
677 2871 709 2905 9;
725 2871 834 2900 Sozam.
858 2872 904 2901 lib.
927 2880 962 2909 νη
976 2879 1035 2907 cap.

1099 2275 1184 2304 frenis
1198 2276 1322 2304 efferbuit
1339 2277 1365 2303 in
1380 2284 1486 2304 onmem
1508 2277 1638 2303 saevitiam
1655 2276 1747 2303 feritas
1761 2283 1880 2311 pagano-

1099 2331 1170 2351 rum.
1189 2323 1227 2350 Ex
1245 2331 1298 2358 quo
1311 2323 1422 2355 accidit,
1447 2329 1474 2350 ut
1486 2324 1555 2358 apud
1572 2323 1714 2357 Sebasten,
1729 2323 1880 2350 Palzestina:

1098 2370 1205 2402 urbem,
1222 2370 1373 2404 sepulcrum
1391 2369 1502 2397 .lo:tnuis
1517 2369 1643 2404 Baptista:
1657 2374 1747 2397 mente
1773 2369 1879 2396 turbida

1098 2420 1125 2442 et
1137 2415 1252 2442 funestis
1273 2415 1397 2443 manibus
1413 2415 1582 2447 invaderent.
1598 2422 1660 2442 ossa
1679 2415 1879 2450 dispergere-nt.

1098 2466 1179 2496 atque
1202 2467 1234 2488 ea
1261 2468 1354 2488 rursus
1380 2460 1495 2488 collecta
1511 2461 1572 2496 igne
1592 2465 1756 2493 cremarent,
1769 2466 1879 2487 sanctos

1098 2508 1202 2535 cineres
1220 2507 1323 2541 pulveri
1336 2507 1468 2534 immistos
1482 2513 1531 2541 per
1553 2513 1633 2542 agros
1649 2511 1676 2534 et
1691 2514 1754 2533 rura
1773 2505 1878 2540 disper-

1099 2558 1202 2589 gerent.
1220 2553 1273 2580 Sed
1300 2552 1347 2580 Dei
1371 2552 1542 2588 providentia
1565 2552 1666 2580 factum
1677 2557 1730 2585 est,
1745 2553 1879 2587 quosdam

1099 2600 1132 2628 de
1145 2599 1321 2635 Jerosolymis
1331 2607 1365 2627 ex
1380 2599 1545 2627 monasterio
1555 2598 1668 2634 Philippi
1686 2599 1803 2626 hominis
1819 2597 1880 2628 Dei.

1098 2646 1228 2674 orationis
1241 2645 1304 2673 illuc
1319 2653 1399 2673 causa
1427 2653 1475 2680 per
1492 2646 1562 2672 idem
1579 2650 1685 2679 tempus
1698 2644 1814 2671 venisse.
1829 2643 1879 2676 Qui

1099 2699 1160 2720 cum
1178 2696 1282 2719 tantum
1308 2691 1384 2718 nefas
1408 2691 1535 2718 humanis
1551 2691 1659 2726 quidem
1682 2690 1815 2722 ntanibus,
1832 2689 1880 2715 sed

1099 2736 1186 2764 ferina
1203 2740 1294 2765 mente
1312 2735 1369 2763 ﬁeri
1387 2735 1518 2769 viderent,
1539 2735 1607 2763 mori
1622 2734 1726 2770 gratius
1750 2732 1882 2760 habentes

1101 2836 1149 2869 15;
1167 2836 1268 2872 Theod.
1286 2836 1333 2863 lib.
1351 2844 1391 2867 ut.
1410 2844 1469 2872 cap.
1489 2836 1515 2864 ὅ.

1128 2872 1163 2908 (ε)
1178 2871 1237 2900 Lib.
1253 2880 1282 2907 tt,
1303 2880 1364 2907 cap.
1377 2872 1423 2900 28.
