2016 3046
785 179 864 207 VITA
885 179 914 206 S.
936 179 1132 206 ATHANASII.

1681 183 1769 204 CXLVII

152 251 232 278 quam
257 241 408 276 hujusmodi
429 239 534 276 piaculo
560 239 701 270 funestari,
720 238 792 266 inter
817 244 864 265 eos
889 238 933 273 qui
950 237 1138 271 Asimumque
1166 235 1215 262 sibi
1245 234 1421 262 Athanasium
1447 235 1472 261 itt
1502 242 1569 269 pace
1599 234 1771 261 Alexandrina

151 296 212 320 ossa
242 288 273 315 ad
298 287 468 315 exurendum
493 285 616 320 legebant
643 284 726 316 misti,
744 283 896 318 diligentius
913 285 939 311 in

152 339 282 369 quantum
302 341 344 360 res
362 332 526 367 patiebatur,
542 338 573 358 ac
592 330 744 365 religiosius
773 338 941 365 congregan-

151 385 204 413 tes,
226 379 318 406 furtint
345 385 375 406 se
411 377 454 404 vel
479 377 646 411 stupentibus
677 375 719 402 vel
744 376 940 403 lusanienlibus

154 429 320 458 pertraxere,
340 426 366 450 et
395 422 429 449 ad
460 421 616 455 religiosum
645 420 754 447 Patrem
785 419 937 454 Philippum

153 469 320 495 venerandas
334 467 462 501 reliquias
476 466 620 501 pertulere.
639 465 685 492 llle
700 473 779 498 supra
797 473 825 492 se
837 466 938 492 ducens

154 520 259 542 tantum
288 514 443 541 thesaurum
472 512 589 547 propriis
617 519 728 538 servare
759 512 868 546 vigiliis,
904 511 937 538 ad

154 561 310 595 pontillcem
338 559 486 585 maximum
506 562 569 583 tune
586 556 763 584 Athanasium
779 557 874 584 hostia:
888 557 938 583 im-

155 603 294 631 maculata:
314 602 442 635 reliquias
461 609 509 636 per
524 600 663 628 Julianum
679 601 822 628 diaconum
847 608 935 632 suum,

155 653 215 683 post
224 649 304 675 etiam
320 647 470 674 Palaestinae
485 647 561 672 urbis
575 647 742 680 episcopum,
761 646 853 672 tttittit.
863 646 937 679 Quas

156 694 200 721 ille
215 698 367 728 susceptas,
384 693 476 728 paucis
497 692 620 722 arbitris,
637 692 687 718 sub
710 696 806 718 cavato
823 691 935 718 sacrarii

155 740 258 774 pariete
270 739 400 771 inclusas,
415 738 572 772 prophetico
585 737 680 771 spiritu
692 737 846 771 profuturas
857 744 937 771 gene-

155 785 252 812 rationi
271 790 385 819 p05teraa
400 783 571 810 conservavit
586 789 593 808 :
608 782 705 816 quibus
721 790 802 814 nunc,
818 782 933 816 dejectis

155 836 182 858 et
196 831 327 866 postratis
340 830 494 857 idololatriae
509 829 638 864 vestigiis,
649 830 674 855 in
688 829 789 855 aedibus
801 828 936 862 quondam

155 877 280 912 profanis
295 883 374 903 aurea
390 880 458 902 tecta
480 879 684 909 consurgerent.
699 884 707 900 ι
728 874 789 901 Hec
809 874 933 902 Rufinus.

990 281 1139 308 consistere
1153 280 1256 312 liccrct,
1271 279 1444 313 prolixiorem
1465 279 1508 306 ille
1530 281 1564 306 ad
1583 279 1691 306 eosdem
1707 280 1772 306 Alc-

990 327 1138 354 xandrinos
1150 326 1224 353 dedit
1245 325 1402 360 epistolam,
1415 325 1539 352 futilibus
1559 325 1637 352 dictis
1656 329 1684 352 et
1696 325 1770 353 face-

988 373 1034 399 tiis
1052 371 1249 406 plenissimam,
1265 378 1317 405 qua
1336 371 1445 398 deorum
1470 371 1576 397 turbam
1593 371 1714 398 laudibus
1727 378 1773 398 ce-

988 417 1109 450 lebrans,
1137 417 1163 444 in
1191 416 1318 444 Galilaeos
1338 416 1492 448 invehitur;
1525 416 1619 450 pudori
1649 423 1708 443 esse
1729 417 1772 443 in-

988 464 1094 498 quiens,
1109 462 1132 489 si
1146 462 1187 489 vel
1204 470 1273 489 unus
1288 469 1381 489 eorum
1396 469 1425 488 se
1439 461 1580 489 Galilaeam
1595 469 1657 488 esse
1685 463 1769 488 fatea-

988 515 1042 537 tur.
1061 519 1070 534 ε
1084 509 1135 536 Vos
1149 509 1239 544 igitur,
1255 509 1292 535 ait
1309 507 1360 544 (ά),
1375 508 1396 535 si
1411 508 1530 535 monenti
1546 508 1610 535 ntihi
1632 508 1771 541 obtempe-

988 563 1048 583 rare
1060 555 1151 587 vultis,
1167 555 1295 589 majorem
1310 554 1434 582 laetitiam
1457 554 1579 581 all'erelis
1597 562 1603 580 :
1618 554 1663 580 sin
1684 553 1727 580 illa
1744 553 1771 580 itt

987 600 1175 636 superstitione
1190 604 1218 627 et
1229 599 1366 627 vafrorum
1381 599 1519 626 hominum
1532 599 1699 625 institutione
1711 606 1772 632 pcr-

987 654 1112 674 severarc
1131 645 1256 673 mavultis
1268 666 1275 678 ,
1294 649 1322 672 at
1349 651 1469 672 ntutttam
1501 645 1571 672 inter
1586 652 1632 671 vos
1657 651 1772 672 cancor-

989 692 1059 719 diam
1077 692 1201 724 retinete,
1224 699 1310 726 neque
1330 691 1508 718 Athanasium
1525 691 1686 718 desiderate.
1705 691 1774 717 Sunt

989 737 1061 764 enim
1073 744 1106 764 ex
1123 737 1181 772 ejus
1200 736 1340 770 discipulis
1359 736 1453 770 utique
1467 735 1630 770 complures,
1649 735 1692 769 qui
1710 742 1773 769 pru~

988 783 1118 810 rientibus
1149 790 1182 810 ac
1207 783 1379 810 sermonibus
1411 782 1502 817 impiis
1532 781 1634 816 expleri
1660 782 1771 815 cupien-

990 829 1062 856 tibus
1079 829 1188 856 auribus
1209 829 1307 856 vestris
1336 828 1435 855 faciant
1462 828 1538 854 satis.
1567 827 1674 854 Utittam
1702 827 1772 854 enim

988 875 1137 903 Athanasio
1163 874 1221 902 solo
1251 874 1389 908 sacrilegae
1418 874 1502 906 ipsius
1528 873 1628 901 scholae
1659 873 1773 900 circum-

192 921 236 949 l5.
264 921 369 948 Ethnici
398 920 534 947 Iulianum
555 921 687 947 concitant
709 920 735 946 in
751 920 935 946 Athanasium.
953 917 974 948 Β
990 920 1093 954 scripta
1120 924 1192 946 esset
1215 919 1393 953 improbitas:
1408 919 1454 946 sed
1470 923 1512 945 est
1532 919 1556 945 in
1585 918 1661 945 vobis
1678 918 1772 953 hujus-

158 965 284 998 Epistola!
306 965 409 992 Iuliani
430 969 520 991 contra
548 965 731 991 Athanasium.
748 980 782 985 ——
798 964 874 992 Haud
886 965 938 992 'tliu

155 1011 304 1039 Athanasio
323 1011 398 1038 licuit
424 1010 595 1037 Alexandria:
626 1015 688 1045 post
711 1010 823 1036 reditum
854 1010 941 1037 consi-

154 1062 236 1084 stere.
265 1057 386 1084 Gentiles
416 1063 532 1090 namque
562 1063 618 1082 suae
648 1055 785 1082 addictum
809 1055 939 1090 itnpietati

154 1102 345 1135 imperatorem
374 1102 444 1128 nacti
473 1102 522 1135 (α),
547 1106 754 1135 metuentesque
780 1101 862 1127 cultui
891 1109 939 1128 nu-

154 1147 256 1174 minum
282 1154 405 1179 suorum,
424 1147 470 1181 qui
492 1146 634 1173 Athanasii
653 1147 785 1177 doctrina.
803 1153 938 1179 sermone,

155 1192 293 1226 precibus,
309 1192 485 1219 decrescebat
501 1191 527 1218 in
543 1191 601 1218 dies
619 1199 625 1217 :
639 1191 712 1218 velut
729 1196 813 1218 tetros
829 1198 940 1226 serpen-

156 1242 198 1265 ιεε
215 1246 230 1264 e
244 1238 366 1265 cavernis
384 1245 508 1272 egressos
523 1245 575 1264 una
589 1243 680 1263 secum
696 1243 867 1271 assumpsere
881 1243 940 1263 ma-

155 1289 214 1318 gos,
231 1284 367 1317 aruspices
392 1287 420 1310 et
450 1289 577 1317 augures,
591 1281 637 1316 qui
653 1282 734 1309 simul
751 1287 938 1309 contestaren-

156 1335 210 1361 tur,
225 1329 292 1356 nihil
308 1336 323 1356 ε
338 1337 366 1356 re
385 1329 546 1363 gentilitatis
562 1335 692 1363 prospere
716 1336 867 1360 cessurum,
886 1329 938 1356 ttisi

155 1375 322 1402 Athanasius
331 1375 486 1409 pelleretur.
499 1373 634 1401 Praeterea
646 1374 791 1405 da'tnones,
807 1374 845 1400 ait
855 1373 941 1401 Theo-

155 1422 266 1448 dorettts
284 1421 332 1455 (ὁ),
361 1427 422 1447 cum
443 1420 495 1447 vim
522 1427 677 1447 sermonum
701 1420 939 1454 precationumque

155 1467 297 1494 Athanasii
323 1466 395 1493 ferre
421 1473 474 1493 non
505 1470 625 1500 possent.
651 1465 792 1492 ministros
819 1472 883 1493 suos
905 1465 939 1492 ad

156 1513 298 1540 maledicta
314 1512 340 1539 in
353 1520 414 1539 eum
430 1511 601 1546 congerenda
623 1511 781 1542 incitarunt,
802 1519 833 1538 ac
848 1511 939 1538 multis

155 1560 338 1593 exposcebant
352 1558 490 1585 exturbari
518 1557 711 1590 Athanasium;
731 1557 936 1592 addebantque:

156 1603 185 1632 Si
201 1604 367 1632 Athanasius
383 1603 556 1634 remanserit,
571 1603 662 1630 nullus
680 1603 815 1637 supererit
829 1604 938 1630 deortnn

157 1651 255 1682 cultor,
275 1655 388 1678 cunctos
413 1650 484 1677 enirn
513 1649 558 1676 ille
585 1650 617 1676 ad
641 1657 703 1676 suas
725 1654 815 1684 partes
830 1649 938 1676 alltc-iet.

157 1696 268 1724 Litteris
280 1703 344 1731 ergo
356 1695 458 1723 ethnici
470 1695 503 1721 ad
517 1695 706 1728 imperatorem
718 1694 808 1722 missis
821 1699 939 1726 monent,

157 1742 334 1769 Athanasium
361 1745 513 1768 conventus
543 1741 571 1767 in
599 1739 714 1767 ecclesia
741 1747 830 1774 agere,
857 1739 941 1767 libere

157 1787 282 1821 populum
298 1787 404 1818 docere,
420 1785 573 1820 multosque
589 1785 730 1820 gentilium
757 1785 803 1812 illo
825 1792 939 1812 consua-

157 1841 218 1862 sore
233 1833 393 1862 Christianae
410 1832 473 1859 ﬁdei
489 1839 587 1859 nomen
610 1832 717 1858 dedisse
731 1850 738 1862 ,
762 1830 865 1857 nobiles
883 1837 941 1857 rua-

157 1885 251 1906 tronas
259 1878 379 1912 ejusdem
390 1877 450 1904 ﬁdei
469 1876 629 1903 rudimentis
649 1876 764 1902 imbutas
781 1875 941 1908 baptismate

157 1926 283 1952 donatas.
304 1923 343 1950 Re
356 1927 493 1957 comperta
510 1921 634 1949 Julianus
658 1921 758 1948 factum
783 1920 941 1955 perindigne

159 1971 229 2003 tulit,
256 1977 288 1998 ac
318 1969 472 2003 hujusmodi
499 1968 603 1995 litteras
628 1967 702 1994 dedit
728 1967 761 1993 ad
786 1966 942 1993 Alexandri-

159 2025 208 2044 nos
222 2016 269 2052 (c).
286 2025 295 2042 ι
309 2015 427 2050 Equum
443 2019 502 2041 erat
517 2021 589 2046 eum,
607 2014 652 2048 qui
664 2012 834 2047 imperatoris
844 2011 941 2039 edictis

157 2057 342 2095 compluribus
357 2060 458 2093 ejeclus
472 2058 573 2090 fuerat,
587 2064 669 2084 utttttn
684 2056 780 2083 saltem
797 2055 941 2089 imperato-

158 2108 195 2134 ris
209 2107 324 2134 edictum
342 2104 490 2140 praestolari
510 2103 542 2130 ad
560 2102 731 2137 repetendam
747 2101 852 2127 domum
867 2108 874 2126 :
892 2106 941 2127 nec

157 2153 288 2188 singulari
304 2152 455 2180 tetueritale
467 2156 546 2184 atque
558 2150 674 2176 amentia
693 2148 796 2182 legibus
813 2151 940 2181 tanquam

156 2207 270 2234 prorsus
292 2198 432 2225 exstinctis
449 2197 572 2224 illutlerc.
588 2195 732 2222 Enimvero
746 2201 794 2220 nos
816 2193 886 2220 haud
902 2193 938 2220 ita

158 2242 262 2276 pridetn
278 2241 393 2268 Galilaeis
416 2248 430 2267 a
455 2240 613 2267 Constantio
629 2238 734 2272 ejectis,
752 2245 804 2264 non
825 2238 939 2264 reditum

157 2288 191 2315 ad
203 2288 341 2318 ecclesias,
355 2287 400 2314 sed
420 2286 453 2314 ad
470 2285 586 2320 patriam
602 2285 699 2318 cuique
711 2291 787 2310 suam
803 2283 938 2310 concessi-

157 2342 229 2361 mus.
245 2333 332 2361 Audio
351 2332 529 2359 Athanasium
558 2331 696 2358 hominem
725 2330 938 2356 audacissimum

157 2380 237 2407 solita
261 2379 373 2406 audacia
389 2379 502 2409 elatum,
517 2377 696 2412 episcopatus.
716 2381 744 2402 ut
760 2376 809 2409 ipsi
831 2380 938 2408 vocant,

156 2426 246 2453 sedem
265 2431 406 2459 usurpare.
425 2423 490 2457 Quae
507 2430 551 2450 res
569 2431 620 2449 nort
639 2422 810 2449 mediocriter
820 2421 938 2448 Alexan-

158 2471 236 2498 tlrino
253 2470 350 2506 populo
367 2470 498 2504 displicet.
524 2467 614 2501 Quare
637 2475 699 2494 eum
721 2466 846 2501 juhemus
874 2466 940 2494 urbe

157 2518 297 2548 excedere,
309 2524 364 2551 quo
379 2516 422 2543 die
435 2515 612 2542 humanitatis
627 2517 727 2540 nostra:
743 2512 846 2540 litteras
863 2517 941 2538 acce-

157 2563 237 2598 perit.
257 2563 333 2596 Ουοα
352 2562 375 2589 si
390 2563 416 2588 itt
436 2561 502 2588 urbe
531 2559 704 2590 remanserit,
726 2558 803 2591 longe
824 2557 940 2591 majores

156 2609 346 2645 gravioresque
373 2615 466 2642 pceuas
489 2606 513 2633 ei
540 2606 760 2633 denuntiantusn
776 2603 942 2630 Christiano-

156 2662 217 2682 rum
244 2662 306 2682 vero
324 2654 460 2688 perampla
491 2652 644 2683 multitudo,
669 2658 729 2678 cutn
747 2650 843 2677 litteris
859 2648 942 2675 Julia-

155 2708 222 2729 num
237 2705 367 2736 rogasset,
382 2704 410 2726 ut
428 2699 549 2726 omnium
565 2698 636 2724 votis
655 2697 802 2731 expetitum
827 2695 942 2728 optatis-

194 2789 231 2824 (α)
248 2789 356 2831 δρευι-ιιι.
373 2788 419 2815 lib.
438 2795 468 2820 tt,
485 2794 544 2822 cap.
561 2787 595 2814 l5
617 2767 646 2812 et
673 2783 720 2817 ﬂ;
749 2783 856 2811 Sozom.
893 2782 940 2810 lib.

159 2833 184 2857 v,
197 2831 256 2858 cap.
276 2824 320 2850 l5.

195 2860 233 2894 (ὁ)
246 2859 305 2894 ιιιι).
321 2865 361 2891 ιιι,
376 2865 433 2893 cap.
451 2857 478 2894 ιι.

195 2892 229 2930 (ε)
242 2892 342 2921 Julian.
357 2892 436 2927 epist.
454 2893 495 2919 28.

991 965 1061 993 modi
1079 972 1131 992 non
1159 965 1285 998 ignobilis
1309 965 1463 992 mttltitudo.
1478 965 1516 992 Ac
1536 964 1634 992 nullius
1648 971 1714 992 sane
1730 972 1774 991 nc-

990 1011 1054 1046 gotii
1085 1017 1129 1038 res
1154 1015 1293 1038 est:nam
1320 1011 1473 1044 quicunque
1502 1010 1608 1037 tandem
1637 1017 1652 1037 e
1676 1010 1774 1044 populo

990 1057 1108 1083 delectus
1123 1056 1175 1083 erit
1190 1064 1205 1083 a
1221 1056 1307 1088 vobis,
1320 1057 1392 1090 quod
1401 1056 1434 1083 ad
1444 1056 1645 1090 Scripturarutn
1660 1064 1772 1084 enarra-

991 1103 1090 1128 tionem
1106 1102 1233 1136 pertinet,
1249 1102 1333 1129 nihilo
1357 1108 1397 1128 est
1425 1109 1458 1129 eo
1481 1102 1527 1136 qui
1546 1107 1654 1137 optatur
1666 1109 1680 1128 a
1697 1102 1774 1129 vobis

989 1147 1117 1175 deterior.
1135 1147 1181 1174 Sin
1201 1147 1271 1182 quod
1286 1155 1333 1175 vcs
1347 1147 1485 1174 Athanasii
1501 1147 1639 1175 solertiam
1661 1153 1774 1182 exopta-

991 1193 1024 1220 tis
1045 1212 1053 1225 ,
1071 1197 1248 1220 veteratorem
1262 1193 1333 1219 enim
1345 1199 1405 1220 esse
1424 1193 1559 1220 hominem
1571 1192 1660 1225 audio,
1677 1193 1774 1220 scitote

990 1237 1041 1265 hac
1056 1238 1114 1272 ipsa
1136 1238 1169 1266 de
1193 1246 1276 1266 causa
1295 1239 1362 1265 urbe
1376 1238 1449 1265 illum
1466 1238 1581 1273 ejectum
1600 1237 1693 1265 fuisse.
1709 1238 1774 1265 Ete-

989 1286 1045 1312 nitn
1062 1286 1139 1312 noxia
1158 1293 1206 1320 per
1224 1294 1254 1313 se
1272 1293 1315 1313 res
1329 1291 1381 1317 est,
1396 1286 1439 1312 vir
1456 1286 1545 1320 populi
1566 1285 1719 1320 prefectus,
1740 1294 1772 1313 ac

990 1338 1078 1358 rerum
1094 1332 1278 1358 novandarum
1291 1332 1414 1366 cupidus.
1431 1331 1508 1365 Quod
1523 1332 1545 1358 si
1559 1339 1592 1359 ne
1609 1332 1650 1359 vir
1665 1332 1773 1367 quidem

989 1381 1030 1404 est
1054 1376 1109 1409 ille,
1125 1377 1171 1405 sed
1195 1382 1366 1412 contetnptus
1392 1377 1546 1410 homuncio,
1580 1378 1666 1413 qualis
1682 1386 1774 1406 revera

989 1427 1030 1449 est
1044 1423 1190 1457 praeclarus
1206 1423 1250 1450 ille
1265 1424 1317 1456 vir,
1335 1424 1379 1458 qui
1394 1424 1450 1459 jam
1474 1424 1500 1451 in
1515 1424 1611 1458 capitis
1628 1424 1773 1452 discrimen

989 1468 1084 1503 venit],
1106 1469 1158 1496 hoc
1187 1476 1253 1496 sane
1280 1470 1391 1503 publica:
1422 1470 1633 1505 perturbationis
1668 1471 1774 1498 initium

990 1520 1040 1543 est.
1058 1515 1239 1549 Quamobrem
1253 1523 1286 1543 ne
1299 1516 1362 1551 quid
1377 1515 1463 1544 simile
1479 1516 1549 1551 apud
1563 1523 1610 1543 vos
1624 1516 1774 1552 contingat,

990 1562 1085 1588 cedere
1103 1561 1175 1588 illuttt
1201 1561 1304 1596 pridem
1321 1562 1387 1588 urbe
1410 1561 1541 1594 jussimus
1557 1570 1563 1588 :
1579 1569 1652 1588 nttnc
1681 1567 1772 1588 autem

990 1605 1108 1641 Egypto
1121 1606 1201 1633 etiam
1218 1606 1377 1633 universa.»
1396 1605 1430 1633 Ut
1450 1610 1558 1640 urgeret
1583 1611 1672 1632 autent
1691 1606 1775 1633 Atha-

991 1652 1058 1678 nasii
1085 1651 1220 1683 exsilium,
1247 1651 1327 1677 aliam
1346 1651 1420 1678 misit
1443 1651 1585 1686 epistolam
1599 1651 1634 1687 (θ)
1649 1652 1682 1678 ad
1700 1652 1776 1679 Ecdi-

990 1696 1061 1723 cium
1084 1694 1192 1730 Egypti
1219 1695 1386 1730 prtefeetum,
1409 1696 1451 1723 his
1468 1696 1558 1723 verbis
1581 1697 1773 1731 conscriptam.

993 1750 1002 1766 ι
1015 1741 1071 1768 Etsi
1095 1741 1161 1767 nihil
1177 1741 1254 1768 nobis
1272 1741 1304 1768 de
1327 1741 1432 1768 ceteris
1449 1742 1587 1774 rescribis,
1606 1747 1722 1770 attamen
1742 1745 1775 1770 de

991 1785 1036 1812 illo
1061 1786 1172 1812 deorum
1199 1786 1276 1812 hoste
1299 1785 1448 1813 Athanasio
1478 1787 1629 1814 rescribere
1643 1787 1773 1822 debuisti;

990 1830 1160 1865 potissimum
1189 1831 1252 1865 quia
1275 1832 1346 1866 qttod
1361 1831 1490 1866 praeclare
1507 1840 1521 1859 a
1538 1833 1621 1860 nobis
1635 1833 1774 1861 decretum

991 1875 1042 1902 fuit
1063 1880 1125 1902 ante
1142 1876 1295 1904 audiveras.
1310 1876 1407 1905 Testor
1421 1885 1546 1913 magnum
1575 1879 1703 1913 Sarapin,
1721 1879 1774 1907 nisi

990 1927 1053 1949 ante
1069 1921 1204 1949 Kalendas
1223 1922 1380 1950 decembres
1406 1924 1532 1952 inimicus
1561 1925 1674 1952 deorum
1690 1926 1775 1952 Athr-

991 1968 1084 1994 nasius
1105 1974 1139 1994 ex
1167 1974 1198 1994 ea
1216 1967 1292 1999 urbe,
1309 1967 1350 1994 vel
1365 1969 1454 2002 potius
1468 1976 1501 1996 ex
1520 1969 1644 1998 universa
1658 1970 1776 2006 Egyplo

990 2013 1145 2046 decesserit,
1160 2018 1267 2040 centum
1295 2014 1353 2041 auri
1378 2015 1468 2049 pondo
1495 2015 1634 2043 cohortem
1650 2025 1710 2051 qua:
1728 2018 1775 2045 tibi

991 2062 1068 2093 paret
1093 2058 1235 2086 multatum
1255 2059 1301 2086 iri.
1329 2059 1389 2087 Scis
1405 2065 1494 2088 autem
1509 2068 1590 2095 quam
1607 2062 1657 2089 sim
1685 2061 1776 2090 lentus

990 2102 1023 2129 ad
1048 2103 1294 2135 condemnandum,
1321 2107 1348 2131 et
1378 2109 1479 2138 quanto
1507 2105 1606 2132 lentior
1633 2110 1774 2141 postquam

990 2149 1167 2176 condetnnavi
1195 2151 1227 2177 ad
1253 2151 1455 2184 ignoscendum.
1471 2151 1522 2179 Per
1546 2152 1610 2179 mihi
1630 2153 1773 2180 molestum

991 2200 1031 2223 est
1044 2196 1104 2230 ejus
1116 2203 1198 2231 opera
1210 2196 1274 2223 deos
1288 2203 1382 2224 omnes
1397 2198 1544 2224 contemni.
1559 2197 1688 2231 Equidem
1706 2199 1772 2226 nihil

992 2250 1005 2269 a
1034 2247 1060 2269 te
1085 2242 1183 2269 factum
1210 2242 1337 2269 libentius
1361 2242 1466 2270 videam
1495 2243 1668 2277 audiamque,
1694 2251 1774 2278 quant

991 2288 1168 2315 Athanasium
1195 2287 1269 2315 illum
1298 2287 1441 2315 scelestum
1465 2295 1499 2315 ex
1526 2289 1652 2316 ontnibus
1667 2288 1774 2324 [Egypli

992 2332 1058 2360 locis
1073 2332 1176 2367 pulsum
1194 2339 1264 2364 esse,
1278 2331 1324 2366 qui
1338 2339 1419 2360 ausus
1443 2336 1485 2359 est
1511 2332 1538 2359 in
1567 2339 1626 2360 meo
1656 2334 1770 2368 imperio

992 2383 1129 2405 matronas
1143 2377 1297 2406 Graecorum
1311 2377 1414 2404 nobiles
1426 2378 1574 2410 baptizare.
1589 2387 1598 2402 ι

1030 2424 1074 2451 16.
1094 2423 1256 2450 Athanasius
1271 2431 1299 2450 ae
1319 2423 1450 2451 subducit.
1465 2423 1499 2450 In
1519 2423 1649 2450 desertum
1666 2431 1693 2451 se
1711 2425 1776 2450 reci-

993 2469 1085 2503 pit.—
1099 2468 1279 2502 Quamobrem
1303 2475 1364 2494 cum
1389 2475 1418 2495 se
1442 2469 1530 2495 denuo
1543 2469 1569 2495 in
1584 2469 1727 2496 discrimen
1749 2474 1775 2496 et

993 2513 1140 2547 periculum
1160 2513 1251 2540 vocari
1272 2513 1499 2540 animadverteret
1518 2521 1632 2548 magnus
1656 2514 1776 2542 Athana-

992 2558 1048 2585 sius
1063 2557 1107 2592 (ί),
1122 2561 1220 2592 quarto
1232 2557 1287 2591 jam
1299 2556 1385 2584 solum
1398 2561 1504 2584 vertere
1517 2564 1637 2590 coactus,
1645 2565 1705 2584 ettm
1720 2558 1775 2585 cir-

993 2610 1053 2630 cum
1065 2610 1094 2630 se
1109 2603 1332 2638 collacrymantes
1347 2603 1517 2631 ChristianOs
1545 2603 1651 2630 videret
1665 2611 1672 2628 :
1690 2603 1773 2634 Bono,

994 2649 1090 2683 ithtit,
1107 2649 1197 2676 animo
1211 2654 1314 2681 estote;
1330 2648 1425 2675 nebula
1441 2653 1493 2679 est,
1513 2655 1573 2682 quae
1589 2648 1661 2675 brevi
1678 2656 1776 2676 evane-

992 2699 1059 2722 scet.
1079 2694 1144 2727 Quae
1157 2701 1218 2721 cum
1234 2694 1357 2726 dixisset,
1369 2692 1518 2728 profectum
1535 2698 1629 2727 parat;
1644 2697 1671 2721 et
1682 2693 1775 2721 Eccle-

1031 2781 1070 2816 (d)
1084 2780 1183 2808 Julian.
1198 2780 1277 2815 epist.
1295 2781 1338 2807 15.

1032 2816 1068 2850 (ε)
1082 2816 1181 2843 Julian.
1194 2817 1273 2850 epist.
1293 2816 1321 2843 6.

1033 2851 1188 2914 (1)98010tn.
1215 2852 1261 2879 lib.
1291 2858 1333 2885 ιιι,
1357 2858 1418 2885 cap,
1449 2852 1495 2885 lt;
1524 2850 1627 2880 'l‘hcod.
1660 2851 1707 2879 lib.
1730 2856 1775 2884 ut,

989 2895 1049 2921 cap.
1087 2906 1093 2914 .
