2016 3046
214 143 318 166 CXLVIII

883 133 1161 162 PROLEGOMENA.

216 196 257 222 sia
284 194 379 222 amicis
396 194 556 229 quibuscum
583 197 702 221 arcttore
725 191 870 220 charitatis
893 193 999 219 vinculo
1015 197 1038 224 Α
1053 198 1105 220 tem
1128 192 1216 219 minus
1238 191 1359 219 secundo
1373 189 1492 223 amante,
1509 191 1633 226 equidem
1646 191 1730 219 corde
1745 191 1845 221 anxius

215 241 326 276 junctus
349 245 408 268 erat
432 240 630 271 commendata,
658 239 765 267 excedit
787 239 864 266 urbe.
889 238 1000 265 Litteris

218 294 300 320 porro
316 285 412 313 Juliani
429 285 620 312 secretioribus
633 293 686 312 non
704 284 765 319 pelli
786 285 866 312 modo
885 283 1001 310 Athana-

217 334 298 364 sium,
322 333 368 359 sed
383 332 462 359 etiam
482 332 751 365 obtruncarijussum
776 336 844 358 erat.
867 330 1002 358 Subduxit

219 385 248 404 se
265 382 352 404 tamen
366 378 540 409 Athanasius,
553 377 639 412 inquit
652 377 850 409 Theodoretus,
863 381 1002 411 comperto

219 424 396 457 quaerentium
427 430 456 450 se
486 431 615 455 accessu;
633 428 782 457 nactusque
801 423 834 450 ad
853 423 936 457 ripam
954 422 1004 449 flu-

219 468 300 495 minis
315 468 463 504 navigium,
477 469 509 495 ad
526 468 693 495 Thebaidem
717 467 908 494 contendebat.
923 466 946 493 Is
960 473 1005 493 ve-

221 522 261 548 ro,
280 514 321 541 cui
343 515 522 542 Athanasium
538 514 685 542 confodere
712 513 818 548 jussum
844 513 942 545 fuerat,
958 519 1005 538 au-

221 561 275 588 dita
291 560 350 595 ejus
377 560 451 596 fuga,
464 568 546 595 quam
571 559 715 586 celerrime
731 559 818 586 virum
842 558 1003 593 insequitur.

223 606 394 634 Prmcurrens
420 611 510 634 autem
541 606 650 641 quidatn
677 605 819 632 Athanasii
851 604 1005 636 familiaris,

223 656 359 680 maturare
375 653 520 684 nuntiavit.
537 653 583 686 qui
601 653 687 687 ipsttm
704 652 738 679 ad
754 658 848 678 necem
872 651 1008 686 perquire-

222 702 293 724 rent.
310 697 376 724 Tum
395 697 515 724 nonnulli
532 705 566 724 ex
593 697 742 724 comitibus
771 697 912 731 rogabant,
928 700 956 722 ut
981 696 1006 722 in

222 743 395 771 solitudinem
420 744 570 771 secederet.
589 743 649 778 Ipse
669 751 699 770 re
726 750 817 770 secum
847 742 1004 771 deliberata.

223 790 396 824 gubernatori
423 791 552 824 pratcepit
577 795 607 817 nt
636 797 768 817 converso
783 796 875 821 cursu,
889 788 1009 816 secundo

224 835 335 862 flumine
352 835 488 870 navigium
502 835 631 870 dirigeret
640 834 843 862 Alexandriam.
860 834 927 861 Curti
945 841 1009 869 ergo

1052 239 1193 265 Dominum
1206 237 1336 272 precabar
1358 246 1363 263 :
1385 239 1430 272 qui
1452 245 1516 265 vero
1533 237 1703 265 Theodorum
1733 238 1847 268 comite.-

1053 286 1152 312 bantur
1161 284 1298 316 monachi,
1307 285 1410 319 egressi
1424 284 1575 312 naviculam
1594 285 1747 312 trahebant.
1759 285 1845 313 Cum-

1052 339 1104 366 que
1112 332 1235 358 mmrenti
1246 331 1309 358 mihi
1318 331 1402 358 abbas
1412 331 1520 358 Pammo
1527 331 1683 359 consolandi
1693 332 1776 366 gratia
1787 339 1847 360 ver-

1053 377 1086 405 ba
1096 377 1206 409 faceret,
1216 376 1341 411 respondi
1352 386 1359 404 ;
1370 376 1454 404 Crede
1463 376 1603 404 allirmanti
1615 377 1692 410 mihi,
1709 386 1760 405 nou
1772 383 1846 406 tanta

1055 428 1175 458 tempore
1182 423 1255 455 pacis
1265 423 1339 450 cordi
1351 430 1410 450 meo
1418 423 1513 450 fiilucia
1523 424 1604 456 inest,
1618 428 1716 458 quanta
1728 428 1849 459 tempore

1054 468 1259 503 persecutionis.
1276 468 1389 496 Confido
1401 469 1499 504 quippe
1511 476 1553 496 me
1565 476 1614 504 pro
1622 469 1730 496 Christo
1744 470 1850 504 patien-

1057 519 1120 545 tem,
1130 518 1209 549 atque
1216 513 1275 547 eius
1286 514 1469 542 misericordia
1481 515 1648 549 roboratum,
1657 516 1763 543 etiamsi
1774 517 1848 544 oeci-

1056 561 1114 591 dar,
1127 560 1210 587 multo
1223 560 1351 595 majorem
1365 561 1399 588 ab
1412 568 1444 588 eo
1454 561 1667 589 misericordiam
1685 567 1848 590 consecutu-

1057 605 1192 632 l'llnl.":l‘c
1200 605 1280 633 verba
1290 605 1401 633 necdum
1411 606 1618 641 compleveram,
1627 615 1686 635 cum
1694 608 1849 637 Theodorus

1057 651 1181 678 ahbatetu
1194 651 1367 680 Pammonem
1381 653 1494 680 intuitus
1513 654 1624 681 subrisit
1636 663 1642 680 ε
1652 660 1679 681 et
1694 663 1755 682 cum
1783 663 1851 690 pene

1059 698 1189 725 arrideret
1203 698 1287 725 abbas
1304 698 1415 726 Pammo
1426 708 1433 725 ε
1444 699 1524 733 Quid.
1544 700 1664 734 inquam,
1680 708 1722 728 me
1734 701 1783 728 ista
1809 702 1850 729 lo-

1058 749 1185 778 quentem
1201 744 1292 771 ridetis
1301 744 1313 771 ?
1321 745 1361 771 An
1374 753 1416 772 me
1427 745 1580 773 timiditatis
1597 747 1728 781 arguitis?
1739 747 1806 774 Tum
1816 748 1851 774 ad

1060 789 1233 817 Pammonem
1250 791 1408 818 Theodorus
1422 799 1428 817 :
1447 791 1492 819 Dic
1509 792 1557 824 illi,
1576 792 1624 825 ait,
1639 800 1699 827 qua:
1712 793 1747 820 sit
1767 786 1847 821 nobis

1060 843 1142 862 causa
1171 835 1286 863 ridendi.
1315 835 1364 863 Cui
1395 836 1507 864 Pammo
1522 847 1528 864 :
1544 838 1630 865 'l‘unm
1653 839 1718 866 illud
1733 844 1785 866 est.
1806 839 1852 867 Ait

225 881 296 907 obvii
311 881 532 915 perquirentibus
558 882 728 915 navigarent,
741 880 862 908 occurrit
883 880 1010 912 sicarius,
1027 873 1047 901 Β
1063 880 1237 909 Theodorus:
1251 882 1306 909 Hac
1319 883 1374 917 ipsa
1387 882 1452 910 hora
1463 883 1488 909 in
1499 882 1609 911 Perside
1617 884 1851 913 JuliannsoceiSus

225 933 252 952 et
266 932 396 961 quantum
409 927 515 954 abesset
529 927 693 954 Athanasius
702 926 867 954 sciscitatur.
882 926 929 952 llle
940 926 1010 952 haud

225 972 319 1005 procul
332 972 427 999 abesse
435 972 584 1006 respondit;
600 978 632 998 ac
641 976 806 1006 praeverteris
819 970 1011 997 Alexandriam

228 1018 349 1051 repetiit,
367 1017 412 1044 ubi
429 1017 516 1044 latens
531 1017 656 1050 degebat,
672 1016 776 1051 reliquo
789 1016 894 1050 imperii
908 1014 1011 1042 Juliaui

228 1070 359 1098 tempore.
390 1063 453 1091 Haec
483 1063 612 1091 SOcrates
641 1068 669 1091 et
697 1063 896 1090 'l‘heodoretus.
913 1062 1013 1089 Verum

227 1111 300 1144 quod
321 1115 459 1144 postremo
483 1109 559 1136 aittnt
581 1109 759 1136 Athanasium
773 1108 808 1136 ad
822 1116 915 1136 necem
930 1115 1015 1143 usque

227 1156 326 1184 Juliani
342 1155 483 1183 delituisse
503 1155 685 1187 Alexandriae,
710 1160 803 1189 aperte
819 1159 950 1189 repugnat
969 1155 1011 1182 hl-

228 1203 319 1231 storize
340 1209 402 1229 mox
416 1203 595 1233 enarrandas;
614 1201 670 1234 cui,
695 1205 788 1236 utpote
817 1201 851 1228 ab
872 1192 1016 1227 Amtnonio

228 1248 368 1276 Athanasii
390 1247 488 1280 aequali
516 1248 635 1280 traditae,
663 1247 742 1275 ﬁdem
765 1254 865 1281 negare
879 1246 964 1274 nefas.
987 1247 1015 1274 In

229 1294 472 1330 desertumigitur,
489 1298 559 1321 teste
586 1294 740 1325 Ammonio,
767 1292 866 1319 Juliani
896 1292 1016 1319 furerent

229 1342 380 1374 declinans,
394 1340 512 1375 profugit
525 1340 575 1375 (α).
592 1339 623 1366 Et
649 1340 682 1367 ad
702 1340 761 1374 ejus
786 1347 871 1374 usqtte
900 1339 1017 1370 obitum,

231 1395 283 1415 nec
302 1387 370 1414 satis
387 1391 459 1414 tutus
476 1387 511 1413 ab
532 1386 638 1413 insidiis
652 1385 835 1419 inimicorum,
850 1386 960 1413 incertis
975 1393 1019 1412 se-

231 1434 310 1460 dibus
327 1432 396 1467 apud
411 1432 560 1459 ntonachos
572 1432 769 1459 diversabatttr.

265 1479 340 1506 Anno
353 1477 488 1506 565.-1.
506 1477 576 1510 Quid
585 1477 731 1504 Athanasio
741 1477 849 1512 contigit
857 1484 908 1511 qua
916 1476 958 1503 die
968 1484 1020 1503 ca:-

1061 931 1115 959 est,
1141 931 1169 953 ut
1193 927 1226 954 de
1247 927 1292 954 illo
1313 927 1384 954 Deus
1406 929 1599 962 pratnttntiarat
1622 929 1777 965 :Arrogam
1799 931 1851 963 uir,

1062 978 1223 1007 contemptor
1234 979 1258 1001 et
1270 974 1407 1009 superbus,
1418 975 1483 1001 ni/tt'l
1493 975 1609 1009 perﬁciet
1619 976 1639 1003 ⁸.
1652 976 1749 1011 Surget
1761 981 1851 1005 autem

1063 1019 1233 1046 Christianus
1259 1020 1416 1054 imperator,
1439 1020 1482 1054 qni
1500 1021 1648 1054 prmelarus
1664 1022 1785 1057 quidem,
1802 1023 1851 1051 sed

1064 1064 1195 1091 brevioris
1210 1065 1271 1092 vitze
1288 1065 1394 1092 futurus
1408 1070 1459 1092 est.
1478 1066 1568 1099 Quare
1589 1074 1621 1094 ne
1636 1068 1663 1094 in
1685 1067 1849 1096 Thebaidem

1065 1111 1205 1142 ascendas,
1228 1118 1277 1138 nec
1292 1111 1359 1138 tanti
1377 1111 1483 1138 itineris
1510 1111 1627 1139 laborem
1652 1112 1726 1140 feras
1740 1121 1746 1137 :
1759 1115 1806 1142 sed
1822 1115 1849 1142 in

1065 1157 1221 1184 comitatum
1235 1157 1304 1183 clam
1326 1161 1351 1184 te
1364 1157 1467 1184 confer.
1480 1156 1564 1190 Quem
1575 1158 1600 1184 in
1612 1158 1708 1186 itinere
1721 1158 1851 1191 offendes,

1066 1208 1147 1236 atque
1167 1202 1209 1228 ille
1222 1201 1374 1237 (Jovianus)
1388 1202 1468 1229 citius
1482 1212 1496 1229 a
1514 1203 1568 1230 Deo
1588 1211 1621 1230 ex
1642 1204 1691 1231 hac
1714 1204 1854 1232 auferetur

1066 1247 1131 1273 vita.
1145 1256 1155 1273 ›
1174 1247 1238 1274 lltcc
1262 1246 1332 1281 apttd
1347 1248 1518 1274 Amtnonium
1537 1249 1719 1282 Athanasius;
1737 1250 1762 1276 in
1777 1250 1854 1284 cujus

1068 1290 1212 1325 postremis
1225 1287 1323 1318 verbis'
1331 1291 1453 1326 quaedam
1469 1292 1554 1320 htcret
1569 1292 1712 1321 difﬁcultas
1728 1294 1781 1322 alio
1791 1295 1853 1322 loco

1068 1337 1238 1364 excutienda.

1103 1381 1131 1408 2.
1147 1380 1203 1409 Nec
1223 1386 1312 1410 tamen
1334 1383 1499 1411 Athanasius
1519 1383 1652 1411 Theodori
1669 1384 1783 1412 consilio
1804 1385 1854 1412 ob-

1068 1430 1188 1460 secutus,
1212 1427 1246 1454 ad
1273 1429 1462 1462 imperatorem
1487 1429 1597 1462 statim,
1621 1430 1669 1457 sed
1695 1430 1852 1465 interposita

1069 1473 1184 1507 quadam
1209 1481 1283 1500 mora
1303 1475 1456 1510 spatioque,
1484 1476 1559 1503 adiit.
1577 1476 1617 1503 Ad
1638 1477 1694 1503 haec
1710 1484 1773 1504 vero
1789 1485 1853 1504 nar-

230 1533 275 1552 sua
291 1525 417 1552 Julianus
430 1529 480 1552 est.
495 1539 530 1544 —
543 1523 612 1557 Quid
626 1528 714 1550 autem
733 1523 796 1558 ipsi,
809 1530 862 1557 qua
878 1523 922 1550 die
934 1530 1019 1550 caesus
1032 1543 1053 1571 ϐ
1071 1525 1113 1546 rat
1129 1519 1297 1547 Sozomenus
1313 1521 1361 1555 (ιι),
1379 1521 1485 1548 cuidam
1501 1529 1534 1549 ex
1554 1520 1652 1550 Iuliani
1674 1522 1854 1552 familiaribus

229 1569 352 1604 Julianus
368 1573 420 1602 est,
437 1576 532 1603 nempe
546 1576 609 1596 xxvt
623 1568 707 1600 Junii,
719 1568 858 1601 acciderit,
876 1568 933 1602 ipso
948 1569 1018 1603 apud

231 1616 404 1643 Ammonium
417 1621 547 1644 narrante
561 1617 712 1643 Athanasio
729 1615 923 1649 comperimus.
940 1623 948 1640 t
961 1615 1019 1642 Cte-

233 1666 331 1694 terum,
345 1661 382 1688 ait
396 1661 568 1694 Ammonius,
581 1661 643 1696 quia
654 1661 750 1688 beatus
764 1668 830 1696 papa
840 1660 1018 1693 Athanasius,

233 1715 276 1734 me
289 1707 409 1735 omnium
423 1700 547 1741 minimo,
558 1707 672 1742 aliisque
690 1706 817 1735 Ecclesia:
830 1706 1019 1734 Alexandrinae

233 1745 339 1781 clericis
356 1754 545 1787 praesentibus,
560 1753 645 1780 beatae
669 1753 807 1780 memoriae
831 1753 890 1780 viro
911 1752 1019 1779 Ammo-

234 1799 289 1831 nio,
305 1800 349 1834 qui
368 1798 419 1826 fuit
434 1800 578 1834 episcopus
600 1799 759 1832 Elearchiae,
773 1804 801 1826 et
818 1799 946 1827 ilermoni
965 1798 1019 1826 Bu-

235 1845 399 1872 basticorum
416 1844 442 1871 in
458 1852 552 1878 magna
571 1844 684 1872 ecclesia
702 1846 734 1872 de
755 1844 895 1872 Theodoro
919 1844 1020 1879 aliquid

235 1891 384 1923 enarravit,
408 1890 482 1924 qttod
511 1896 584 1918 tuam
612 1890 739 1917 existituo
762 1890 933 1917 sanctitatem
965 1894 1019 1916 tum

235 1940 395 1970 praesentem
423 1936 576 1967 audivisse;
594 1944 682 1970 operte
698 1937 814 1971 pretium
830 1936 905 1969 duxi,
922 1936 955 1963 ad
978 1943 1022 1963 re—

237 1982 388 2009 novandam
418 1986 470 2009 tute
494 1983 587 2016 pietati
610 1991 702 2010 eorunt
728 1983 895 2014 memoriam,
909 1989 941 2009 ea
957 1989 1021 2009 con-

236 2028 357 2055 scribere
372 2035 432 2062 qum
456 2027 500 2054 ille
526 2027 630 2055 locutus
643 2033 693 2056 est.
714 2028 781 2055 Cum
804 2028 944 2055 memorati
964 2028 1022 2062 epi-

240 2073 315 2108 scopi
331 2073 364 2100 de
380 2074 459 2101 beato
474 2074 591 2102 Antonio
611 2081 659 2101 nec
680 2075 739 2102 sine
749 2074 925 2101 admiratione
939 2074 1020 2100 verba

240 2121 360 2148 facerent
375 2120 440 2154 :qui
454 2120 496 2147 vir
509 2128 579 2155 saepe
594 2128 655 2148 cum
680 2120 828 2147 Athanasio
850 2119 1019 2153 versabatur,

238 2174 285 2194 eos
308 2166 348 2194 sic
376 2165 475 2193 affatur
488 2166 655 2195 Athanasius
671 2174 677 2192 :
692 2165 752 2193 Vidi
772 2166 854 2193 etiam
869 2172 901 2193 ea
918 2170 1021 2199 tempe-

1071 1566 1217 1592 revclatum
1232 1567 1362 1594 divinitus
1382 1567 1500 1594 futurum
1520 1567 1579 1602 ejus
1594 1569 1732 1596 interitum
1747 1579 1755 1597 :
1774 1570 1855 1606 Didy-

1069 1619 1198 1647 mumque
1222 1612 1434 1640 Alexandrinum
1459 1614 1643 1641 Christianum
1665 1616 1854 1650 philosophum

1069 1659 1232 1693 gravissimo
1253 1660 1286 1686 de
1304 1659 1418 1695 Augusti
1441 1660 1581 1695 impietate
1606 1662 1754 1696 animoque
1780 1662 1855 1689 falsis

1070 1705 1227 1732 numinibus
1251 1706 1361 1733 addicto
1385 1705 1510 1733 affectum
1529 1714 1655 1739 mterore,
1679 1715 1740 1735 cum
1765 1708 1855 1742 deplo-

1071 1751 1163 1778 randis
1186 1758 1218 1779 ac
1243 1751 1353 1786 jejuuiis
1374 1752 1555 1788 precibusque
1580 1754 1735 1781 avertendis
1757 1754 1856 1782 futuris

1071 1796 1199 1824 Ecclesize
1213 1797 1336 1825 cladibus
1356 1798 1432 1825 daret
1450 1806 1571 1833 operam,
1587 1806 1681 1826 somno
1696 1807 1854 1834 oppressum

1071 1842 1172 1870 vidisse
1195 1843 1300 1878 equites
1318 1843 1440 1871 candidis
1462 1844 1537 1878 equis
1562 1844 1631 1872 cmlo
1658 1845 1853 1878 discurrentes.

1073 1894 1128 1915 Ittm
1143 1896 1202 1916 eam
1219 1889 1356 1923 accepisse
1370 1896 1463 1916 vocem
1480 1889 1630 1917 :Nuntiate
1648 1889 1762 1927 Didymo
1775 1892 1856 1919 hodie

1071 1934 1206 1962 Julianum
1223 1942 1254 1962 ac
1274 1935 1330 1970 ipsa
1353 1935 1419 1962 hora
1435 1940 1602 1970 peremptum
1624 1943 1693 1968 esse,
1712 1937 1790 1971 idque
1810 1938 1854 1965 ille

1071 1980 1219 2008 Athanasio
1228 1982 1353 2015 episeopo
1367 1981 1510 2016 significet,
1521 1986 1547 2009 et
1555 1989 1704 2017 exsurgens
1717 1984 1853 2011 comedat.

1108 2027 1133 2053 5.
1151 2027 1313 2053 Athanasius
1331 2027 1397 2053 redit
1416 2026 1616 2055 Alexandriam.
1631 2028 1759 2056 Jouianus
1772 2029 1856 2062 impe-

1073 2077 1145 2098 rator
1170 2072 1345 2106 inauguratus
1366 2072 1468 2099 litteras
1493 2073 1540 2099 dat
1567 2073 1602 2099 ad
1624 2074 1808 2106 Athanasium,
1831 2079 1858 2102 et

1073 2118 1233 2145 Athanasius
1250 2118 1284 2144 ad
1300 2118 1396 2152 ipsum.
1413 2133 1447 2138 ——
1464 2119 1630 2146 Athanasius
1655 2126 1720 2154 ergo
1746 2125 1858 2154 accepta

1073 2163 1170 2191 Juliani
1186 2171 1262 2196 nece,
1280 2172 1329 2192 nec
1346 2169 1513 2199 exspectata,
1531 2169 1560 2192 ut
1576 2166 1751 2199 arbitratuur,
1766 2173 1780 2192 a
1794 2174 1857 2193 suc-

237 2216 309 2239 state
323 2219 434 2245 magnos
450 2211 497 2238 Dei
516 2211 599 2244 viros,
612 2211 783 2238 Theodorum
809 2210 1022 2238 Tabcnnesiota-
1038 2212 1059 2238 D
1073 2218 1182 2238 cessore
1202 2211 1365 2245 remigrandi
1381 2211 1469 2244 venia,
1486 2212 1564 2238 sedes
1578 2212 1777 2246 quamprimum
1794 2219 1859 2239 suas

238 2265 298 2284 rum
321 2257 513 2284 monachorum
536 2257 704 2290 praefectum,
717 2255 854 2290 aliumque
876 2256 1022 2283 monacho-

238 2311 298 2330 rum
321 2303 428 2331 Patrem
455 2308 565 2338 propter
579 2303 737 2335 Antinoum,
759 2302 802 2329 cui
825 2309 922 2330 nomen
941 2302 1023 2330 abbas

238 2349 360 2381 Pammo,
386 2349 431 2385 qui
457 2350 527 2376 haud
551 2349 588 2376 ita
607 2349 709 2384 pridetn
725 2347 940 2376 obdortnierunt.
955 2348 1022 2376 Cutn

238 2395 311 2422 enim
337 2402 379 2422 me
397 2394 441 2422 illo
457 2399 578 2429 tentpore
591 2393 715 2422 Julianus
730 2394 765 2421 ad
778 2401 871 2421 necem
888 2394 1024 2428 perquire-

239 2445 292 2471 ret.
305 2445 545 2475 exspectaremque
568 2440 596 2466 in
620 2439 678 2467 dies
703 2439 853 2471 interitum,
867 2439 962 2467 amicis
977 2446 1024 2466 ne-

239 2486 420 2520 cessariisque
447 2486 514 2513 meis
538 2484 686 2520 periculum
711 2484 944 2517 renuntiantibus;
971 2484 1024 2510 dtto

239 2531 380 2559 ntemorati
403 2532 454 2559 viri
470 2539 512 2559 me
526 2531 642 2566 quadam
659 2531 703 2558 die
719 2530 868 2558 Antinoum
891 2536 1024 2557 convene-

239 2582 312 2605 runt.
339 2577 406 2605 Cum
432 2584 536 2605 mecum
563 2583 613 2612 ego
641 2581 807 2611 reputarem,
839 2583 893 2610 qua
917 2576 1024 2602 ratione

241 2624 311 2659 apud
334 2623 504 2651 Theodorum
530 2630 638 2658 possem
660 2622 756 2655 latere,
784 2623 844 2656 ejus
870 2621 1023 2648 naviculatn

242 2670 359 2705 undique
373 2675 494 2705 opertam
512 2674 594 2704 atque
617 2669 736 2696 clausam
749 2668 910 2700 conscendi,
927 2669 1024 2695 abbate

243 2713 387 2743 Pammone
410 2723 460 2743 nos
482 2715 593 2743 honoris
606 2721 688 2742 causa
702 2714 858 2742 comitante.
876 2713 963 2742 Vento
977 2721 1024 2740 au-

281 2783 293 2798 ⁵
303 2782 403 2810 Hahae.
421 2791 440 2816 ι,
455 2782 497 2810 16.

280 2850 318 2887 (a)
334 2850 361 2878 In
377 2850 490 2886 epistola
505 2851 651 2879 Ammonii.
665 2852 730 2879 Acta
744 2851 797 2880 SS.
813 2852 844 2879 ll
859 2851 935 2880 Maii.

1072 2257 1189 2291 repetiit.
1202 2256 1332 2284 Iovianus
1346 2261 1436 2284 autem
1454 2257 1636 2290 Christianus,
1653 2257 1721 2284 mira
1742 2258 1784 2285 vir
1799 2258 1859 2292 pie-

1071 2308 1128 2330 tate
1154 2303 1292 2337 auimique
1318 2303 1440 2337 lenitate,
1466 2310 1520 2330 uno
1545 2303 1695 2331 cohortium
1711 2309 1773 2331 voto
1798 2309 1859 2339 post

1070 2347 1170 2375 Juliani
1197 2348 1336 2375 interitum
1362 2349 1550 2384 inauguratus,
1575 2348 1699 2376 exsulum
1717 2348 1859 2384 episcopo-

1073 2401 1130 2421 rum
1150 2395 1324 2422 revocatione
1338 2394 1481 2428 imperium
1498 2400 1539 2423 est
1560 2395 1724 2430 auspicatus.
1742 2394 1859 2428 Moxque

1074 2439 1108 2466 ab
1121 2439 1279 2471 Athanasio,
1300 2439 1344 2474 qui
1361 2440 1467 2466 caeteris
1482 2440 1595 2467 ntultum
1614 2440 1713 2475 pietate
1728 2439 1857 2470 anteibat,

1074 2492 1163 2517 orsus,
1188 2485 1294 2512 litteras
1315 2485 1389 2513 misit
1413 2485 1607 2513 benevolentia:
1630 2490 1658 2512 et
1681 2485 1859 2512 observantia:

1075 2531 1257 2565 plenissimas,
1275 2531 1360 2558 sancti
1382 2531 1505 2566 praesulis
1526 2531 1665 2563 virtutem,
1689 2531 1715 2558 in
1740 2530 1860 2558 ferendis

1076 2577 1275 2606 calamitatibus
1289 2577 1482 2611 fortitudinem,
1499 2577 1623 2605 affectum
1642 2584 1705 2611 erga
1722 2577 1860 2604 Christum

1078 2623 1191 2650 mirifice
1213 2631 1356 2650 exornans.
1384 2622 1503 2651 Revocat
1531 2623 1564 2650 ad
1588 2621 1683 2649 salutis
1708 2622 1859 2648 doctrinam

1077 2668 1286 2702 praedicandam,
1310 2668 1387 2701 jubet
1407 2676 1528 2695 remeare
1553 2668 1579 2695 in
1604 2668 1760 2700 ecclesiam,
1780 2674 1862 2702 popu-

1077 2713 1186 2748 lumque
1212 2713 1294 2741 verbo
1322 2713 1368 2740 Dei
1395 2720 1515 2747 pascere.
1541 2712 1711 2741 Tcstificatur
1735 2718 1860 2746 magnam

1092 2850 1129 2886 (b)
1149 2850 1256 2878 Sozam.
1272 2849 1319 2878 lib.
1333 2857 1370 2883 vt,
1387 2857 1445 2884 cap.
1457 2849 1484 2877 2.
