2016 3046
779 154 858 182 VITA
877 155 907 182 S.
927 154 1122 182 ATllANASll.

139 225 171 247 se
187 223 262 252 spem
274 216 300 243 in
312 216 437 250 precibus
451 215 510 250 eius
524 215 666 250 repositam
681 215 792 242 habere.
807 215 922 250 Εὑχαρι-
938 234 960 260 Δ

140 263 268 300 amplae;
277 270 358 296 porro
371 262 475 289 litteras
491 262 643 296 imperatori
658 261 828 296 rescripsisse
840 261 924 287 Atha-

140 311 244 337 nasium
272 308 340 336 nihil
364 308 489 338 dubium.
512 307 609 342 injuria
639 307 742 334 scilicet
773 311 923 340 temporutn

140 355 266 383 amissas.
278 353 370 388 Neque
385 354 422 380 ita
441 353 525 380 multo
543 357 602 386 post
616 353 695 379 aliam
710 352 784 379 dedit
796 351 923 379 Jovianus

140 400 173 427 ad
198 400 376 427 Athanasium
399 399 552 434 epistolam,
573 406 671 433 rogans
689 397 749 424 fidei
770 398 922 430 veritatem,

140 446 166 472 in
181 449 324 473 sexcentas
340 445 481 479 opiniones
494 448 639 478 partesque
652 444 821 474 distractam,
834 447 925 470 trans-

140 491 229 518 mittat
250 490 311 518 sibi.
330 490 398 517 Tum
420 490 540 525 Augusto
561 489 604 515 illc
621 489 734 516 alteram
757 489 830 515 misit
849 493 924 516 tanto

139 536 261 568 doctore,
277 536 322 570 qui
348 536 471 563 cumulus
486 539 528 561 est
553 535 647 564 laudis.
667 534 852 569 dignissimam
872 541 923 560 no—

138 583 214 609 mine
242 583 334 618 synodi
366 582 555 616 episcoporum
582 581 702 617 Egypti,
730 581 874 608 Thebaidis
897 585 925 608 et

141 629 232 664 Libyie
251 629 431 664 conscriptam
447 638 454 656 :
473 636 524 663 qua
538 636 568 655 se
582 629 711 662 principis
728 635 792 663 erga
809 635 853 655 res
872 634 924 654 ρω-

141 675 222 702 lestes
235 683 354 702 amorem
373 675 550 709 discendique
562 675 681 702 studium
697 675 836 710 suspicere
847 681 925 702 acce-

139 726 269 756 ptumque
285 722 386 748 habere
401 720 561 755 testificatur
576 730 583 747 :
601 720 735 748 Nicmnam
749 720 835 748 'fldem
850 728 925 747 com-

141 768 261 799 mendat,
282 767 451 802 Arianosque
465 767 553 802 carpit
575 769 646 802 quod
668 767 745 794 istius
764 767 860 802 synodi
878 768 925 794 de-

138 815 222 840 cretis
244 818 318 840 stare
343 814 511 845 renuissent;
538 813 608 840 unde
631 817 697 840 orta:
723 817 804 840 tanta
828 812 923 844 turbat,

140 864 214 886 tanta
246 867 294 893 per
323 858 470 886 Ecclesiam
502 858 624 886 dissidia.
655 858 802 885 Enumerat
827 858 925 885 exinde

1672 163 1753 184 ειιιι

975 214 1022 240 des
1044 213 1121 241 nobis
1141 213 1306 247 episcopum.
1325 213 1373 240 llic
1389 213 1535 247 imperator
1551 221 1559 241 :
1576 213 1647 241 Iussi
1674 215 1758 242 Atha-

976 261 1091 291 nasium,
1106 267 1186 294 quem
1202 260 1276 293 prius
1290 259 1432 291 habuistis,
1452 261 1478 287 in
1501 261 1598 288 throno
1617 260 1757 290 collooari.

975 305 1043 332 Tum
1065 305 1157 332 Ariani
1178 305 1258 332 :Jam
1278 305 1369 332 multis
1382 306 1460 333 annis
1480 306 1557 333 exsul
1581 310 1609 333 et
1625 313 1688 333 reus
1704 313 1755 334 est.

975 350 1127 384 Statimque
1148 350 1224 377 utiles
1244 351 1284 377 ira
1308 355 1458 378 commotus
1477 360 1484 377 :
1508 349 1638 384 Obsecro,
1660 351 1757 386 inquit,

974 396 1117 430 imperium
1133 400 1218 429 tuum,
1236 396 1293 430 ipse
1306 397 1428 430 inquiras
1438 397 1548 431 quinam
1564 402 1592 425 et
1607 398 1678 426 unde
1692 397 1757 425 sint.

974 441 1044 468 Sunt
1060 442 1130 469 enim
1154 442 1266 477 abiecta:
1290 442 1411 477 reliquize
1437 443 1624 478 Cappadociae,
1652 445 1757 472 residua

975 489 1052 515 turba
1070 487 1185 523 improbi
1204 488 1275 516 illius
1289 488 1408 524 Georgii,
1425 490 1472 524 qui
1488 490 1624 518 civitatem
1637 495 1664 518 et
1677 499 1757 518 mun-

974 533 1036 560 dum
1051 534 1205 561 universum
1226 535 1410 562 devastarunt.
1427 535 1529 568 Quibus
1543 536 1690 570 imperator
1710 544 1759 563 au-

974 576 1048 611 ditis,
1060 579 1176 608 admotis
1189 580 1341 608 calcaribus
1362 588 1462 615 equum
1475 582 1633 617 concitavit,
1649 587 1678 610 et
1693 583 1761 611 abiit

975 625 1001 652 in
1021 632 1159 660 campum.

1010 671 1036 698 5.
1055 671 1110 699 Nec
1133 671 1265 705 ejusmodi
1288 672 1394 707 repulsa
1423 673 1566 708 stupefacti
1591 674 1697 708 Ariani,
1721 683 1762 704 se-

974 717 1062 743 cundo
1087 717 1279 751 imperatorem
1310 718 1346 744 ita
1373 718 1546 753 alloquuntur
1572 727 1579 746 :
1605 719 1644 746 En
1663 720 1762 747 adsunt

975 762 1179 790 criminationes
1208 767 1236 790 et
1261 769 1418 798 argumenta
1447 765 1473 791 in
1502 765 1688 799 Athanasium,
1715 766 1760 801 qui

975 813 1039 834 ante
1051 809 1143 835 decem
1157 814 1186 836 ct
1199 809 1292 844 viginti
1321 817 1405 837 annos
1424 817 1438 836 a
1460 810 1636 839 Constantino
1649 817 1677 839 et
1691 813 1762 840 Con-

976 852 1076 879 stantio
1095 852 1121 879 in
1133 853 1258 880 exsilium
1277 853 1412 888 relegatus
1424 859 1477 886 est,
1496 855 1614 890 itemque
1629 857 1680 884 sub
1695 857 1761 884 bea-

140 904 295 940 provincias
307 908 333 931 et
349 904 472 939 regiones
484 903 510 931 in
523 904 620 938 quibus
634 903 769 930 obtineret
789 902 923 937 ejusmodi
939 909 960 936 Β
979 899 1084 926 lissimo
1099 899 1259 934 philosopho
1273 900 1380 928 Iuliano
1393 901 1538 928 exsulavit.
1553 902 1656 935 Quibus
1670 903 1762 938 Augu—

139 950 275 981 doctrina,
290 949 382 983 paucis
396 949 542 976 admodum
558 949 665 975 Ariauis
679 948 824 975 temerario
844 952 924 982 atque

139 994 225 1029 impio
240 1002 303 1020 ausu
319 995 449 1021 adversus
470 1002 531 1021 eam
548 993 748 1025 dimicantibus,
763 993 923 1020 excubanti-

139 1040 244 1074 busque
271 1039 304 1066 ad
329 1040 440 1074 quasvis
473 1039 611 1066 turbarum
645 1040 813 1066 occasiones.
840 1038 925 1066 Atlert

138 1090 232 1120 postea
249 1084 385 1112 Nica-nnm
401 1084 564 1120 symbolum,
577 1085 620 1112 cui
633 1084 761 1111 nonnulla
776 1085 924 1119 perspicui-

139 1132 202 1159 tatis
216 1139 297 1158 causa
315 1130 468 1165 subiungit;
492 1129 641 1165 iisdemque
655 1138 716 1157 cum
734 1130 786 1156 alia
811 1137 859 1163 per
874 1136 924 1157 ne-

138 1178 272 1209 cessaria,
303 1182 358 1203 tum
385 1177 504 1203 maxime
536 1175 654 1210 Spiritus
681 1176 767 1203 sancti
796 1175 923 1202 deitatem

139 1224 270 1251 declarat.
292 1222 357 1256 Quae
377 1221 519 1249 Athanasii
539 1222 637 1249 litterae
657 1221 770 1249 Joviano
792 1226 925 1256 pergrata:

138 1275 242 1305 perque
255 1268 379 1303 jucunda:
404 1268 491 1299 fuere.
508 1272 538 1295 ut
560 1274 607 1294 eas
630 1268 757 1302 deinceps
784 1274 832 1294 Ceu
854 1274 925 1294 vera:

139 1315 272 1343 doctrinae
289 1319 418 1341 tesseram
431 1313 579 1341 censuerit.
595 1314 674 1340 Istam
699 1313 763 1340 item
784 1312 924 1339 Athanasii

138 1360 280 1396 epistolam
305 1359 426 1386 celebrat
449 1358 597 1396 Gregorius
624 1358 823 1396 Nazianzenus,
853 1357 924 1392 quod

141 1395 220 1434 trium
238 1412 415 1440 personarum
435 1395 515 1441 unam
530 1405 686 1436 essentiam,
704 1411 784 1431 unam
800 1403 925 1430 divinita-

141 1457 194 1480 tem
209 1459 268 1480 esse
282 1451 422 1487 propalam
437 1455 463 1478 et
477 1450 557 1478 nullis
577 1451 739 1485 ambagibus
755 1450 923 1485 profiteatur.

140 1497 296 1526 Estimavit
318 1505 402 1532 porro
418 1496 459 1523 vir
474 1496 510 1524 cl.
532 1496 613 1523 Henr.
635 1495 758 1524 Valesius
773 1495 923 1523 Antiochiae

141 1545 231 1571 datam
265 1542 396 1579 ejusmodi
429 1542 570 1577 epistolam
599 1541 704 1574 fuisse,
739 1542 829 1569 isthuc
864 1548 925 1568 cum

141 1591 289 1619 Athanasio
307 1591 435 1626 profectis
449 1589 586 1625 Egyptiis
600 1589 772 1625 prmsulibus.
794 1589 847 1617 Sed
867 1596 926 1616 eam

142 1639 328 1670 sententiam.
369 1642 463 1672 utpote
500 1637 672 1665 'l‘bcodoreto
707 1637 821 1672 aliisque
857 1636 928 1664 scri-

143 1685 266 1720 ptoribus
294 1685 445 1716 adversam,
471 1683 595 1718 pluribus
625 1684 652 1711 in
680 1683 782 1711 Monito
803 1682 927 1711 confuta-

143 1737 214 1758 ntus.

177 1777 204 1804 ι.
221 1777 381 1804 Athanasius
396 1777 429 1803 ad
442 1776 585 1804 Iovianum
596 1777 649 1803 adit
661 1776 836 1804 Antiochiam.
850 1777 930 1803 Aria-

143 1831 236 1849 norum
250 1823 361 1858 querela:
383 1823 409 1849 in
427 1823 611 1855 Athanasium,
626 1826 651 1849 et
674 1830 797 1856 responsa
812 1822 927 1850 Ioviani.

142 1883 178 1888 -—
194 1869 311 1903 Accepta
332 1868 462 1895 Jovianus
486 1868 625 1896 Athanasii
653 1868 777 1902 epistola,
804 1867 862 1901 eius
890 1868 930 1894 vi-

142 1913 224 1941 dendi
253 1914 387 1941 desiderio
409 1914 537 1949 ﬂagrans.
564 1921 625 1940 eum
655 1918 732 1948 rogat
759 1913 928 1940 Antiochiam

141 1959 340 1995 proficiscatur.
365 1960 424 1994 Quo
449 1968 510 1987 cum
529 1960 574 1987 ille
597 1960 789 1992 concessisset,
816 1959 930 1986 comiter

143 2010 273 2038 exceptus
291 2006 324 2032 ab
340 2005 471 2039 Augusto,
490 2012 504 2031 a
520 2004 654 2036 consiliis,
671 2009 700 2030 ut
714 2004 777 2030 licet
791 2004 927 2039 augurari,

144 2051 196 2086 ipsi
214 2051 281 2083 fuit,
305 2056 332 2078 et
356 2051 574 2078 machinamenta
597 2049 786 2076 haereticorum
813 2049 928 2084 aperuit,

142 2098 314 2125 commodum
337 2104 403 2124 sane
427 2097 454 2124 in
479 2096 524 2123 tali
545 2103 634 2122 rerum
658 2095 823 2122 conditione.
838 2093 931 2121 Enim-

145 2151 209 2171 vero
234 2145 396 2171 Arianorum
423 2143 570 2179 principes,
590 2143 660 2170 inter
681 2149 749 2176 quos
774 2140 873 2168 Lucius
896 2142 930 2167 ad

143 2190 254 2225 Georgii
276 2189 424 2224 implendas
450 2189 523 2216 vices
538 2188 643 2223 pridem
667 2188 702 2215 ab
719 2187 826 2214 Arianis
847 2186 929 2214 desti-

144 2241 236 2268 natus,
252 2243 358 2263 necnon
370 2234 549 2262 Bernicianus
563 2234 654 2260 nescio
669 2233 739 2267 quis,
757 2231 928 2259 Antiochiam

974 949 1030 972 stus
1047 953 1053 971 :
1069 943 1129 971 Jam
1147 945 1339 972 obsoleverunt
1353 954 1412 980 qua-
1426 953 1488 973 ante
1504 947 1649 981 decimum,
1662 950 1760 977 vicesi—

975 997 1048 1017 mum
1064 995 1091 1018 et
1112 991 1278 1018 tricesimum
1300 999 1400 1018 annum
1420 993 1551 1020 instituta;
1567 1000 1630 1022 sunt
1649 1002 1761 1023 accusa-

975 1036 1072 1064 tiones.
1088 1035 1128 1063 Ne
1143 1037 1209 1064 mihi
1221 1037 1253 1065 de
1269 1037 1418 1065 Athanasio
1431 1040 1513 1066 verba
1532 1039 1649 1068 faciatis.
1668 1041 1762 1076 Neque

975 1081 1047 1109 enim
1063 1081 1159 1118 ignoro
1173 1090 1227 1117 qua
1247 1084 1280 1112 de
1292 1091 1374 1112 causa
1392 1090 1537 1113 accusatus
1551 1091 1580 1114 et
1594 1088 1763 1123 proscriptus

975 1134 1021 1156 ειι.

1010 1175 1036 1203 ϐ.
1053 1175 1107 1204 Nec
1130 1176 1183 1204 ista
1205 1183 1312 1210 quoque
1336 1178 1476 1212 responsio
1500 1179 1614 1207 audaces
1636 1180 1763 1209 homines

975 1221 1150 1256 compescuit.
1174 1221 1268 1249 Tertio
1284 1230 1401 1257 namque
1421 1224 1453 1251 ad
1476 1223 1618 1252 Iovianum
1633 1227 1763 1255 adeuntes

976 1267 1050 1295 aiunt
1066 1277 1073 1295 :
1090 1267 1157 1295 Aliae
1171 1276 1279 1303 quoque
1295 1274 1441 1304 suppetunt
1465 1272 1652 1301 accusationes
1667 1279 1762 1302 contra

974 1314 1166 1341 Athanasium.
1185 1314 1288 1348 Quibus
1303 1315 1471 1350 imperator:
1485 1317 1541 1345 Non
1560 1326 1591 1345 ex
1605 1320 1719 1348 tumultu
1735 1327 1764 1348 et

976 1359 1153 1395 loquacitate,
1170 1361 1235 1394 quid
1250 1360 1306 1395 jus,
1325 1361 1389 1395 quid
1408 1369 1514 1396 a-quum
1529 1363 1564 1390 sit
1582 1364 1765 1398 deprehende-

977 1410 1030 1432 tur.
1049 1405 1102 1433 Sed
1127 1406 1235 1441 deligite
1249 1414 1281 1433 ex
1297 1407 1374 1434 vobis
1394 1406 1473 1440 duos,
1490 1416 1523 1435 ex
1543 1409 1621 1443 plebe
1642 1411 1762 1438 totidem.

977 1451 1086 1486 Nequeo
1098 1452 1169 1479 enim
1183 1452 1216 1480 ad
1231 1452 1352 1488 singulos
1366 1458 1487 1480 vestrum
1504 1456 1678 1490 respmidere.
1694 1455 1762 1484 Tum

978 1497 1023 1531 qui
1049 1504 1082 1524 ex
1103 1497 1181 1532 plebe
1200 1497 1315 1525 aderant
1333 1508 1338 1525 :
1364 1498 1396 1526 lli
1419 1505 1481 1526 sunt
1506 1501 1627 1535 reliquiis
1647 1503 1764 1537 improbi

977 1544 1098 1578 Georgii,
1117 1544 1161 1579 qui
1177 1544 1325 1579 provinciae
1339 1550 1439 1573 nostra:
1459 1547 1576 1575 intulere
1596 1549 1763 1582 vastitatem,

979 1595 1006 1617 et
1034 1590 1060 1617 in
1087 1590 1245 1619 civitatibus
1271 1591 1373 1619 nullum
1403 1594 1552 1627 permisere
1577 1595 1763 1622 consiliarium

980 1635 1102 1664 habitare
1125 1635 1173 1671 (ὁ).
1185 1657 1192 1664 .
1204 1655 1211 1663 .
1224 1655 1231 1663 .
1245 1656 1253 1663 .
1269 1636 1408 1665 lustaba‘nt
1433 1639 1527 1666 Ariani
1547 1648 1554 1666 :
1570 1639 1764 1675 Quemcunque

978 1682 1095 1710 volueris
1115 1686 1216 1718 prater
1236 1683 1426 1711 Athanasium.
1443 1684 1503 1711 Dixi
1526 1685 1612 1717 vobis,
1631 1686 1668 1713 ait
1683 1686 1765 1721 impe-

980 1733 1064 1760 rator,
1089 1736 1149 1763 qua:
1173 1729 1353 1757 Athanasium
1384 1735 1507 1764 spectant
1531 1732 1587 1766 jam
1617 1734 1764 1762 constituta

978 1782 1054 1806 esse;
1067 1778 1095 1801 et
1117 1775 1155 1802 ira
1178 1780 1338 1808 commotus,
1357 1777 1428 1812 Feri,
1440 1777 1501 1811 feri,
1517 1779 1662 1807 clamabat.
1676 1780 1765 1808 Nihilo

979 1820 1072 1848 Ariani
1097 1822 1186 1849 minus
1209 1831 1218 1849 :
1239 1823 1266 1850 Si
1286 1824 1390 1857 mittas,
1415 1824 1551 1860 inquiunt,
1573 1826 1765 1859 Athanasium,

979 1867 1049 1901 perit
1060 1867 1156 1896 civitas
1175 1873 1285 1902 nostra;
1300 1877 1380 1898 nemo
1391 1878 1452 1898 cum
1471 1872 1516 1900 illo
1530 1875 1676 1901 consentit.
1692 1874 1765 1902 Con-

980 1919 1020 1941 tra
1047 1914 1218 1949 imperator:
1243 1915 1324 1950 Atqui
1349 1917 1491 1952 diligenter
1513 1920 1678 1953 sciscitatus,
1703 1921 1765 1948 n0vi

980 1959 1055 1987 illum
1072 1966 1144 1988 recte
1162 1962 1265 1989 sentire
1283 1970 1314 1990 ac
1330 1963 1439 1997 docere,
1450 1965 1683 2002 orlhodoxumque
1694 1974 1766 1994 esse.

979 2004 1019 2032 llli
1037 2007 1207 2041 impudenter
1224 2016 1230 2034 :
1246 2007 1299 2035 Ore
1318 2008 1426 2042 quidem
1441 2015 1516 2037 recte
1531 2010 1660 2045 loquitur,
1675 2012 1767 2039 animo

980 2056 1070 2079 autem
1085 2052 1176 2080 dolose
1199 2054 1289 2081 sentit.
1310 2053 1378 2081 Tum
1394 2060 1489 2090 argute
1504 2056 1652 2090 imperator
1669 2066 1675 2084 :
1695 2057 1767 2085 Satis

979 2102 1022 2124 est
1034 2098 1173 2125 testiﬁcari
1191 2106 1236 2125 vos
1259 2107 1320 2126 cum
1339 2104 1411 2127 recte
1429 2101 1501 2136 loqui
1519 2108 1551 2129 ac
1568 2102 1676 2130 docere.
1691 2103 1767 2136 Quod

980 2142 1002 2169 si
1016 2142 1105 2178 lingua
1118 2144 1227 2179 quidem
1245 2150 1319 2172 recte
1334 2145 1464 2180 loquitur,
1479 2146 1570 2174 animo
1584 2152 1673 2174 autem
1685 2155 1768 2182 prave

980 2188 1071 2221 sentit,
1090 2196 1133 2216 res
1156 2189 1195 2216 illi
1212 2197 1272 2217 cum
1291 2190 1345 2217 Deo
1368 2195 1417 2218 est.
1444 2190 1500 2218 Nos
1517 2192 1616 2226 quippe
1644 2192 1768 2219 homines

982 2240 1136 2261 sermonem
1155 2239 1259 2262 tantum
1283 2236 1425 2269 audimus;
1448 2243 1508 2271 quae
1533 2242 1621 2264 autem
1647 2238 1672 2263 in
1687 2237 1768 2264 corde

142 2281 539 2314 concesserant,Athanasium
556 2280 679 2315 Augusto
695 2279 726 2306 de
741 2278 832 2305 multis
847 2277 929 2304 scele-
946 2282 969 2310 Ι)
983 2278 1069 2306 latent
1098 2280 1173 2306 novit
1194 2288 1264 2307 unus
1289 2281 1370 2308 Deus.
1394 2281 1489 2308 Ariani
1516 2288 1580 2308 vero
1605 2290 1612 2308 :
1633 2281 1700 2309 ane
1720 2290 1769 2309 nos

144 2329 221 2356 ribus
243 2328 378 2360 delaturi,
397 2328 467 2361 quod
491 2331 648 2361 perpetuum
674 2329 735 2352 erat
760 2330 854 2351 eorum
878 2327 932 2350 stu-

142 2373 229 2401 dium.
246 2373 368 2406 Quadam
384 2379 448 2406 ergo
463 2372 506 2399 die
521 2371 558 2407 (a)
581 2370 696 2398 Jmiano
714 2377 763 2404 per
777 2369 930 2396 ltomanen-

142 2428 201 2447 sem
226 2424 331 2454 portam
366 2418 391 2445 in
421 2425 516 2452 agrum
545 2417 725 2447 concedente,
753 2415 929 2449 inexspectatt

142 2465 304 2492 accedentes
328 2464 420 2491 Ariani
444 2463 563 2498 Egyptii
592 2462 742 2495 Augustum
768 2460 931 2495 compellant

143 2512 188 2539 his
203 2511 292 2538 verbis
312 2519 319 2537 :
339 2510 475 2546 Rogamus
491 2510 649 2545 potentiam,
672 2508 825 2543 imperium.
844 2507 929 2542 pieta-

144 2562 198 2585 tem
225 2561 309 2589 tuam,
326 2564 375 2584 nos
399 2556 502 2582 audias.
528 2555 631 2588 Quibus
655 2555 700 2581 ille
723 2563 729 2581 :
759 2553 886 2586 Quinam.
903 2557 930 2579 et

144 2602 217 2631 unde
233 2603 316 2630 estis?
338 2592 385 2629 Ctti
402 2601 438 2629 illi
454 2611 460 2629 ;
477 2601 635 2632 Christiani,
652 2600 770 2627 domine.
788 2599 874 2630 Unde,
891 2599 938 2626 ait.

144 2650 302 2684 imperator,
312 2653 338 2675 et
349 2656 381 2675 ex
392 2656 443 2682 qua
456 2647 588 2675 civitate?
602 2646 777 2680 Respondent
791 2654 797 2672 ε
810 2645 929 2672 Alexan—

145 2694 234 2720 drina.
252 2693 399 2728 linperator
419 2703 425 2720 :
448 2693 517 2727 Quid
535 2692 697 2727 postulatis?
717 2691 785 2718 Tum
806 2691 900 2718 Ariani
921 2699 928 2717 :

145 2739 282 2775 Rogamus
301 2739 449 2774 potentiam
469 2744 543 2779 tuam
570 2744 598 2766 et
624 2739 765 2773 imperium
792 2743 876 2770 tuum,
901 2743 930 2764 ut

192 2830 220 2862 α)
237 2830 337 2857 Athan.
352 2827 430 2855 Petil.
442 2828 476 2854 ad
493 2827 634 2855 Iovianum
651 2828 770 2860 imperat.

192 2830 220 2862 α)
237 2830 337 2857 Athan.
352 2830 430 2855 l’etil.
442 2830 476 2854 ad
493 2830 634 2855 Iovianum
651 2830 770 2860 imperat.

178 2830 217 2903 Σὺ)
234 2864 299 2892 llazc
323 2864 455 2898 lpsissinia
478 2868 541 2890 sunt
564 2865 657 2892 verba.
671 2863 770 2889 Athan.
786 2862 849 2890 ibid.

265 2913 400 2943 PATROL.
420 2911 478 2942 Gn.
496 2912 594 2943 XXV.

983 2330 1132 2353 Conventns
1145 2325 1292 2353 celebrare.
1303 2326 1450 2360 Imperator
1462 2335 1468 2353 :
1483 2326 1548 2359 Quis
1564 2335 1612 2354 vos
1626 2327 1770 2362 prohibet?

983 2368 1022 2396 Illi
1038 2374 1131 2397 contra
1147 2379 1156 2397 :
1172 2369 1319 2398 Hiereticns
1336 2376 1363 2397 et
1379 2371 1555 2405 dogmatistas
1572 2381 1622 2400 nos
1642 2373 1767 2408 appellat.

985 2415 1088 2449 Quibus
1113 2415 1249 2449 Augustus
1269 2416 1348 2443 :lloc
1371 2417 1429 2451 ejus
1453 2422 1493 2444 est
1518 2417 1646 2450 olIicium,
1665 2426 1769 2445 necnon

985 2469 1078 2488 eorum
1093 2462 1139 2496 qui
1156 2467 1230 2489 recte
1240 2462 1347 2489 docent.
1362 2462 1460 2489 lterum
1471 2463 1565 2490 Ariani
1585 2473 1591 2489 :
1608 2463 1685 2490 llunc
1698 2463 1770 2491 ferre

985 2514 1038 2534 non
1053 2514 1210 2541 possumus;
1238 2515 1300 2534 nam
1320 2512 1347 2535 et
1366 2515 1447 2543 agros
1463 2508 1646 2536 Ecclesiarum
1670 2509 1695 2536 iu
1713 2517 1769 2536 rem

982 2554 1121 2589 propriam
1139 2554 1261 2580 divertit.
1284 2554 1436 2588 Imperator
1450 2559 1538 2581 autem
1557 2564 1564 2581 :
1588 2555 1768 2582 Pecuniarum

983 2599 1077 2634 igitur,
1089 2604 1117 2626 et
1135 2606 1187 2626 non
1204 2599 1264 2626 ﬁdei
1280 2606 1374 2631 causa,
1385 2600 1436 2626 huc
1449 2599 1615 2627 accessistis.
1630 2600 1769 2639 Subdiditr

983 2652 1036 2680 que
1059 2654 1066 2673 :
1086 2645 1225 2677 Recedite,
1249 2645 1276 2673 in
1293 2645 1437 2673 ecclesiam
1454 2645 1605 2673 concedite.
1617 2646 1684 2674 Cras
1704 2654 1769 2675 cpn-

983 2696 1080 2719 ventus
1096 2692 1173 2719 vobis
1187 2692 1250 2725 erit,
1267 2698 1295 2719 et
1308 2697 1369 2727 post
1391 2693 1591 2726 dimissionem,
1615 2693 1712 2720 adsunt
1725 2693 1770 2721 hic

983 2738 1112 2773 episcopi,
1130 2738 1249 2773 itemque
1263 2737 1435 2766 Nemesinus.
1448 2739 1567 2773 Quisque
1584 2744 1705 2767 vestrum
1727 2746 1771 2767 se-
