2016 3046
273 152 306 174 ιΊ.

936 142 1199 171 ΡιιυιεεοΜΕΝΑ.

273 203 388 231 cundum
415 202 492 229 fidem
513 209 588 229 suam
615 201 837 236 subscriptionem
864 202 949 229 dabit.
968 202 1293 235 AdestAextrahebalis,
1323 202 1431 237 quando
1459 202 1494 229 de
1521 202 1709 230 communione
1735 209 1797 230 cum
1821 202 1881 237 ipso

274 247 355 275 etiam
370 246 541 273 Athanasius.
555 246 604 278 Qui
624 246 684 273 ﬁdei
701 246 849 273 doctrinam
864 246 980 280 ignorat,
993 247 1049 273 edi-

273 299 331 321 scat
353 293 386 320 ab
403 293 458 320 illo.
480 292 539 319 Erit
553 291 628 319 vobis
647 292 795 319 crastinum
814 297 840 319 et
861 292 1047 327 perendinum.

272 338 402 372 Egredior
417 338 487 364 enim
503 338 530 365 in
542 345 677 373 campum.

308 383 334 411 7.
362 383 473 416 Quidam
498 388 587 410 autent
617 382 795 410 scholasticus
824 389 857 409 ex
886 381 1048 417 Cynicorum

272 437 382 457 numero
398 435 559 464 conquestus
573 429 642 463 apud
660 429 848 463 imperatorem
862 433 914 460 est,
930 427 1050 454 Catholi-

271 483 332 503 cum
350 476 407 502 sive
426 474 582 501 rationalem
594 474 666 501 mdes
679 473 729 510 sibi
744 473 885 507 eripuisse.
898 473 947 500 Cui
967 473 1050 507 impe-

271 526 343 548 rator
359 530 366 548 :
387 521 414 547 Si
429 520 582 548 Catholicus
595 520 665 546 aedes
681 518 727 545 tibi
743 518 854 552 eripuit,
865 519 929 552 quid
953 519 1004 546 hoc
1016 518 1049 545 ad

269 567 464 594 Athanasium?
488 566 565 593 Alius
589 565 652 592 item
677 565 865 597 scholasticus,
881 565 923 591 cui
950 571 1048 591 nomen

271 613 389 644 l’atalas,
407 613 474 639 dixit
497 612 695 638 accusationem
715 610 815 638 habere
835 617 863 637 se
887 610 913 636 in
929 609 1049 636 Athana—

269 659 337 685 sium
349 656 547 692 proferendam.
557 655 623 682 Tum
639 655 788 682 Iovianus:
806 654 907 689 Ecquid
925 655 974 682 tibi
988 662 1048 682 cum

267 703 442 733 Christianis,
466 709 526 729 cutn
553 701 590 728 sis
600 701 737 736 rgentilis?
761 700 874 732 Quidam
901 705 990 727 autem
1015 707 1048 727 ex

268 749 344 783 plebe
364 748 529 775 Antiocheua
552 747 775 781 comprehensum
789 746 903 772 Lucium
928 745 1047 780 impera-

269 794 318 821 tori
334 792 494 821 offerentes:
508 791 574 818 Vide
595 798 696 826 quaaso,
713 790 798 822 aiunt,
811 797 890 824 quem
908 789 1048 816 voluerunt

267 841 422 876 episcopum
433 839 608 866 constituere.
1048 829 1051 837 ¹

301 887 328 914 8.
344 886 440 913 Lucius
456 884 599 918 alloquitur
611 884 802 917 imperatorem.
819 895 853 901 -—
871 881 928 916 Ipse
941 888 1047 916 quoque

266 934 365 961 Lucius
388 931 577 965 imperatorem
601 929 725 955 convenit
756 928 789 954 ad
815 927 914 954 atrium
942 927 1045 962 palatii,

267 979 357 1014 aitque
373 987 379 1004 :
397 977 514 1005 Obsecro
535 975 679 1009 potentiam
698 979 782 1003 tuam,
798 980 840 999 me
859 973 963 1000 audias.
978 972 1046 999 Tum

267 1026 412 1060 imperator
436 1021 564 1052 substitit,
582 1025 609 1047 et
633 1020 669 1046 ait
692 1028 698 1046 :
719 1019 778 1046 Tibi
801 1019 885 1046 Lucio
907 1019 977 1050 dico,
992 1026 1046 1054 quo

265 1077 345 1106 pacto
362 1070 413 1096 huc
428 1066 544 1095 venisti?
563 1066 669 1098 navine,
689 1073 722 1092 an
746 1064 843 1099 pedes?
859 1065 908 1092 Cui
921 1064 1019 1092 Lucius
1037 1074 1043 1091 :

266 1116 342 1143 Navi.
358 1114 509 1147 Statimque
525 1112 664 1143 .lovianns,
679 1115 705 1137 et
720 1110 806 1137 facete
823 1110 931 1145 quidem
949 1119 955 1138 :
977 1111 1046 1137 Deus

267 1159 358 1187 tnuttdi
386 1163 413 1185 et
446 1162 568 1185 comatus
597 1156 636 1182 sol
667 1160 748 1190 atque
778 1155 842 1182 luna
872 1155 906 1182 iis
933 1163 1046 1182 succen-

266 1210 335 1237 seat,
351 1204 396 1239 qni
425 1209 512 1231 tecum
541 1202 710 1236 navigarunt,
727 1201 797 1235 quod
817 1208 868 1228 non
887 1206 912 1228 te
930 1201 955 1227 in
972 1208 1045 1228 mare

267 1251 430 1287 objecerint:
459 1254 486 1277 et
513 1249 590 1275 navis
618 1249 661 1275 illa
687 1255 824 1281 nunquam
854 1247 880 1274 in
906 1252 1044 1282 posterum

265 1297 392 1326 secundis
413 1296 515 1323 fruatur
532 1295 630 1326 ventis,
648 1301 695 1321 nec
720 1301 779 1320 cum
796 1294 898 1327 jactata
918 1290 1045 1321 fluctibus

265 1343 327 1376 erit,
347 1350 407 1370 cum
426 1340 613 1374 navigantibus
638 1346 754 1374 unquam
775 1338 808 1365 ad
831 1343 939 1372 portum
955 1337 1045 1373 appel-

266 1390 312 1416 lat.

301 1435 328 1462 9.
345 1434 410 1462 Cum
431 1435 519 1459 autem
542 1430 634 1458 Ariani
654 1429 790 1456 eunuchos
808 1428 869 1460 sibi,
888 1427 1044 1455 Probatium

266 1482 369 1509 scilicet
383 1484 410 1506 et
424 1478 511 1506 socios
525 1477 634 1504 Eusebii
656 1481 682 1503 et
698 1475 840 1502 Bardionis
863 1480 1043 1507 successores,

265 1525 360 1553 Enzoii
377 1531 459 1558 opera
483 1522 691 1552 conciliassem;
713 1520 763 1547 rati
789 1519 904 1547 fortasse
928 1523 957 1545 ut
976 1519 1044 1553 apud

264 1571 462 1602 Constantium,
476 1569 514 1596 ita
536 1571 563 1595 et
579 1567 648 1602 apud
664 1565 805 1593 Iovianum
826 1565 959 1599 spadones
979 1564 1004 1590 vi
1018 1568 1046 1591 et

264 1618 352 1652 gratia
370 1615 469 1647 valere,
490 1621 520 1641 re
541 1613 646 1648 cognita
667 1612 822 1646 imperator,
840 1611 979 1637 eunuchos
1000 1617 1045 1637 ex-

265 1661 425 1689 cruciandos
439 1659 531 1691 tradit,
547 1659 584 1685 ita
604 1658 710 1685 locutus
732 1666 739 1684 :
761 1656 824 1683 Haec
839 1656 957 1690 patiatur
974 1655 1046 1689 quis-

1100 249 1216 276 ineunda
1227 254 1361 283 ageretur,
1371 249 1476 276 litteras
1490 249 1614 283 accipiat.
1625 247 1704 275 Certe
1715 247 1793 275 aiunt
1805 248 1881 276 illum

1100 302 1205 322 summo
1216 295 1304 322 studio
1317 300 1434 323 vestrm
1454 295 1570 329 gratiam
1591 294 1729 328 mutuique
1741 293 1820 321 ofﬁcii
1835 302 1880 322 so-

1076 342 1080 352 '
1099 340 1223 367 cielatem
1246 340 1447 375 emagitavisse,
1469 345 1496 368 et
1515 339 1571 373 jam
1593 346 1765 374 summopere
1778 339 1881 371 dolere,

1063 873 1085 901 B

265 1709 324 1743 quis
344 1715 425 1735 ausus
436 1705 517 1732 fuerit
528 1704 698 1732 Christianos
715 1702 829 1731 deferre.
846 1702 936 1736 Atque
949 1701 985 1728 ita
1002 1693 1061 1728 di—'

263 1753 336 1780 misit
351 1760 396 1779 eos
409 1751 546 1778 Iovianus.

299 1799 343 1826 10.
355 1797 514 1824 Athanasius
529 1796 621 1830 quwrit
635 1795 747 1830 gratiam
761 1794 828 1820 inire
839 1792 937 1820 Meletii
950 1791 1045 1819 Antio-

263 1845 347 1871 chein'.
368 1859 403 1864 —-
420 1842 560 1870 Athanasii
577 1842 683 1868 animus
703 1845 771 1872 erat,
789 1847 850 1867 cum
874 1839 1045 1866 Antiochiam

263 1889 489 1924 proficisceretur,
514 1887 656 1914 nihil'non
682 1893 763 1921 agere
788 1885 963 1912 concilianda:
984 1891 1044 1911 cum

264 1934 371 1962 Meletio
385 1933 553 1960 Antiocheno
570 1931 664 1966 gratiae
683 1938 776 1958 causa.
795 1930 848 1958 Sed
861 1934 1044 1957 veteratorum

265 1979 403 2006 hominum
426 1977 539 2004 consilio
563 1978 672 2008 factum,
692 1981 720 2003 ut
735 1976 767 2002 ad
783 1976 855 2002 aliud
871 1981 975 2010 tempus
997 1982 1045 2001 ex-

265 2027 350 2049 tracta
363 2029 408 2048 res
419 2021 509 2048 fuerit.
530 2020 563 2046 Et
574 2027 671 2054 magno
685 2019 793 2054 quidem
813 2026 895 2053 opere
909 2019 953 2046 ille
976 2019 1045 2045 nite-

263 2069 345 2096 batur
355 2074 448 2102 pacem
464 2066 716 2101 communionisque
732 2066 890 2093 societatem
903 2065 971 2091 inire
981 2071 1042 2091 cum

264 2114 424 2145 Meletianis,
444 2118 668 2146 communemque
683 2118 792 2145 operam
811 2111 892 2138 rebus
913 2110 1043 2138 ecelesia-

264 2160 338 2188 sticis
352 2159 484 2188 conferre.
508 2157 606 2185 Verum
625 2157 674 2189 illi,
689 2158 746 2184 sive
760 2155 868 2183 Paulini
885 2155 971 2182 amico
990 2155 1043 2182 dif-

266 2206 307 2233 fisi
323 2206 371 2241 (a),
394 2207 451 2233 sive
472 2204 525 2232 alio
551 2203 739 2238 interpellante
760 2197 1044 2236 negotiofpromissis

265 2251 372 2286 quidem
398 2250 547 2278 Athanasio
573 2256 650 2285 spem
675 2249 764 2276 fecere
795 2247 968 2282 perficiendae
992 2247 1043 2280 rei,

265 2296 514 2331 optatissiinamque
527 2295 577 2329 ipsi
588 2301 681 2330 pacem
695 2293 857 2320 distulerunt
877 2292 903 2318 in
916 2296 1046 2326 opportu-

264 2342 367 2368 niorem
381 2346 574 2375 tempestatem.
597 2339 631 2367 Et
650 2344 739 2366 tamen
759 2337 853 2365 multis
871 2342 932 2372 post
952 2337 1042 2369 annis,

263 2395 324 2414 cum
338 2386 451 2414 Basilius
464 2386 626 2421 scilicetjam
638 2385 780 2420 episcopus
793 2388 875 2415 esset,
889 2383 1044 2410 excubante

264 2433 329 2460 licet
352 2433 498 2459 Athanasio
524 2432 555 2459 ad
577 2438 684 2460 omnem
706 2431 857 2459 concordiae
881 2430 1042 2457 reducendae

263 2479 443 2511 occasionem,
455 2478 571 2506 nondum
584 2478 704 2506 confecta
715 2485 759 2505 res
771 2476 868 2504 fuerat.
886 2476 951 2508 Quae
962 2481 1045 2502 causa

264 2524 314 2552 fuit
327 2529 354 2551 ut
366 2523 479 2551 Basilius
487 2523 544 2550 haec
553 2523 579 2550 in
591 2524 705 2558 quadam
717 2521 831 2557 epistola
841 2521 949 2549 Meletio
961 2520 1045 2548 verba

264 2569 358 2597 fecerit
370 2570 406 2605 (b)
425 2578 431 2596 :
446 2579 457 2596 ο
471 2569 647 2596 Athanasium
661 2569 731 2603 quod
746 2571 861 2602 spectat,
874 2566 1045 2602 prudentiam

264 2619 349 2646 tuam.
367 2623 477 2650 gnaram
493 2615 556 2643 licet
576 2615 686 2649 hujusce
707 2615 757 2646 rei,
776 2613 1043 2642 commonefacimus,

265 2661 330 2688 nihil
346 2669 425 2696 posse
447 2661 542 2689 litteris
558 2662 624 2689 meis
644 2661 695 2688 hoc
716 2660 742 2687 in
760 2660 868 2694 negotio
885 2657 985 2685 conﬁci
1003 2655 1044 2682 vel

264 2708 434 2743 promoveri;
458 2707 507 2735 nisi
524 2715 539 2734 a
560 2707 636 2735 vobis
650 2713 764 2742 quoque,
779 2705 832 2740 .qui
851 2704 915 2732 olim
939 2708 1044 2737 tempus

301 2808 338 2842 (α)
357 2807 438 2834 Basil.
451 2815 494 2841 ep.
509 2807 570 2834 275.

300 2844 337 2877 (ὁ)
356 2842 436 2869 Basil.
451 2850 493 2876 cp.
512 2843 573 2870 549.

1099 390 1156 412 tum
1170 386 1240 420 quod
1261 394 1294 414 eo
1314 391 1435 420 tempore
1452 393 1507 412 rem
1522 390 1684 413 consecutus
1697 393 1749 412 non
1764 385 1808 417 sit,
1824 390 1880 410 tum

1099 433 1170 467 quod
1179 434 1233 468 jam
1242 439 1328 460 vacua
1340 437 1367 459 et
1377 430 1545 459 infructuosa
1555 432 1684 466 promissa
1696 435 1786 458 vestra
1798 437 1879 464 expe-

1100 478 1195 506 riatur.
1214 487 1223 504 i
1240 478 1307 505 Cum
1324 478 1417 513 itaque
1437 478 1572 512 repulsam
1590 477 1743 510 huiusmodi
1765 484 1779 503 a
1800 475 1876 503 Mele-

1100 523 1180 550 tianis
1194 524 1300 551 tulisset
1317 524 1494 556 Athanasius,
1510 523 1628 558 pacificis
1643 522 1741 549 exinde
1763 522 1875 549 mutuis-

1099 576 1152 604 que
1162 569 1258 596 litteris
1270 569 1428 597 societatem
1440 569 1508 597 fovit
1520 577 1579 596 cum
1589 568 1710 599 Paulino,
1720 567 1772 594 alio
1785 567 1879 594 catho-

1099 615 1211 643 licarum
1228 616 1344 650 partium
1360 616 1495 650 episcopo.

1133 661 1207 689 Anno
1219 661 1280 689 564.
1298 676 1333 682 -
1346 661 1418 688 Mors
1441 661 1556 689 lat-iani.
1567 661 1613 692 Un
1625 661 1700 695 cujus
1715 660 1800 686 locum
1814 659 1882 687 deli-

1098 707 1168 742 gitur
1191 706 1398 739 Valentinianus,
1412 708 1457 742 qui
1469 707 1518 734 ,τὶθὶ
1539 705 1670 733 Valentem
1684 706 1786 732 asrim't
1800 706 1881 738 impe-

1098 754 1134 779 rii
1147 757 1302 780 consortem.
1322 768 1357 773 —-
1372 753 1488 781 Grandis
1499 761 1564 781 sane
1578 760 1639 787 spes
1651 751 1799 779 Catholicis
1808 755 1881 783 erat,

1099 799 1121 826 si
1136 800 1169 826 ad
1185 799 1298 827 multum
1311 800 1440 834 temporis
1451 804 1588 834 superstes
1601 804 1627 825 et
1639 797 1781 825 incolumis
1790 796 1881 824 Jovia-

1098 854 1149 872 nus
1161 845 1266 879 fuisset,
1287 846 1415 873 Arianam
1430 845 1552 872 haeresim
1567 845 1688 872 funditus
1703 843 1878 870 evertendam

1101 891 1159 918 fore
1174 891 1218 926 (c).
1232 891 1267 918 At
1277 891 1383 918 occulto
1394 891 1562 925 providentis
1574 890 1620 917 Dei
1630 889 1752 920 consilio,
1765 889 1879 916 necdum

1099 942 1160 965 octo
1174 937 1208 964 ab
1221 937 1288 964 inito
1308 937 1424 972 imperio
1445 937 1583 963 mensibus
1595 935 1704 970 elapsis,
1726 935 1879 962 Dadastane

1100 982 1133 1009 ad
1154 981 1285 1016 Bithyniae
1298 981 1366 1009 fines
1384 981 1473 1008 subito
1488 981 1637 1008 exstinctus
1651 985 1702 1013 est,
1714 980 1757 1007 die
1775 980 1879 1007 decima

1100 1028 1212 1061 septima
1225 1026 1376 1060 Februarii,
1388 1034 1458 1054 anno
1471 1026 1533 1054 56L
1543 1026 1625 1060 Cujus
1635 1026 1704 1058 loco,
1717 1031 1821 1060 septem
1838 1026 1880 1052 in-

1100 1073 1237 1108 terpositis
1258 1074 1362 1105 diebus,
1379 1074 1553 1108 inauguratur
1573 1073 1605 1100 ab
1621 1072 1741 1099 exercitu
1755 1071 1880 1099 Valenti~

1099 1119 1197 1147 nianns
1220 1119 1262 1146 vir
1280 1119 1449 1147 Christianus
1473 1123 1500 1146 et
1521 1119 1595 1153 pius;
1621 1118 1666 1153 qui
1695 1119 1746 1145 sub
1772 1117 1878 1144 Juliano

1099 1164 1199 1192 Christi
1210 1172 1307 1192 nomen
1321 1165 1471 1196 confessus,
1491 1164 1584 1199 pulsus
1595 1164 1621 1190 in
1637 1164 1760 1190 exsilium
1779 1162 1877 1190 fuerat.

1098 1207 1130 1234 Et
1143 1215 1208 1235 sane
1221 1208 1242 1235 si
1256 1208 1340 1239 solus,
1351 1215 1403 1234 non
1424 1207 1541 1235 admisso
1553 1213 1676 1235 consorte
1691 1207 1808 1241 imperii,
1822 1207 1873 1234 clav

1098 1260 1160 1280 vum
1175 1253 1315 1285 tenuisset,
1330 1248 1513 1287 redintegrata
1524 1260 1598 1286 spes,
1611 1257 1638 1279 et
1652 1257 1694 1280 sat
1706 1258 1877 1287 prospectum

1098 1298 1252 1333 reipublicze
1272 1298 1432 1326 Christiana:
1455 1299 1597 1326 commodo
1623 1303 1650 1325 et
1673 1299 1782 1326 utilitati
1807 1303 1877 1326 erat.

1098 1343 1196 1371 Verum
1213 1344 1238 1371 in
1255 1352 1365 1379 gravem
1386 1345 1513 1372 Ecclesia:
1529 1344 1676 1380 perniciem
1690 1353 1774 1372 xxvnt
1788 1345 1876 1372 Martii

1098 1389 1177 1424 hujus
1195 1390 1260 1417 anni
1274 1386 1413 1417 Valentem
1428 1390 1538 1417 fratrem
1556 1391 1712 1425 pronuntiat
1729 1391 1878 1425 imperato-

1098 1443 1154 1462 rem
1178 1443 1186 1462 :
1209 1436 1349 1469 divisoque
1370 1435 1494 1470 imperio,
1521 1434 1694 1463 Occidentem
1713 1435 1774 1467 sibi,
1801 1436 1878 1463 fratri

1098 1480 1234 1508 Orientem
1255 1481 1385 1515 assignat.
1403 1480 1453 1513 Qui
1475 1479 1573 1507 Valens
1590 1481 1699 1515 quantis
1721 1481 1876 1509 Catholicos

1098 1527 1176 1554 malis
1187 1525 1316 1558 aﬁ‘ecerit,
1334 1533 1350 1553 a
1371 1525 1452 1554 nullis
1474 1534 1527 1554 non
1545 1526 1616 1553 illius
1629 1527 1681 1554 aevi
1699 1526 1878 1561 scriptoribus

1097 1577 1237 1600 narratur.

1132 1618 1207 1644 ANNO
1221 1616 1282 1644 565.
1297 1631 1332 1636 -
1346 1617 1373 1643 1.
1391 1616 1464 1644 Mors
1481 1616 1609 1643 Theodori
1625 1616 1736 1645 abbatis.
1752 1631 1788 1636 —
1799 1616 1878 1644 Prio-

1098 1663 1172 1690 ribus
1185 1667 1273 1690 tamen
1295 1663 1329 1689 ab
1344 1663 1454 1690 ineunte
1471 1662 1590 1690 Valentis
1604 1663 1718 1697 imperio
1732 1663 1810 1690 annis
1825 1669 1876 1696 pax

1097 1710 1246 1737 Athanasio
1272 1709 1322 1737 fuit
1345 1717 1358 1735 a
1376 1708 1564 1736 vexationibus
1584 1713 1611 1735 et
1633 1709 1771 1740 aerumnis,
1796 1713 1879 1742 atque

1098 1754 1214 1782 facultas
1232 1753 1365 1781 edocendi
1384 1753 1469 1781 libere
1488 1753 1589 1788 populi.
1607 1754 1685 1781 Anno
1698 1759 1787 1780 autem
1799 1753 1878 1781 circi-

1097 1805 1140 1828 ter
1157 1800 1209 1827 565
1228 1799 1384 1827 Theodorus
1403 1799 1448 1826 ille
1465 1799 1548 1826 abbas
1568 1799 1615 1835 (ά),
1631 1800 1739 1833 quicum
1756 1800 1878 1826 Athana-

1096 1845 1153 1873 sius
1175 1845 1252 1872 exsul
1272 1851 1300 1872 et
1320 1845 1451 1880 profugus
1475 1845 1544 1871 haud
1566 1845 1648 1872 semel
1674 1850 1798 1872 versatus
1824 1849 1879 1877 est,

1097 1892 1168 1918 diem
1187 1890 1254 1918 obiit
1272 1896 1435 1918 extremum.
1457 1890 1516 1923 Quo
1533 1890 1637 1924 perlato
1650 1891 1684 1917 ad
1699 1891 1878 1919 Athanasium

1097 1937 1202 1969 nuntio,
1219 1937 1325 1964 litteras
1340 1936 1384 1963 ille
1399 1935 1593 1964 consolatorios
1605 1935 1709 1964 Orsisio
1720 1937 1811 1964 abbati
1829 1937 1879 1964 mi-

1097 1982 1132 2009 sit
1153 1988 1180 2009 et
1202 1983 1341 2009 monachis
1361 1983 1387 2008 ei
1411 1982 1535 2013 subditis,
1556 1982 1653 2016 quibus
1677 1982 1834 2009 testificatur
1848 1991 1879 2011 se

1097 2034 1201 2054 summe
1222 2027 1255 2054 de
1269 2027 1343 2054 obitu
1360 2031 1413 2053 tam
1429 2025 1552 2060 praeclari
1572 2026 1621 2052 viri
1636 2026 1735 2057 dolere,
1753 2027 1778 2052 in
1799 2034 1877 2053 usum

1097 2077 1129 2097 ac
1146 2070 1259 2097 salutem
1282 2069 1394 2097 fratrum
1415 2070 1488 2102 uati;
1510 2070 1601 2096 tnultis
1621 2069 1747 2105 lacrymis
1764 2075 1878 2098 mortem

1096 2112 1154 2146 ejus
1165 2116 1380 2146 prosecuturum,
1392 2111 1442 2138 nisi
1457 2118 1589 2138 summam
1602 2117 1708 2138 nactum
1721 2111 1876 2139 felicitatem

1097 2156 1227 2183 crederet.
1257 2155 1342 2189 Rogat
1365 2157 1522 2188 monachos,
1542 2155 1666 2190 precibus
1687 2156 1742 2183 suis
1762 2158 1795 2183 de
1812 2163 1880 2190 pace

1097 2202 1223 2229 Ecclesia:
1240 2201 1423 2229 conﬁrmanda
1436 2209 1496 2228 cum
1512 2202 1567 2229 Deo
1578 2206 1668 2236 agant.
1688 2201 1808 2229 Licuisse
1827 2203 1878 2229 sibi

1097 2245 1135 2272 ait
1160 2252 1209 2280 per
1238 2245 1360 2272 inducias
1390 2244 1452 2272 belli
1485 2250 1512 2272 et
1537 2246 1689 2273 vexationis
1715 2246 1765 2273 isto
1795 2247 1879 2274 etiam

1097 2299 1169 2319 anno
1189 2297 1311 2319 sanctum
1335 2291 1438 2319 Pascha
1458 2297 1486 2319 et
1507 2290 1682 2320 Pentecosten
1702 2293 1763 2320 cum
1786 2293 1879 2321 laetitia

1097 2337 1246 2365 celebrare.

1131 2384 1158 2410 2.
1174 2383 1333 2410 Athanasius
1347 2383 1436 2410 scribit
1461 2382 1546 2409 Vitam
1560 2382 1678 2410 Antonii.
1693 2397 1728 2402 —
1743 2383 1799 2411 Hoc
1814 2382 1879 2410 item

1097 2431 1206 2458 circiter
1222 2435 1338 2464 tempus,
1354 2429 1511 2464 rogantibus
1536 2429 1722 2456 transmarinis
1739 2429 1880 2457 monachis

1098 2477 1125 2503 in
1138 2476 1276 2511 peregrina
1293 2476 1403 2510 regione
1416 2475 1596 2506 versantibus,
1612 2479 1639 2500 et
1653 2475 1772 2508 quidetn,
1790 2480 1818 2502 ut
1834 2483 1881 2502 ar-

1098 2522 1240 2553 bitrantur,
1254 2520 1471 2548 Occidentalibus
1484 2520 1548 2554 (jam
1564 2520 1634 2546 enim
1649 2527 1696 2554 per
1707 2518 1879 2547 Occidentem

1097 2566 1262 2600 frequentari
1275 2569 1394 2600 cceperat
1409 2565 1584 2592 monasticum
1603 2565 1776 2598 inStitntum),
1794 2569 1879 2592 Anto-

1098 2611 1135 2638 nli
1159 2611 1281 2645 prmclari
1305 2611 1378 2638 illius
1401 2611 1509 2642 deserti,
1527 2611 1620 2639 incola:
1643 2612 1736 2643 vitam,
1755 2616 1838 2646 gesta,
1851 2615 1880 2638 et

1099 2656 1228 2683 miracula
1250 2657 1350 2690 scripto
1376 2657 1523 2689 mandavit,
1548 2665 1581 2684 ex
1608 2657 1642 2684 iis
1670 2664 1730 2691 qua:
1755 2657 1882 2691 frequens

1099 2702 1221 2729 adeundo
1231 2702 1317 2728 virum
1345 2709 1397 2729 nec
1410 2703 1513 2730 modico
1529 2702 1655 2733 temporis
1667 2701 1808 2730 intervallo
1818 2708 1883 2729 cum

1136 2804 1171 2839 (ε)
1191 2803 1295 2839 Socrat.
1310 2803 1356 2839 lib.
1373 2811 1407 2834 Iv,
1426 2811 1485 2838 cap.
1504 2804 1527 2831 Ι.

1132 2837 1172 2874 .(‹1)
1191 2838 1218 2865 ln
1241 2837 1301 2865 Vita
1318 2837 1539 2873 l’ut‘lwmii,At:ta
1555 2838 1619 2870 $5.,
1636 2838 1667 2866 14
1683 2838 1754 2866 Maii.
