2016 3046
770 142 850 170 VlTA
869 142 896 170 S.
918 139 1112 170 ATHANASII.

1705 151 1750 171 (LI

137 209 170 229 eo
186 205 320 234 versatus,
344 201 429 228 oculis
451 201 508 235 ipse
528 205 712 235 conspexrsset
730 201 794 232 suis,
815 209 917 228 necnon
933 204 955 231 Α
1003 201 1030 228 2.
1049 200 1167 234 Epistula
1199 200 1338 226 Athanasii
1363 200 1396 226 ad
1414 199 1659 234 Ruﬁnianam.--ln
1677 201 1748 228 hunc

140 248 271 275 sodalium
285 248 479 274 monachorum
491 246 650 274 testimoniis
661 251 754 274 texens
765 247 917 274 historiam.

138 293 210 326 Opus
229 299 295 319 sane
319 291 465 326 singulare,
487 292 564 326 cujus
577 291 692 326 dignitas
707 291 832 318 omnibus
847 295 918 318 retro

138 336 243 365 saeculis
258 337 456 366 commendata.
469 337 544 370 Quod
556 345 618 364 mox
634 338 658 364 itt
673 336 844 364 Occidentem
858 344 919 371 per.

139 383 231 413 latum,
242 389 306 414 non,
325 387 353 408 ut
365 382 542 416 quorumdam
559 381 612 408 l'ert
629 381 731 415 opinio.
746 380 780 407 ab
792 380 916 415 Evagrio,

139 428 183 462 qui
198 427 251 462 iam
264 433 354 460 antea,
368 436 440 455 anno
453 427 556 454 scilicet
570 427 633 460 562,
647 434 707 454 cutn
723 426 838 454 Eusebio
854 425 919 453 Ver-

140 473 248 501 cellensi
273 472 426 509 ithaliam
454 472 506 500 iter
521 473 661 506 habuerat,
680 473 726 500 sed
740 480 755 499 a
774 472 919 500 tabellariis

140 520 174 548 ad
194 528 223 548 se
236 520 413 553 transmissis,
429 525 459 547 ut
473 520 530 554 ipse
551 519 654 547 indicat
667 519 841 546 Athanasius.
855 518 919 545 Eam

140 569 229 592 autem
244 565 352 591 Antonii
368 564 455 591 Vitam
469 564 496 591 in
514 563 662 592 Occidente
678 565 776 598 degens
790 563 920 598 Evagrius

140 611 235 638 Latine
267 611 330 639 fecit
355 615 418 638 ante
440 618 539 637 annum
566 610 630 642 369,
660 610 804 644 superstite
833 610 920 637 adlntc

141 657 288 684 Athanasio
305 666 312 683 :
337 656 406 690 quod
425 655 467 684 vel
489 656 575 682 solum
596 659 637 683 est
652 656 685 683 ad
702 663 794 683 eorum
810 660 920 683 senten-

142 703 214 736 tiam,
231 703 276 737 qui
295 703 321 730 id
341 702 430 737 operis
445 701 594 729 Athanasio
613 701 777 735 abjudicant,
796 701 920 729 refellen-

141 749 201 775 dam
218 749 295 776 satis.
310 748 395 781 Qnam
410 748 523 775 celebris
543 753 632 774 autem
654 747 697 774 illa
721 748 747 774 in
765 747 920 778 Occidente,

140 801 219 829 quam
235 795 356 821 studiose
378 798 489 828 excepta
509 794 601 825 fuerit,
626 793 704 821 ﬁdem
725 793 837 825 faciunt,
860 800 920 820 cum

140 845 329 868 sescentorum
352 847 418 874 pene
441 840 603 875 scriptorum
626 839 790 871 testimonia,
806 847 920 873 quorum

142 886 262 914 nonnulli
276 886 401 920 aequales,
418 893 450 913 ac
464 885 610 913 necessarii
628 885 742 920 Evagrio
763 885 848 919 luere,
865 890 920 913 tum

141 932 383 966 tnanuscriptorum
397 932 473 966 copia
487 937 515 959 et
528 932 687 966 antiquitas.
705 931 762 966 Qua
774 932 807 960 de
819 940 847 960 re
859 933 921 967 plu-

141 978 216 1005 ribus
230 978 255 1004 in
273 977 373 1004 Monito
385 978 418 1004 ad
437 977 522 1004 Vitam
540 977 659 1004 Antonii.

175 1024 203 1051 3.
215 1024 371 1050 Athanasius
384 1023 481 1050 librum
503 1023 592 1050 scribit
612 1024 644 1050 de
670 1023 816 1057 Trinitale;
837 1025 919 1050 alium

139 1070 202 1097 item
216 1070 249 1096 de
264 1060 433 1100 Trinitatefet
444 1069 545 1103 Spiritu
557 1068 769 1097 sancta—Cum
783 1077 830 1104 per
837 1070 921 1097 otiutn

139 1115 351 1142 Alexandrinum
370 1120 399 1142 et
414 1119 507 1150 pacem
524 1115 628 1146 liceret,
640 1104 707 1142 nihil
730 1115 924 1142 intermittebat

138 1161 302 1188 Athanasius
319 1159 509 1195 Lucilugarum
518 1160 744 1193 conlutationem,
752 1167 865 1195 quorum
876 1167 923 1194 po-

138 1206 243 1234 tissima
260 1210 316 1233 tum
331 1213 393 1240 pars
403 1211 481 1233 erant
498 1206 621 1234 Anomtei
643 1210 671 1233 et
687 1205 923 1233 Pneumatomachi

143 1253 203 1279 sive
217 1251 410 1279 Macedoniani.
424 1251 492 1278 Istos
503 1251 599 1287 insigni
608 1259 689 1286 opere
701 1251 819 1282 adortus,
835 1259 924 1286 aequa-

138 1297 192 1325 lem
212 1298 239 1325 in
257 1297 386 1325 'l‘rinitate
408 1305 583 1332 personarum
607 1297 764 1332 dignitatern
785 1305 924 1325 common-

137 1343 247 1375 stravit,
267 1350 320 1370 non
335 1343 441 1370 aliunde
456 1350 535 1377 quam
555 1350 589 1370 ex
601 1342 748 1378 Scriptum
762 1343 924 1370 testimoniis

135 1392 233 1422 petens
250 1393 417 1423 argumenta.
438 1388 542 1416 Titulus
567 1388 658 1423 operis
678 1393 771 1422 aperto
795 1388 821 1415 in
845 1388 924 1415 editis

136 1435 203 1462 vitio
225 1434 355 1462 laborans
383 1434 512 1468 ejusmodi
539 1438 581 1461 est
603 1434 630 1461 in
655 1434 846 1469 manuscriptis
862 1443 869 1461 :
888 1434 924 1460 De

135 1481 322 1507 incarnatione
335 1479 383 1507 Dei
403 1479 491 1513 Verbi,
503 1486 594 1507 contra
604 1480 729 1507 Arianos.
742 1480 782 1507 Ab
793 1480 925 1514 antiquis-

136 1525 213 1553 simis
226 1526 310 1553 etiam
331 1525 508 1560 scriptoribus
525 1526 576 1553 hoc
598 1525 706 1552 nomine
729 1525 873 1552 laudatur:
887 1525 924 1551 De

139 1571 274 1599 Trinitate
285 1576 310 1598 et
332 1571 525 1598 lncarnatt‘one.
539 1571 678 1605 inscriptio
693 1578 757 1598 sane
775 1577 925 1597 accommu-
939 1559 959 1586 ί)

134 1620 228 1647 datior
252 1620 285 1647 ad
309 1620 368 1647 libri
395 1620 535 1646 materiem
559 1622 586 1645 et
612 1622 808 1652 argttmentum.
829 1616 925 1643 Mirum

135 1673 218 1701 quam
231 1665 364 1701 praeclara
380 1665 431 1692 hoc
448 1672 529 1691 unum
544 1664 699 1698 opusculum
720 1663 924 1697 complectatur,

134 1712 169 1740 de
199 1712 338 1739 Triuitate
361 1716 388 1738 et
407 1710 559 1745 :equalitate
584 1711 663 1737 trium
687 1717 874 1745 personarum.
894 1709 926 1736 de

131 1758 315 1793 processione
334 1757 449 1792 Spiritus
462 1757 547 1784 sancti
562 1763 576 1783 a
590 1756 670 1783 Patre
687 1761 714 1783 et
732 1755 810 1788 Filio,
827 1756 860 1782 de
872 1755 926 1782 Eu-

131 1803 281 1835 charistia,
299 1808 327 1831 et
352 1804 385 1830 de
414 1803 474 1830 aliis
501 1803 648 1837 permultis.
674 1802 742 1830 Huic
764 1802 925 1837 persimilem

133 1849 368 1882 lucubratiOnem,
379 1857 439 1884 quae
453 1849 548 1876 Latine
573 1853 676 1876 tantum
696 1853 794 1881 exstat,
808 1848 927 1875 Athana-

132 1897 176 1923 sio
191 1896 365 1923 vindicamus
375 1896 503 1922 adversus
515 1895 694 1929 quorumdam
704 1894 783 1927 hujus
799 1894 847 1921 aevi
859 1893 927 1921 scri-

134 1945 246 1975 ptorum
269 1940 443 1967 sententiam.
461 1938 612 1974 Utrumque
630 1946 711 1973 porro
728 1938 885 1974 opusculum
900 1938 927 1965 in

134 1987 242 2014 nullum
259 1987 314 2014 isto
322 1985 374 2013 565
389 1986 600 2014 commodiorem
613 1994 712 2014 artuum
723 1985 840 2014 conferri
850 1993 928 2021 posse

132 2037 278 2067 putamus.

170 2079 252 2106 Anno
281 2078 344 2105 566.
360 2093 395 2098 --
409 2078 435 2105 Ι.
450 2077 534 2105 ‘Mors
559 2078 676 2111 Liberii;
697 2079 724 2105 in
749 2079 823 2113 cujus
842 2079 928 2106 locum

131 2125 302 2160 subs-agatur
315 2124 455 2152 Damasus.
470 2139 506 2143 —
519 2125 595 2151 Anno
614 2123 677 2158 366,
695 2131 786 2151 mense
807 2124 928 2158 Septem-

131 2170 189 2202 bri,
207 2170 284 2197 diem
299 2169 366 2196 obiit
384 2168 508 2196 Liberius
523 2176 600 2204 papa.
612 2168 662 2202 Qui
683 2174 743 2204 post
761 2169 862 2203 lapsum
882 2176 929 2203 pa-

969 247 1079 274 circiter
1103 253 1202 272 anutttn
1227 245 1349 272 conferre
1367 245 1430 272 licet
1451 245 1590 278 epistolam
1611 238 1761 288 Athanasii:

969 295 1002 321 ad
1017 295 1199 321 iluliuianum.
1212 293 1236 320 Is
1250 293 1319 320 inter
1334 293 1422 319 varias
1433 293 1467 320 de
1481 293 1640 327 recipiendis
1655 294 1688 320 iis
1706 295 1751 329 qui

969 341 995 367 in
1015 340 1139 366 haeresim
1152 339 1217 373 lapsi
1232 343 1322 365 essent
1341 338 1479 372 opiniones
1497 339 1579 365 animi
1595 338 1700 371 dubius,
1719 339 1753 365 ab

968 385 1212 419 Athanasio,quem
1223 386 1305 418 patris
1327 384 1469 418 compellat
1491 384 1609 417 nomine,
1623 391 1682 418 qua:
1698 383 1753 410 l'or-

969 440 1023 464 ma,
1038 440 1096 466 quae
1114 431 1233 458 conditio
1255 431 1336 465 lapsis
1352 429 1498 463 oﬂ‘erenda,
1515 430 1635 457 ediscere
1651 430 1752 464 elliagi-

970 478 1052 504 tabat.
1070 478 1118 503 Cui
1139 476 1303 503 Athanasius
1325 483 1373 510 pro
1391 475 1482 502 innata
1501 476 1632 509 sapientia
1646 476 1716 503 hanc
1737 484 1753 502 a

969 523 1082 550 diversis
1105 522 1215 558 synodis
1241 521 1376 548 deliuitam
1402 521 1517 547 formam
1542 521 1632 548 missis
1657 521 1754 548 litteris

970 565 1098 595 indicavit
1112 578 1118 595 :
1135 573 1164 595 ut
1181 568 1225 601 qui
1246 566 1355 594 haeresis
1370 574 1416 594 seu
1433 571 1556 595 auctores
1577 575 1624 594 seu
1648 568 1754 602 patroni

969 613 1080 646 fuerint,
1097 614 1119 640 si
1145 613 1251 647 quidem
1278 612 1456 647 resipiscam,
1473 613 1505 639 ad
1535 613 1751 640 communionem

971 664 1072 686 tantum
1086 659 1271 692 adtnittantur,
1287 666 1337 686 nec
1351 659 1490 693 pristinam
1509 659 1536 685 in
1552 659 1626 686 clero
1640 659 1755 693 dignita-

971 710 1024 733 tem
1042 710 1194 740 Occupent;
1211 705 1251 732 sin
1268 705 1422 732 inﬁrmitate
1434 709 1514 739 atqtte
1534 704 1678 732 formidine
1694 705 1754 732 l'ue-

970 751 1025 779 rint
1039 752 1073 778 ad
1087 751 1208 778 haeresim
1231 750 1408 778 simulandam
1426 751 1574 786 compulsi,
1586 751 1698 786 integris
1710 759 1754 778 re—

970 796 1030 829 bus,
1048 797 1159 832 gradum
1172 801 1200 823 et
1214 797 1328 824 alliciunt
1349 798 1494 824 retineant.
1512 797 1577 830 Quae
1590 798 1698 832 quidem
1716 804 1755 824 re-

972 842 1030 878 gttla
1045 850 1096 870 una
1107 843 1256 870 Catholicis
1268 844 1393 870 omnibus
1410 848 1479 875 erat,
1493 843 1558 870 solis
1574 842 1755 870 Lucilerianis

974 889 1075 915 aditum
1088 889 1229 923 ptenilenti
1251 889 1421 924 negantibus.
1436 888 1467 914 lli
1491 895 1618 922 namque,
1634 894 1663 915 ut
1677 893 1756 922 gesta

973 935 1100 968 clamant,
1115 935 1189 962 nihili
1206 936 1338 962 ducebant
1363 934 1552 962 Alexandrinae
1571 934 1673 969 synodo
1695 934 1754 969 pla-

971 980 1037 1007 cita.

1007 1028 1082 1054 ANNO
1098 1027 1148 1054 367
1168 1042 1201 1046 ——
1214 1028 1238 1054 l.
1255 1026 1350 1053 Valens
1366 1026 1514 1053 Catltolicos
1529 1031 1601 1053 verat
1613 1047 1620 1058 ,
1636 1026 1712 1052 edicit
1726 1030 1754 1052 ut

972 1072 1103 1106 pellantur
1123 1074 1244 1107 episcopi.
1266 1072 1342 1099 Plebs
1360 1073 1539 1098 Alexandrina
1555 1072 1616 1105 pelli
1637 1072 1755 1098 Athana-

973 1118 1037 1144 sium
1049 1126 1099 1144 non
1116 1118 1187 1144 sinit.
1208 1118 1368 1144 Athanasius
1390 1124 1416 1142 se
1433 1117 1500 1142 clam
1516 1116 1690 1142 subducit.——
1701 1116 1756 1141 An-

974 1170 1024 1189 nus
1043 1162 1106 1194 567,
1119 1167 1148 1188 ut
1167 1169 1227 1189 cum
1240 1162 1304 1188 viris
1321 1161 1407 1188 doctis
1415 1161 1568 1194 opinamur,
1580 1160 1690 1187 immani
1705 1159 1756 1186 Va-

973 1207 1054 1234 lentis
1068 1207 1160 1234 Ariani
1173 1207 1199 1234 in
1208 1205 1365 1233 Catholicos
1373 1206 1515 1233 vexatione
1526 1206 1637 1239 insignis
1646 1205 1695 1232 luit
1704 1206 1754 1240 (α),

973 1252 1019 1287 qui
1038 1252 1157 1279 Eudoxio
1178 1257 1287 1278 auctore
1302 1256 1329 1278 et
1344 1258 1510 1279 consuasore
1526 1251 1636 1286 singulis
1648 1259 1695 1285 per
1709 1259 1755 1278 ur-

973 1299 1021 1326 bes
1038 1303 1065 1326 et
1083 1299 1205 1333 regiones
1227 1298 1438 1332 magistratibus,
1458 1299 1614 1325 denuntiato
1630 1298 1656 1325 in
1678 1305 1756 1332 repu-

974 1350 1086 1380 gnantes
1101 1352 1133 1372 ac
1153 1352 1204 1371 non
1230 1344 1407 1378 obsequentes
1436 1344 1603 1371 fortunarum
1622 1344 1755 1378 periculo,

974 1391 1110 1418 mandavit
1138 1395 1167 1417 ut
1191 1390 1308 1424 episcopi
1329 1390 1480 1417 Constantii
1498 1389 1663 1424 temporibus
1681 1389 1756 1416 abdi-

974 1436 1037 1468 cati,
1058 1441 1138 1470 atque
1154 1435 1304 1470 imperante
1314 1434 1420 1462 Juliano
1436 1436 1560 1467 restituti,
1573 1435 1683 1462 sedibus
1702 1436 1758 1468 pel-

975 1482 1101 1514 lerentur,
1118 1487 1143 1508 et
1157 1481 1285 1510 Ecclesiis
1299 1484 1363 1510 suis.
1378 1482 1465 1510 Edicti
1479 1482 1611 1516 gravitate
1624 1481 1756 1520 compulsi

976 1528 1091 1563 Egyptii
1117 1529 1300 1563 magistratus,
1328 1529 1506 1556 Athanasium
1527 1535 1620 1555 rursus
1641 1528 1757 1555 ecclesia

976 1575 1121 1601 deturbare
1134 1579 1161 1601 et
1171 1574 1270 1608 pellere
1287 1574 1352 1601 urbe
1365 1574 1508 1608 parabant.
1523 1573 1579 1599 Non
1602 1573 1668 1599 levis
1686 1572 1756 1598 enim

976 1627 1054 1654 poena
1072 1619 1197 1646 omnibus
1214 1627 1261 1653 per
1280 1618 1417 1646 Orientem
1442 1618 1657 1653 magistratibus,
1676 1623 1759 1651 atque

976 1665 1105 1693 militibus
1118 1665 1239 1699 indicta;
1262 1672 1311 1692 nec
1335 1665 1413 1691 modo
1439 1664 1548 1690 multam
1572 1663 1690 1697 pecunia:
1717 1663 1759 1689 iu-

976 1716 1091 1746 gentem,
1108 1712 1153 1738 sed
1168 1712 1248 1737 etiam
1260 1711 1383 1745 corporis
1397 1711 1546 1737 cruciatum
1565 1708 1759 1735 interminaba-

977 1762 1020 1784 tur
1034 1757 1179 1792 Augustus,
1196 1757 1217 1783 si
1240 1764 1293 1784 non
1318 1761 1428 1783 strenue
1448 1756 1521 1790 jussa
1537 1759 1757 1788 exsequerentur.

977 1802 1052 1829 Tunc
1067 1803 1192 1836 episcopo
1212 1807 1333 1829 metuens
1343 1801 1497 1828 Christiana
1513 1801 1598 1836 plebs,
1612 1808 1672 1835 qua:
1687 1800 1759 1826 haud

977 1847 1059 1874 semel
1079 1847 1226 1882 periculum
1242 1853 1270 1874 et
1294 1847 1396 1874 ferrum
1415 1854 1430 1873 a
1447 1846 1599 1874 cervicibus
1617 1846 1759 1872 Athanasii

977 1893 1126 1928 depulerat,
1147 1898 1239 1920 coacta
1256 1893 1290 1920 ad
1314 1893 1456 1920 Tatianum
1481 1891 1587 1926 Egypti
1603 1891 1759 1925 praelectum

978 1940 1044 1969 adit.
1062 1945 1139 1976 rogat
1153 1945 1182 1966 ut
1205 1947 1239 1967 ne
1255 1945 1355 1967 temere
1371 1944 1398 1966 et
1412 1939 1564 1965 inconsulto
1580 1938 1760 1964 Athanasium

977 1986 1079 2020 ejiciat,
1099 1986 1144 2013 sed
1161 1986 1307 2020 perpendat
1323 1985 1477 2012 accuratius
1499 1984 1563 2019 quid
1580 1988 1652 2010 esset
1677 1983 1762 2017 impe-

978 2032 1075 2058 ratoris
1091 2031 1185 2058 litteris
1201 2031 1356 2062 deﬁnitum;
1375 2031 1408 2056 ad
1424 2038 1470 2058 eos
1487 2030 1558 2057 enim
1581 2033 1682 2055 tantum
1703 2035 1763 2062 per-

978 2078 1076 2109 tinere,
1088 2079 1144 2112 qui,
1161 2077 1324 2111 temporibus
1337 2076 1485 2104 Constantii
1503 2076 1569 2110 pulsi
1583 2076 1608 2102 in
1626 2075 1760 2105 exsilium,

979 2124 1129 2159 imperante
1142 2122 1249 2150 Juliano
1267 2123 1466 2157 remigrassent.
1485 2122 1519 2148 At
1541 2122 1613 2148 enim
1638 2121 1761 2147 Athana—

979 2168 1059 2198 slum,
1075 2168 1180 2194 tametsi
1194 2169 1244 2194 sub
1262 2167 1422 2194 Constantio
1440 2166 1656 2201 pulsum,eodem
1673 2169 1762 2199 tamen

132 2215 209 2247 trina,
231 2218 262 2242 et
286 2213 412 2241 Ecclesia!
429 2221 484 2242 suae
509 2215 650 2242 restitutus
663 2235 671 2247 ,
689 2222 801 2241 munere
829 2214 928 2241 exinde
945 2228 967 2255 υ
981 2217 1125 2240 revocante
1136 2213 1225 2240 sedem
1249 2213 1394 2247 aliquando
1421 2212 1559 2246 repetiisse
1579 2218 1665 2240 suam,
1684 2209 1764 2236 Julia-

131 2259 292 2295 episcopali
313 2259 446 2294 inculpate
465 2267 497 2287 ac
517 2260 658 2294 diligenter
681 2260 713 2286 ad
728 2260 830 2287 obitum
844 2266 930 2294 usque

131 2306 305 2342 perfunctus
324 2309 375 2333 est.
390 2305 486 2332 Paucis
499 2305 663 2341 interpositis
677 2310 737 2339 post
751 2304 810 2338 ejus
827 2305 928 2331 exitum

132 2353 239 2381 diebus
255 2353 284 2379 in
301 2351 456 2385 pontiﬁcem
479 2351 604 2387 deligitur
616 2351 756 2384 Damasus,
770 2351 930 2381 eruditione,

130 2396 347 2428 sanctimonia,
362 2395 521 2423 fortitudine
541 2396 569 2423 in
590 2396 774 2430 oppugnandis
797 2395 931 2422 hmretieis

131 2443 304 2480 praeclarus.
321 2441 378 2469 Sub
392 2441 460 2469 idem
479 2446 593 2476 tetnpus,
606 2447 635 2468 ut
647 2446 706 2469 erat
715 2446 770 2468 tum
785 2441 928 2468 factionum

131 2489 265 2524 partibus
297 2488 428 2515 distracta
455 2487 575 2515 Romana
604 2487 716 2519 civitas,
742 2486 930 2514 seditiosorum

131 2535 349 2571 conspiratione
380 2534 406 2560 in
438 2534 591 2569 episcopum
623 2539 766 2567 cooptatur
792 2533 931 2561 Ursicinus

132 2581 264 2616 quidam.
282 2578 352 2606 Hinc
374 2579 468 2610 turbae,
487 2579 549 2606 hinc
568 2579 664 2611 caedes,
690 2584 841 2612 cznteraque
862 2579 930 2605 mala

131 2626 283 2664 permistis
298 2630 328 2652 et
347 2625 509 2660 perturbatis
523 2626 602 2653 rebus
617 2626 716 2653 oboriri
731 2626 820 2653 solita.
834 2625 933 2652 Verum

132 2674 249 2701 Damasi
267 2672 417 2707 partibusa
433 2672 565 2706 principio
582 2679 764 2704 accesserunt,
778 2679 839 2698 cum
851 2672 934 2698 Atha-

130 2721 242 2752 nasius,
261 2723 326 2744 tum
348 2721 479 2751 quotquot
497 2724 588 2751 pacetn
611 2717 742 2744 curabant
767 2717 932 2744 ceclcsiasti-

130 2773 205 2794 eam.

981 2267 1045 2286 num
1063 2263 1163 2292 autem,
1184 2260 1288 2286 caeteris
1304 2259 1450 2289 restitutis,
1467 2259 1552 2291 ipsum
1577 2257 1661 2283 solum
1677 2256 1765 2290 patrio

981 2305 1038 2332 solo
1053 2305 1220 2338 cxturbasse,
1240 2312 1319 2339 quem
1334 2306 1422 2331 denuo
1436 2303 1564 2330 Jovlanus
1580 2302 1705 2329 Ecclesia:
1722 2309 1765 2327 re—

982 2352 1118 2379 stituerat.
1140 2351 1196 2378 Hac
1222 2352 1313 2379 habita
1328 2351 1459 2380 oratione,
1476 2357 1535 2375 cum
1558 2348 1624 2375 nihil
1645 2347 1765 2381 praefecti

985 2398 1102 2424 animtuu
1125 2398 1303 2431 mitigassent,
1322 2401 1378 2422 tum
1393 2395 1450 2429 ejus
1470 2395 1610 2421 conatibus
1623 2395 1765 2424 obsistere,

985 2448 1012 2470 et
1025 2443 1177 2470 violentiam
1190 2444 1223 2469 ah
1238 2443 1363 2477 episcopo
1375 2441 1615 2476 propulsare.Cutu
1628 2440 1768 2466 multitudo

985 2490 1056 2523 vulgi
1073 2489 1226 2520 conﬂueret,
1245 2489 1394 2523 ingensque
1408 2488 1536 2514 tumultus
1551 2495 1583 2513 ac
1599 2485 1768 2520 perturbatio

988 2537 1069 2559 totam
1089 2533 1182 2559 urbem
1206 2537 1360 2566 occuparet,
1375 2532 1517 2566 omniaque
1538 2537 1629 2558 essent
1645 2531 1678 2557 ad
1698 2531 1769 2558 sedi-

987 2579 1086 2605 tionem
1099 2583 1127 2604 et
1143 2578 1240 2605 bellum
1257 2583 1364 2612 parata,
1380 2586 1437 2604 rem
1454 2577 1611 2611 imperatori
1625 2577 1769 2611 praefectus

988 2625 1137 2655 denuntiat,
1156 2631 1249 2658 passus
1268 2624 1374 2650 interim
1391 2623 1568 2650 Athanasium
1587 2623 1612 2649 in
1634 2623 1700 2649 urbe
1713 2630 1770 2649 ma-

988 2678 1063 2697 nere.
1078 2670 1238 2704 Interposito
1251 2670 1394 2696 multormn
1416 2670 1519 2696 dierum
1535 2670 1633 2702 spatio,
1646 2676 1705 2695 cum
1726 2675 1769 2695 se-

988 2717 1066 2743 datus
1084 2716 1210 2743 lumullus
1220 2715 1365 2746 videretur,
1378 2717 1446 2742 clam
1462 2716 1527 2742 urbe
1543 2711 1678 2749 digressus
1688 2715 1772 2741 Atha-

989 2762 1089 2794 nasius,
1100 2763 1125 2789 in
1140 2762 1272 2789 occultum
1282 2770 1310 2789 se
1324 2761 1411 2788 locum
1424 2761 1566 2795 proripuit,
1578 2760 1664 2794 ctjam
1675 2760 1772 2794 quinto

170 2855 213 2892 (α)
235 2853 352 2880 Socrat.
367 2851 413 2879 lib.
429 2858 465 2884 tv,
478 2859 536 2886 cap.
554 2851 601 2883 l3;
618 2849 724 2879 Sczom.
735 2850 783 2878 lib.
798 2859 834 2884 vt,
853 2858 912 2886 cap.
935 2850 972 2877 1‘1

188 2968 200 2982 ς
