2016 3046
269 144 323 173 tul

934 145 1200 174 PROLEGOMENA.

269 201 311 228 vir
333 208 415 236 prope
431 206 490 228 acta
511 207 538 228 et
559 201 670 228 decursa
698 205 776 229 :etate
802 202 918 236 patrium
942 208 1048 230 vertere
1061 206 1084 232 A
1098 205 1175 230 annis
1185 203 1209 231 ei
1225 203 1333 230 licuerit
1347 202 1400 230 alta
1415 207 1442 230 et
1458 203 1651 237 imperturbata
1667 204 1717 231 frui
1729 212 1804 239 pace.
1815 205 1881 239 Quae

268 245 355 273 solum
378 251 488 274 coactus
501 252 551 274 est.
570 247 651 274 Multa
672 252 750 274 nocte
772 247 915 282 prarfcctus
928 248 1047 283 Egypti,

268 292 414 319 comitante
435 293 501 320 duce
524 292 653 320 militibus
669 293 779 328 stipato,
793 294 935 321 ecclesiam
952 295 977 321 in
995 303 1048 329 qua

269 337 433 364 domicilium
450 337 564 365 habebat
576 338 738 366 Athanasius
753 340 865 371 invadit,
884 345 958 367 ratus
973 341 1049 368 scili-

267 387 310 408 cet
329 389 481 417 compressa
505 383 646 415 seditione,
672 383 829 418 populisque
852 392 975 412 somnum
1003 393 1047 413 ca-

266 428 409 462 pientibus,
429 435 458 455 se
473 428 545 455 nullo
564 430 680 463 negotio,
693 429 765 456 nullo
782 431 916 457 concitato
933 431 1047 458 tumultu

266 471 456 506 irrumpentem
467 493 475 505 ,
491 473 610 501 Valentis
630 474 762 508 imperata
779 475 926 502 facturum.
938 476 971 502 Et
986 483 1046 503 cum

266 518 364 552 ubique
378 518 553 545 Athanasium
570 519 596 545 in
613 519 680 553 ipsis
691 527 775 554 usque
794 521 922 548 tabulatis
938 522 1047 556 perqui-

263 563 399 595 sivissent,
415 571 462 597 spe
483 563 553 596 falsi,
568 571 651 598 reque
668 564 766 592 infecta
778 564 937 593 abscedunt.
950 566 1046 601 ingens

265 613 319 636 tum
332 609 474 636 admiratio
489 614 600 637 cunctos
617 609 709 642 subiit,
725 611 794 645 quod
811 611 975 638 Athanasius
989 612 1046 639 sive

263 654 366 681 caelesti
380 655 492 687 monitu,
505 654 561 682 sive
576 655 674 690 ingenii
694 656 902 690 perspicacitate
915 676 922 687 ,
935 664 964 684 re
978 665 1045 692 prte—

263 705 341 726 cauta
366 704 446 734 atque
471 701 601 734 prmvisa,
622 707 652 728 se
674 701 856 728 subduxisset.
881 701 992 733 Tamen,
1008 702 1045 728 ait

264 745 440 777 Sozomenus,
458 751 487 773 ut
503 746 563 780 quis
586 750 640 772 tam
669 751 819 780 opportuno
844 751 965 781 tempore
992 747 1043 774 sibi

263 791 416 826 prospicere
430 791 594 826 insidiasque
608 799 705 818 cavere
722 792 816 826 possit,
834 792 860 819 id
882 793 991 826 majoris
1007 793 1044 819 vi-

263 836 341 863 detur
352 842 410 863 esse
424 836 599 870 providentia:
619 844 698 871 quam
723 844 783 871 qua:
806 837 833 864 in
850 838 984 865 hominem
998 846 1044 865 ca-

1099 249 1300 283 sanetemporis
1313 249 1381 276 ratio
1397 250 1540 282 constabit,
1553 251 1575 276 si
1591 250 1624 276 ad
1638 257 1737 276 annum
1756 250 1808 277 567
1823 252 1880 286 ejus

1098 294 1188 329 fugam
1204 294 1372 328 reditumque
1391 293 1571 322 conferamus.
1589 294 1622 321 Et
1633 302 1697 322 vero
1716 302 1775 321 cum
1792 295 1880 323 Theo-

1099 340 1187 375 phane
1199 340 1353 366 consentire
1366 340 1471 366 videtur
1484 339 1660 373 Sozomenus,
1678 341 1723 375 qui
1737 345 1797 374 post
1814 341 1880 368 alla-

1099 390 1153 412 tam
1167 385 1201 412 ab
1220 385 1362 412 Eustatbio
1380 390 1408 412 et
1436 385 1574 412 sodalibus
1595 393 1686 412 cusam
1702 386 1762 413 fidei
1776 387 1880 414 confes-

1097 432 1212 462 sionem,
1224 431 1263 457 ait
1274 430 1381 457 eosdem
1395 431 1514 465 acceptis
1538 430 1636 458 Liberii
1653 431 1750 458 litteris
1762 431 1787 458 in
1809 432 1880 459 Sici-

1097 475 1158 502 liam
1174 476 1386 502 transmittentes
1407 475 1468 502 istic
1488 476 1618 510 synodum
1642 476 1778 508 habuisse,
1791 480 1819 503 et
1831 483 1879 504 eo-

1096 521 1155 548 dem
1171 525 1290 555 tempore
1306 521 1383 548 lectis
1406 521 1431 548 in
1450 521 1551 555 synodo
1567 520 1700 555 Tyanensi
1725 521 1818 548 iisdem
1835 521 1879 548 litp

1097 567 1172 598 teris,
1186 573 1245 594 cum
1271 566 1324 593 alia
1346 567 1487 600 permulta,
1509 571 1565 593 tum
1582 567 1607 593 id
1632 566 1714 593 etiam
1740 567 1878 593 decretum

1096 611 1188 643 fuisse,
1203 615 1233 637 ut
1256 611 1379 645 proximo
1400 617 1463 637 vere
1487 610 1565 636 Tarsi
1592 609 1618 636 in
1644 609 1736 636 Cilicia
1758 610 1878 644 synodus

1094 657 1288 684 celebraretur.
1301 657 1366 689 Quae
1386 661 1472 683 tamen
1490 655 1624 690 prohibitu
1645 655 1763 682 Valentis
1785 655 1877 681 habita

1094 707 1147 727 non
1162 700 1222 727 fuit.
1235 699 1259 727 is
1274 702 1365 739 eodem
1378 704 1496 734 tempore
1512 700 1606 730 edixit,
1621 699 1805 726 esturhandos
1819 698 1878 725 fore

1093 745 1238 772 catholicos
1252 745 1391 780 przcsuies.
1403 745 1470 772 Cum
1485 753 1565 780 porro
1577 750 1606 772 ut
1620 745 1720 772 tardius
1737 751 1807 771 anno
1824 743 1878 771 566

1094 791 1155 818 data
1168 791 1319 826 sitepistola
1330 791 1439 823 Liberii,
1450 792 1494 825 qui
1516 799 1548 818 eo
1569 791 1625 825 ipso
1648 798 1719 817 anno
1733 790 1877 817 defunctus

1093 840 1145 868 est,
1164 844 1234 863 anno
1248 835 1426 870 subsequente
1446 836 1616 870 imperatoris
1630 835 1745 863 edictum
1758 834 1877 869 promul-

263 881 317 908 dat.
333 881 402 908 Sunt
417 881 462 916 qui
479 882 578 913 dicant,
601 882 794 915 Athanasium,
811 890 871 910 cum
891 883 1043 911 inconside-
1058 880 1080 908 B
1094 886 1184 917 gutum
1200 882 1290 908 fuerit.
1304 881 1360 909 Non
1375 882 1482 909 videtur
1492 883 1562 910 enim
1576 886 1639 909 ante
1652 882 1751 913 datum,
1769 888 1828 908 cum
1842 881 1876 908 ad

264 933 350 954 ratum
369 927 457 961 populi
472 928 612 954 tumultum
625 929 792 962 prmvideret,
813 929 926 956 veritum
941 937 974 957 ne
988 935 1044 957 tur-

263 973 356 1000 harum
377 974 433 1008 ipse
458 978 552 1000 auctor
578 974 737 1006 haberetur,
755 974 825 1002 haud
848 975 954 1003 modico
975 980 1043 1003 tem-

263 1026 328 1053 pore
345 1019 371 1045 in
385 1018 509 1053 sepulcro
525 1019 611 1052 patrio
627 1019 773 1047 delituisse.

297 1065 323 1092 2.
344 1064 438 1092 Valens
451 1064 624 1091 Athanasium
641 1063 855 1092 revocaf.—Sub
868 1065 924 1092 haec
935 1065 1040 1099 Ariani,

263 1111 337 1145 queis
352 1111 433 1137 animi
449 1117 481 1138 ex
507 1109 626 1136 Valentis
648 1110 737 1137 edicto
757 1110 870 1137 multum
887 1115 1039 1144 creverant,

263 1157 295 1183 ah
305 1164 337 1184 eo
355 1156 501 1191 postulant,
513 1160 543 1182 ut
558 1156 749 1183 Alexandriam
764 1156 863 1184 Lucius
876 1157 1038 1190 mitteretur,

261 1202 305 1237 qui
320 1201 495 1237 episcopalem
506 1202 594 1230 sedem
610 1206 763 1236 occuparet.
781 1202 856 1235 Quod
874 1207 962 1230 tamen
985 1203 1038 1230 illis

261 1247 406 1274 Athanasio
426 1247 568 1282 superstite
588 1247 696 1274 minime
714 1254 884 1275 concessum.
896 1249 952 1274 llltO
974 1255 1039 1275 vero

262 1292 358 1319 Valens
381 1292 535 1327 popularem
555 1292 714 1320 seditionem
739 1292 926 1325 reformidans,
943 1293 1039 1321 litteris

260 1339 315 1366 suis
340 1338 486 1365 Athanasio
511 1338 575 1365 fecit
593 1339 744 1373 repetendas
770 1339 841 1366 sedis
867 1344 1038 1374 potestatem.

261 1383 407 1418 Suspicor.
427 1384 465 1411 ait
492 1384 675 1417 Sozomenus,
699 1385 835 1412 Valentem
867 1393 919 1413 non
944 1390 1038 1420 suopte

259 1430 374 1456 consilio
391 1430 440 1456 has
452 1430 556 1456 litteras
567 1429 689 1462 dedisse,
702 1430 759 1463 sed,
773 1430 814 1457 vel
829 1430 900 1464 quod
927 1430 1037 1457 insitam

259 1475 377 1502 omnium
393 1475 490 1503 animis
502 1475 534 1502 de
550 1475 690 1502 Athanasii
710 1475 810 1503 virtute
824 1473 978 1510 opinionem
993 1483 1037 1503 se-

259 1528 318 1547 cum
337 1525 485 1555 reputaret,
504 1527 616 1555 remque
633 1520 692 1548 ideo
719 1519 914 1553 Valentiniano,
933 1521 978 1556 qui
994 1520 1037 1547 Ni-

257 1573 338 1592 tzcna:
359 1566 419 1593 fidei
442 1566 582 1598 haerebat,
600 1565 658 1593 fore
682 1566 886 1600 permolestum;
910 1566 951 1593 vel
966 1566 1037 1600 quod

256 1612 395 1639 Athanasii
423 1616 584 1640 sectatorum
608 1611 805 1639 multitudinem
830 1611 1036 1644 reformidaret,

257 1664 291 1684 ne
303 1657 406 1684 scilicet
424 1662 595 1691 erumperent
614 1657 642 1684 in
666 1657 758 1684 turbas
786 1661 865 1692 atque
880 1656 1035 1683 seditiones.

256 1703 295 1729 Ad
319 1703 375 1731 haec
401 1710 465 1730 vero
486 1703 594 1730 Arianze
610 1703 735 1731 factionis
757 1703 876 1737 episcopi
894 1710 947 1729 non
961 1707 1035 1729 tanta

257 1747 436 1775 sollicitudine
447 1748 617 1775 excubabant
634 1748 668 1775 ad
681 1755 742 1776 eum
755 1747 900 1782 episcopali
915 1747 977 1774 sede
989 1747 1037 1774 de-

256 1794 418 1821 turbandum
440 1801 447 1819 :
474 1794 591 1821 luiturum
620 1793 825 1828 prospicientes,
846 1794 869 1820 si
894 1793 1037 1828 pelleretur

256 1839 354 1870 denuo,
365 1838 542 1872 imperatores
552 1838 783 1872 interpellaturum
794 1846 801 1870 ;
814 1842 947 1872 nactaque
963 1837 1036 1873 ipsos

256 1883 371 1910 adeundi
383 1883 532 1914 occasione,
548 1883 696 1917 periculum
718 1883 775 1911 fore
797 1891 831 1910 ne
848 1883 987 1911 Valentem
1002 1883 1035 1910 ad

255 1936 331 1954 suam
346 1928 489 1955 deduceret
498 1928 660 1962 opinionem,
676 1928 953 1963 Valentinianumque,
965 1935 1036 1955 verae

255 1979 415 2001 sectatorem
428 1974 500 2006 fidei,
510 1974 638 2009 querelis,
650 1975 785 2007 oratione,
799 1975 1035 2009 dignitateinllam—

255 2024 343 2046 maret
360 2020 385 2046 in
400 2018 578 2047 adversarios.
594 2019 632 2047 Ne
649 2020 699 2046 viri
719 2019 852 2055 ingenium
865 2026 892 2047 et
902 2021 1036 2055 sagacitas

255 2071 287 2091 ex
304 2064 337 2091 iis
363 2071 423 2099 qua:
442 2063 598 2091 Constantio
616 2063 778 2097 imperatore
797 2066 980 2100 contigerant,
994 2069 1035 2092 sat

254 2114 408 2146 perspecta,
425 2115 466 2136 sat
477 2109 615 2143 explorata
627 2114 687 2136 erat
707 2118 713 2135 :
733 2111 874 2144 prudentia
892 2111 991 2146 quippe
1004 2118 1035 2138 ac

255 2156 434 2191 prospiciendi
450 2155 474 2182 vi
484 2155 595 2183 insidias
610 2159 637 2183 et
647 2156 860 2190 conspirationes
871 2163 942 2190 saepe
955 2155 1035 2183 decli-

1093 932 1192 952 annum
1209 925 1260 952 367
1276 925 1372 953 Valens
1396 926 1464 953 bello
1483 931 1627 960 occupatus
1646 925 1774 956 Gothico,
1794 930 1876 952 tantae

1092 969 1237 997 inferendae
1250 978 1298 1005 per
1319 976 1402 998 totum
1426 972 1565 1005 imperium
1583 971 1729 1003 vexatiOni,
1745 971 1789 998 vix
1813 978 1875 1006 spa-

1093 1015 1157 1042 tium
1175 1020 1202 1042 et
1216 1016 1383 1043 occasionem
1399 1017 1524 1043 habuisse
1535 1017 1663 1050 potuerit.

1125 1059 1199 1087 ANNO
1210 1061 1429 1096 568.—Synodus
1441 1061 1558 1089 Romana
1566 1062 1638 1096 prior
1650 1062 1696 1089 sub
1711 1061 1874 1089 Damam.—

1090 1106 1177 1138 Anno,
1195 1112 1223 1134 ut
1241 1107 1393 1142 opinamur,
1413 1109 1481 1140 568,
1500 1108 1629 1135 Damasus
1649 1115 1716 1142 papa
1737 1107 1874 1134 celebrato

1090 1150 1183 1179 Romae
1208 1159 1256 1186 pro
1281 1153 1463 1180 conﬁrmanda
1482 1152 1588 1180 Nicaeus
1605 1153 1656 1180 ﬁde
1677 1153 1801 1184 concilio,
1820 1152 1873 1179 Va-

1090 1196 1186 1224 lentem
1210 1204 1237 1224 et
1260 1197 1398 1225 Ursacium
1430 1199 1546 1226 famosos
1574 1199 1632 1227 illos
1661 1199 1871 1227 Occidentalium

1090 1242 1249 1270 Arianorum
1270 1244 1459 1279 antesignanos
1476 1244 1615 1272 damnatos
1632 1245 1775 1278 abdicavit,
1791 1249 1872 1279 atque

1089 1288 1179 1322 lapsos
1193 1293 1311 1323 tempore
1323 1290 1473 1318 vexationis
1494 1291 1633 1326 episcopos
1645 1290 1677 1317 ad
1692 1290 1807 1317 cilicium
1831 1297 1872 1316 re-

1088 1341 1185 1361 vocare
1212 1340 1324 1362 conatus
1346 1341 1404 1369 est,
1419 1337 1532 1364 detectis
1548 1337 1579 1364 iis
1591 1337 1636 1371 qui
1655 1336 1811 1363 defectionis
1825 1343 1873 1362 au-

1088 1385 1176 1407 ctores
1191 1380 1313 1409 fuissent.
1330 1381 1440 1409 Litteris
1459 1388 1547 1410 autem
1567 1383 1685 1418 synodus
1704 1387 1763 1409 acta
1783 1386 1809 1409 et
1822 1382 1870 1408 de-

1088 1430 1162 1453 creta
1177 1434 1224 1452 sua
1236 1427 1335 1461 ubique
1357 1428 1527 1462 significavit.

1121 1471 1195 1498 Anno
1208 1471 1271 1498 569.
1289 1486 1324 1491 —
1338 1471 1457 1507 Synodus
1476 1473 1664 1500 Alexandrina.
1679 1487 1714 1492 —
1728 1471 1775 1499 liis
1791 1479 1870 1499 acce-

1087 1516 1140 1551 ptis
1158 1516 1265 1549 litteris,
1280 1516 1444 1544 Athanasius
1467 1518 1597 1553 synodum
1612 1522 1742 1546 convocat
1753 1517 1870 1544 Alexaih

1088 1561 1156 1588 driaa
1182 1561 1258 1595 cujus
1273 1562 1408 1597 synodalis
1421 1562 1454 1589 ad
1468 1562 1547 1590 Afros
1566 1563 1676 1597 epistola
1699 1567 1787 1590 exstat
1799 1563 1871 1590 inter

1086 1613 1167 1640 opera
1181 1607 1329 1635 Athanasii.
1345 1607 1370 1634 is
1385 1613 1484 1642 quanta
1495 1608 1673 1636 sollicitudine
1687 1616 1737 1636 non
1759 1616 1868 1636 suorum

1087 1652 1176 1684 modo,
1187 1653 1233 1680 sed
1245 1653 1327 1680 etiam
1341 1659 1515 1681 externorum
1531 1653 1609 1681 saluti
1623 1654 1783 1690 invigilaret,
1794 1654 1869 1682 hisce

1086 1698 1182 1725 litteris
1199 1699 1419 1734 deprehenditur.
1439 1700 1505 1727 (lum
1529 1701 1600 1728 enim
1619 1703 1786 1736 accepisset,
1800 1709 1869 1728 non-

1086 1743 1173 1770 nullos
1192 1751 1252 1771 esse
1268 1746 1452 1780 oppugnanda:
1474 1746 1589 1774 Nicaeum
1607 1746 1668 1774 ﬁdei
1685 1747 1867 1782 cupidos,,qui

1085 1788 1178 1823 synodi
1197 1789 1374 1818 Ariminensis
1389 1791 1466 1823 Acta,
1483 1791 1527 1818 illa
1546 1799 1642 1826 nempe
1661 1791 1808 1819 Constantii
1823 1799 1868 1819 au-

1085 1837 1220 1869 ctoritate,
1234 1837 1330 1869 minis,
1344 1836 1486 1864 formidine
1497 1838 1530 1864 ad
1551 1845 1627 1864 suam
1642 1837 1778 1865 libidinem
1802 1846 1867 1865 con-

1085 1883 1193 1918 scripta,
1205 1882 1368 1910 alierrentin
1383 1883 1513 1915 medium,
1529 1890 1560 1910 ac
1575 1884 1647 1910 omni
1662 1891 1712 1918 ope
1725 1885 1867 1919 studioque

1085 1929 1278 1956 contenderent
1302 1927 1416 1954 Nicaanis
1441 1928 1554 1955 decretis
1577 1929 1761 1961 anteferenda,
1786 1929 1867 1957 Afros

1084 1975 1247 2001 Athanasius
1259 1974 1296 2001 rei
1310 1975 1448 2001 veritatem
1465 1973 1576 2007 edocet;
1589 1975 1748 2002 Arianorum
1763 1975 1866 2003 scilicet

1085 2019 1140 2046 haec
1163 2020 1312 2052 molimina,
1332 2019 1387 2046 haec
1407 2027 1474 2046 nova
1493 2021 1710 2047 machinamenta
1732 2028 1791 2048 esse
1805 2022 1864 2056 (a);

1084 2062 1218 2090 Nicaeuam
1233 2064 1311 2090 ﬁdem
1326 2071 1340 2090 a
1357 2071 1470 2092 cccxvm
1483 2064 1616 2098 episcopis
1629 2065 1738 2097 editam,
1748 2065 1863 2098 firmam,

1084 2116 1188 2143 sanam,
1201 2115 1227 2136 et
1240 2110 1360 2137 omnium
1383 2111 1493 2145 pietatis
1510 2111 1657 2137 amantium
1678 2111 1781 2139 calculo
1795 2112 1866 2146 apud

1084 2153 1163 2181 ludos
1178 2163 1263 2190 usque
1276 2159 1302 2182 et
1323 2155 1458 2183 Barbaros
1479 2161 1630 2191 receptam;
1649 2157 1775 2184 Arianam
1789 2165 1864 2190 vero,

254 2207 376 2228 nmerat.
397 2201 462 2234 Qua:
485 2208 566 2228 causa
581 2200 664 2228 fuisse
677 2201 783 2228 videtur
794 2201 923 2228 utAriani
938 2209 953 2228 a
968 2209 1033 2228 con-
1048 2211 1070 2238 ι)
1085 2200 1180 2226 nedum
1201 2200 1292 2235 probis
1307 2206 1377 2228 esset
1399 2206 1524 2236 accepta,
1538 2209 1571 2228 ne
1588 2201 1622 2228 ab
1636 2201 1744 2230 Arianis
1756 2203 1864 2237 quidem

253 2246 313 2273 silio
321 2246 480 2273 exturbandi
492 2247 631 2273 Athanasii
646 2250 700 2273 tum
714 2246 903 2278 desciscerent,
913 2252 992 2281 atque
1005 2247 1031 2273 in

252 2299 320 2326 pace
340 2292 460 2319 sinerent
477 2292 647 2319 Alexandria:
669 2292 819 2319 consistere
831 2311 838 2324 ,
854 2292 916 2318 dum
935 2296 1032 2319 caetera

252 2338 353 2364 circum
365 2337 434 2370 loca,
447 2337 651 2372 Orientales-que
666 2339 810 2373 provincia:
827 2345 921 2364 omnes
938 2337 1032 2365 Valen-

253 2385 287 2410 tis
301 2384 327 2410 in
340 2383 491 2411 Catholicos
506 2384 683 2416 immanitate,
698 2384 824 2415 caedibus,
839 2383 952 2415 exsiliis,
968 2390 1031 2416 pro-

251 2429 451 2464 scriptionibus,
470 2430 542 2456 nullo
556 2437 608 2457 non
632 2430 792 2457 calamitatis
810 2436 908 2464 genere
929 2428 1030 2457 c0nﬁa-

251 2481 371 2509 grarent.

285 2521 312 2548 5.
331 2521 431 2556 Fugam
450 2526 539 2549 autem
551 2521 699 2549 Athanasiii
711 2525 951 2556 postremam,cum
969 2527 1031 2548 eru-

250 2567 305 2595 dito
322 2567 381 2594 viro
399 2568 515 2595 Antonio
536 2567 618 2602 Pagio
637 2568 664 2594 in
679 2574 779 2595 annum
799 2566 935 2600 rejicimus
949 2566 1030 2594 circi-

250 2618 292 2640 ter
305 2613 367 2641 567.
381 2612 448 2646 Quia
473 2613 575 2640 scilicet
593 2613 631 2640 ait
648 2612 824 2648 Theophanes
851 2612 1027 2639 Athanasium

249 2659 424 2694 quadraginta
444 2667 489 2686 sex
508 2659 586 2686 annis
609 2659 755 2694 episcopali
778 2659 947 2692 perfunctum
969 2665 1028 2684 mu-

251 2711 323 2735 nere,
340 2708 410 2730 totos
425 2704 601 2738 quadraginta
622 2705 647 2731 in
671 2704 798 2739 periculis
815 2703 1027 2731 calamitatibus-

248 2755 300 2782 que
310 2754 456 2781 versatum,
471 2750 506 2775 ita
521 2755 549 2775 ut.
571 2757 618 2776 sex
638 2750 781 2783 postremis
797 2749 882 2776 solum
895 2748 957 2776 vita:
970 2754 1024 2775 sua:

284 2845 321 2882 (α)
342 2844 426 2879 Epist.
443 2845 584 2873 Athanasii
597 2847 630 2874 ad
647 2846 736 2874 Afros.

1083 2251 1125 2273 sat
1139 2246 1242 2273 lirmam
1262 2247 1365 2279 haberi,
1380 2247 1425 2281 qui
1443 2247 1469 2274 in
1491 2248 1598 2282 synodis
1611 2248 1671 2282 plus
1692 2248 1783 2275 decem
1803 2249 1865 2276 toti—

1083 2292 1142 2319 dcm
1161 2292 1296 2324 formulas,
1314 2298 1414 2320 mutata
1428 2293 1540 2321 subinde
1557 2295 1702 2326 sententia,
1719 2295 1806 2322 varias
1822 2295 1865 2322 in-

1083 2342 1123 2364 ter
1135 2345 1174 2369 se,
1191 2346 1239 2365 nec
1255 2339 1320 2365 satis
1333 2339 1383 2366 sibi
1399 2345 1553 2367 constantes
1568 2340 1723 2368 edidissent.
1737 2340 1792 2368 Nec
1804 2348 1864 2368 esse

1082 2385 1152 2418 quod
1171 2385 1203 2411 de
1216 2384 1377 2412 Ariminensi
1394 2386 1494 2420 synodo
1510 2386 1561 2413 sibi
1575 2387 1788 2421 gratularentur:
1803 2394 1864 2422 quae

1083 2430 1144 2456 dum
1162 2429 1255 2462 libera,
1279 2431 1341 2457 dum
1362 2436 1490 2459 extranea
1515 2431 1658 2460 formidine
1673 2440 1757 2460 vacua
1780 2438 1861 2466 esset,

1082 2481 1110 2503 et
1124 2476 1255 2503 arbitratu
1275 2484 1323 2503 suo
1341 2484 1396 2504 rem
1424 2482 1531 2512 ageret,
1549 2478 1709 2505 Arianorum
1729 2479 1862 2513 principes

1082 2522 1242 2554 abdicasset,
1258 2521 1399 2550 Ursacium
1416 2531 1512 2558 nempe
1522 2544 1530 2557 ,
1545 2523 1698 2557 Valentem,
1711 2521 1860 2552 Eudoxium

1081 2572 1108 2594 et
1122 2567 1296 2599 Auxentium.
1309 2568 1337 2595 Si
1354 2576 1406 2603 qua
1425 2569 1640 2597 Ariminensibus
1651 2569 1726 2597 Actis
1744 2575 1814 2598 esset
1829 2571 1862 2598 fi-

1080 2613 1139 2644 des,
1153 2613 1214 2641 huic
1228 2613 1375 2641 habendam
1389 2614 1506 2647 decrcto,
1520 2616 1591 2649 quod
1604 2623 1638 2643 ex
1652 2615 1737 2643 libero
1750 2615 1860 2643 Patrum

1079 2659 1192 2686 arbitrio
1217 2660 1308 2686 datum
1326 2660 1460 2694 ignoraret
1479 2668 1576 2694 nemo;
1591 2669 1668 2688 secus
1688 2666 1777 2688 autem
1799 2662 1860 2688 aliis

1079 2703 1229 2730 Constantii
1248 2711 1330 2738 opera
1344 2710 1500 2740 terroreque
1522 2706 1635 2733 extortis
1650 2706 1795 2741 suifragiis.
1810 2705 1861 2733 Te-

1078 2746 1211 2775 stintoniis
1233 2747 1330 2776 exinde
1348 2748 1519 2783 antiquorum
1540 2748 1649 2778 Patrum
1668 2749 1742 2776 vocis
1764 2747 1861 2783 ὁμοσύ-
