2016 3046
773 181 854 209 VITA
878 181 908 210 S.
929 180 1127 209 ATllANASlI.

1695 189 1758 209 CLIII

145 248 201 269 σων
216 247 307 274 nsum,
321 241 481 277 dignitatem
493 261 501 274 ,
516 241 699 269 sinceritatem
716 246 926 274 commonstrat,
942 243 965 272 Α
980 246 1149 277 tempestate,
1168 241 1264 268 Basilio
1274 241 1329 276 jam
1344 240 1479 275 episcopo,
1492 239 1519 267 in
1532 239 1613 275 Libya
1627 243 1762 267 monstro-

143 289 170 314 et
186 285 306 320 pluribus
330 285 448 313 defendit
473 285 614 313 adversum
636 286 788 314 haereticos.
805 287 847 314 Ait
869 294 928 314 esse

145 331 292 365 nonaginta
305 330 416 358 circiter
430 338 478 365 per
489 330 634 366 [Egyptum
654 333 806 367 episcopos,
819 333 864 367 qui
884 339 929 360 se-

143 383 204 402 cum
219 376 268 402 ista
280 375 446 408 scriberent;
462 376 507 411 qui
524 380 577 402 tam
592 377 729 409 concordi,
740 381 793 404 tam
808 377 928 405 unanimi

144 420 280 447 sententia
292 424 392 452 essent,
408 425 436 447 ut
451 427 484 447 ex
506 424 613 455 recepto
631 428 714 454 more,
732 421 777 456 qui
805 423 929 450 adessent

143 473 193 500 pro
208 465 364 493 absentibus
378 465 589 493 subscriberent.
607 465 654 494 His
662 466 930 495 sitnilesAlexandri-

143 519 178 538 na
190 512 308 547 synodus
322 511 425 539 litteras
438 511 471 538 ad
487 512 630 540 Damasum
653 520 749 548 papam
770 514 853 546 dedit,
874 515 930 548 qui-

143 556 195 583 bus
212 558 355 591 permirum
370 557 421 584 sibi
437 557 522 590 aiunt,
540 558 713 593 Auxentium,
732 567 783 586 non
799 560 929 587 Arianntn

144 601 235 633 modo,
251 602 296 630 sed
311 602 391 630 etiam
405 603 540 630 sexcentis
553 603 659 639 flagitiis
671 605 931 637 nobilitatum,Gre-

144 648 220 682 gorio
230 647 413 676 Alexandrino
427 648 490 675 olim
506 648 532 675 in
548 650 653 681 amicis,
669 657 701 677 ac
714 650 814 677 scelere
827 658 930 685 parem,

144 700 198 719 non
212 692 385 726 damnatum,
403 701 455 720 non
476 693 629 721 abdicatura
651 694 677 721 in
697 694 814 722 Romana
829 696 931 730 synodo

143 738 236 767 fuisse.
246 738 355 766 Gratias
365 739 478 767 Damaso
496 745 523 767 et
541 740 642 775 synodo
658 740 790 769 referunt.
804 742 874 776 quod
885 749 932 775 pa-

143 784 183 810 cis
205 787 233 811 et
255 784 446 812 ecclesiastica:
475 786 624 813 concordia:
640 793 720 814 causa
750 786 878 814 factiosm
906 793 931 815 cl

146 830 288 857 turbarum
300 835 424 858 auctores
437 830 590 866 Ursacium,
605 832 757 866 Valentem,
775 839 803 861 et
815 835 933 862 asseclaB

144 875 342 902 damnaverint.

182 922 257 950 Aulo
275 922 375 950 570.—
388 922 509 959 Synodus
526 924 643 951 Romanu
659 924 752 953 altera.
767 925 931 952 -—Athana-

145 968 180 996 sii
195 969 362 1003 aliorumque
376 969 520 1004 prmsulum
546 970 653 997 monitis
669 977 769 997 ruerem
784 971 866 1006 gessit
879 971 930 998 Da-

144 1021 248 1041 masus.
267 1013 364 1041 Coacta
383 1015 480 1049 quippe
500 1022 572 1042 anno
591 1014 643 1042 570
660 1015 700 1042 vel
725 1022 855 1051 sequente
876 1016 930 1043 Ro-

144 1066 196 1086 mae
220 1060 322 1095 synodo
340 1080 348 1092 ,
365 1060 397 1087 de
423 1060 548 1087 Auxenlii
570 1068 652 1088 causa
678 1066 785 1095 actum,
802 1062 847 1096 qui
875 1070 931 1089 om-

145 1105 218 1132 nium
247 1105 376 1141 suffragio
396 1107 582 1141 episcoporum
608 1108 804 1135 condemnatus
825 1113 866 1136 est
881 1109 931 1143 (ai.

144 1153 171 1176 et
197 1157 306 1177 munere
327 1150 510 1185 dignitateque
539 1151 688 1179 abdicatus.
714 1152 779 1185 Quae
803 1153 932 1180 hactenus

145 1199 269 1227 superest
288 1195 416 1229 synodica
440 1195 545 1222 Damasi
575 1196 706 1230 epistola,
724 1197 829 1224 videtur
856 1205 931 1224 com-

146 1239 275 1273 pendium
289 1247 346 1267 esse
359 1241 481 1275 epistola:
495 1241 527 1268 ad
541 1241 631 1274 Afros,
645 1249 691 1268 seu
706 1243 794 1277 potius
806 1243 829 1270 ei
842 1243 931 1271 cousi-

145 1285 230 1317 milis,
243 1293 321 1320 quam
336 1287 368 1313 ad
384 1287 527 1314 Damasum
543 1288 672 1315 miserant
692 1288 809 1324 Egyptii
830 1297 931 1324 praesu-

145 1334 197 1367 les,
218 1334 327 1370 ejusque
339 1337 482 1364 occasione
499 1338 662 1372 conscripta.
676 1337 705 1364 ln
720 1345 750 1365 ea
768 1339 865 1373 quippe
877 1339 932 1365 Au-

147 1378 255 1405 xentius
269 1379 422 1411 damnatus,
437 1379 615 1407 Ariminensis
641 1381 788 1414 proscripta
806 1381 930 1412 formula,

145 1421 251 1449 Nica‘na
266 1422 332 1450 fides
347 1424 503 1450 confirmata
522 1428 572 1451 est.
595 1424 667 1457 Quas
681 1432 722 1452 res
743 1433 837 1453 omnes
856 1433 931 1453 com-

146 1468 271 1502 plectitur
290 1470 401 1502 epistula
421 1470 454 1496 ad
481 1470 569 1497 Afros.
579 1469 662 1504 Vulgo
683 1470 862 1504 arbitrantur,
878 1471 930 1498 Ba-

146 1513 252 1545 silittm,
271 1515 317 1548 qui
344 1522 416 1541 armo
439 1515 491 1542 5ἷο
517 1516 543 1542 in
569 1516 723 1550 episcopum
739 1516 858 1544 delectus
879 1522 929 1550 est,

146 1559 250 1595 legatos
265 1560 375 1587 Romam
385 1562 419 1588 ad
431 1569 490 1588 eam
507 1562 590 1597 ipsam
605 1562 734 1596 synodum
746 1570 805 1589 curn
820 1563 930 1597 epistola
945 1579 967 1609 ϐ

147 1607 261 1635 misisse.
275 1605 351 1639 Quod
363 1607 386 1635 si
400 1608 566 1643 exploratum
580 1612 659 1640 esset,
671 1609 757 1643 palam
774 1609 836 1636 hinc
852 1609 930 1643 foret,

147 1653 296 1681 Romanam
307 1653 437 1689 synodum
453 1652 493 1679 vel
505 1659 574 1680 anno
587 1653 648 1685 570,
663 1653 703 1681 vel
712 1659 840 1688 sequente
851 1654 933 1683 fuisse

147 1700 322 1727 celebratam.
342 1699 394 1727 Sed
414 1707 474 1726 cum
493 1706 524 1726 ea
541 1699 632 1726 Basilii
650 1700 761 1735 epistola
784 1701 816 1728 ad
829 1701 932 1736 episco-

147 1753 195 1780 pos
207 1746 289 1774 Italia:
308 1750 334 1773 et
345 1745 436 1773 Galliae
449 1751 601 1780 nuncupata
621 1747 742 1778 sit,nulla
758 1747 826 1774 facta
839 1748 931 1782 synodi

148 1791 299 1826 cuiuspiam
315 1791 460 1823 mentiene,
477 1791 586 1822 nullius,
596 1798 654 1818 mea
665 1792 772 1826 quidem
788 1792 932 1826 sententia,

147 1842 190 1864 est
205 1837 331 1864 momenti
353 1837 386 1864 ad
401 1838 529 1871 tetnporis
548 1838 679 1864 rationem
695 1838 846 1866 ineundum.
861 1838 932 1866 Con-

145 1883 273 1918 jectando
294 1884 381 1911 solum
403 1884 430 1910 in
454 1884 505 1911 hoc
527 1883 635 1910 circiter
657 1888 760 1918 tempus
786 1884 932 1912 ltomanam

149 1930 281 1966 synodum
308 1930 509 1965 consignamus.
525 1928 591 1955 Nam
616 1929 732 1964 priorem
751 1929 801 1957 Sub
822 1929 934 1958 Damaso

149 1976 280 2012 synodum
294 1976 320 2003 in
333 1983 432 2003 annum
445 1976 601 2010 repmitnus
614 1975 724 2002 circiter
736 1975 799 2007 568,
818 1976 934 2004 Alexan-

150 2022 254 2049 drinam
269 2029 332 2050 vero
347 2022 373 2048 in
393 2026 561 2055 sequentem.
578 2021 628 2054 Qui
645 2025 733 2048 autem
756 2021 827 2048 illam
845 2022 870 2048 in
885 2030 933 2049 an-

149 2076 212 2094 num
226 2068 289 2100 566,
313 2067 382 2095 hanc
394 2067 422 2094 in
435 2067 484 2094 571
509 2066 662 2100 conferunt,
681 2068 768 2095 minus
781 2073 854 2095 certe
873 2075 935 2103 pro-

150 2112 267 2140 babilem
283 2114 376 2140 ineunt
393 2112 574 2147 chronologiae
596 2112 738 2140 rationem.
756 2112 797 2140 An
815 2114 935 2140 Athana—

150 2162 208 2189 sius
235 2166 263 2188 et
287 2161 405 2197 [Egyptii
431 2161 549 2196 episcopi
578 2165 662 2188 totum
685 2161 802 2195 quinque
822 2161 864 2188 vel
888 2169 936 2189 sex

149 2215 281 2234 annorum
290 2208 403 2241 spatium
415 2207 525 2234 effluere
539 2207 765 2241 permiserunt,ut
780 2207 936 2235 inveteratis

150 2253 233 2279 rebus
256 2253 348 2286 gestis,
367 2253 467 2286 gratias
488 2252 602 2279 Damaso
625 2257 654 2280 et
680 2252 781 2287 synodo
804 2252 934 2280 Romana!

150 2296 309 2325 referrent?
325 2298 366 2325 Ad
377 2298 443 2329 haec,
460 2305 512 2325 non
531 2297 635 2325 videtur
655 2297 769 2325 Damaso
789 2298 838 2325 sub
853 2298 932 2325 linem

151 2343 213 2370 anni
229 2342 280 2370 366
289 2343 472 2377 inpuntificem
480 2348 612 2377 cooptato,
622 2347 650 2370 et
658 2344 766 2371 ineunte
779 2343 933 2377 episcopatu

152 2389 269 2418 Ursicini
287 2390 376 2418 aemuli
398 2389 514 2418 factione
542 2390 686 2424 exagitato,
707 2390 823 2425 spatium
847 2389 933 2417 fuisse

151 2437 185 2463 ad
204 2437 333 2471 synodum
357 2437 450 2464 eodem
475 2444 546 2464 anno
564 2437 767 2470 celebrandam;
782 2437 828 2464 sed
854 2437 934 2463 rebus

149 2483 258 2510 demum
275 2484 429 2518 compositis
457 2491 528 2511 anno
547 2483 598 2511 568
629 2484 662 2511 de
679 2484 780 2519 synodo
803 2484 934 2518 cogitasse

151 2529 318 2564 probabilius
331 2534 382 2561 est,
395 2538 465 2557 anno
480 2534 569 2557 autem
595 2531 751 2564 insequente
771 2529 875 2555 litteras
888 2536 934 2555 ac.-

151 2574 256 2608 cepisse
276 2574 415 2601 Athanasii
435 2579 462 2602 et
489 2574 683 2610 (Egyptiorum,
698 2574 782 2607 iisque
799 2573 934 2607 obtempe-

152 2627 237 2650 rasse,
253 2627 284 2646 ac
297 2621 428 2654 synodum
439 2625 529 2655 postea
543 2621 664 2656 coegisse
685 2620 717 2647 ad
730 2619 854 2647 Auxentii
871 2627 934 2647 cau-

152 2672 211 2692 sam
224 2666 423 2694 excutiendam.

188 2709 263 2738 ANNO
278 2710 340 2738 571.
357 2725 391 2729 -
405 2711 432 2738 1.
447 2711 606 2739 Athanasius
620 2712 771 2746 prasfectum
785 2710 872 2745 Libym
883 2710 935 2737 Cu-

153 2755 313 2783 tholiaorum
333 2758 515 2784 communione
530 2757 672 2785 interdicit.
689 2771 722 2778 —-
745 2756 800 2785 llac
827 2757 934 2784 circiter

189 2857 228 2892 (α)
244 2857 349 2893 νἹῚιθοά.
365 2857 409 2884 lib.
430 2865 460 2893 tt,
475 2865 535 2893 cap.
551 2857 596 2885 22.

188 2894 227 2927 (b)
243 2892 330 2928 Epist.
347 2893 390 2921 47.

982 293 1040 312 rum
1055 292 1160 318 semper
1185 291 1297 319 parente
1313 284 1453 320 praefectus
1468 289 1528 311 erat
1545 284 1705 312 crudelitate
1733 289 1761 311 et

978 329 1087 357 lascivia
1106 331 1234 365 insignis,
1254 330 1297 357 cui
1319 337 1377 357 mos
1390 329 1486 356 eratin
1508 329 1608 356 alienos
1635 334 1707 357 toros
1721 329 1761 355 in-

979 373 1062 401 hiare.
1087 373 1184 408 lmpuri
1201 374 1316 401 hominis
1335 374 1480 401 suelcribus
1494 377 1628 408 permotus
1641 373 1760 400 Athana-

979 419 1045 450 sius,
1059 424 1088 446 ut
1107 419 1244 452 infamem,
1255 419 1381 446 Ecclesia:
1394 419 1582 459 communione
1607 419 1760 451 interdixit,

979 464 1122 498 missisque
1139 465 1248 496 litteris,
1267 473 1326 491 cum
1351 468 1493 492 obscenam
1519 464 1635 492 hominis
1659 464 1737 491 vitam
1752 484 1760 496 ,

981 514 1037 537 tum
1053 510 1141 537 illatas
1156 511 1268 538 merenti
1287 517 1379 544 poenas
1394 510 1566 545 signiﬁcavit.
1588 510 1622 537 lis
1644 510 1760 543 acceptis

981 555 1096 583 Basilius
1111 557 1148 591 (Ιι)
1164 557 1260 584 litteris
1271 556 1371 583 factum
1385 555 1485 588 laudat,
1502 556 1655 590 pronuntiat
1675 556 1762 582 humi-

980 609 1041 629 nem
1059 609 1119 629 esse
1135 602 1274 629 Athanasii
1290 602 1422 629 sententia
1439 601 1646 634 exsecrandum,
1659 601 1761 629 nemini

955 667 958 668 ν
981 657 1041 678 cum
1056 649 1101 677 illo
1123 649 1202 684 ignis,
1216 656 1292 684 aquae
1305 649 1347 676 vel
1362 649 1424 676 tecti
1436 648 1649 676 communionem
1667 649 1761 676 ineun-

981 696 1063 728 dam;
1090 703 1105 723 e
1127 703 1155 723 re
1177 694 1304 722 Ecclesia:
1324 694 1392 726 fore,
1423 698 1452 721 ut
1477 694 1584 721 violenti
1612 693 1761 729 hujusmodi

983 741 1087 776 tyranni
1115 740 1251 768 connnuui
1277 740 1349 767 omni
1365 740 1483 768 omnium
1509 739 1613 766 calculo
1642 740 1761 774 proscri-

983 787 1089 812 bantur.

1016 831 1044 860 2.
1056 832 1123 859 Aliae
1138 832 1202 859 item
1217 836 1325 860 exstant
1335 831 1452 866 ejusdem
1471 831 1563 859 Basilii
1585 834 1617 859 ad
1639 831 1760 858 Athana-

984 877 1052 904 sium
1070 877 1188 912 epistola:
1203 877 1258 913 (c).‘
1268 877 1295 904 In
1319 885 1350 905 ea
1369 885 1445 910 vero,
1462 885 1521 913 quae
1541 877 1659 905 secundo
1677 877 1762 904 fertur

983 923 1051 955 loco,
1067 923 1189 957 deplorat
1210 923 1381 950 calamitates
1395 922 1540 950 Orientalis
1563 923 1708 950 Ecclesia):
1736 926 1762 948 et

983 974 1060 1003 rogat
1077 969 1255 996 Athanasium
1269 989 1277 1001 ,
1298 969 1366 1003 apud
1393 968 1577 997 Occidentales
1598 970 1623 996 id
1641 975 1711 1005 agat,
1734 976 1764 997 ut

981 1023 1062 1049 quam
1080 1014 1287 1042 sollicitudinem
1320 1015 1448 1043 adversus
1474 1024 1556 1042 unum
1582 1017 1683 1043 duosve
1716 1016 1762 1050 qui

981 1067 1064 1094 prave
1080 1060 1213 1087 sentirent
1227 1060 1413 1094 praetulerant,
1432 1062 1553 1088 eamdem
1569 1062 1653 1095 ipsam
1672 1067 1762 1089 verte-

981 1111 1041 1133 rent
1057 1106 1090 1133 ad
1108 1113 1151 1133 res
1167 1105 1317 1134 Orientales
1330 1106 1537 1140 componendas.
1549 1106 1688 1134 Neminem
1703 1115 1763 1135 esse

983 1153 1016 1180 ad
1027 1159 1086 1179 eam
1102 1159 1158 1179 rem
1175 1151 1369 1186 impetrandam
1390 1152 1448 1186 ipso
1462 1153 1692 1186 opportuniorem,
1705 1153 1763 1181 sive

983 1198 1130 1233 ingenium,
1145 1197 1202 1225 sive
1215 1197 1369 1232 prudentia,
1386 1205 1432 1224 seu
1446 1198 1542 1231 virtus,
1557 1205 1605 1225 seu
1619 1199 1761 1226 venerabi-

983 1243 1015 1271 lis
1027 1243 1140 1270 canities
1154 1247 1341 1278 spectaretur:
1359 1243 1385 1270 id
1400 1242 1528 1278 epistolis,
1552 1243 1578 1271 id
1604 1243 1708 1279 legatis,
1737 1245 1763 1272 id

983 1289 1107 1323 precibus
1120 1289 1243 1316 obtinere
1257 1289 1441 1317 contenderet.
1468 1289 1508 1317 Ac
1533 1297 1593 1317 cum
1612 1290 1705 1323 primis
1721 1298 1764 1318 res

983 1334 1110 1362 Ecclesia:
1129 1335 1304 1362 Antiochense
1318 1340 1373 1362 tum
1385 1335 1507 1362 luctuoso
1532 1335 1654 1370 discidio,
1672 1344 1704 1363 ac
1719 1337 1763 1363 tri—

982 1380 1042 1415 plici
1057 1381 1171 1407 factione
1181 1380 1378 1416 conliagrantes
1398 1382 1521 1415 componi
1536 1387 1643 1409 curaret
1656 1391 1663 1409 :
1677 1382 1699 1409 si
1715 1390 1762 1409 ca-

982 1432 1028 1463 put
1039 1428 1120 1454 totius
1131 1427 1249 1455 Orientis
1260 1428 1292 1454 ad
1306 1429 1476 1456 concordiam
1489 1434 1671 1460 revocaretur,
1688 1437 1762 1463 spent

983 1473 1040 1500 fore
1052 1473 1146 1508 gratia:
1172 1473 1242 1500 inter
1264 1473 1365 1508 reliqua
1394 1475 1514 1502 membra
1546 1475 1761 1502 reconciliandae.

983 1518 1153 1547 Suntautem
1178 1520 1223 1554 qui
1252 1524 1356 1554 putent,
1376 1528 1435 1548 eam
1449 1520 1588 1555 epistolam
1615 1521 1764 1548 Athanasio

983 1564 1093 1590 missam
1123 1570 1267 1599 antequam
1285 1565 1466 1592 celebraretur
1493 1566 1674 1592 Alexandrina
1699 1573 1763 1601 syn—

982 1610 1051 1637 odus
1072 1611 1105 1637 de
1117 1617 1170 1645 qua
1186 1611 1320 1645 superius.
1343 1612 1443 1639 Verum
1460 1616 1488 1638 ut
1509 1619 1601 1638 eorum
1624 1612 1763 1638 sententia:

983 1656 1070 1690 palam
1085 1664 1138 1683 non
1155 1663 1341 1690 repugnamus,
1355 1664 1415 1684 cum
1436 1661 1525 1683 tamen
1544 1656 1624 1690 paulo
1641 1662 1700 1690 post
1713 1656 1762 1684 Ur-

983 1702 1048 1729 sacii
1060 1707 1087 1729 et
1102 1702 1224 1729 Valentis
1235 1702 1441 1734 abdicationem,
1459 1710 1519 1736 quae
1544 1710 1594 1730 nec
1605 1703 1721 1730 obscure
1735 1703 1762 1729 in

984 1747 1033 1774 hac
1050 1747 1139 1775 Basilii
1156 1747 1269 1782 epistola
1286 1754 1464 1781 memoratur,
1488 1755 1519 1775 ea
1534 1748 1652 1783 synodus
1665 1748 1762 1775 subse-

983 1799 1043 1821 cuta
1061 1793 1105 1825 sit,
1119 1793 1182 1820 hinc
1197 1801 1262 1820 sane
1274 1793 1397 1820 firmatur
1411 1793 1565 1827 conjectura
1581 1797 1680 1820 nostra.

1017 1840 1044 1866 5.
1060 1840 1087 1866 In
1099 1839 1150 1866 alia
1167 1839 1278 1874 epistola
1297 1844 1381 1874 rogat,
1397 1839 1463 1867 utin
1479 1844 1551 1866 tanta
1565 1838 1692 1867 Ecclesia:
1705 1847 1764 1873 per—

985 1885 1140 1912 turbatione
1150 1885 1277 1919 precibus
1289 1892 1328 1916 se,
1345 1885 1467 1918 consilio,
1487 1885 1582 1920 peritia
1613 1893 1703 1912 rerum
1722 1893 1765 1920 ge—

985 1932 1128 1958 rendarum
1143 1930 1262 1968 adjuvet,
1278 1938 1328 1957 nec
1340 1930 1457 1965 aliquam
1476 1929 1546 1956 elabi
1572 1930 1644 1956 sinat
1659 1929 1763 1957 littera-

985 1985 1044 2004 rum
1056 1977 1106 2003 sibi
1119 1976 1310 2004 mittendarum
1336 1976 1506 2004 occasionem
1521 1984 1527 2008 ;
1545 1977 1639 2009 grandi
1667 1976 1765 2011 quippe

984 2023 1104 2051 subsidio
1121 2028 1148 2051 et
1159 2023 1337 2051 consolationi
1357 2023 1406 2050 sibi
1423 2030 1483 2050 esse
1499 2022 1558 2056 ejus
1580 2023 1718 2057 epistolas.
1736 2023 1764 2049 lu

984 2075 1115 2105 sequente
1130 2070 1162 2097 de
1174 2069 1279 2097 Meletio
1294 2070 1358 2103 agit,
1372 2069 1575 2103 Athanasioque
1590 2069 1676 2095 innuit
1688 2073 1766 2102 opta-

986 2116 1120 2152 tissimum
1136 2116 1287 2151 quibusque
1306 2123 1377 2148 esse,
1393 2120 1422 2141 ut
1436 2115 1493 2149 ipse
1520 2115 1593 2142 solus
1619 2115 1766 2141 Antioche-

986 2169 1046 2188 nam
1061 2166 1139 2197 regat
1151 2161 1310 2195 Ecclesiam,
1325 2161 1434 2195 reliqua:
1455 2168 1519 2187 vero
1543 2159 1716 2194 partiuncula:
1739 2161 1764 2186 in

986 2214 1083 2241 corpus
1095 2215 1176 2233 unum
1192 2211 1365 2241 coaptentur.
1379 2206 1453 2233 Hanc
1468 2206 1567 2240 excipit
1579 2206 1629 2232 alia
1641 2205 1764 2240 epistola,

949 2251 971 2277 D
985 2260 1038 2287 qua
1052 2252 1199 2287 deploratis
1217 2252 1249 2279 de
1263 2260 1338 2279 more
1351 2251 1479 2278 Ecclesiae
1492 2251 1699 2282 calamitatibus,
1716 2257 1765 2285 po-

987 2298 1069 2325 stulat
1084 2297 1225 2325 Athanasii
1236 2297 1362 2332 epistolas
1375 2298 1408 2324 ad
1428 2297 1516 2324 varios
1526 2296 1667 2330 episcopos
1688 2295 1766 2321 datas

986 2345 1038 2372 sibi
1055 2344 1211 2371 transmitti.
1225 2343 1331 2371 Claudit
1344 2351 1438 2380 agmen
1455 2343 1517 2375 alia,
1531 2350 1582 2377 qua
1596 2349 1624 2369 se
1642 2341 1766 2369 testifica-

987 2395 1030 2417 tur
1044 2390 1142 2425 ingenti
1155 2390 1253 2424 gaudio
1267 2389 1376 2417 Petrum
1390 2389 1422 2416 ab
1435 2389 1584 2416 Athanasio
1595 2388 1704 2415 missum
1718 2395 1766 2413 ex-

987 2437 1101 2471 cepisse,
1114 2444 1142 2464 se
1152 2437 1277 2464 erunibus
1302 2437 1328 2463 in
1345 2436 1458 2470 negotiis
1472 2435 1558 2470 ipsum
1570 2434 1647 2469 quasi
1670 2433 1765 2460 ducent

987 2490 1019 2509 ac
1028 2490 1115 2509 rerum
1130 2482 1304 2516 gerendarum
1319 2482 1464 2515 principem
1478 2480 1576 2507 habere
1587 2491 1593 2507 :
1604 2480 1765 2508 Dorotheum

987 2528 1084 2555 Meletii
1098 2528 1239 2555 diaconum
1254 2528 1286 2554 ad
1303 2528 1387 2562 ipsum
1402 2527 1518 2553 mittere.
1531 2525 1623 2553 Videri
1640 2525 1690 2553 sibi
1706 2533 1768 2552 con-

987 2578 1157 2606 sentaneum,
1189 2573 1212 2599 si
1237 2573 1334 2599 litteris
1348 2572 1417 2606 apud
1441 2571 1591 2598 Romanum
1611 2570 1765 2604 episcopum

987 2623 1093 2653 agatur,
1106 2623 1135 2645 ut
1156 2619 1236 2645 rebus
1252 2617 1435 2644 Orientalibus
1457 2616 1651 2643 constituendis
1672 2623 1766 2642 curam

988 2672 1155 2700 operamque
1170 2668 1261 2690 navet.
1282 2663 1337 2690 Nec
1359 2662 1462 2697 synodo
1477 2669 1544 2695 opus
1560 2668 1629 2694 esse,
1643 2661 1689 2688 sed
1710 2660 1768 2694 ipse

988 2711 1151 2738 auctoritate
1163 2709 1271 2744 propria
1292 2709 1365 2735 viros
1381 2708 1481 2742 deligat
1502 2715 1563 2734 cum
1586 2706 1704 2734 ferendis
1717 2705 1767 2733 viae

989 2756 1128 2788 molestiis,
1145 2760 1199 2782 tum
1216 2756 1296 2783 rebus
1308 2754 1431 2790 gerendis
1448 2754 1568 2786 idoneos,
1582 2753 1628 2788 qui
1639 2758 1767 2780 mansue-

1024 2856 1058 2893 (ο)
1079 2855 1162 2891 Epist.
1175 2854 1269 2883 47.52.
