2016 3046
259 210 320 234 απ

935 198 1198 228 PROLEGOMENA.

261 261 353 289 tudine
365 266 391 289 et
403 260 532 288 facilitate
547 260 644 295 ingenii
664 261 732 288 male
755 260 866 287 aﬂ‘ectos
880 261 984 287 Valeant
1007 260 1040 287 ad
1055 261 1077 288 Α
1091 259 1124 286 ad
1141 266 1191 285 nos
1209 257 1324 284 transire
1340 255 1486 287 voluerint,
1517 255 1697 282 admittendos
1711 261 1782 287 esse,
1803 255 1867 284 dum

261 315 354 334 sanam
375 307 503 334 reducere
528 311 643 333 mentum
662 315 670 333 :
695 312 721 333 et
736 306 843 341 quidem
858 306 927 332 clam
944 306 1038 332 tacite-

261 361 313 387 que
337 353 506 386 accederent,
522 359 550 380 ut
574 353 618 386 qui
642 354 763 380 advch
789 353 874 388 partis
892 357 979 382 erant,
1007 359 1041 378 ne

261 398 496 431 praisentiscercnt
509 398 616 432 quidem
632 397 803 424 adventuros.
821 397 886 424 Esse
900 398 945 432 qui
969 396 1040 423 Mar-

261 443 356 469 cellutn
369 441 647 476 contenderentabjici
662 442 695 469 ab
708 442 828 469 Ecclesia
840 447 976 477 oportere,
993 442 1039 476 qui

261 487 342 516 Verbi
364 489 410 516 Dei
426 494 488 515 ante
510 488 723 515 incarnationem
746 492 773 515 et
788 492 847 521 post
869 486 1042 514 resurrectio-

261 542 322 562 nem
338 533 522 562 exsistentiam
535 533 648 560 tolleret.
833 526 840 531 ’

295 580 324 608 4.
340 581 499 607 Athanasius
524 587 582 605 cum
603 578 708 605 Meletio
731 578 924 605 reconciliatur.
939 592 976 598 —
1001 577 1041 604 Ex

262 627 313 654 hac
332 633 467 662 postrema
483 626 595 661 epistola
610 626 704 653 conlici
717 626 832 656 videtur,
848 623 940 650 Basilii
956 630 1040 657 opera

262 673 438 699 Athanasium
455 671 559 699 Meletio
575 671 772 698 reconciliatum
783 670 874 697 fuiSse.
889 669 956 696 Nam
971 669 1041 704 quod

262 718 360 745 Meletii
378 718 506 752 diaconus
524 718 556 744 ad
571 717 747 744 Athanasium
758 715 971 744 conveniendum
981 722 1042 749 pro-

262 767 381 798 peraret,
391 763 415 789 id
434 770 464 789 ea
485 766 644 796 tempestate
659 761 730 788 inter
743 760 820 795 signa
839 759 912 786 inita:
932 763 979 785 aut
991 757 1043 785 sal-

263 813 316 836 tem
331 808 452 835 ineundae
465 808 540 842 pacis
554 808 770 841 computabatur.
785 807 812 833 In
825 806 899 832 hisce
916 803 1041 831 onmibus

261 853 384 887 epistolis
400 859 525 886 magnam
543 859 657 879 cernere
669 855 712 879 est
724 850 815 882 Basilii
839 857 902 884 erga
919 849 1041 876 Athana-

262 899 332 925 sium
346 898 558 924 observantiam.
577 897 669 924 Virum
686 902 714 924 ut
725 901 840 931 putrem,
852 900 880 922 ut
892 896 1040 926 doctorem,

263 948 293 970 ut
305 943 434 970 arbitrum
446 952 552 978 semper
567 943 713 978 alloquitur
729 952 736 970 :
753 947 781 970 et
795 942 876 969 totius
890 941 974 969 ferme
988 939 1041 967 Ec-

263 990 354 1017 clesiae
378 996 477 1017 sortem
497 998 528 1016 ex
547 990 631 1024 ipsius
654 989 770 1016 maxime
796 988 912 1022 pendere
932 985 1043 1014 consilio

264 1037 436 1064 testiﬁcatur.
455 1037 620 1063 Athanasius
645 1035 763 1062 vicissim
778 1033 905 1060 Basilium
924 1032 969 1059 ﬁlii
985 1032 1043 1060 loco

263 1091 370 1117 semper
380 1083 484 1113 habuit,
495 1083 606 1117 ejusque
621 1082 782 1113 doctrinam,
794 1083 848 1108 vim
865 1081 975 1115 ingenii,
989 1079 1044 1114 pie-

266 1133 347 1156 tatem
362 1129 455 1163 quanti
475 1129 567 1160 l'aciat,
581 1129 651 1155 haud
667 1127 747 1155 semel
759 1127 893 1162 significat
909 1127 935 1152 in
949 1126 1045 1152 litteris

263 1174 355 1202 Basilii
366 1182 448 1211 causa
465 1175 634 1209 conscriptis.
651 1173 718 1200 Nam
730 1181 789 1207 qua:
808 1173 841 1200 ad
867 1173 953 1206 ipsum
969 1171 1045 1198 Basi-

264 1220 329 1247 linm
346 1221 415 1247 data-
429 1225 501 1252 snnt,
517 1220 615 1254 injuria
638 1224 786 1253 temporum
801 1217 973 1245 interierunt.

299 1267 328 1294 5.
351 1266 476 1300 Epistola-
490 1266 630 1292 Athanasii
644 1266 678 1291 ad
693 1264 823 1292 Joannem
839 1268 863 1290 et
888 1263 1045 1290 Antiochum

263 1317 287 1338 et
301 1313 335 1338 ad
350 1312 512 1338 Palladium.
530 1311 622 1339 Basiﬁi
635 1311 666 1337 de
681 1310 824 1336 Athanasio
842 1308 998 1336 testimonia.
1010 1323 1045 1328 --

264 1357 321 1385 Hoc
338 1358 447 1384 circiter
470 1362 590 1390 tempore
615 1356 739 1384 excitatis
764 1356 796 1382 de
827 1355 943 1390 Spiritus
960 1354 1044 1382 sancti

266 1403 410 1430 divinitate
427 1403 633 1438 quaestionibus,
665 1401 779 1429 Basilius
806 1406 958 1436 temporum
986 1407 1045 1427 sese

263 1449 409 1476 conditioni
439 1454 621 1483 attemperans
639 1470 645 1482 ,
676 1448 726 1476 etsi
753 1447 866 1482 Spiritui
898 1451 992 1474 sancto
1013 1453 1045 1473 ea

263 1495 354 1521 omnia
366 1502 424 1528 qua:
438 1495 490 1521 Deo
503 1499 660 1528 competunt
673 1493 831 1525 ascriberet,
841 1498 868 1520 et
882 1493 964 1520 Deum
982 1499 1045 1520 vere

264 1539 351 1573 ipsum
369 1540 494 1567 crederet
506 1547 575 1571 esse,
592 1548 606 1566 a
623 1539 669 1566 Dei
695 1544 783 1566 tamen
798 1539 907 1566 nomine
922 1538 1044 1566 abstine-

263 1585 318 1616 bat,
333 1591 367 1611 ne
383 1591 425 1611 res
442 1584 609 1611 auditoribus
633 1583 806 1618 appellationi
835 1582 986 1616 huiusmodi
1000 1582 1043 1608 in-

263 1630 346 1657 suetis
363 1629 503 1657 offensioni
521 1629 600 1656 foret.
620 1630 648 1656 ld
665 1637 724 1656 cntn
744 1628 851 1663 indigne
865 1628 969 1656 ferrent
984 1635 1044 1655 mo-

1092 305 1206 332 Nicaenae
1214 303 1307 338 synodi
1321 303 1400 329 ﬁdem
1409 302 1595 336 profiteantur,
1611 309 1660 328 nec
1671 302 1712 328 vel
1728 301 1869 329 minimum

1091 359 1151 379 esse
1162 358 1192 378 ea
1206 351 1231 377 in
1246 358 1274 377 re
1290 349 1470 376 hmsitandum
1486 356 1493 374 :
1511 352 1538 375 et
1552 355 1613 375 cum
1633 347 1772 375 sententia:
1789 348 1870 382 hujus

1091 401 1230 425 censortes
1247 395 1289 423 ille
1303 395 1367 422 mihi
1378 402 1439 422 cum
1456 393 1618 421 Macedoniae
1631 399 1684 420 tum
1694 394 1800 420 Achaizr
1811 394 1870 427 epi-

1093 450 1188 477 scopos
1205 441 1358 476 allegasset,
1376 447 1486 468 necesse
1503 440 1565 467 duxi
1587 444 1660 466 tanto
1686 440 1743 466 viro
1759 444 1871 473 propter

1092 488 1277 524 gravissimam
1289 495 1381 514 eorunt
1393 487 1582 514 auctoritatem
1594 486 1640 520 qui
1655 485 1680 512 id
1697 485 1871 512 decreverant

1092 533 1222 568 obsequi:
1243 532 1378 567 simulque
1408 532 1546 566 praemium
1571 531 1692 566 paciﬁcis
1708 531 1870 558 destinatum

1093 578 1212 606 nancisci
1223 578 1344 612 cupiens,
1357 585 1403 605 eos
1421 577 1466 612 qui
1482 577 1560 604 ﬁdem
1581 577 1660 604 istam
1679 576 1872 603 conﬁterentur

1093 623 1350 652 communicantium
1364 623 1432 657 parti
1445 622 1568 657 ascripsi.
1583 631 1592 647 ι
1611 622 1639 648 In
1654 621 1765 656 epistola
1781 625 1871 648 autem

1093 670 1127 697 ad
1139 669 1315 704 Euphemiam
1334 669 1391 695 haec
1417 668 1499 696 habet
1516 677 1523 695 ε
1540 677 1549 693 ‹
1570 667 1693 694 Studium
1709 672 1782 694 tuum
1808 674 1873 702 erga

1093 714 1272 742 Athanasium
1293 714 1524 741 evidentissimum
1541 718 1600 740 erat
1626 718 1826 748 argumentum,
1848 718 1874 740 te

1094 760 1121 787 in
1133 760 1258 786 maximis
1275 759 1336 786 ﬁdei
1350 759 1482 793 capitibus
1498 764 1569 786 recte
1583 759 1693 786 sentire.
1711 768 1720 785 ι

1129 806 1156 834 6.
1171 806 1270 833 Siderii
1297 805 1428 833 Historia.
1454 805 1588 832 Siderium
1600 804 1737 839 conﬁrmat
1758 804 1875 831 Athana-

1094 852 1159 879 sius.
1170 867 1203 872 —
1214 851 1276 879 Hazc
1288 852 1352 879 item
1366 852 1476 879 circiter
1493 856 1610 886 tempora
1624 858 1668 878 res
1682 851 1783 883 evenit,
1791 859 1874 885 quam

1095 898 1208 934 Synesio
1219 903 1328 926 auctore
1336 898 1482 925 ediscimus
1493 897 1542 933 (ὁ).
1556 897 1638 924 Erant
1647 897 1672 924 in
1682 898 1795 931 quadaut
1805 896 1875 923 Pen-

1094 945 1211 979 tapoleos
1225 944 1346 977 ditecesi,
1361 945 1403 971 cui
1419 951 1516 971 nomen
1540 943 1697 979 Erythrum,
1718 943 1769 970 vici
1798 943 1850 971 duo
1865 963 1874 975 .

1096 990 1239 1018 Palaebisca
1272 995 1300 1018 et
1338 989 1455 1024 llydrax.
1487 990 1619 1024 Episcopo
1652 994 1740 1016 autem
1766 989 1875 1024 Erythri

1094 1035 1208 1068 Orioni,
1229 1036 1330 1071 jamdiu
1356 1036 1430 1070 gravi
1457 1041 1484 1062 et
1507 1041 1632 1071 provecta
1658 1040 1734 1063 :etate
1752 1044 1812 1063 cum
1828 1043 1875 1063 es-

1094 1087 1146 1115 set,
1159 1089 1265 1110 summa
1286 1081 1403 1109 facilitas
1416 1089 1450 1108 ex
1472 1082 1571 1116 ingenii
1589 1082 1739 1115 mentisque
1755 1080 1877 1108 imbecil-

1095 1129 1172 1156 litate
1185 1129 1297 1156 advecta
1311 1129 1376 1155 vitio
1394 1128 1560 1155 vertebatur.
1578 1127 1643 1155 Cum
1668 1128 1876 1155 diutius-autent

1096 1175 1177 1202 vitam
1189 1174 1353 1207 extraheret,
1369 1174 1496 1209 longioris
1515 1181 1597 1200 morte
1614 1173 1786 1208 impatientes
1803 1173 1876 1202 vico-

1095 1229 1154 1249 rum
1174 1221 1284 1253 incolre,
1314 1221 1440 1256 juvenem
1469 1220 1612 1255 quemdam
1641 1220 1766 1256 gerendis
1796 1222 1878 1249 rebus

1095 1273 1244 1299 strenuum,
1263 1266 1395 1294 Siderium
1412 1267 1530 1299 nomine,
1543 1267 1576 1293 ab
1595 1266 1715 1294 exercitu
1756 1265 1878 1294 Valentis

1097 1313 1286 1340 adventantem
1314 1312 1480 1346 delegerunt,
1509 1317 1539 1338 ut
1564 1311 1638 1339 vicos
1654 1312 1876 1344 administraret,

1095 1358 1226 1392 ejusmodi
1242 1358 1329 1385 virum
1345 1359 1458 1390 scilicet,
1472 1357 1516 1392 qui
1535 1362 1561 1385 et
1574 1358 1691 1386 inimicis
1717 1366 1826 1390 nocere,
1849 1363 1879 1385 et

1096 1404 1190 1432 amicis
1207 1404 1333 1438 prodesse
1349 1409 1450 1438 posset.
1467 1403 1518 1431 Per
1532 1404 1558 1432 id
1570 1405 1641 1431 enim
1661 1409 1765 1438 tempus
1790 1405 1879 1432 luere-

1095 1449 1134 1476 sis
1150 1448 1322 1476 multitudine
1337 1453 1364 1476 et
1378 1449 1540 1476 auctoritate
1556 1449 1680 1481 valebat,
1707 1453 1875 1483 opportuna-

1095 1501 1147 1529 que
1165 1498 1219 1520 tum
1237 1493 1384 1521 dexteritas
1399 1493 1426 1520 in
1443 1494 1546 1527 agendo
1564 1501 1624 1528 quae
1650 1497 1692 1522 est
1718 1494 1878 1521 administra

1096 1540 1255 1576 prudentiae.
1275 1540 1299 1568 ls
1314 1540 1417 1576 primus
1431 1539 1482 1567 fuit
1508 1539 1659 1568 Palaebisca:
1687 1545 1795 1568 creatus
1817 1540 1877 1574 epi-

1095 1594 1209 1621 scopus;
1221 1586 1267 1613 sed
1282 1594 1368 1620 neque
1385 1586 1511 1622 legitime,
1536 1594 1596 1613 cum
1621 1594 1672 1614 nec
1685 1585 1854 1614 Alexandria:
1869 1606 1877 1618 ,

1096 1640 1145 1660 nec
1155 1640 1170 1659 a
1181 1632 1276 1665 tribus,
1291 1637 1320 1659 ut
1333 1640 1392 1660 mos
1408 1637 1476 1662 erat.
1490 1632 1622 1667 episcopis
1638 1633 1717 1660 fuerit
1727 1633 1876 1660 ordinatus.

264 1675 344 1702 nachi
373 1674 505 1707 nonnulli,
529 1679 653 1702 sancttnn
669 1675 756 1701 virum
779 1674 878 1708 ubique
904 1673 1044 1700 traducere
1058 1668 1079 1696 C
1097 1677 1174 1704 solus
1191 1685 1306 1711 namque
1332 1676 1409 1704 Philo
1432 1676 1566 1703 Sidet-ium
1583 1676 1727 1704 ordinavit.
1746 1675 1770 1703 la
1801 1676 1876 1704 Philo

263 1725 344 1755 atque
356 1720 483 1748 insectari
499 1725 650 1755 cmperunt.
667 1720 705 1746 Ite
722 1719 819 1746 litteris
835 1719 947 1746 Joannis
955 1718 1045 1753 cujus-

262 1767 324 1794 dam
339 1771 366 1793 et
382 1767 505 1794 Antiochi
526 1766 744 1802 presbyterorum
771 1770 907 1800 comperta
927 1785 934 1797 ,
959 1765 1044 1792 Atha-

264 1812 356 1839 nasius
370 1813 451 1839 missa
465 1813 498 1840 ad
512 1812 620 1840 eosdem
633 1812 758 1846 epistola,
775 1811 967 1838 monachorum
982 1817 1042 1838 car-

264 1858 303 1892 pit
329 1858 467 1884 audaciam
491 1862 518 1884 et
547 1858 737 1889 temeritatem,
761 1865 864 1884 necnon
888 1864 981 1884 eorum
999 1856 1044 1890 qtti

264 1904 457 1937 quaestionibus
469 1903 608 1930 movendis
623 1903 716 1930 intenti
732 1903 870 1930 turbarum
880 1908 907 1930 et
921 1902 1046 1930 diss-idio-

264 1957 324 1976 rum
338 1953 574 1976 essentauctores.
591 1949 658 1977 Rem
681 1949 803 1984 pluribus
826 1949 909 1984 agitat
936 1949 963 1975 in
986 1948 1044 1982 epi-

263 1994 332 2021 stola
349 1994 382 2021 ad
398 1993 556 2027 Palladium,
569 2002 647 2029 quem
668 1999 744 2029 rogat
759 1999 787 2021 ut
804 2002 896 2029 paceni
915 1993 1045 2021 Basilium

265 2041 336 2067 inter
350 2045 378 2067 et
396 2040 544 2067 monachos
567 2047 729 2074 componere
751 2045 838 2066 curet.
863 2039 972 2066 Probari
994 2038 1045 2066 sibi

263 2087 314 2120 ait,
331 2092 525 2122 acceptumque
541 2095 598 2114 csse
618 2088 687 2122 piam
703 2087 775 2115 illam
791 2087 883 2114 Basilii
896 2087 1045 2114 simulatio-

264 2141 338 2166 nem,
357 2134 402 2168 qui
419 2141 466 2166 pro
482 2134 650 2160 inﬁrtnorum
667 2133 782 2160 utilitate
807 2132 991 2160 inﬁrmitatem
1018 2137 1045 2159 et

263 2181 321 2215 ipse
337 2179 488 2214 praeferret.
507 2179 597 2206 Virum
614 2179 776 2212 huiusmodi,
791 2178 918 2206 Ecclesia:
930 2179 1044 2213 gloriant

262 2234 324 2254 esse
337 2226 486 2254 contendit.
517 2224 550 2252 Et
564 2225 621 2252 hate
636 2225 743 2259 quidem
771 2227 803 2252 de
827 2224 968 2251 Athanasii
983 2232 1044 2251 cum

262 2273 364 2299 Basilio
382 2273 513 2300 societate
533 2276 560 2299 et
575 2272 694 2299 amicitia
721 2271 792 2298 dicta
814 2275 906 2302 sunto,
921 2277 973 2297 non
987 2271 1045 2304 qui-

262 2319 323 2346 dem
339 2320 507 2354 temporibus
526 2318 653 2346 distiucta
682 2318 749 2350 suis,
768 2325 829 2344 cum
854 2324 906 2343 non
924 2321 964 2344 sat
980 2324 1044 2344 con-

261 2365 356 2399 spicua
370 2367 458 2393 ferant
466 2364 597 2399 ejusmodi
613 2364 710 2390 litterae
725 2368 874 2397 temporum
888 2363 974 2398 signa.
987 2362 1044 2390 lloc

262 2421 344 2440 unum
362 2418 468 2439 certum
481 2410 718 2445 exploratumque,
742 2410 822 2436 ῑΓῘιΗι)
837 2417 967 2436 annorum
982 2418 1043 2444 spa-

261 2459 299 2486 tio
310 2459 367 2485 lucc
386 2458 476 2484 omnia
491 2455 679 2483 circumscribi
694 2458 828 2488 oportere,
843 2455 876 2482 ab
893 2462 963 2481 anno
989 2455 1043 2481 sci-

261 2503 326 2531 licet
343 2503 407 2533 ?)70.
423 2511 479 2538 quo
494 2501 638 2529 ordinatus
652 2501 705 2527 fttit
717 2500 843 2532 Basilius,
871 2501 903 2528 ad
926 2501 989 2533 375,
1016 2501 1043 2528 in

259 2557 352 2584 quem,
365 2554 394 2576 ut
410 2556 470 2575 mox
490 2547 696 2582 comprobatur,
724 2554 796 2573 mors
814 2547 952 2573 Athanasii
978 2554 1042 2573 con-

259 2595 371 2621 ferenda
389 2599 440 2621 est.
463 2592 516 2620 Nec
540 2593 772 2627 prtntermittcnda
788 2592 839 2619 alia
854 2593 975 2627 quzcdam
991 2591 1041 2619 Ba-

259 2641 311 2667 silii
329 2641 400 2668 dicta
417 2640 546 2674 grandem
560 2638 704 2666 Athanasii
731 2638 959 2666 existimationem
972 2646 1041 2673 pra:-

259 2688 381 2716 fercntia.
407 2687 435 2714 In
463 2686 573 2720 epistola
593 2686 626 2712 ad
661 2684 891 2712 Ncocwsarienses
924 2685 961 2720 (ιι)
986 2685 1042 2712 hth

259 2734 340 2760 habet
354 2742 361 2760 :
375 2743 385 2759 ι
401 2733 466 2761 Cum
481 2733 645 2768 accepissem
667 2739 681 2758 a
698 2731 856 2759 beatissimo
867 2736 943 2766 patre
958 2731 1042 2758 Atha-

258 2779 334 2805 nasio
350 2778 524 2805 Alexandria:
532 2778 659 2812 episcopo
675 2777 789 2808 litteras,
803 2784 862 2811 quae
873 2777 956 2803 etiam
971 2784 1042 2804 nunc

258 2830 341 2858 penes
360 2831 402 2850 me
416 2829 489 2856 sunt,
502 2828 529 2850 ct
540 2824 723 2858 ﬂagitantibus
735 2823 818 2850 offero
833 2823 969 2858 legendas,
980 2823 1041 2858 qui-

257 2868 306 2896 bus
318 2870 360 2896 ille
369 2873 461 2902 aperte
475 2869 559 2896 edixit
571 2877 628 2902 eos,
640 2869 684 2903 qui
707 2877 739 2896 cx
766 2868 927 2896 Arianorum
946 2869 1041 2897 hwrcsi

292 2928 329 2963 (a)
346 2927 430 2962 Epist.
443 2925 486 2953 τὶἑ.

1098 1722 1209 1750 fortasse
1224 1721 1292 1749 idem
1309 1726 1358 1752 est.
1371 1721 1415 1756 qui
1431 1722 1493 1749 ﬁdei
1507 1729 1589 1749 causa
1603 1722 1652 1748 sub
1665 1720 1822 1748 Constantio
1833 1728 1878 1748 re-

1096 1769 1208 1804 legatus,
1225 1767 1404 1795 Luciferianis
1419 1772 1513 1802 postea
1525 1775 1623 1795 nomen
1638 1767 1721 1800 dedit,
1736 1768 1815 1795 homo
1828 1775 1877 1802 pa-

1097 1815 1146 1841 tria
1161 1814 1331 1850 Cyrenensis,
1343 1813 1457 1848 junioris
1465 1804 1602 1847 cujusdam
1613 1812 1731 1840 Philonis
1742 1818 1854 1848 patruus
1868 1822 1876 1841 :

1096 1859 1123 1887 in
1139 1861 1244 1887 caeteris
1261 1859 1369 1894 quidem
1385 1866 1417 1886 ex
1443 1859 1602 1894 praiscripto
1618 1858 1777 1886 Christiana:
1793 1859 1876 1886 disci-

1095 1904 1174 1939 plinae
1189 1905 1269 1931 vitam
1285 1911 1377 1938 agens,
1390 1904 1460 1938 quod
1474 1908 1562 1930 autem
1579 1903 1612 1930 ad
1630 1903 1776 1937 regendum
1791 1908 1819 1931 et
1830 1910 1878 1938 pa-

1096 1950 1208 1978 rendum
1222 1950 1317 1979 attinet
1328 1949 1466 1981 audacior,
1480 1955 1560 1983 quam
1578 1948 1666 1984 legum
1679 1949 1876 1976 observantior.

1096 1996 1287 2024 Verumtamen
1303 1996 1354 2023 hoc
1369 1996 1403 2022 ad
1421 1995 1543 2023 Philonis
1558 1996 1663 2022 veniam
1691 1996 1780 2023 ati‘erri
1802 2003 1878 2031 pote-

1095 2048 1148 2074 rat,
1180 2042 1251 2077 quod
1281 2040 1463 2068 formidolosis
1489 2040 1655 2076 temporibus
1683 2042 1876 2069 accuratiorem

1095 2089 1265 2123 disciplinam
1281 2086 1451 2122 praetermitti
1472 2094 1583 2114 necesse
1600 2086 1689 2114 fuerit.
1712 2087 1777 2120 Quae
1795 2095 1877 2115 causa

1094 2134 1144 2161 fuit
1160 2139 1189 2160 ut
1204 2134 1367 2160 Athanasius
1382 2133 1407 2160 id
1431 2133 1544 2168 tempori
1561 2133 1674 2166 dederit,
1691 2141 1740 2161 nec
1756 2134 1796 2161 vel
1815 2142 1876 2161 cttm

1094 2180 1250 2212 ordinante,
1269 2179 1311 2206 vel
1321 2187 1382 2206 cum
1395 2179 1522 2206 ordinato
1539 2179 1727 2212 expostularit.
1748 2179 1804 2208 lmo
1813 2188 1878 2208 vero

1095 2233 1155 2253 cum
1170 2225 1291 2260 exiguam
1310 2225 1397 2251 adhuc
1410 2224 1469 2251 ﬁdei
1485 2225 1628 2252 scintillam
1641 2234 1702 2260 quin
1712 2225 1878 2253 Ptolemaide

1095 2272 1203 2300 residua
1221 2277 1279 2299 erat
1296 2271 1395 2303 fovere,
1412 2275 1439 2298 et
1466 2271 1551 2305 magis
1577 2272 1716 2306 magisque
1730 2272 1810 2299 vellet
1835 2280 1878 2298 ac.-

1096 2318 1222 2351 cendere,
1239 2317 1372 2344 Siderium
1387 2315 1530 2350 majoribus
1554 2317 1677 2351 gerendis
1705 2317 1829 2345 idoneum
1844 2325 1877 2344 eo

1097 2364 1276 2398 commigrare
1299 2363 1436 2397 praecepit,
1460 2366 1489 2388 ut
1513 2362 1744 2396 metropolitanam
1773 2369 1878 2398 regeret

1097 2409 1253 2436 Ecclesiam.
1268 2409 1302 2435 At
1326 2409 1370 2435 ubi
1395 2415 1477 2435 senex
1498 2407 1604 2434 detnutn
1621 2408 1770 2435 exstinctus
1783 2414 1852 2436 esset
1867 2429 1875 2441 ,

1096 2453 1241 2482 Paltebisca
1259 2459 1286 2481 et
1303 2453 1412 2488 Hydra:
1429 2454 1454 2480 in
1473 2454 1610 2488 antiquam
1633 2454 1747 2481 redactae
1763 2454 1876 2481 fortnam

1095 2505 1169 2531 stitit,
1186 2506 1267 2535 atque
1285 2500 1402 2535 Erythro
1415 2499 1585 2526 contributae.
1608 2497 1814 2534 Insequentibus
1829 2507 1877 2526 au-

1097 2552 1149 2574 tent
1163 2546 1240 2573 annis
1255 2546 1338 2572 turbae
1353 2553 1458 2572 rursum
1471 2546 1564 2572 eadem
1576 2545 1607 2572 de
1620 2553 1700 2572 causa
1719 2545 1788 2572 data:
1802 2551 1874 2571 sunt.

1130 2592 1158 2620 7.
1170 2591 1330 2626 Apollinarii
1342 2599 1442 2618 errores
1464 2591 1517 2618 late
1533 2596 1650 2625 serpunt.
1669 2591 1806 2617 Athanasii
1820 2592 1876 2624 epi-

1095 2638 1161 2665 stola
1181 2640 1215 2666 ad
1238 2638 1394 2673 Epictetum.
1410 2653 1445 2658 -—
1463 2637 1563 2664 Interea
1579 2637 1735 2671 Apollinarii
1758 2644 1876 2668 errores,

1096 2685 1141 2719 qni
1157 2690 1217 2719 post
1235 2686 1365 2721 synodum
1380 2684 1662 2712 Alenandrinamanni
1680 2684 1732 2711 562
1748 2691 1780 2711 ex
1793 2691 1877 2710 simu-

1095 2731 1148 2758 lata
1166 2732 1283 2765 ejusdem
1300 2731 1470 2759 confessione
1485 2732 1632 2766 compressi
1645 2736 1672 2758 et
1688 2730 1811 2758 exstincti
1837 2729 1876 2755 vi-

1094 2778 1236 2810 debantur,
1254 2777 1307 2804 late
1322 2785 1432 2812 serpere
1449 2782 1477 2804 ct
1500 2777 1526 2804 in
1543 2777 1639 2803 multas
1651 2776 1736 2810 spargi
1752 2776 1875 2808 regiones

1094 2828 1242 2858 cmperant,
1258 2828 1286 2849 ut
1301 2831 1353 2850 non
1367 2831 1414 2857 per
1425 2823 1542 2857 Syriam,
1559 2822 1738 2851 Palaestinam,
1754 2826 1780 2847 et
1794 2820 1876 2855 [Egy-

1096 2875 1172 2904 ptum
1189 2869 1278 2902 modo,
1297 2869 1343 2896 sed
1366 2877 1412 2903 per
1428 2869 1557 2897 Graeciam
1577 2873 1604 2896 ct
1621 2868 1748 2896 Achaiam
1766 2875 1860 2894 emana

1129 2928 1164 2964 ([7)
1181 2927 1317 2962 Synosius,
1335 2935 1376 2962 cp.
1394 2927 1434 2953 77.
