2016 3046
272 173 334 196 CLVI
941 169 1204 199 PBOLEGOMENA.

274 226 423 253 Athanasio
447 226 580 261 susceptis
599 225 735 254 laboribus
756 227 925 261 praclarum,
941 228 1052 262 populo-
1066 231 1090 259 A
1106 229 1198 263 adjicit
1210 234 1398 266 argumentum
1414 230 1463 257 ‘vir
1477 229 1598 257 eruditus
1612 227 1710 264 Pagius
1730 234 1880 258 mutuatttm

275 278 387 305 rumque
420 272 488 298 votis
520 271 678 305 expetitum,
710 271 819 306 dignum
851 271 965 305 scilicet,
992 279 1052 306 qua:

1102 285 1135 304 ex
1149 276 1262 304 historia
1275 276 1491 311 patriarcharum
1507 274 1684 309 Coptitarum,
1698 274 1792 303 Latine
1802 283 1880 305 versa

274 325 378 344 summa
393 317 460 348 laus,
474 317 518 351 qui
533 317 708 344 Athanasium
723 318 871 352 exciperet.
1101 326 1128 348 et
1142 321 1264 355 evulgata
1281 328 1329 355 per
1340 321 1523 348 Abrahamum
1543 319 1736 352 Eckelleusem,
1751 320 1796 347 ubi
1815 321 1876 348 dici-

307 362 335 390 2.
353 362 410 390 Non
425 370 477 389 una
492 368 534 390 est
552 363 584 390 de
601 371 671 391 anno
688 363 777 391 obitus
789 364 927 391 Athanasii
941 368 1051 391 senten-
1102 371 1146 394 tur
1171 367 1270 394 obiisse
1292 372 1402 394 sanctus
1428 366 1580 401 patriarcha
1593 388 1600 400 ,
1618 366 1731 401 septimo
1753 365 1881 394 Bescinas

274 409 321 436 tia.
337 409 374 435 Ex
389 408 510 436 Socratis
522 409 593 436 enim
606 410 770 442 testimonio,
783 411 828 445 qui
841 417 910 438 coss.
922 410 1051 438 Gratiano
1101 411 1145 440 die
1156 411 1242 445 levis,
1255 412 1332 446 cujus
1346 411 1404 439 dies
1413 411 1542 446 septimus
1553 418 1614 437 cum
1628 411 1670 438 die
1683 412 1799 438 secunda
1817 411 1879 438 Maii

272 451 418 479 secundum
443 457 469 479 et
483 451 569 480 Probo
582 453 735 481 defunctum
752 454 798 487 ait,
816 455 890 481 multi
908 462 956 482 nec
975 454 1051 489 igno-
1101 457 1250 485 concurrit.
1270 456 1358 490 Quare
1372 464 1432 484 cum
1448 463 1520 482 anno
1537 454 1590 483 573
1615 455 1673 483 dies
1685 457 1801 483 secunda
1818 456 1878 483 Maii

273 498 340 526 biles
359 499 409 526 viri
428 504 540 527 mortem
561 500 620 534 ejus
643 500 785 528 conferunt
803 501 831 528 in
851 508 950 528 annum
972 500 1021 528 571
1040 509 1048 528 :
1102 502 1128 529 in
1151 503 1246 530 feriam
1269 503 1390 537 quintam
1414 502 1549 534 inciderit,
1578 502 1604 529 in
1630 502 1754 530 eumdem
1777 510 1877 530 annum

271 544 318 571 sed
340 544 409 571 hanc
429 545 608 580 chronologia:
632 546 761 574 rationem
781 551 824 574 sat
846 546 981 574 firmitatis
997 554 1049 573 non
1100 549 1201 583 optime
1214 548 1351 576 confertur
1365 555 1446 584 .mors
1465 548 1615 576 Athanasii.

273 588 370 615 habere
393 590 516 621 suadent,
541 597 601 616 cum
618 597 649 617 ea
666 598 726 625 qua:
750 591 873 625 superius
885 591 955 618 dicta
976 595 1049 623 sunt,

273 638 327 660 tum
348 639 440 668 aperta
457 635 635 669 antiquiorum
649 641 677 662 et
695 636 747 663 fide
768 637 919 671 digniorum
935 637 1050 671 scripto-

1136 628 1163 655 5.
1189 627 1226 655 Eo
1240 628 1320 663 igitur
1333 636 1403 656 anno
1419 629 1451 656 ad
1468 629 1604 657 caelestem
1621 629 1703 655 vitam
1719 628 1878 662 demigravit

271 686 330 705 rum
347 679 509 707 testimonia.
531 680 648 708 Basilius
664 689 778 716 namque
793 689 862 709 anno
883 681 935 708 370
957 689 1050 709 mense

1100 674 1143 701 vir
1165 674 1210 702 ille
1228 679 1328 707 tantus,
1354 679 1393 702 tot
1414 675 1550 702 laboribus
1570 674 1747 709 periculisque
1769 674 1879 708 perfun-

270 723 360 756 Jnnio,
378 730 407 751 ut
424 724 526 752 ﬁrmior
540 725 592 753 [ει-ι
616 727 760 759 sententia,
781 728 806 754 in
826 728 978 763 episcopum
1002 735 1049 756 co.
1099 724 1170 752 ctus,
1187 725 1226 748 tot
1242 721 1360 748 emensis
1377 721 1541 748 declinanda.-
1555 720 1704 748 vexationis
1718 727 1798 747 cansa
1820 724 1878 747 ter-

269 774 376 804 uptatus
401 776 452 798 est.
479 773 566 807 Atque
589 773 684 800 exinde
713 774 810 801 multas
836 782 896 809 qute
919 775 1048 802 hactenus
1099 773 1190 793 “Tum
1214 767 1320 801 spatiis,
1340 770 1380 794 ιοῑ
1392 773 1442 801 Pro
1457 766 1558 794 (Ππίδιί
1581 766 1632 793 “de
1650 766 1776 793 arumnis
1789 771 1816 793 ει
1830 773 1877 793 (³³·

270 821 377 843 exstant
394 817 476 850 misit,
498 818 594 846 multas
620 819 713 847 itidem
732 819 836 854 accepit
850 820 885 847 ab
899 820 1048 847 Athanasio
1098 811 1265 839 Ιθῖηίιθιίδυε
1273 811 1396 844 mea“:
1406 812 1551 847 (ιιιῙιιίιυὶθε
1558 811 1645 843 εἰδυῖ’
1657 811 1761 839 ίίῖδίάίίδ
1770 818 1877 845 semper

270 862 383 889 litteras.
401 863 477 890 Unde
491 864 546 897 jam
565 864 687 892 videatur
702 865 841 900 angustius
859 866 988 900 temporis
1004 865 1046 892 in—
1062 899 1066 900 ν

1097 857 1258 885 Arianorum
1275 857 1418 893 appetitus.
1435 857 1506 891 Quot
1520 865 1604 886 annos
1619 858 1691 888 vitm,
1708 862 1747 884 tot
1760 856 1816 884 fere
1827 864 1876 884 an-

271 907 422 941 tel'vallum,
439 909 503 935 viris
521 912 595 936 tanto
611 913 681 936 terra
701 899 823 944 marique
840 899 928 944 spatio
945 909 1047 944 disjun-
1062 899 1083 926 Β
1099 909 1148 930 nos
1163 902 1324 930 calamitatis
1338 909 1489 930 enumeres.
1506 903 1598 930 Annos
1618 902 1701 930 ferme
1715 907 1816 937 septem
1830 910 1877 930 su-

269 954 331 985 ctis,
348 955 380 981 ad
396 959 436 982 tot
451 955 578 989 epistolas
592 955 661 982 ultro
681 956 803 991 citroque
825 957 980 983 mittendas.
995 955 1047 982 Mi-
1096 956 1145 984 1³1⁵³
1161 948 1348 983 quadragenos
1361 948 1451 976 sedem
1467 947 1563 981 ῑθηυῖιν
1574 956 1659 976 annos
1671 955 1754 984 ΡΓοΡθ
1766 948 1875 975 “ﬁdem

270 1006 320 1025 nus
335 999 406 1026 enim
421 999 544 1026 undecim
562 1001 700 1027 mensibus
712 1000 746 1027 ab
766 1000 937 1027 ordinatione
953 999 1046 1027 Basilii

1097 993 1284 1022 haereticorum
1311 995 1422 1028 impetu,
1455 991 1709 1029 couspirationibus,
1736 992 1875 1019 fraudibus

270 1044 303 1070 ad
314 1044 454 1071 Athanasii
467 1044 568 1071 obitum
584 1045 755 1072 interessent.
771 1045 804 1072 Et
816 1045 886 1080 quod
903 1045 988 1079 magis
1002 1053 1047 1072 ur-

1098 1040 1229 1075 agitatus;
1248 1040 1295 1075 qui
1318 1039 1404 1067 exsuli
1422 1047 1527 1071 necem,
1547 1039 1638 1066 reduci
1660 1038 1785 1065 exsilium
1799 1045 1876 1072 para-

269 1094 324 1121 get.
341 1090 380 1116 ait
391 1089 504 1117 Basilius
517 1090 543 1117 in
559 1098 613 1117 una
626 1090 798 1124 epistolarum
810 1091 843 1117 ad
857 1091 1046 1123 Athanasium,
1096 1086 1161 1113 bam
1182 1086 1300 1113 assidue-
1321 1084 1380 1113 Non
1395 1085 1440 1112 ille
1455 1085 1545 1118 minis.
1567 1091 1620 1111 non
1638 1084 1796 1115 lerroribﬂﬁ.
1819 1090 1873 1110 non

269 1142 352 1162 unum
373 1135 525 1164 duosve'ex
543 1137 651 1163 Arianis
669 1135 761 1164 Romae
775 1137 924 1169 damnatos,
944 1137 1048 1164 scilicet
1096 1131 1217 1166 capitalis
1236 1132 1346 1166 periculi
1372 1130 1616 1158 denuntiationibus
1635 1130 1736 1157 fractus
1759 1137 1876 1163 unquam

272 1179 412 1207 Ilrsacium
435 1186 462 1208 et
483 1180 632 1214 Valentem,
654 1183 680 1209 in
695 1182 784 1217 priore
806 1182 908 1210 scilicet
925 1182 1046 1211 Romana
1096 1177 1159 1210 fuit,
1181 1181 1227 1204 aut
1247 1178 1328 1204 cessit
1342 1177 1526 1208 adversariis;
1551 1177 1727 1211 imperatores
1749 1180 1875 1210 quatuor,

268 1226 380 1260 synodo.
401 1225 439 1252 Ex
460 1233 513 1260 quo
532 1227 676 1261 colligitur,
691 1227 804 1254 necdum
829 1227 973 1254 secundam
997 1227 1047 1254 sub
1096 1222 1189 1255 duces,
1204 1222 1346 1257 praefectos
1358 1222 1506 1256 exercitus,
1523 1222 1592 1249 mala
1609 1221 1809 1256 perniciemque
1823 1220 1876 1248 sibi

267 1271 385 1299 Damaso
397 1271 544 1300 Romanam
560 1274 703 1309 synodum,
716 1273 760 1300 ubi
778 1274 923 1300 damnalus
937 1274 1046 1301 Auxen.
1096 1273 1221 1302 parantes
1236 1268 1322 1295 Vidit:
1339 1273 1367 1296 ει
1388 1276 1440 1304 qua
1463 1273 1522 1296 erat
1536 1267 1618 1295 animi
1639 1267 1808 1299 fortitudine,
1824 1267 1876 1295 im-

268 1317 323 1344 tius
354 1316 515 1346 Arianorum
541 1319 726 1354 nequissimus
759 1319 857 1352 fuerat,
881 1319 1046 1346 celebratam

1096 1314 1254 1347 perterritus
1276 1321 1394 1349 semper,
1420 1321 1558 1349 nunquam
1585 1313 1691 1341 deﬂexit
1714 1321 1729 1340 a
1753 1314 1874 1342 veritatis

267 1363 362 1392 fuisse.
381 1363 455 1392 Unde
465 1365 609 1392 conficitur
620 1373 679 1392 eam
693 1365 734 1392 vel
747 1366 796 1392 sub
813 1365 894 1392 linem
905 1365 967 1392 anni
982 1364 1045 1398 570,

1096 1362 1149 1389 via.
1173 1361 1212 1388 Ad
1235 1361 1303 1394 hmc,
1322 1365 1453 1396 quantum
1471 1360 1595 1392 consilio,
1621 1364 1749 1394 quantum
1767 1359 1873 1388 dicendi

267 1416 322 1444 quo
345 1409 463 1437 delectus
488 1409 604 1437 Basilius
624 1416 676 1443 est,
702 1411 744 1438 vel
769 1415 900 1446 sequente
926 1410 1046 1438 habitam
1096 1409 1172 1443 copia
1192 1408 1305 1439 valeret,
1323 1415 1384 1435 cum
1397 1415 1430 1434 ex
1446 1408 1527 1435 rebus
1543 1407 1711 1442 negotiisque
1725 1415 1772 1442 per
1788 1411 1873 1434 totum

266 1455 360 1482 fuisse.
377 1454 444 1482 Huic
458 1461 546 1482 autent
557 1456 657 1492 synodo
671 1457 715 1483 diu
729 1461 866 1491 superstes
883 1455 1046 1483 Athanasius
1095 1455 1157 1481 Viue
1180 1454 1342 1481 curriculum
1371 1454 1542 1489 quantumvis
1564 1454 1646 1481 ardua
1668 1459 1695 1481 et
1724 1453 1874 1487 periculosa

267 1504 336 1533 erat,
350 1501 394 1534 qui
409 1501 479 1528 illam
495 1502 520 1528 in
532 1502 642 1536 epistola
657 1502 690 1528 ad
706 1502 856 1535 Epictetum
869 1502 971 1534 laudat,
985 1502 1045 1536 qui-
1096 1504 1196 1533 essent,
1207 1500 1321 1528 feliciter
1330 1499 1406 1534 juxta
1419 1504 1499 1534 atque
1509 1500 1654 1534 prudenter
1664 1499 1873 1531 administratis,

267 1552 319 1579 que
329 1545 411 1572 multa
423 1545 484 1578 alia,
496 1550 525 1572 ut
536 1547 656 1581 proxime
669 1546 887 1579 ostendebamus,
898 1547 1043 1574 secundum
1059 1573 1078 1581 η
1096 1550 1152 1573 tum
1176 1545 1392 1573 adversariorum
1419 1545 1575 1572 testimonio
1602 1545 1804 1579 comprobatur;
1826 1544 1873 1579 qui

267 1596 326 1616 eam
341 1591 432 1617 datam
447 1573 585 1624 epistolam
601 1591 692 1618 edidit.
709 1591 748 1618 Ad
762 1591 829 1624 haec,
846 1591 873 1618 in
893 1591 961 1618 vivis
986 1596 1045 1618 erat
1057 1573 1079 1602 C
1097 1598 1156 1618 cum
1169 1595 1223 1617 tant
1238 1591 1307 1623 acri,
1323 1596 1375 1617 tam
1390 1590 1479 1625 sagaci
1496 1591 1554 1618 viro
1570 1599 1627 1618 rem
1642 1598 1702 1618 esse
1716 1591 1765 1618 sibi
1782 1591 1875 1625 inique

266 1636 429 1664 Athanasius
447 1644 518 1663 anno
533 1636 596 1668 572,
613 1644 673 1663 eum
689 1636 801 1664 Melania
822 1637 847 1664 in
863 1636 981 1671 Egypto
1000 1644 1046 1671 pe-
1098 1634 1224 1667 ferentes,
1239 1635 1310 1663 haud
1330 1635 1412 1663 semel
1428 1635 1468 1662 ira
1483 1634 1588 1662 feroces
1602 1636 1629 1662 in
1649 1635 1793 1662 maledicta
1811 1641 1876 1661 eru-

267 1681 460 1714 regriuaretur.
487 1681 668 1714 Quamobrem
693 1680 847 1716 Hieronymi
878 1686 906 1708 et
933 1681 1044 1708 Proterii
1095 1688 1170 1716 pere.
1191 1681 1243 1708 Sed
1259 1686 1288 1708 ut
1301 1688 1363 1708 acer
1377 1688 1436 1708 cum
1452 1681 1587 1708 haereticis
1599 1685 1628 1708 et
1639 1681 1823 1712 novatoribus,
1838 1681 1875 1707 ita

266 1726 384 1761 episcopi
399 1727 572 1754 Alexandrini
588 1732 615 1754 et
630 1729 756 1763 martyris
770 1727 932 1754 testimoniis
943 1727 1045 1754 haerere
1097 1727 1169 1753 mitis
1178 1731 1205 1753 et
1221 1727 1357 1754 modestus
1370 1734 1431 1753 cum
1445 1726 1478 1754 iis
1487 1727 1544 1761 qui,
1554 1734 1587 1754 ex
1600 1726 1782 1754 imbecillitate
1793 1726 1872 1760 lapsi,

267 1777 386 1806 praestat.
409 1772 587 1809 Hieronymus
604 1774 675 1801 enim
695 1775 729 1802 ad
743 1781 842 1801 annum
860 1774 965 1801 Domini
981 1773 1044 1806 574,
1095 1771 1307 1806 resipiscerent:
1324 1772 1349 1799 in
1366 1771 1436 1799 bello
1450 1772 1522 1805 pacis
1536 1771 1761 1804 studiosissimus,
1780 1770 1874 1798 faciles

267 1818 304 1845 ait
323 1818 430 1846 Petrum
454 1819 592 1847 Athanasii
615 1820 705 1848 sedem
723 1821 871 1855 excepisse,
895 1821 940 1855 qui
958 1827 1044 1847 annus
1095 1825 1203 1853 semper
1218 1818 1308 1845 aditus
1322 1818 1443 1853 praebens
1461 1818 1493 1845 ad
1507 1813 1734 1845 reconciliandam
1748 1817 1875 1851 gratiam,

266 1867 308 1890 est
321 1871 381 1890 arra:
400 1869 498 1891 nostra:
511 1864 574 1892 575.
591 1864 729 1892 Proterius
749 1873 814 1893 vero
826 1867 854 1893 in
866 1865 976 1900 epistola
989 1864 1059 1892 Pa--
1096 1868 1226 1896 quantum
1245 1864 1320 1892 salvo
1336 1863 1422 1892 ofﬁcio
1438 1868 1562 1898 poterat:
1578 1863 1648 1898 quod
1667 1871 1700 1890 ex
1718 1862 1799 1890 rebus
1812 1870 1873 1889 cum

266 1908 349 1935 uitali
363 1909 403 1936 sic
417 1910 496 1936 habet
511 1919 517 1936 :
535 1919 544 1936 ι
560 1909 588 1937 In
601 1911 765 1945 octogesimo
776 1918 848 1938 nono
860 1918 931 1938 anno
943 1911 977 1937 ab
994 1910 1045 1937 im-
1095 1910 1196 1938 Basilio
1207 1910 1351 1946 Ancyrano
1372 1916 1400 1937 et
1416 1909 1521 1937 Meletio
1539 1909 1708 1937 Antiocheno
1722 1909 1804 1944 gestis
1817 1916 1877 1943 per-

267 1955 342 1989 perio
356 1954 523 1987 Diocletiani,
537 1957 681 1990 superstite
692 1961 769 1991 patre
782 1961 874 1984 nostro
881 1961 909 1984 et
918 1956 1043 1991 episcopo
1095 1956 1228 1991 spicuum.
1243 1957 1293 1990 Qui
1313 1964 1378 1984 vero
1395 1956 1476 1983 fuerit
1493 1957 1520 1983 in
1542 1963 1572 1984 re
1585 1955 1730 1983 domestica
1750 1959 1778 1982 et
1799 1955 1877 1981 fami-

265 2000 424 2033 Athanasio,
438 2008 498 2028 cum
509 2009 554 2028 xxv
569 2001 631 2029 luna
648 2002 787 2030 Paschalis
803 2010 887 2030 xxvrtt
910 2003 953 2029 die
973 2010 1046 2030 men-
1095 2002 1166 2035 liari,
1184 2010 1218 2030 ne
1229 2003 1356 2033 sciamus,
1378 2005 1451 2028 vetat
1466 2001 1586 2028 omnium
1606 2000 1778 2034 antiquorum
1795 2007 1826 2027 ea
1841 1999 1876 2026 de

266 2047 304 2074 sis
323 2046 497 2080 Phaminoth,
514 2047 541 2074 id
561 2052 612 2080 est,
629 2055 701 2075 nono
722 2047 899 2075 Kalendarum
915 2048 1045 2082 Aprilium
1096 2054 1126 2074 re
1144 2047 1291 2079 silentium,
1310 2050 1384 2074 vetat
1406 2046 1579 2080 epistolarum
1606 2044 1666 2079 ejus
1684 2045 1801 2079 jactura.
1821 2044 1876 2071 Sed

268 2090 313 2117 die
336 2091 515 2124 provenisset,
540 2091 582 2119 die
606 2091 756 2125 Dominico,
785 2091 812 2127 in
839 2092 1045 2127 subsequentem
1096 2099 1173 2119 amor
1186 2091 1482 2127 populi;Alexandrini,
1501 2091 1624 2125 famaque
1635 2089 1786 2117 sanctitatis
1805 2090 1876 2123 apud

267 2137 428 2164 translatum
454 2142 496 2165 est
525 2137 729 2171 hebdomadem,
758 2139 793 2166 ita
824 2144 853 2166 ut
878 2139 970 2173 quinta
1002 2139 1045 2166 die
1097 2136 1339 2173 Egyptiosjuxta,
1359 2142 1386 2164 et
1400 2136 1467 2164 alios
1484 2140 1596 2163 externa
1615 2142 1700 2169 usque
1712 2134 1785 2162 orbis
1802 2135 1878 2162 inco—

267 2184 368 2211 mensis
399 2182 568 2216 Pharmuthi,
595 2185 646 2212 hoc
673 2190 724 2219 est,
749 2185 836 2220 pridie
865 2185 1044 2219 Kalendarum
1095 2184 1192 2216 lentes,
1215 2183 1334 2211 omnium
1350 2190 1448 2218 genere
1467 2183 1597 2209 virtutum
1612 2182 1769 2216 praeclarum
1791 2180 1876 2208 fuisse

267 2229 411 2265 Aprilium,
425 2230 607 2258 celebraretur
625 2230 729 2258 Pascha
752 2231 930 2260 Dominicum.
951 2241 961 2258 ι
980 2231 1045 2264 Quae
1061 2239 1082 2266 ο
1098 2229 1275 2257 testificantur
1289 2238 1295 2255 :
1311 2236 1426 2263 quarum
1441 2228 1580 2264 premium
1593 2227 1721 2260 obtinuit,
1733 2231 1878 2254 aeternum—

267 2281 338 2304 notas
357 2284 452 2305 omnes
471 2277 498 2304 in
510 2283 610 2304 annum
631 2277 766 2312 quadrant
786 2276 849 2304 573.
873 2276 954 2305 Hisce
974 2277 1046 2305 aliud
1101 2281 1152 2309 que
1165 2274 1306 2301 habiturus
1319 2278 1370 2302 est.

272 2358 828 2372 _————-——-———

731 2435 1405 2493 ANIMADVERSIONES

499 2553 562 2599 IN
598 2554 786 2601 VlTAM
823 2553 900 2599 ET
934 2553 1178 2599 SCRIPTA
1214 2555 1260 2599 S.
1300 2554 1621 2599 ATHANASII

1042 2649 1064 2657 nu.

542 2713 750 2742 PROOEMIUM.
1096 2715 1152 2743 ctili
1168 2715 1207 2752 (α)
1218 2715 1305 2743 visum
1322 2722 1364 2744 est
1374 2715 1574 2744 observationes
1587 2715 1687 2750 aliquot
1703 2717 1875 2751 praemittere.

303 2755 382 2786 Nova:
395 2765 445 2786 nec
459 2762 616 2793 spernenda:
640 2759 777 2787 Athanasii
803 2767 913 2794 operum
929 2759 1045 2793 supelle-
1099 2769 1166 2796 quas
1176 2769 1224 2796 per
1240 2762 1324 2789 otium
1342 2763 1531 2790 etdiuturnam
1545 2762 1731 2789 tractationem
1744 2763 1770 2789 in
1789 2762 1875 2789 Vitam

301 2816 340 2856 (ιι)
359 2816 529 2856 ιζᾳιῖῃιειιῐὶεε
545 2825 604 2852 quas
619 2823 678 2853 post
704 2817 851 2846 absolutam
871 2817 1014 2846 editionem
1041 2816 1242 2847 Benedictinam
1265 2819 1362 2855 publici
1385 2819 1454 2854 juris
1471 2819 1534 2848 fecit
1555 2819 1585 2846 ι).
1601 2819 1679 2848 Bern.
1699 2820 1730 2846 de
1744 2818 1876 2846 Mnutfauo

265 2859 315 2880 con
331 2853 357 2880 iu
371 2851 531 2880 Bioliatheca
544 2851 618 2881 nova.
