2016 3046
629 169 674 196 DE
695 169 774 197 VITA
795 170 840 197 ET
862 169 1016 198 SCRIPTlS
1036 172 1064 202 S.
1085 174 1279 205 ATHANASH.

1693 190 1764 213 σινιι

159 228 187 254 et
204 225 304 260 scripta
322 224 380 259 ejus
399 225 598 253 adornavimus.
622 227 679 254 Etsi
696 227 767 254 enim
782 227 814 255 iis
832 227 942 255 edendis
954 229 979 258 A
993 240 1084 259 earum
1113 240 1228 262 mentem
1255 243 1271 263 ι
1305 237 1442 272 magistris
1465 239 1520 267 suis
1533 260 1540 271 ,
1563 239 1608 274 qut
1633 247 1765 278 martyres

158 272 228 299 haud
245 271 426 304 indiligenteni
443 279 492 306 pro
504 271 632 299 facultate
645 280 753 306 operam
771 274 936 307 dederimus,

157 316 284 345 nonnulla
312 321 401 343 tamen
426 318 452 344 in
476 322 632 346 transcursu
654 319 772 353 agitata,
799 319 849 347 sub
880 320 938 348 haec

156 361 295 397 δευτέραις
310 362 433 397 φροντίσι
449 364 601 390 accuratius
616 365 784 392 excussimus
797 373 805 391 :
821 372 855 392 ex
870 366 938 393 assi-

156 409 209 435 duo
221 409 319 442 quippe
344 415 393 434 usu
416 416 484 435 nova
513 409 539 436 in
567 409 624 437 dies
648 409 759 438 alertur
779 412 859 440 rebus
880 411 937 446 jam

157 454 266 481 tentatis
284 455 414 482 accessio.
440 455 500 482 Alia
525 455 589 482 item
616 456 762 484 intervenit
787 458 829 485 his
851 459 938 486 denuo

158 508 266 527 manum
284 501 444 528 admovendi
468 509 559 530 causa.
579 501 765 530 Tillemontius
787 504 885 539 quippe
910 504 938 532 in

157 545 264 580 egregio
280 546 312 573 ad
328 546 468 573 historiam
483 547 695 574 ecclesiasticam
717 556 798 583 opere
811 569 818 581 ,
835 554 864 576 ut
885 557 936 577 sae-

157 590 264 624 pissime
278 591 353 618 nobis
367 591 596 626 astipulatur,ita
623 600 814 627 nonnunquam
838 595 864 621 in
888 602 937 629 ge-

157 641 258 663 storum
273 637 427 664 recensione
440 642 467 664 et
488 642 635 672 temporum
653 645 778 674 computo
796 640 874 667 aliam
895 648 938 668 se-

157 686 246 709 ctatur
259 683 328 709 viam
337 687 364 710 et
377 683 537 710 sententiam
556 689 691 720 oppugnat
706 690 842 719 nostram;
858 687 904 721 qui
914 686 937 714 si

156 728 295 762 auspicato
311 736 367 755 rem
382 736 524 763 aggressus
536 734 608 757 esset
620 750 627 761 .
647 731 724 758 nobis
742 739 794 759 uno
811 733 866 759 veri
880 737 937 759 stu-

156 773 201 800 dio
217 775 348 808 permotis
359 794 366 806 ,
381 774 439 808 ejus
455 775 688 803 observationibus
707 777 862 813 suﬂ'ragium
888 778 937 804 ad-

155 820 220 846 dere
236 820 345 852 liberet,
364 820 407 847 ubi
419 821 526 855 quidem
545 821 646 849 liceret.
662 823 697 850 At
717 831 777 850 cum
793 823 938 852 editionem

157 864 202 891 ille
217 869 336 892 nostram
351 865 394 892 vix
409 866 593 901 sesquimense
615 872 676 895 ante
695 868 796 896 obitum
823 874 934 901 nactus,

157 909 337 943 diuturnoque
358 911 451 938 morbo
476 919 604 946 pressus,
628 919 690 939 cum
713 913 842 949 paulatim
864 915 935 942 vires

157 959 213 982 tum
227 956 348 990 corporis
362 961 417 983 tum
439 957 521 985 animi
546 958 709 992 deﬁcerent,
730 967 780 987 nec
806 967 849 987 res
870 967 936 988 sane

154 993 296 1037 perplexas
307 1007 334 1030 et
344 1004 473 1030 obscuras
485 1011 515 1031 ea
530 1012 582 1039 qua
597 1013 646 1039 par
662 1009 721 1032 erat
733 1005 869 1040 diligentia
884 1014 933 1033 ex-

154 1048 289 1083 pendere,
311 1056 360 1076 nec
375 1050 397 1076 si
409 1050 473 1084 quid
487 1050 622 1078 dillicilius
635 1057 807 1084 occurreret,
822 1052 934 1079 aliorum

153 1094 354 1127 comparatione
373 1093 493 1122 locorum
508 1095 653 1129 explanare
664 1116 672 1129 ,
693 1103 742 1123 nec
762 1097 832 1130 quod
848 1097 935 1125 minus

156 1144 283 1166 accurate
302 1139 418 1174 positum
437 1145 496 1166 erat
519 1140 715 1175 posterioribus
742 1141 814 1169 curis
832 1141 934 1169 sarcire

156 1186 293 1220 potuerit;
315 1185 442 1213 nonnulla
455 1191 517 1213 sunt
532 1194 592 1214 cum
610 1187 636 1214 in
654 1190 804 1222 temporum
819 1187 933 1221 calculo,

156 1235 211 1257 tum
226 1231 252 1257 in
270 1231 425 1258 recensione
439 1237 594 1266 gestorum,
608 1239 667 1267 quae
690 1233 778 1260 minus
796 1237 935 1261 assecutus

156 1276 262 1303 videtur
272 1276 313 1303 vir
328 1277 459 1304 eruditus.
473 1277 522 1311 Qui
541 1278 563 1304 si
577 1278 741 1305 tantttmdem
756 1279 804 1306 otii
819 1279 935 1306 Athana-

155 1323 187 1349 sii
200 1322 306 1356 scriptis
318 1323 472 1350 evolvendis
487 1324 684 1359 insumpsisset,
697 1325 797 1352 nostris
808 1333 874 1352 sane
887 1333 933 1353 ac-

153 1369 288 1396 cnratiora
308 1368 442 1401 dedisset,
458 1370 634 1405 omnibusque
651 1371 769 1399 numeris
781 1371 933 1399 absolutam

154 1414 334 1441 narrationem
348 1415 514 1441 adornasset.

397 1459 654 1489 ANIMADVERSIO
672 1461 692 1490 1.

207 1505 278 1534 Num
292 1507 452 1535 Athanasius
470 1517 486 1535 α
502 1509 661 1544 martyribus
683 1510 817 1536 institutus
833 1510 877 1538 sit.

988 280 1089 308 Christi
1105 281 1178 308 luere
1187 301 1196 313 ,
1209 282 1308 317 quique
1318 290 1365 310 eas
1378 289 1504 311 accurate
1518 285 1697 320 perlegeram,
1710 287 1765 314 edi-

988 325 1094 353 dicisse.
1111 326 1147 353 De
1159 327 1257 361 quibus
1283 327 1344 355 item
1367 330 1503 364 magistris
1522 331 1578 358 suis
1603 331 1678 359 initio
1704 332 1765 360 libri

987 370 1084 398 Contra
1095 378 1183 406 gentes
1199 372 1255 399 haec
1267 372 1427 401 te3tilicatur
1441 381 1449 401 :
1467 374 1579 402 Ezrtant
1594 384 1693 410 quoque
1709 378 1765 411 plu-

987 417 1047 443 rimi
1062 425 1092 444 ea
1115 417 1148 444 de
1164 425 1191 445 re
1205 426 1227 445 ιτ
1250 418 1333 446 beatis
1352 420 1485 454 magistris
1510 422 1605 448 nostris
1627 424 1765 455 conscripti

987 461 1066 494 libri,
1086 471 1151 498 quos
1166 464 1189 490 εἰ
1214 464 1272 498 quis
1293 465 1400 499 legerit,
1426 465 1622 499 Scripturarum
1641 467 1765 501 interpre-

988 509 1112 535 tationem
1124 510 1317 543 quadammodo
1334 511 1476 546 intelliget,
1490 517 1514 538 et
1532 519 1589 538 eant
1600 531 1608 544 ,
1625 520 1703 546 quam
1717 520 1764 539 ea:-

986 554 1067 587 petit,
1088 555 1259 588 cognitionem
1280 556 1402 590 consequi
1434 557 1538 590 poterit.
1583 555 1765 584 Verumtamen

987 606 1045 625 cum
1061 599 1245 634 magistrorum
1262 600 1344 627 librae
1359 601 1386 627 in
1413 601 1535 628 manibus
1551 609 1617 628 nunc
1644 609 1696 628 non
1720 602 1766 628 Ita<

988 644 1093 671 beamus
1104 665 1111 678 ,
1128 653 1231 672 necesse
1243 651 1279 672 ett
1295 654 1342 678 ea,
1356 654 1414 678 qua
1430 646 1461 673 ab
1478 646 1531 673 illis
1546 647 1695 679 didicimus,
1719 647 1765 673 tibi

986 690 1133 724 patefacere
1149 696 1173 718 et
1190 692 1311 719 scribere.
1324 692 1392 725 Quia
1410 692 1492 727 igitur
1503 692 1690 726 magistrorum
1705 692 1763 719 libri

987 743 1040 762 non
1056 736 1185 769 aderant,
1199 745 1248 764 nee
1264 737 1333 764 forte
1349 742 1454 772 poterat
1470 745 1512 764 res
1527 737 1599 764 aliud
1613 737 1638 764 in
1658 742 1764 772 tempus

986 783 1125 816 prorogari
1139 804 1146 815 ,
1168 787 1304 818 acceptam
1317 783 1351 810 ab
1369 783 1421 810 illis
1432 783 1600 815 doctrinam.
1619 788 1647 810 ut
1663 791 1765 811 memo-

988 827 1026 854 ria
1043 829 1150 856 tenebat
1161 848 1169 860 .
1186 829 1228 856 his
1246 829 1274 856 in
1290 829 1366 856 libris
1383 829 1501 857 tradidit.

1024 874 1143 910 Magistri
1156 883 1221 903 vero
1238 883 1252 902 a
1266 876 1362 910 quibus
1375 877 1513 904 institutus
1527 876 1690 904 Athanasius
1703 880 1744 904 est
1755 895 1764 908 .

988 921 1032 949 alii
1051 927 1079 948 ut
1105 922 1188 956 liquet
1206 923 1239 949 ab
1255 923 1383 956 apostolis
1408 927 1436 950 et
1451 923 1636 957 evangelistis.
1660 922 1677 948 ii
1692 922 1764 949 haud

986 967 1064 995 dubie
1078 974 1174 999 erant,
1190 968 1235 1002 qui
1250 968 1395 995 Maximino
1406 973 1545 1002 grassante
1557 968 1685 1003 martyrio
1702 975 1764 1002 per-

985 1013 1070 1041 functi
1085 1019 1147 1041 sunt
1165 1014 1284 1048 :quibus
1311 1015 1493 1042 accensendus
1517 1015 1614 1042 Petrus
1637 1018 1740 1049 martyr
1754 1034 1763 1046 ,

985 1059 1183 1087 Alexandrinus
1197 1059 1310 1092 pratsul,
1333 1060 1448 1086 eximius
1461 1059 1621 1094 divinosque
1635 1060 1765 1087 doctrinae

985 1105 1130 1140 magister,
1158 1104 1230 1132 θεῖόν
1246 1113 1272 1132 τι
1292 1105 1387 1141 χρῆμα
1402 1105 1594 1139 διδασκαλίας,
1621 1106 1658 1132 ait
1681 1104 1765 1132 Euse-

985 1149 1045 1177 bius
1059 1150 1108 1185 (c),
1127 1157 1159 1178 ac
1178 1150 1266 1177 studio
1290 1151 1439 1185 peritiaque
1461 1158 1598 1178 sacrarum
1616 1150 1764 1177 litterarum

985 1195 1109 1230 insignis.
1131 1195 1165 1223 Et
1183 1196 1298 1224 fortasse
1312 1203 1373 1223 cum
1387 1197 1530 1230 magistros
1552 1196 1690 1230 pluraliter
1709 1203 1765 1222 me-

984 1246 1072 1268 moret
1087 1242 1253 1269 Athanasius
1266 1262 1274 1274 .
1289 1249 1343 1269 una
1361 1249 1420 1269 cum
1434 1241 1514 1269 Petro
1533 1241 1684 1269 subiudicat
1706 1240 1765 1268 Plii-

984 1286 1053 1314 leam
1068 1286 1259 1314 Thmuitanum
1271 1287 1427 1321 episcopum
1440 1287 1562 1314 doctrina
1577 1286 1763 1320 conspicuum,

985 1333 1029 1366 qui
1045 1333 1145 1367 scripto
1162 1341 1216 1360 rem
1240 1333 1422 1361 Christianam
1444 1337 1641 1366 exornaverat,
1659 1336 1686 1359 et
1704 1335 1764 1365 post

959 1369 964 1404 ἲ
985 1379 1126 1407 diuturnas
1149 1380 1175 1407 in
1193 1387 1303 1408 carcere
1328 1388 1389 1407 curn
1419 1380 1498 1407 Petro
1524 1387 1629 1412 moras,
1646 1379 1764 1405 cervices

985 1425 1106 1453 dederat.
1124 1425 1205 1453 Petro
1224 1426 1288 1453 item
1303 1426 1373 1453 haud
1384 1425 1466 1453 dubie
1481 1425 1674 1452 annumerandi
1690 1429 1763 1456 sunt,

983 1473 1008 1499 oi
1021 1473 1070 1499 σὺν
1091 1472 1165 1507 αὐτῷ
1184 1472 1363 1509 πρεσϐύτεροι
1375 1492 1383 1506 ,
1398 1471 1548 1508 presbyteri
1572 1469 1744 1499 Alexandrini
1756 1489 1764 1502 ,

984 1517 1116 1550 Faustus,
1134 1518 1214 1550 Dius,
1245 1519 1420 1550 Amtnonius,
1435 1518 1481 1554 qui
1509 1518 1534 1545 in
1557 1517 1600 1544 illa
1629 1515 1764 1542 Maximini

188 1553 211 1579 Α
229 1554 313 1587 prima
332 1554 472 1581 Athanasii
493 1554 673 1582 adolescentis
692 1554 861 1582 institutione
887 1556 933 1584 ini-
947 1565 971 1596 α
985 1563 1143 1591 carniﬁcina
1163 1564 1295 1598 perfuncti
1314 1553 1593 1600 martyrioiferumur.
1615 1562 1648 1589 Hi
1673 1561 1765 1588 docto-

154 1599 220 1625 tium
234 1600 410 1633 quaestionum
429 1601 573 1633 ducentes,
590 1601 616 1627 iu
629 1600 703 1628 litem
716 1608 768 1628 non
781 1601 933 1636 ambiguam

151 1643 352 1671 descendimus.
371 1645 408 1672 Ex
424 1646 566 1679 perspicuo
584 1654 699 1681 namque
720 1645 749 1674 S.
768 1646 843 1676 Doct.
860 1649 936 1675 testi-

153 1689 244 1716 monio
255 1710 262 1722 ,
279 1691 364 1724 ipsum
394 1691 463 1725 apud
492 1697 624 1726 martyres
639 1692 800 1720 Christiana:
815 1694 936 1728 discipli-

152 1742 195 1761 me
211 1735 338 1770 tyrocinia
356 1738 478 1770 posuisse
496 1737 633 1764 diximus:
651 1743 731 1772 atque
754 1743 783 1765 ut
804 1746 882 1774 spero
897 1741 936 1768 sic

152 1780 236 1807 stabit
251 1781 393 1808 sententia.
408 1782 594 1810 Tillemontius
611 1789 705 1811 contra
722 1784 775 1820 (a),
803 1791 936 1821 martyres

152 1826 187 1852 ab
200 1825 349 1854 Athanasio
363 1833 526 1855 memoratos
536 1848 544 1861 ,
562 1830 635 1864 ipsos
657 1837 717 1857 esse
742 1831 879 1864 apostolos
893 1839 936 1858 ar-

153 1872 286 1904 bitratur,
304 1873 330 1898 in
358 1881 471 1907 quorum
494 1874 569 1902 libris
594 1875 749 1903 adolescens
771 1876 936 1904 Athanasius

152 1917 253 1946 Christi
268 1918 416 1945 doctrinam
432 1919 553 1947 hauserit
567 1930 573 1947 :
593 1921 673 1948 hosce
686 1921 827 1956 magistros
844 1927 870 1949 ct
890 1925 936 1950 do-

153 1970 243 1992 ctores
260 1966 385 1993 habuisse
405 1970 497 2000 putat;
523 1974 574 1993 non
587 1970 675 1994 autem
701 1973 831 2003 martyres
845 1968 890 2002 qui
908 1968 935 1995 itt

155 2009 291 2038 Maximini
303 2012 458 2039 carniﬁcina
474 2013 594 2040 cervices
610 2021 659 2048 pro
674 2013 783 2041 Christo
793 2014 934 2042 dederunt.

154 2055 194 2082 Ex
210 2057 406 2084 unoAtlianasii
422 2057 480 2084 loco
490 2062 543 2084 tota
560 2066 602 2086 res
614 2059 785 2095 penditur(b)
799 2068 806 2087 :
818 2060 934 2088 Ἐκεϊναι

155 2103 204 2137 μὲν
220 2102 284 2137 γάρ,
309 2102 348 2129 sic
363 2102 424 2135 ille,
442 2102 486 2129 διὰ
501 2103 632 2137 θεολόγων
648 2104 751 2139 ἀνδρῶν
769 2105 844 2142 παρὰ
867 2106 934 2133 Θεοῦ

153 2147 322 2183 ὲλαλήθησαν
339 2148 386 2174 καὶ
407 2149 581 2184 ἐγράφησαν,
596 2151 676 2185 ἡμεῖς
692 2150 720 2177 δὲ
736 2151 810 2186 παρὰ
821 2151 874 2178 τῶν
888 2151 936 2178 αὐ-

152 2194 212 2225 ταῖς
245 2194 460 2229 ἐντυγχανόντων
485 2195 668 2222 θεοπνεύστων
698 2196 878 2230 διδασκάλων,
909 2197 934 2224 οἳ

152 2239 199 2266 καὶ
215 2239 352 2275 μάρτυρες
364 2240 411 2276 τῆς
427 2240 543 2276 Χριστοῦ
562 2241 686 2277 θεότητος
715 2243 852 2276 γεγόνασι,
884 2251 935 2279 μα-
950 2230 972 2258 D

153 2285 244 2316 θόντες
259 2286 432 2321 μεταδίδομεν
448 2286 496 2313 καὶ
512 2288 544 2322 τῇ
558 2288 590 2323 σῇ
611 2287 780 2324 φιλομαϐειᾳ.
797 2290 866 2317 —-Id
878 2295 933 2318 est:

152 2330 213 2358 Illa:
229 2331 297 2358 enim
311 2331 482 2368 (Scriptura!)
494 2331 673 2366 theologorum
692 2335 827 2362 hominum
856 2336 936 2362 mini-

152 2378 233 2404 sterio
248 2386 263 2404 α
282 2377 336 2404 Deo
352 2378 462 2412 prolatas
479 2384 503 2406 et
525 2379 629 2412 scriplte
648 2386 708 2407 sunt
720 2389 729 2408 :
742 2390 854 2416 quorum
872 2391 932 2410 un-

153 2424 261 2450 tenliam
273 2432 331 2450 cum
346 2433 361 2451 α
377 2425 509 2459 magistris
521 2425 610 2452 divino
623 2426 725 2460 Spiritu
746 2428 846 2462 afﬂati:
857 2448 864 2460 ,
887 2431 932 2464 qui

153 2469 224 2502 ipsa:
245 2469 374 2504 legerant,
393 2471 486 2505 quique
497 2472 604 2498 deitatis
619 2471 719 2499 Christi
740 2479 869 2509 martyres
891 2476 934 2510 af-

154 2513 217 2547 fecti
231 2519 291 2541 sunt
304 2515 474 2542 didicerimus
484 2537 492 2548 ,
508 2517 624 2544 eamdem
638 2522 691 2545 tute
704 2519 838 2546 tedulitati
851 2521 935 2547 tradi-

154 2566 221 2585 mur.
234 2558 282 2586 llic
302 2568 366 2587 sane
389 2561 496 2589 mireris
510 2570 566 2589 rem
593 2563 629 2590 ita
652 2563 758 2598 planam
779 2565 804 2592 in
827 2571 934 2593 contro-

154 2603 269 2630 versiam
292 2605 382 2632 vocari
412 2612 420 2632 :
443 2612 535 2640 aperte
554 2615 671 2636 namoue
689 2613 717 2636 et
740 2610 801 2637 sine
821 2613 933 2645 ambage

153 2647 206 2675 tilla
219 2648 273 2681 ait.
293 2650 447 2684 Seripturas
462 2653 569 2687 quidem
590 2662 682 2682 sacras
696 2655 729 2682 de
744 2657 822 2684 Verbi
833 2658 933 2685 adven-

155 2697 183 2719 tu
202 2698 229 2720 et
248 2694 280 2721 de
294 2695 415 2723 doctrina
431 2697 532 2725 Christi
547 2706 562 2725 a
579 2699 712 2734 theologis
724 2701 789 2729 viris
800 2720 808 2733 ,
830 2703 933 2730 scilicet

153 2737 189 2765 ab
202 2740 330 2773 apostolis
344 2745 372 2768 et
397 2743 570 2778 evangelistis
590 2745 675 2774 editas
690 2746 791 2778 fuisse:
816 2755 846 2776 se
865 2756 930 2776 vero

191 2807 230 2845 to)
254 2806 302 2845 Yie
314 2809 345 2845 de
358 2809 386 2836 S.
398 2810 541 2844 Athanare,
555 2815 610 2845 not,
626 2812 653 2840 ὅ.

204 2843 229 2880 b)
246 2843 309 2880 Atii.
324 2843 362 2880 l_)e
376 2845 524 2876 lncurmrt..
544 2854 570 2880 p.
587 2843 631 2874 77.

204 2843 217 2867 b
246 2843 264 2868 Δ
271 2844 309 2869 th.
324 2843 362 2870 De
376 2845 524 2876 lncurmrt..
535 2842 570 2880 Vp.
587 2842 631 2874 77.

192 2842 229 2912 Et;
243 2876 314 2905 Hist.
333 2878 350 2906 Ι,
366 2886 415 2914 vn,
430 2888 455 2908 c.
469 2881 522 2915 32;
540 2882 556 2909 Ι.
569 2889 628 2915 νιιι,
642 2890 666 2910 c.
678 2882 771 2917 l0,l5;
784 2884 802 2912 1.
821 2892 894 2918 tx,c.
904 2886 930 2914 6.

986 1617 1030 1638 res
1040 1614 1067 1637 et
1081 1610 1201 1644 magistri
1217 1609 1366 1637 Athanasii.

1019 1655 1058 1682 Ex
1073 1656 1153 1683 dictis
1168 1663 1248 1690 porro
1272 1655 1357 1690 liquet
1385 1655 1473 1682 Rutini
1500 1654 1639 1682 historiam
1671 1652 1711 1687 (d)
1732 1652 1765 1679 de

984 1701 1082 1736 puerili
1103 1701 1160 1728 lusu
1173 1721 1180 1733 ,
1200 1708 1254 1736 quo
1265 1701 1427 1728 Athanasius
1443 1707 1509 1735 puer
1523 1700 1597 1735 paris
1618 1698 1706 1726 aetatis
1724 1697 1765 1724 in-

985 1747 1074 1774 fantes
1095 1747 1128 1774 ad
1155 1755 1229 1774 oram
1246 1746 1344 1778 maris,
1372 1746 1526 1773 Alexandro
1551 1745 1678 1779 episcopo
1704 1750 1765 1777 spe-

986 1793 1270 1827 ctante.baptizavit,
1292 1799 1344 1819 non
1369 1799 1448 1825 posse
1474 1798 1535 1818 cum
1560 1797 1623 1818 vera
1651 1788 1764 1823 putandi

986 1838 1094 1866 ratione
1113 1839 1274 1865 consistere.
1289 1837 1356 1865 Nam
1372 1845 1433 1864 cum
1462 1835 1559 1863 Petrus
1578 1839 1698 1870 martyr,
1718 1841 1763 1860 an.

988 1883 1051 1916 5M,
1067 1887 1208 1918 postquam
1224 1891 1323 1910 annum
1338 1888 1429 1918 egerat
1442 1883 1468 1909 in
1491 1887 1601 1908 carcere
1623 1887 1672 1915 pro
1685 1879 1765 1906 Citri-

988 1933 1031 1956 sto
1046 1934 1159 1956 necatus
1176 1929 1227 1961 sit,
1244 1928 1423 1958 Athanasius,
1448 1927 1492 1962 qui
1518 1933 1588 1954 anno
1607 1931 1636 1952 ut
1664 1924 1765 1952 tardius

988 1974 1050 2007 510,
1067 1974 1117 2001 sub
1134 1974 1190 2009 ejus
1209 1974 1356 2001 aliorumve
1382 1978 1528 2008 martyrum
1547 1970 1704 2005 disciplina.
1718 1977 1765 2004 pe-

987 2020 1131 2048 nitioribus
1160 2020 1319 2047 Christianas
1338 2019 1468 2047 doctrinae
1489 2018 1622 2053 mysteriis
1643 2015 1765 2044 eruditus

986 2066 1177 2100 institutusque
1204 2065 1302 2096 fuerit,
1323 2069 1390 2092 tunc
1412 2064 1524 2099 primatu
1548 2062 1642 2090 saltem
1675 2059 1766 2088 adole-

986 2111 1115 2138 scenliam
1141 2111 1279 2145 ingressus
1305 2109 1341 2137 sit
1356 2113 1473 2143 oportet.
1486 2107 1536 2141 Qui
1566 2114 1631 2141 ergo
1647 2105 1764 2140 potuerit

985 2156 1036 2184 sub
1053 2156 1206 2183 Alexandro
1231 2155 1364 2190 prasule.
1385 2155 1411 2182 id
1428 2158 1470 2182 est
1491 2153 1576 2181 tribus
1599 2152 1662 2179 hinc
1687 2150 1765 2177 anuis

985 2202 1100 2237 elapsis,
1120 2203 1177 2230 sive
1189 2209 1259 2230 anno
1275 2206 1304 2228 ut
1321 2201 1402 2229 citius
1411 2201 1480 2234 515,
1495 2207 1550 2234 quo
1561 2199 1642 2233 coepit
1653 2196 1765 2223 Alexan-

987 2248 1034 2275 der
1044 2266 1052 2279 ,
1068 2247 1162 2282 puerili
1176 2247 1328 2282 bujusmodi
1348 2246 1418 2274 lusui
1440 2252 1536 2272 vacare
1547 2264 1555 2277 ,
1568 2243 1613 2278 qtti
1640 2247 1701 2268 tunc
1714 2248 1764 2267 nou-

988 2295 1182 2322 vemdecimum
1197 2298 1226 2321 ut
1241 2294 1329 2320 minus
1342 2292 1429 2320 atatis
1448 2298 1565 2323 annum,
1576 2298 1608 2317 ex
1627 2287 1735 2315 deﬁnito
1749 2294 1764 2313 a

988 2340 1065 2367 nobis
1080 2348 1212 2368 annorum
1228 2339 1331 2367 calculo
1346 2337 1399 2373 (e),
1426 2338 1538 2368 inierat;
1562 2343 1594 2363 ex
1617 2332 1763 2361 Hermantii

986 2390 1074 2413 autem
1092 2390 1217 2421 computo
1231 2385 1386 2413 vicesimum
1403 2382 1530 2411 tertium?

1213 2438 1470 2467 ANIMADVERSIO
1497 2437 1528 2464 ll.

987 2486 1023 2514 De
1040 2487 1119 2513 titulo
1144 2486 1172 2511 in
1200 2484 1437 2521 Vitant_Antonii.
1462 2487 1576 2521 et__nu_r_n
1603 2480 1764 2521 Athanasius

1039 2520 1194 2555 aliquandiu
1209 2527 1268 2546 cum
1282 2519 1397 2546 Antonio
1408 2520 1434 2545 in
1455 2518 1595 2544 solitudine
1610 2518 1711 2543 uixerit.

1020 2565 1100 2592 Prmit
1123 2565 1236 2599 Prologo
1251 2565 1284 2591 ad
1301 2563 1501 2590 VitumAntonii
1511 2562 1603 2589 titulus
1625 2560 1764 2595 hujusmou

985 2611 1010 2638 di
1025 2609 1057 2644 (1⁵)
1065 2618 1072 2636 :
1081 2609 1206 2642 Βιοςκαὶ
1213 2608 1404 2636 πολιτείατοῦ
1411 2607 1446 2633 ἐν
1457 2607 1552 2639 ὁσίοις
1561 2605 1675 2639 Πατρὸς
1682 2603 1766 2639 ήμῶν

991 2655 1154 2688 Ἀντωνίου,
1165 2654 1346 2689 συγ-γραφεὶς
1359 2653 1407 2680 καὶ
1416 2651 1599 2684 ἀποσταλεὶς
1608 2651 1681 2686 πρὸς
1694 2649 1765 2683 τοὺς

984 2704 1019 2730 ὲν
1042 2702 1078 2736 τῇ
1095 2702 1167 2735 ξένῃ
1176 2699 1330 2736 μοναχοὺς
1341 2699 1419 2734 παρὰ
1430 2698 1481 2725 τοῦ
1493 2699 1527 2725 ἐν
1540 2698 1634 2733 ἁγίοις
1650 2696 1765 2731 Πατρός

983 2748 1068 2784 ἡμῶν
1092 2746 1264 2775 Ἀθανασιου
1286 2746 1452 2773 ἐπισκόπου
1481 2743 1709 2778 Ἀλεξανδρείας.
1736 2742 1765 2772 Id

1023 2815 1062 2849 (tl)
1078 2813 1138 2849 Lib,
1157 2821 1177 2845 ι,
1193 2820 1254 2847 cap.
1271 2812 1315 2839 M.

1023 2850 1057 2883 (te)
1073 2849 1099 2876 In
1120 2848 1181 2876 Vita
1194 2849 1268 2881 Atlt.,
1284 2855 1309 2881 ρ.
1325 2855 1344 2874 1.

1022 2879 1055 2920 (ί)
1070 2885 1214 2916 Athanas.,
1230 2879 1265 2919 p.'
1276 2879 1324 2910 651
1340 2891 1347 2916 ;
1361 2882 1526 2914 Tillemont.,
1542 2884 1597 2908 not.
1612 2879 1658 2908 95.
