2016 3046
248 169 331 192 cum

912 151 1181 193 'PROLEGOMENA‘

249 226 307 249 est:
329 221 388 248 Vita
397 226 421 248 et
431 223 588 249 conversatio
610 223 640 250 S.
655 215 686 250 Ρξ
705 224 789 250 nostri
803 224 927 256 Antonii,
938 225 1035 259 scripta
1050 228 1073 256 Α
1090 233 1150 252 mus
1163 225 1195 251 ad
1211 224 1415 257 Occidentales,
1427 233 1497 260 quau
1516 231 1602 254 tamen
1620 234 1672 254 non
1689 227 1804 262 perinde
1813 231 1886 256 εει-ι’

250 268 380 302 missoque
395 269 430 294 ad
441 269 581 295 monachos
605 270 632 295 in
650 270 787 303 peregrina
806 272 909 304 regione
930 279 1035 297 versan-

249 320 301 346 tes,
317 322 333 340 a
353 313 383 341 S.
399 313 433 342 Ρ.
447 319 536 341 nostra
548 314 694 342 Athanasio
713 316 835 350 episcopo
851 316 1032 343 Alexandriae.

249 356 296 383 llis
311 357 393 390 probe
407 357 500 385 Graeca
516 359 707 393 exprimuntur
718 380 725 391 ,
742 364 770 386 ut
785 367 864 387 nemo
885 368 936 387 non
950 361 1032 388 videt.

247 403 283 429 At
291 402 432 430 Bollandus
444 402 519 434 illud,
535 403 610 437 πρὸς
619 404 777 438 τοὺςὲντῇ
789 405 861 439 ξένῃ
870 406 1032 440 μοναχοὺς,

248 448 283 474 ad
302 448 444 475 monachos
460 449 487 475 in
498 447 570 476 Xene
581 450 713 484 degentes,
728 451 915 485 explicandum
934 456 1009 485 putat
1023 461 1030 478 :

249 498 324 520 ra'tus
341 493 442 521 Xenem
458 501 519 521 esse
532 496 725 522 monasterium
749 497 900 530 quoddam,
923 501 969 524 aut
984 505 1033 524 re—

248 539 357 574 gionem
373 540 446 567 circa
470 540 586 568 Sccthen
603 541 727 575 proxime
751 542 908 578 [Egyptunn
934 543 1031 571 Verum

247 585 280 611 ad
289 585 414 620 regionis,
423 594 474 613 non
484 594 546 614 vero
556 588 711 615 monasterii
720 588 870 622 cujusdam,
883 590 1031 617 monachos

250 628 336 656 Vitam
355 630 460 657 Antonii
482 632 589 659 missam
610 634 773 660 Athanasius
792 635 833 662 his
854 636 1029 663 testillcatur:

245 677 293 702 καὶ
304 678 358 712 γὰρ
382 677 429 704 καὶ
453 678 516 713 ὑμῖν
543 679 635 706 λοιπὸν
663 682 841 717 μοναστήρια,
862 683 908 708 καὶ
922 682 952 708 τὸ
977 682 1031 708 τῶν

247 722 372 758 μοναχῶν
383 723 468 759 ὄνομα
483 725 669 753 mit-redeem-
685 727 735 754 hoc
749 732 788 755 est
801 736 808 754 :
827 737 888 754 nam
906 729 976 763 apud
989 737 1031 756 vos

245 776 346 803 quoque
359 770 462 796 demum
480 773 640 799 monasteria
663 773 809 806 habentur,
838 779 861 800 et
887 775 1029 801 monacho-

245 821 304 840 rum
320 822 411 841 nomen
426 816 608 851 frequentatur
619 826 628 844 :
639 819 711 853 qttod
742 827 807 846 sane
824 827 877 846 non
908 820 941 847 de
972 827 1029 847 mo-

245 860 364 886 nasterio
380 862 512 894 quodam,
529 863 575 890 sed
591 863 624 890 de
640 864 748 898 regione
764 864 804 892 vel
825 870 932 896 tractu,
950 865 1028 892 intel-

1086 277 1152 300 tum.
1169 271 1230 299 Haec
1243 272 1276 299 de
1291 272 1367 299 titulo
1379 272 1404 298 in
1419 271 1508 299 fronte
1529 273 1633 311 posito.‘

1120 316 1178 344 Jam
1192 317 1225 343 ad
1244 317 1331 344 locttm
1348 317 1471 352 Prologi,
1491 317 1535 344 ubi
1562 323 1680 345 veterum
1705 318 1827 345 codicum
1843 321 1871 346 et

1084 362 1216 389 editorum
1236 361 1378 390 lectionem
1393 370 1407 389 a
1427 363 1503 390 nobis
1522 363 1672 390 restitutam
1697 365 1798 398 respuit
1814 362 1872 391 Til-

1084 408 1227 435 lemontius
1243 408 1290 444 (b),
1308 413 1335 436 et
1357 408 1565 436 Hmschilianam
1599 410 1797 444 pugnacissime
1823 411 1870 437 de—

1083 454 1177 482 fendit.
1194 453 1282 489 thue
1302 462 1358 482 rem
1371 455 1405 481 ab
1419 454 1529 481 exordio
1551 455 1698 482 ducamus:
1711 455 1736 482 in
1751 455 1869 489 antiquis

1082 501 1208 528 omnihus
1222 500 1326 528 Latinis
1338 499 1418 527 editis
1428 520 1435 532 ,
1450 499 1501 527 sub
1515 499 1593 526 (inem
1606 499 1711 535 Prologi
1726 500 1867 528 Athanasii
1886 527 1887 530 η

1083 547 1117 574 ad
1140 545 1227 573 Vitam
1242 546 1348 573 Antonii
1362 553 1394 574 ex
1409 545 1532 573 versione
1557 545 1673 581 Evagrii,
1690 546 1747 573 hate
1775 546 1867 581 legun-

1083 596 1142 619 tur:
1159 591 1224 618 Ideo
1238 599 1284 623 ea,
1305 599 1363 625 qute
1374 596 1398 618 et
1412 592 1467 625 ipse
1480 599 1602 618 noveram
1616 599 1626 619 :
1639 592 1787 626 frequenter
1797 592 1866 619 enim

1082 646 1140 664 eum
1156 638 1277 670 visitavi,
1291 643 1315 664 et
1333 645 1392 672 quae
1404 639 1436 664 ab
1449 646 1478 665 eo
1501 638 1600 671 didici,
1620 638 1665 671 qui
1688 637 1722 664 ad
1746 638 1866 672 praeben—

1082 683 1143 709 dam
1160 684 1183 710 ei
1200 691 1295 718 aquam
1313 691 1365 710 non
1380 683 1521 718 paululum
1531 683 1655 717 temporis
1671 691 1729 709 cum
1748 691 1777 709 eo
1794 682 1865 715 feci,

1081 729 1217 755 dilectioni
1231 734 1322 756 vestra:
1335 729 1457 756 indicare
1465 729 1612 762 properavi.
1628 727 1690 755 Haec
1703 728 1765 755 item
1784 728 1865 756 lectio

1081 775 1107 801 in
1124 774 1248 801 omnibus
1263 774 1364 802 Latinis
1379 774 1578 809 exemplaribus
1593 774 1792 808 manuscriptis,
1802 782 1864 809 qua:

1081 821 1184 855 ingenti
1212 827 1324 848 numero
1343 820 1412 854 vidi,
1440 827 1609 855 quorumque
1634 828 1687 847 non
1717 828 1800 854 pauca
1828 821 1863 848 ad

1083 866 1155 894 ltunc
1169 866 1256 894 locum
1269 867 1427 893 nominatim
1445 865 1578 898 iudicavi,
1594 866 1658 900 ipsis
1674 866 1764 893 verbis
1781 866 1866 893 habe-

244 902 327 938 ligere
339 904 378 931 ias
390 910 441 933 est.
457 906 542 942 Ξὲνην
558 915 621 935 vero
639 909 774 943 regionem
793 910 892 937 frustra
903 918 1027 945 quaeras:
1045 909 1065 936 Β
1082 919 1125 940 tur
1144 921 1152 940 :
1167 914 1192 940 in
1213 921 1266 940 uno
1282 918 1369 940 tamen
1395 913 1466 940 illius
1484 913 1559 946 loco,
1583 913 1650 947 Ieci,
1673 912 1786 947 legitur,
1805 911 1864 946 fui;

244 955 327 984 atque
339 951 488 983 hujusmodi
502 960 567 980 voce
585 955 756 989 peregrinum
771 955 887 990 aliquem
912 961 1027 983 tractum

243 993 376 1027 indicari,
391 1003 450 1023 cum
477 1004 520 1023 rcs
545 997 620 1032 ipsa,
637 1003 691 1025 tum
715 1000 806 1027 titulus
838 1001 944 1036 Evagrii
961 1002 1005 1036 qui
1018 1022 1026 1034 ,

244 1041 390 1074 superstite
405 1041 492 1069 adhuc
511 1043 677 1077 Athanasio,
693 1044 896 1074 LatinamVita:
917 1047 1027 1074 Antonii

244 1086 398 1113 versionem
412 1087 600 1121 concinnavit,
615 1089 774 1124 comprobat
792 1100 799 1117 :
819 1092 857 1119 sic
872 1091 916 1118 ille
928 1092 1025 1120 habet:

243 1130 404 1159 Athanasius
417 1134 551 1167 episcopus
562 1154 570 1167 ,
583 1136 617 1162 ad
628 1137 777 1170 peregrinae
790 1139 895 1171 fratres.
910 1139 948 1164 Ea
963 1139 1026 1165 item

243 1177 364 1204 Bollandi
395 1180 528 1206 sententia
557 1179 616 1208 aliis
639 1189 701 1208 mox
721 1181 864 1210 all'erendis
886 1184 1026 1212 Athanasii

244 1224 405 1252 testimoniis
419 1226 551 1254 obruitur.
571 1227 626 1255 Hac
641 1229 749 1263 quidem
770 1230 797 1256 in
824 1239 854 1258 re
868 1232 946 1259 nobis
958 1233 1025 1260 asti-

243 1269 354 1303 pulatur
366 1270 554 1300 Tillemontius
570 1281 578 1300 :
597 1281 689 1301 verum
705 1275 797 1302 nescio
817 1284 870 1310 quo
888 1282 1025 1311 permotus

243 1315 390 1349 adjecerit,
406 1325 457 1344 non
479 1326 556 1352 posse
584 1327 613 1346 se
635 1328 670 1347 ex
691 1321 830 1349 Athanasii
857 1322 935 1350 dictis
950 1325 1024 1359 expi-

242 1361 334 1393 scari,
352 1363 478 1396 proculue
490 1371 524 1391 an
536 1365 647 1392 evicino
659 1366 712 1392 sita
729 1366 808 1394 fuerit
824 1368 897 1402 regio
914 1368 1024 1396 istlnec:

244 1413 276 1433 ex
289 1406 394 1442 Prologi
408 1409 505 1443 quippe
521 1410 599 1438 dictis
610 1410 694 1445 liquet
705 1411 788 1440 fuisse
799 1415 1024 1442 transmarinam:

243 1452 291 1480 καὶ
313 1453 391 1488 ὑμεῖς
407 1454 436 1480 δὲ
453 1455 490 1490 μὴ
509 1455 649 1492 παύσησθε
677 1457 732 1491 (sic
750 1458 812 1493 ille)
832 1460 895 1491 τοὺς
919 1461 1024 1488 ἐνθένδε

243 1499 373 1531 πλέοντας
390 1502 504 1538 ἐρωτᾷν,
523 1502 564 1529 Ne
581 1503 707 1531 desinatis
724 1504 840 1532 homines
857 1506 917 1533 hinc
932 1508 966 1533 ad
981 1515 1024 1534 vos

243 1546 394 1580 navigantes
407 1549 571 1580 percontari;
588 1548 612 1575 id
628 1554 684 1581 est,
706 1555 735 1576 ut
749 1556 823 1585 gesta
837 1551 946 1579 Antonii
966 1553 1023 1580 edi-

243 1592 345 1624 scatis;
367 1597 393 1618 et
407 1592 520 1620 inferius
532 1593 569 1620 ait
585 1601 614 1620 se
629 1594 790 1622 festinanter
808 1596 894 1624 Vitatn
915 1597 1023 1626 Antonii

241 1637 411 1671 describere,
425 1639 487 1673 quia
503 1644 624 1667 vertente
635 1641 692 1674 jam
710 1641 850 1677 navigandi
867 1647 1025 1678 tempestate

242 1683 401 1711 tabellarius
410 1690 541 1712 maturam
557 1686 748 1714 discessionetn
767 1693 875 1722 pararet
886 1709 893 1720 ,
905 1691 919 1716 ὸ
930 1690 1025 1725 καιρὸς

240 1728 295 1755 τῶν
322 1729 451 1765 πλωῖμων
467 1731 613 1759 συνέκλειε.
638 1732 697 1765 Quo
725 1740 791 1760 sane
815 1737 1023 1763 transmarinam

243 1774 324 1802 fuisse
342 1777 477 1810 regionem
492 1778 668 1811 signiﬁcatur.
687 1777 752 1805 Nam
769 1779 802 1806 ad
825 1780 1023 1814 navigationem

241 1819 293 1847 Nili
307 1820 420 1848 adverso
436 1821 546 1850 ﬂumine
560 1825 740 1859 peragendam
758 1824 784 1851 id
802 1824 920 1858 referre,
933 1831 1025 1854 utten-

242 1867 309 1893 tavit
330 1867 439 1900 quidam
452 1888 459 1900 ,
476 1869 686 1903 ἀπροσδιόνυσον
709 1874 750 1896 est
764 1880 771 1897 :
785 1870 919 1905 siquidem
933 1873 965 1899 ad
980 1879 1024 1899 sn-

241 1911 357 1944 perioris
380 1911 488 1946 (Egypti
521 1916 684 1948 monachos,
716 1915 742 1942 in
773 1916 907 1944 moralibus
930 1918 1023 1952 procul

241 1957 383 1991 degentes,
413 1958 490 1993 longe
515 1961 666 1993 expeditior
691 1962 830 1989 terrestris
846 1962 887 1988 via
902 1967 978 1995 erat,
995 1968 1024 1991 ut

242 2010 321 2028 nemo
341 2004 425 2030 nescit
447 2013 453 2030 :
471 2009 497 2031 et
511 2005 628 2040 alioquin
645 2006 677 2032 ad
698 2007 842 2034 manachos
856 2016 945 2035 rerum
967 2009 1023 2036 Au-

242 2048 308 2074 tonii
325 2048 431 2082 ignaros
446 2050 505 2076 baro
519 2049 579 2077 Vita
603 2051 734 2084 mittitur,
751 2052 821 2086 quod
843 2053 877 2080 de
891 2053 1024 2089 Egyptiis

240 2093 282 2121 vel
302 2095 475 2122 linitimarum
496 2097 633 2131 regionum
650 2098 807 2130 monachis,
829 2099 888 2131 quis
905 2101 1023 2127 somnia-

240 2142 307 2168 verit
318 2142 329 2168 ’ἶ
342 2143 381 2168 An
397 2147 490 2170 auctor
509 2148 549 2170 est
566 2143 728 2171 Athanasius
742 2143 891 2173 Palzestiuis
910 2150 938 2173 et
963 2146 1023 2173 ﬁni-

240 2186 312 2213 timis
326 2187 498 2223 {Egyptoque
513 2189 609 2216 vicinis
630 2190 770 2217 monachis
783 2211 790 2222 ,
814 2195 844 2217 ut
860 2197 956 2219 nautas
976 2200 1022 2220 ve.-

1080 960 1106 987 in
1119 960 1220 992 altero,
1235 959 1358 994 fueram,
1374 960 1466 987 eadem
1482 967 1593 994 prorsus
1607 959 1751 986 sententia.
1772 958 1861 985 Vitam

1079 1007 1186 1034 Antonii
1204 1006 1298 1034 Grtece
1317 1006 1390 1042 prior
1400 1006 1484 1033 edidit
1508 1005 1591 1032 David
1608 1005 1790 1038 lloaschelins,
1816 1013 1862 1031 an.

1080 1054 1166 1086 1611,
1182 1060 1214 1081 ex
1235 1053 1330 1080 vitiato
1356 1052 1506 1087 exemplari
1527 1059 1699 1086 expressam,
1717 1057 1746 1079 ut
1770 1052 1863 1079 videre

1078 1099 1142 1127 licet
1154 1100 1187 1127 ab
1204 1100 1352 1127 innumeris
1367 1099 1487 1132 mendis,
1505 1107 1572 1134 quas
1592 1099 1618 1126 in
1635 1099 1757 1141 editione
1777 1099 1863 1125 Atha-

1077 1146 1146 1173 nasii
1162 1150 1252 1173 nostra
1281 1146 1458 1172 notavimus:
1477 1146 1521 1172 ubi
1553 1153 1743 1180 nonnttuquam
1772 1145 1864 1172 hiatus

1078 1192 1170 1219 decem
1188 1191 1365 1219 dnodecimve
1378 1191 1509 1219 linearum
1524 1191 1721 1225 deprehendas.
1740 1191 1778 1218 lbi
1796 1199 1862 1218 veru

1077 1238 1116 1266 sic
1129 1238 1241 1273 legitur:
1253 1237 1304 1264 Διὰ
1312 1238 1399 1265 τοῦτο
1406 1237 1481 1270 ἅπερ
1492 1238 1582 1270 αὑτός
1588 1246 1620 1264 τε
1628 1237 1771 1270 γινώσκω,
1788 1239 1863 1264 πολ-

1076 1283 1163 1316 λάκις
1177 1285 1232 1319 γὰρ
1244 1284 1337 1311 αὑτὸν
1349 1284 1471 1318 ἑώρακα,
1488 1283 1537 1310 καὶ
1554 1283 1572 1310 ἃ
1583 1283 1689 1318 μαθεῖν
1705 1282 1862 1317 ἠδυνήθην

1076 1330 1155 1364 παρὰ
1172 1330 1225 1357 τοῦ
1239 1329 1505 1364 ἀκολουθήσαντος
1515 1329 1595 1362 αὐτῷ
1608 1330 1718 1364 χρόνον
1729 1330 1784 1356 οὐκ
1799 1329 1861 1356 ὀλί-

1075 1383 1140 1409 γον,
1152 1375 1200 1402 καὶ
1208 1375 1256 1402 ἐπι
1259 1375 1384 1409 χέαντος
1392 1375 1470 1409 ὕδωρ
1480 1375 1554 1402 κατὰ
1565 1375 1665 1410 χεῖρας
1673 1375 1777 1405 αὐτοῦ,
1790 1383 1860 1409 γρα-

1075 1423 1130 1456 ψαι
1141 1421 1321 1456 τῇεὺλαόείᾳ
1349 1421 1433 1456 ὑμῶν
1443 1421 1633 1448 ῠσπούδασα.
1647 1437 1682 1441 -
1693 1421 1720 1448 Id
1729 1426 1769 1448 est
1779 1430 1785 1448 :
1796 1421 1860 1448 Ideo

1074 1476 1234 1502 quacunque
1243 1469 1302 1495 novi
1312 1487 1319 1499 ,
1329 1476 1396 1502 saepe
1407 1469 1500 1495 etenim
1514 1467 1588 1494 illum
1598 1468 1650 1495 vidi
1659 1477 1668 1500 ;
1676 1472 1700 1494 et
1712 1475 1770 1500 aure
1785 1468 1820 1496 ab.
1829 1476 1859 1493 ea

1075 1514 1188 1540 ediscere
1198 1514 1270 1546 potui
1281 1534 1288 1546 ,
1299 1514 1343 1548 qui
1358 1522 1410 1540 non
1424 1513 1525 1540 modico
1535 1518 1646 1547 tempore
1658 1514 1739 1540 virum
1755 1518 1859 1540 secutus

1075 1565 1113 1587 est
1124 1565 1218 1595 ,atque
1234 1560 1334 1587 lavanti
1350 1568 1443 1587 manus
1462 1569 1558 1595 aquam
1580 1560 1679 1595 effudi,
1697 1566 1787 1587 vestra:
1803 1560 1860 1593 pie-

1076 1607 1125 1634 tati
1143 1607 1284 1634 rescribere
1297 1606 1428 1639 festinaui.
1446 1606 1598 1635 Secundum
1619 1607 1687 1634 hanc
1703 1614 1781 1633 unam
1796 1606 1861 1633 lim-

1075 1653 1198 1681 schiliani
1215 1652 1279 1680 editi
1296 1653 1449 1684 lectionem,
1467 1653 1538 1680 nulla
1566 1652 1743 1686 manuscripti
1768 1651 1859 1678 Latini

1075 1699 1236 1726 auctoritate
1264 1699 1405 1731 suadente.
1430 1698 1590 1726 Rosweidus
1617 1699 1643 1725 in
1668 1697 1775 1732 Evagrii
1799 1704 1860 1723 ver-

1075 1744 1149 1772 sione
1164 1744 1235 1778 fecit,
1253 1751 1302 1778 pro
1326 1744 1387 1778 feci,
1413 1744 1543 1778 reposuit,
1566 1752 1617 1778 qua
1634 1745 1713 1771 unius
1732 1743 1859 1770 litterulae

1074 1788 1210 1814 additione
1225 1787 1412 1815 Hmschiliana‘.
1426 1787 1550 1815 Latinam
1564 1788 1705 1815 lectionem
1723 1788 1859 1822 coaptavit

1074 1832 1125 1860 hoc
1142 1838 1237 1867 pacto:
1250 1833 1284 1860 Et
1300 1841 1358 1868 qua-
1375 1833 1408 1860 ab
1420 1842 1449 1861 eo
1466 1834 1556 1865 didici,
1574 1834 1620 1869 qui
1632 1835 1667 1861 ad
1689 1833 1857 1868 prwbendam

1073 1879 1097 1905 ei
1108 1887 1204 1913 aquam
1225 1888 1275 1907 non
1296 1879 1432 1914 paululum
1446 1880 1568 1914 temporis
1589 1888 1648 1907 cum
1663 1888 1693 1906 eo
1712 1880 1784 1914 fecit.
1799 1879 1857 1906 Sub

1074 1925 1131 1952 haec
1157 1925 1220 1952 dttm
1243 1926 1384 1953 Athanasii
1407 1925 1533 1960 operibus
1559 1926 1668 1953 edendis
1688 1926 1857 1957 insudamus,

1074 1975 1101 1997 et
1119 1971 1227 1998 codices
1244 1971 1448 2006 diligentissime
1473 1971 1665 2005 perquirimus.
1689 1971 1715 1998 in
1743 1975 1860 2005 quatuor

1073 2017 1182 2050 optima:
1207 2022 1277 2044 nota:
1304 2017 1504 2052 manuscriptis,
1529 2017 1670 2045 lectionem
1686 2025 1746 2044 cum
1762 2016 1858 2045 Latina

1072 2063 1157 2090 veleri
1179 2064 1356 2098 quadrantem
1382 2065 1620 2099 deprehendimus,
1636 2071 1695 2098 qua!
1708 2064 1747 2091 sic
1757 2063 1856 2090 habet:

1073 2109 1123 2135 Διά
1141 2109 1227 2136 τοῦτο
1244 2109 1318 2143 ἅπερ
1335 2110 1426 2143 αὐτός
1446 2119 1476 2137 τε
1495 2109 1645 2144 γινώσκω,
1658 2109 1706 2136 καὶ
1722 2109 1741 2136 ἂ
1752 2109 1860 2143 μαθεῖν

1071 2153 1229 2188 ἠδυνήθην
1242 2154 1310 2189 παρ’
1325 2155 1417 2182 αὑτοῦ
1431 2155 1641 2188 ἀκολουθήσας
1651 2153 1731 2186 αὐτῷ
1747 2154 1859 2189 χρόνον

1072 2201 1127 2226 οὐκ
1136 2199 1249 2234 ὀλίγον,
1263 2201 1311 2226 καὶ
1326 2201 1453 2235 ἐπιχέων
1464 2201 1538 2235 ὕδωρ
1548 2201 1622 2227 κατὰ
1638 2200 1739 2235 χεῖρας
1752 2199 1857 2231 αὑτοῦ,

237 2237 381 2267 ctoresqne
393 2234 425 2260 ad
444 2241 506 2261 oras
534 2242 596 2260 suas
616 2235 781 2269 appellentes
809 2242 1019 2270 percontentur,

1076 2245 1181 2281 γράψαι
1189 2245 1226 2280 τῇ
1233 2247 1372 2278 εὐλαϐείᾳ
1381 2234 1461 2281 tittth
1468 2234 1654 2274 ἐσάούδιισα.
1666 2246 1719 2273 Hoc
1728 2251 1769 2274 est
1778 2255 1784 2272 :
1794 2246 1858 2273 Ideo

237 2279 298 2314 quis
311 2280 432 2314 qualisve
455 2280 534 2307 fuerit
549 2281 700 2314 Antonius,
719 2282 762 2316 qui
784 2283 810 2309 in
834 2283 920 2310 Inedia
939 2284 1023 2319 Egy-

238 2329 282 2358 pto
302 2325 334 2351 ad
359 2325 480 2359 quintum
509 2333 589 2360 supra
616 2327 791 2354 centesimum
821 2335 920 2355 annum
938 2330 1019 2357 vitam

235 2372 404 2404 produccns,
435 2376 534 2398 tantam
565 2375 759 2401 monachorum
795 2376 1019 2412 populariumque

236 2417 415 2452 frequentiam
433 2427 467 2446 ex
485 2420 562 2456 Syria
574 2440 582 2452 ,
597 2420 737 2448 Palaestina
749 2442 756 2452 ,
774 2423 886 2458 aliisque
901 2423 1020 2452 Orientis

237 2463 410 2497 regionibus,
429 2465 461 2492 ad
478 2466 518 2492 sui
537 2466 720 2500 spectaculum
736 2467 884 2500 evocabat,
901 2473 929 2495 ut
945 2469 1020 2496 testi.

238 2511 352 2536 ticantur
364 2511 529 2538 Athanasius
543 2517 570 2539 et
597 2511 775 2547 Hieronymus
791 2513 854 2548 (a)?
876 2513 916 2540 An
934 2514 1020 2541 Atha-

235 2556 327 2583 nasius
341 2564 374 2584 ne
396 2558 539 2593 navigandi
563 2562 708 2592 tempestas
722 2558 843 2586 eillueret
854 2580 860 2589 ,
875 2563 902 2586 et
921 2568 1020 2594 oppor-

235 2602 336 2629 tunitas
359 2602 528 2636 elaberetur,
558 2603 718 2631 festinanter
745 2604 906 2638 admodum,
934 2611 962 2632 ut
981 2606 1019 2633 ait

236 2647 288 2680 ille,
307 2647 393 2675 Vitam
410 2649 517 2676 Antonii
545 2649 687 2682 edidisset.
706 2650 728 2678 si
746 2651 778 2678 ad
806 2650 889 2686 Syros
907 2652 946 2678 vel
971 2653 1019 2678 Pa-

236 2693 353 2721 laestinos
375 2694 496 2728 aliosque
518 2695 622 2723 vicinos
647 2697 794 2724 monachos
813 2698 1016 2724 transmittenda

235 2737 311 2763 erat?
326 2737 389 2764 Imlc
408 2739 484 2766 nobis
510 2739 677 2773 exploratum
705 2742 815 2768 omnino
834 2742 940 2769 videtur
953 2762 961 2772 .
984 2743 1017 2769 ad

237 2783 431 2809 transmarinos
445 2788 471 2809 et
484 2784 575 2816 procul
593 2791 732 2814 versantes
744 2787 891 2815 monachos
907 2788 1030 2816 missam'

235 2827 342 2854 Antonii
365 2828 451 2854 Vitam
469 2829 503 2855 ab
517 2829 663 2859 Athanasio
688 2831 782 2865 fuisse,
796 2838 823 2861 et
842 2838 869 2861 ut
886 2834 1017 2870 conjecta-

270 2873 306 2904 (a)
327 2873 353 2900 In
373 2873 432 2900 l'ita
449 2874 603 2904 Hilarionis.

1071 2300 1231 2327 qutzcuuque
1247 2292 1304 2318 novi
1316 2299 1325 2318 :
1337 2300 1403 2326 sa‘pe
1419 2293 1512 2319 etenim
1521 2292 1594 2318 illum
1610 2292 1677 2323 vidi;
1686 2296 1709 2318 et
1719 2299 1777 2326 qua:
1787 2291 1818 2318 ab
1828 2299 1857 2317 eo

1072 2337 1163 2367 didici,
1193 2337 1238 2370 qui
1257 2345 1309 2363 non
1330 2337 1432 2364 modico
1451 2343 1563 2371 tempore
1582 2337 1773 2364 t-irumsecutus
1787 2345 1857 2367 sum,

1073 2389 1150 2418 atque
1161 2383 1280 2409 abluenti
1299 2391 1393 2409 manus
1416 2391 1513 2418 aquom
1534 2383 1626 2417 e/fudi,
1652 2387 1744 2409 vestrm
1766 2383 1856 2416 pietati

1074 2429 1187 2455 scribere
1203 2428 1335 2462 festinaui.
1355 2429 1482 2455 Eamdem
1509 2436 1572 2456 vero
1592 2433 1684 2463 postea
1713 2428 1857 2455 lectionem

1074 2474 1100 2500 itt
1117 2474 1264 2507 exetuplari
1282 2473 1410 2501 Vaticano
1423 2474 1595 2508 perantiquo,
1612 2482 1687 2500 ntttn.
1710 2473 1773 2506 566,
1788 2478 1814 2500 et
1829 2475 1856 2500 in

1074 2519 1168 2546 codice
1184 2518 1241 2544 RR.
1260 2518 1309 2545 PP.
1328 2519 1357 2545 S.
1383 2518 1471 2546 Basilii
1495 2519 1586 2545 Romae
1617 2519 1688 2552 paris
1715 2519 1857 2546 vetustatis

1075 2562 1172 2595 reperi.
1200 2561 1227 2588 In
1251 2566 1366 2596 quatuor
1377 2568 1466 2589 autem
1483 2563 1543 2590 aliis
1558 2563 1758 2597 exemplaribus
1772 2562 1858 2590 fertur

1074 2607 1254 2635 llmschiliana
1271 2615 1350 2642 supra
1377 2614 1525 2635 memorata
1554 2609 1652 2641 lectio,
1678 2609 1776 2644 quibus
1793 2609 1857 2636 sub—

1072 2653 1240 2687 jungeudum
1258 2653 1330 2680 aliud
1347 2654 1397 2680 viri
1410 2654 1481 2681 docti
1497 2655 1527 2682 D.
1544 2655 1577 2682 du
1590 2655 1695 2682 Poirier
1714 2655 1856 2682 Turonen-

1072 2698 1120 2730 sis,
1139 2698 1185 2726 setl
1202 2706 1298 2726 recens
1315 2704 1343 2726 et
1361 2699 1564 2735 bombyciuum,
1582 2701 1652 2735 qttod
1667 2700 1857 2727 Hmschiliamc

1073 2743 1136 2770 item
1151 2743 1260 2771 lectioni
1280 2745 1390 2772 accinit.
1409 2745 1508 2773 Verum
1523 2754 1582 2781 quas
1606 2747 1676 2774 hanc
1691 2751 1856 2781 postremam

1073 2789 1232 2824 praeierunt,
1250 2798 1302 2818 non
1321 2797 1414 2819 mutuo
1424 2797 1593 2820 εοηεοηειιιιιτ
1614 2801 1676 2820 nam
1689 2793 1783 2820 horum
1797 2801 1858 2819 0|“-

1071 2836 1146 2863 nium
1172 2837 1382 2864 vetustissimum
1403 2837 1516 2873 Regium
1539 2839 1577 2866 sic
1603 2839 1701 2866 habet:
1719 2837 1794 2874 παρὰ
1816 2838 1857 2874 ἰᾦ

1103 2882 1140 2917 (b)
1159 2881 1219 2910 Not.
1237 2883 1264 2910 4.
