2016 3046
651 195 696 222 DE
718 194 796 222 VlTA
817 194 861 222 ET
883 193 1038 222 SCRIPTIS
1059 193 1086 220 S.
1107 192 1302 220 ATUANASIL

144 239 468 296 ohvoueﬁdaVTtaﬁth,
495 263 521 285 et
545 257 647 292 reliqua
658 256 785 291 perplexe
803 255 894 282 refert.
915 254 942 281 ltt

157 314 209 340 qua
228 305 473 340 manuscriptorum
493 303 624 330 varietate
639 301 702 336 quid
714 301 846 336 agendum
863 299 940 326 nobis

157 357 227 384 erat,
244 359 326 386 quam
343 355 372 377 ut
387 355 426 376 tot
439 348 553 380 Grtecis,
570 347 727 381 Latinisque
748 346 872 386 omnibus
896 353 940 373 as-

157 384 260 424 sertani
287 395 429 423 lectionem
457 393 704 428 amplecterentur:
731 399 764 419 ac
790 391 816 418 in
843 384 940 419 Latino

156 441 306 477 exemplari
321 449 414 468 vocem
442 440 657 470 restitueremus.
672 443 701 465 ut
716 442 774 465 erat
796 443 859 465 ante
884 437 939 464 Ro-

156 489 308 521 sweitlum;
326 496 386 515 ctttn
405 487 522 514 maxime
540 487 624 513 altera
647 485 726 512 lectio
740 484 814 511 varie
826 484 939 515 feratur,

156 539 184 562 et
198 535 225 562 in
238 534 359 561 novanda
374 532 508 560 sententia
524 532 557 559 ab
569 531 781 558 amanuensibus
796 530 939 557 titubatum

155 588 217 608 esse
231 580 318 614 palam
333 578 391 606 sit?
409 577 476 604 Nam
501 584 561 604 cum
585 583 680 603 omnes
701 576 811 602 omnino
833 575 939 602 codices

156 626 256 659 Latini,
274 633 304 652 ac
321 624 385 652 editi
398 630 505 658 quoque
518 627 580 649 ante
608 621 791 651 Itostveidum,
816 620 937 648 eamdem

157 672 243 707 ipsam
266 671 409 698 lectionem
424 668 568 704 praeferant
588 676 596 700 ;
618 667 681 694 ltinc
706 667 828 701 sequitur
847 667 882 692 ita
899 666 937 692 le-

156 718 226 753 gisse
251 717 407 750 Evagrium,
435 715 479 749 qui
503 713 651 741 Athanasio
677 713 765 740 adhuc
793 713 939 747 superstite

155 763 265 790 Antonii
282 761 369 788 Vitam
385 760 479 788 Latine
494 759 583 790 vertit,
598 764 679 794 atque
697 760 762 785 adeo
781 766 936 793 germanam

157 808 228 834 illam
245 813 305 834 esse
317 805 455 833 Athanasii
470 805 626 835 lectionem,
636 812 716 839 qttatn
728 804 790 830 item
802 807 840 830 tot
851 803 937 830 Grmci

156 853 264 881 codices
277 852 432 886 praferant.
449 851 480 878 Et
496 851 552 877 haec
568 857 620 876 ttna
636 849 716 877 nobis
730 849 801 876 ratio
823 853 882 876 erat
904 847 937 875 ad

155 906 217 926 eam
235 899 425 925 restituendam
442 889 530 924 satis:

1712 197 1752 218 CL!
1757 197 1775 219 ι

958 258 980 285 Α
995 262 1073 281 sonsu
1095 253 1261 280 intemeratis
1279 252 1372 278 vitium
1387 251 1488 278 sarcire
1500 249 1635 277 additione
1649 248 1706 281 τοῦ,
1723 250 1775 277 hoc

993 301 1081 332 modo,
1091 299 1166 326 me
1180 299 1274 334 μαθεῖν
1287 297 1422 332 ἠδυνήθην
1432 297 1496 332 παρ’
1509 295 1591 322 αὐτοῦ
1604 295 1650 321 τοῦ
1664 295 1776 322 ἀκολου-

993 347 1134 382 θήσαντος,
1150 350 1202 372 etc.
1216 344 1284 371 liinc
1297 351 1362 370 sane
1376 343 1504 369 videbunt
1517 341 1671 369 Graecorum
1687 347 1777 367 exem-

992 393 1107 426 plarium
1133 391 1273 426 peritiores
1302 389 1477 416 mutationem
1507 387 1533 414 in
1549 387 1633 414 solam
1652 386 1775 414 Hceschi-

992 437 1088 464 lianatn
1098 437 1237 463 lectionem
1247 436 1342 462 cadere
1357 435 1484 468 potttisse.
1496 433 1652 467 Quanquam
1666 433 1722 460 haec
1731 441 1776 460 stt-

991 490 1156 518 perVacanea
1166 482 1234 509 forte
1243 481 1501 515 videantur.quantlo
1511 480 1621 506 alteram
1632 479 1774 505 lectionem

990 537 1053 556 vere
1063 528 1202 555 Athanasii
1226 535 1286 554 esse
1303 532 1344 554 sat
1359 526 1562 560 comprobatum
1579 525 1704 560 superius
1720 528 1771 550 est.

1028 575 1082 601 Res
1106 574 1197 609 itaque
1215 578 1306 600 nostra
1331 573 1490 599 auctoritate
1510 569 1716 605 exemplarium,
1741 575 1774 595 ac

990 629 1060 648 vera:
1072 621 1151 648 seriei
1167 619 1269 647 ratione
1285 619 1424 647 asseritur.
1454 618 1621 652 Argumenta
1638 623 1700 643 vero
1713 622 1773 650 quae

991 667 1176 694 Tillentontins
1191 668 1224 692 ad
1237 665 1427 692 llwscltilianae
1437 663 1562 691 lectionis
1577 669 1667 697 partes
1682 667 1774 689 tutan-

991 714 1037 741 das
1057 713 1145 745 aﬂ'ert,
1168 712 1303 740 levissima
1330 718 1407 742 sane,
1435 711 1489 736 imo
1511 710 1600 744 potius
1617 708 1685 734 nttlla
1698 711 1771 734 sunt.

989 760 1035 786 Ait
1048 759 1130 794 igitur
1146 758 1199 789 ille,
1220 758 1314 793 χρόνον
1330 757 1379 783 οὐκ
1406 755 1494 790 ὀλίγον
1520 755 1621 788 aliquot
1640 760 1771 780 annorttm

989 806 1104 840 spatium
1119 805 1315 831 subiudicare:
1339 810 1425 836 neqtte
1448 801 1566 835 potuisse
1594 799 1772 827 Athanasium

989 851 1017 878 in
1029 850 1170 883 iuventute
1182 850 1285 884 aliquot
1297 855 1383 875 annos
1399 848 1424 874 in
1439 847 1584 874 solitudine
1596 843 1772 875 commorari,

990 896 1034 930 qni
1047 904 1060 921 a
1073 903 1168 930 puero,
1183 894 1328 921 Alexandri
1355 892 1530 920 Alexandrini
1548 891 1670 926 praesulis
1682 891 1770 923 jussu,

191 942 247 969 Nec
271 941 381 969 deerant
405 941 456 968 alia
483 949 542 974 quae
558 947 600 967 me
613 940 645 967 ad
662 939 864 966 llmschilianam
893 946 936 966 re-
953 942 974 970 Β
988 943 1192 978 paedagogorum
1214 940 1360 974 disciplina:
1380 939 1494 966 traditus
1515 938 1561 970 sit,
1579 943 1646 964 teste
1662 936 1770 968 Rullno,

155 988 316 1023 pudiantlam
331 987 472 1014 lectionem
488 990 676 1021 permoverent
691 995 699 1013 ε
717 986 773 1012 haec
786 985 883 1020 quippe
895 984 935 1012 Io-

155 1034 255 1068 qnendi
273 1034 353 1066 ratio,
372 1033 418 1059 καὶ
429 1033 446 1060 ἃ
463 1032 558 1068 μαθεῖν
569 1031 705 1068 ἠδυνήθην
718 1031 792 1068 παρὰ
810 1031 856 1058 τοῦ
871 1032 936 1058 ἀκο-

154 1079 335 1114 λουθήσαντος
352 1077 426 1113 αὐτῷ
440 1077 535 1113 χρόνον
555 1078 604 1104 οὐκ
618 1076 724 1110 ὀλίγον·
742 1081 766 1103 et
782 1084 840 1112 qua:
859 1077 890 1102 ab
906 1084 935 1102 eo

154 1124 267 1151 ediscere
279 1123 363 1158 potui,
377 1124 422 1158 qui
442 1131 495 1150 non
520 1123 623 1150 modico
641 1128 753 1156 tempore
768 1123 850 1149 virum
864 1130 937 1149 secu-

154 1175 195 1196 tus
211 1173 338 1201 ett,etc.,
356 1168 473 1195 insolens
492 1176 603 1203 prorsus
629 1176 690 1195 cum
718 1167 866 1194 Athanasio
879 1171 936 1193 tum

154 1212 213 1239 aliis
227 1212 403 1245 scriptoribus
419 1217 477 1244 est;
499 1216 526 1239 et
542 1219 606 1239 vero
631 1213 718 1247 potius
741 1212 843 1239 diceret
861 1211 936 1247 παρά

154 1266 225 1289 τινος
240 1257 353 1292 ἀδελφοῦ
377 1258 419 1286 vel
432 1258 507 1293 παρά
530 1267 601 1290 τινος
626 1257 742 1294 μοναχοῦ
755 1279 763 1291 ,
781 1265 829 1285 nec
844 1258 937 1285 indeﬂ-

155 1304 211 1330 nite
223 1303 297 1339 παρὰ
309 1303 355 1330 τοῦ
370 1304 610 1339 ἀκολουθήσαντος.
624 1309 720 1339 praeter
730 1309 866 1331 assuetum
884 1312 937 1331 mo-

156 1357 212 1376 rem
227 1350 406 1377 enuntiasset.
424 1351 462 1377 Atl
480 1351 536 1377 htec
554 1358 618 1377 vero
632 1358 691 1385 qute
716 1355 875 1384 sequuntur,
889 1351 937 1378 ml.

153 1397 311 1431 ὲπιχέαντος
328 1396 400 1432 ὕδωρ
414 1397 483 1423 κατὰ
500 1398 593 1432 χεῖρας
607 1396 688 1423 αὐτοῦ
700 1405 706 1411 ·
723 1402 746 1422 et
760 1397 804 1431 qui
823 1391 936 1423 abluenti

153 1451 246 1470 manu:
259 1452 355 1478 aquam
368 1443 470 1477 effudit,
487 1443 520 1470 ab
534 1451 561 1470 re
577 1451 686 1478 prorsus
701 1442 845 1470 aﬂ'erantur
858 1451 864 1469 π
875 1451 936 1469 nam

153 1489 216 1522 quid
236 1490 297 1516 intle
331 1490 364 1516 ad
384 1489 581 1516 conciliandam
601 1489 722 1515 narranti
751 1489 840 1520 iidem,
866 1488 936 1523 quod

153 1543 251 1569 aqttam
267 1535 384 1562 abluenti
404 1543 498 1561 ntanus
516 1534 727 1561 ministraverit?
742 1535 778 1561 De
806 1534 864 1568 ipso
889 1541 936 1560 an-

154 1586 206 1607 tem
219 1580 368 1607 Athanasio
379 1580 478 1607 dictum
488 1580 609 1614 apprime
617 1580 740 1613 quadrat,
753 1578 936 1613 ἀκολουθήσας

987 996 1019 1015 ac
1038 988 1133 1014 deinde
1150 987 1198 1021 ipsi
1212 994 1318 1020 semper
1332 985 1449 1012 haeserit.
1467 985 1574 1011 Diceres
1590 984 1632 1010 bis
1646 983 1770 1018 perlectis

987 1042 1037 1061 nos
1050 1033 1190 1060 Athanasii
1207 1032 1384 1067 injuvcntnte
1402 1036 1474 1066 gesta
1501 1030 1640 1056 annuatim
1668 1029 1771 1063 scripto

987 1078 1142 1112 consignata
1159 1081 1269 1109 tenere;
1294 1080 1323 1102 ut
1342 1084 1394 1102 non
1423 1076 1507 1110 possit
1528 1075 1588 1109 quis
1603 1074 1644 1101 vel
1662 1073 1770 1108 paulum

989 1123 1116 1158 temporis
1133 1122 1264 1154 indicare,
1291 1129 1344 1157 quo
1361 1122 1405 1148 ubi
1423 1122 1463 1149 vel
1482 1129 1563 1156 penes
1580 1129 1660 1156 quem
1685 1122 1772 1156 egerit

988 1169 1138 1204 ignoretur.
1155 1170 1190 1195 At
1205 1168 1247 1195 vel
1269 1168 1429 1202 paucissima
1445 1168 1485 1194 vel
1513 1168 1570 1195 l'ere
1587 1167 1658 1194 nulla
1687 1167 1770 1194 habe-

989 1223 1060 1248 ntus,
1074 1220 1101 1242 et
1115 1215 1137 1242 si
1152 1222 1204 1249 qua
1222 1214 1405 1241 minutissima
1423 1214 1575 1245 traduntur,
1590 1221 1621 1240 ea
1637 1220 1701 1240 sane
1713 1212 1770 1248 ple-

988 1270 1100 1296 rumque
1116 1261 1244 1288 vacillant
1268 1261 1424 1295 incertaque
1451 1265 1536 1287 sunt:
1566 1260 1681 1286 maxime
1704 1267 1770 1287 vero

988 1307 1079 1334 llulini
1093 1307 1167 1334 locus
1185 1306 1229 1333 ille
1255 1307 1303 1341 (b),
1322 1314 1375 1342 quo
1402 1306 1495 1334 nititur
1509 1305 1715 1337 Tilletnontius;
1747 1305 1772 1332 is

987 1353 1059 1380 enitn
1074 1357 1133 1387 post
1147 1358 1302 1379 enarratum
1324 1352 1536 1380 commetttitinm
1561 1351 1634 1378 illutn
1650 1351 1770 1378 Athana-

987 1399 1020 1426 sii
1050 1406 1147 1433 pueros
1165 1399 1330 1432 baptizantis
1345 1399 1453 1430 ludum,
1473 1399 1507 1425 ita
1527 1398 1612 1433 pergit
1630 1406 1636 1425 :
1655 1398 1772 1424 Atltamt-

987 1445 1054 1471 sium
1070 1453 1129 1471 vero
1144 1450 1220 1478 atque
1242 1454 1295 1477 eos,
1310 1453 1374 1479 quos
1404 1445 1481 1471 ludus
1495 1443 1538 1471 ille
1555 1444 1592 1470 vel
1608 1444 1769 1478 presbyteros

987 1489 1081 1516 habere
1099 1490 1167 1516 visus
1185 1492 1284 1523 fuerat,
1304 1490 1342 1517 vel
1358 1491 1499 1520 ministros,
1513 1489 1661 1516 convocatis
1673 1497 1768 1522 paren-

988 1536 1067 1567 tibus,
1080 1536 1126 1561 sub
1139 1535 1186 1562 Dei
1201 1536 1374 1562 obtestatione
1389 1535 1497 1562 tradidit
1519 1535 1642 1561 Ecaleu’w
1654 1543 1708 1560 saw
1717 1543 1769 1561 nu-

987 1581 1114 1608 triendos.
1131 1580 1217 1607 Parvo
1229 1586 1315 1608 autem
1332 1586 1457 1615 tempore,
1478 1589 1536 1607 cum
1550 1589 1566 1607 a
1579 1580 1683 1606 notario
1699 1581 1767 1606 inte-

153 1626 226 1661 αὐτῷ
242 1626 335 1661 χρόνον
348 1626 397 1652 οὐκ
412 1625 511 1660 ὀλίγον,
526 1625 571 1652 καὶ
582 1625 698 1660 ἐπιχέων
711 1625 781 1660 ὕδωρ
798 1624 868 1651 κατὰ
886 1626 934 1660 χεῖ-

988 1634 1032 1661 gre
1043 1631 1065 1652 et
1082 1635 1097 1653 a
1124 1627 1294 1661 grammatico
1320 1626 1475 1660 sufﬁcienter
1497 1625 1658 1652 Athanasius
1677 1625 1769 1658 [uisset

153 1680 203 1706 ρας
215 1672 308 1698 αὐτοῦ.
321 1672 385 1704 Quae
403 1677 536 1706 postrema
548 1672 639 1700 verba,
661 1679 693 1698 ex
710 1671 777 1698 libro
797 1669 832 1698 IV
855 1670 933 1706 Reg.,

153 1723 194 1748 Ill,
207 1715 248 1748 ll,
257 1723 384 1750 expressa
393 1717 524 1747 videntur,
533 1716 576 1742 ubi
583 1716 615 1743 de
623 1715 717 1742 Elisato
726 1716 806 1742 dicitu
813 1724 834 1749 r,
851 1715 880 1747 ὃς
889 1716 934 1741 ὲπι

152 1761 229 1795 έχεεν
254 1760 324 1797 ὕδωρ
338 1763 384 1788 ἐπὶ
404 1763 498 1797 χεῖρας
520 1761 628 1788 Ἠλιοῦ·
654 1761 697 1796 qui
725 1761 793 1788 Elia:
814 1761 934 1788 inanibus

152 1815 248 1842 aquam
269 1808 436 1841 effundebat;
463 1807 590 1835 ttitnirnm
615 1808 641 1835 id
669 1807 764 1834 honori
790 1808 840 1834 sibi
861 1807 934 1834 ducit

150 1852 326 1884 Athanasius,
346 1852 416 1887 quod
435 1852 545 1887 perinde
563 1857 645 1887 atque
660 1852 772 1880 Elisa'us
790 1852 863 1884 Elite,
876 1853 933 1887 ipse

152 1897 270 1924 Antonio
281 1905 378 1932 aquatn
395 1897 494 1924 lavanti
508 1905 603 1925 manus
617 1898 822 1925 ministraverit.
842 1897 932 1930 Aliud,

152 1945 222 1976 quod
239 1944 312 1970 litem
329 1944 448 1975 dirimat,
466 1943 560 1976 aﬂero,
575 1944 622 1971 sed
641 1944 674 1970 iis
689 1944 753 1970 solis
768 1944 812 1977 qui
825 1942 934 1970 Graeco-

153 1996 210 2014 rum
223 1988 414 2023 exemplarium
427 1989 481 2015 sint
491 1990 549 2016 usui
563 1989 704 2016 assuefacti
719 1998 726 2016 :
742 1996 846 2016 mecum
861 1988 932 2016 ettitn

150 2033 308 2061 fatebuntur
329 2035 355 2061 in
371 2035 504 2061 utramvis
522 2035 664 2062 lectionem
684 2036 763 2062 cadat
784 2035 889 2067 vitium,
906 2035 932 2061 id

150 2088 182 2106 ex
209 2081 356 2107 mutatione
377 2082 442 2116 παρ’
458 2081 541 2107 αὐτοῦ
563 2082 589 2108 itt
607 2081 682 2117 παρὰ
703 2081 767 2114 τοῦ,
791 2083 839 2109 aut
858 2080 934 2116 παρὰ

149 2127 197 2153 τοῦ
215 2127 241 2153 in
255 2127 319 2162 παρ’
333 2127 414 2153 αὐτοῦ
432 2127 566 2154 invectum
584 2135 661 2160 esse;
688 2136 748 2155 natn
761 2135 791 2154 ea
806 2128 933 2161 frequen-

151 2173 255 2199 tissime
273 2173 387 2199 mutatio
416 2173 441 2200 itt
467 2174 658 2208 ntanuscriptis
688 2174 789 2201 Graecis
802 2174 931 2201 occurrit.

151 2219 179 2246 Si
197 2219 266 2245 facta
279 2219 391 2246 mutatio
407 2219 488 2246 fuerit
509 2227 541 2246 ex
557 2221 621 2255 παρ’
636 2219 717 2246 αὑτοῦ
736 2220 761 2246 itt
777 2219 853 2255 παρὰ
873 2219 930 2253 τοῦ,

149 2265 222 2299 quod
252 2272 300 2291 nos
328 2264 450 2292 volumus
469 2265 527 2300 (a);
546 2273 606 2292 cuttt
630 2265 685 2300 jam
711 2273 762 2292 non
788 2265 933 2300 quadraret

149 2310 295 2341 sententia,
308 2310 433 2336 nimirum
446 2310 521 2345 παρὰ
533 2309 580 2336 τοῦ
592 2309 775 2345 ἀκολουθήσας
790 2309 863 2344 αὺτῷ
873 2309 935 2345 χρό-

148 2364 194 2381 νον
208 2356 259 2382 οὐκ
270 2355 371 2390 ὀλίγον,
386 2357 432 2383 καὶ
447 2356 564 2391 ἐπιχέων
576 2377 584 2390 ,
609 2357 709 2383 librarii
720 2377 727 2387 ,
747 2361 774 2382 ttt
798 2364 930 2383 consona-

149 2406 209 2428 rent
220 2402 323 2434 otnnia,
338 2402 524 2438 ἀκολουθήσας
540 2403 566 2429 in
579 2403 821 2438 ἀκολουθήσαντος,
830 2407 856 2429 et
869 2403 930 2428 ἐπι-

147 2449 218 2483 χέων
230 2450 253 2475 in
270 2449 661 2484 ὲπιχέαντος,ευιιιῐιιιιιπιιιιι,
681 2455 707 2476 et
717 2449 756 2477 sic
772 2454 855 2476 totam
868 2449 930 2476 dicti

147 2495 309 2520 sententiam
328 2495 468 2527 vitiarunt,
491 2500 519 2522 ut
545 2502 592 2522 nos
606 2495 810 2527 contendimus;
835 2495 875 2521 sin
898 2502 930 2521 ex

147 2539 223 2575 παρὰ
235 2539 281 2566 τοῦ
297 2540 362 2567 vitio
376 2541 545 2568 librariorum
565 2542 627 2576 παρ’
639 2541 721 2568 αὐτοῦ
738 2542 865 2575 scriptum
880 2541 932 2567 fue-

148 2585 196 2616 rit,
215 2593 266 2612 non
283 2593 393 2612 necesse
413 2591 483 2618 erat,
496 2594 544 2613 nec
556 2587 582 2612 in
604 2592 720 2613 tuentem
739 2585 790 2612 illis
801 2586 929 2617 venisset,

148 2635 253 2657 mutare
267 2632 414 2665 genitivum
434 2632 459 2658 in
475 2632 682 2663 nominativum,
709 2637 735 2658 et
764 2639 870 2658 sensum
887 2632 929 2658 in-

146 2681 263 2707 vertere,
290 2677 342 2703 hoc
362 2679 451 2709 tnodo,
467 2678 514 2704 καὶ
539 2677 557 2704 ἃ
589 2678 684 2713 μαθεῖν
704 2677 839 2713 ἠδυνήθην
866 2678 930 2713 παρ’

146 2721 228 2748 αὐτοῦ
248 2722 434 2758 ἀκολουθήσας
448 2723 521 2758 αὑτῷ
533 2723 627 2759 χρόνον
641 2724 690 2749 οὐκ
700 2723 798 2757 ὀλίγον,
816 2723 860 2750 καὶ
873 2724 931 2749 ἐπι-

165 2767 216 2794 ἐων
232 2767 305 2803 ὕδωρ
330 2768 376 2794 ἐπὶ
400 2769 493 2804 χεῖρας
516 2768 608 2795 αὐτοῦ.
640 2769 708 2802 Quin
737 2769 807 2796 facta
835 2769 878 2796 illa
901 2769 930 2796 in

170 2814 212 2848 αρ’
229 2813 312 2839 αὑτοῦ
330 2814 489 2846 mtttatiotte,
506 2814 660 2849 expeditum
678 2819 738 2841 erat
754 2814 883 2850 regimine
902 2818 930 2842 ct

181 2917 220 2948 (ο)
231 2915 298 2944 Vide
314 2916 376 2946 Atlt.
392 2919 456 2946 edit.
474 2917 509 2945 ad
526 2923 580 2944 not.
593 2925 618 2947 ι).
631 2917 684 2946 532
697 2923 721 2946 et
735 2917 797 2946 Gl6.

987 1673 1139 1704 instructus,
1161 1673 1283 1698 continuo
1300 1677 1422 1706 tanquam
1436 1670 1512 1706 ﬁdele
1525 1671 1628 1697 Domini
1641 1678 1770 1697 commen-

987 1719 1088 1749 datum,
1104 1727 1119 1744 a
1134 1719 1283 1751 parentibus
1308 1718 1456 1744 restituitur
1479 1717 1628 1750 sacerdoti,
1648 1725 1678 1743 ac
1701 1715 1768 1743 velut

987 1764 1094 1792 Samuel
1113 1764 1220 1799 quidam
1236 1764 1263 1790 in
1283 1764 1376 1798 templo
1394 1763 1500 1790 Domini
1528 1765 1621 1796 utitur,
1637 1767 1661 1789 et
1685 1765 1716 1789 ab
1738 1770 1769 1788 eo

986 1815 1106 1844 pergente
1122 1811 1155 1836 ad
1173 1815 1260 1844 patres
1275 1810 1302 1836 in
1320 1814 1451 1836 renutute
1467 1810 1544 1840 bona,
1565 1809 1598 1836 ad
1610 1810 1769 1842 portandum

985 1860 1042 1889 post
1056 1863 1082 1882 te
1096 1856 1178 1889 epltod
1194 1855 1356 1882 sacerdotale
1367 1855 1500 1890 deligitur.
1515 1855 1711 1889 Tillemontius,
1728 1857 1770 1883 itt-

987 1906 1078 1934 quam,
1092 1900 1136 1934 qui
1151 1899 1248 1927 [tulino
1263 1901 1393 1935 puerilem
1408 1900 1560 1935 huiusmodi
1589 1901 1680 1928 lttdnm
1706 1908 1770 1928 nar-

986 1946 1056 1972 ranti
1070 1945 1148 1973 [idem
1173 1947 1293 1980 derogat,
1311 1946 1344 1973 ab
1369 1946 1543 1981 appctttticula
1574 1946 1619 1972 illa
1635 1954 1668 1973 ne
1686 1946 1768 1973 latttttt

988 1999 1104 2027 unguem
1117 1991 1258 2019 deﬂectere
1270 1992 1336 2019 vult.
1348 1992 1443 2019 Mirum
1460 2000 1511 2019 nott
1526 1992 1672 2020 advenisse
1686 1993 1771 2019 homi-

987 2045 1047 2064 nem
1063 2038 1141 2072 plane
1152 2038 1366 2069 consitleratum,
1384 2046 1436 2065 non
1458 2038 1546 2064 minus
1563 2038 1769 2073 appendiculam

986 2081 1071 2115 illam,
1086 2090 1166 2117 quam
1184 2084 1268 2117 ipsam
1287 2083 1398 2118 puerilis
1411 2082 1464 2110 ludi
1486 2083 1634 2115 historiam,
1647 2091 1706 2110 cttm
1720 2091 1769 2110 sua

986 2127 1161 2162 computandi
1176 2127 1283 2155 ratione
1311 2133 1431 2161 pugnare
1449 2135 1455 2153 :
1474 2127 1533 2153 ideo
1547 2133 1661 2160 namque
1677 2126 1769 2152 ludum

987 2173 1118 2208 puerilem
1134 2174 1270 2208 repudiat,
1296 2173 1358 2207 quia
1375 2173 1432 2199 haec
1459 2177 1488 2199 ut
1514 2172 1594 2199 citius
1610 2179 1682 2198 anno
1694 2171 1746 2198 513
1759 2191 1769 2204 ,

986 2219 1043 2246 sive
1057 2218 1203 2245 Alexandri
1220 2218 1394 2253 episcopatus
1411 2217 1507 2252 primo,
1526 2217 1567 2252 agi
1579 2221 1700 2251 potuere,
1716 2225 1770 2251 quo

986 2271 1020 2291 ex
1040 2263 1191 2290 Herntantii
1206 2263 1311 2290 calculo
1327 2263 1484 2290 vicesimum
1500 2263 1607 2288 tertium
1623 2261 1711 2288 aetatis
1721 2269 1768 2288 an-

951 2306 972 2334 D
987 2309 1165 2343 num'agehat
1179 2309 1365 2340 Athanasius;
1394 2315 1427 2334 ex
1445 2311 1537 2334 nostro
1560 2311 1661 2338 autem,
1687 2313 1767 2340 quem

984 2363 1037 2382 non
1056 2355 1189 2389 improbat
1212 2354 1408 2387 Tilletnontins,
1434 2353 1529 2381 saltem
1557 2353 1690 2380 decimum
1720 2361 1768 2380 no-

985 2409 1050 2428 nutn
1067 2410 1073 2427 :
1091 2409 1124 2427 an
1138 2401 1226 2428 minus
1242 2407 1385 2436 repugnat,
1405 2406 1433 2428 ttt
1447 2406 1510 2428 tuttc
1535 2401 1649 2435 primum
1676 2407 1766 2434 gram-

988 2449 1090 2475 matico
1105 2448 1220 2475 tradittts
1237 2447 1326 2479 fuerit,
1344 2456 1423 2482 quant
1447 2453 1475 2475 ut
1492 2447 1629 2482 pueriliter
1652 2447 1766 2480 luserit;

985 2501 1047 2520 cum
1069 2495 1186 2520 maxime
1196 2493 1254 2527 jam
1267 2499 1329 2521 ante
1344 2494 1446 2528 aliquot
1462 2501 1547 2520 annos
1559 2493 1722 2519 Athanasius
1734 2493 1769 2518 ab

986 2537 1019 2564 iis
1037 2537 1081 2572 qui
1098 2543 1190 2572 postea
1212 2544 1344 2573 martyres
1358 2537 1441 2570 fuere,
1452 2537 1592 2564 altioribus
1606 2536 1767 2564 Christianas

987 2584 1130 2618 theologia:
1149 2584 1300 2618 disciplinis
1318 2584 1456 2611 institutus
1470 2583 1551 2610 fuerit
1563 2602 1570 2614 ,
1598 2588 1627 2609 ut
1641 2583 1766 2617 superius

984 2630 1186 2664 comprobatum
1195 2630 1254 2657 est?
1267 2631 1306 2657 An
1321 2630 1442 2661 ltulinus,
1459 2629 1585 2657 sublesta;
1602 2629 1662 2656 iidei
1674 2630 1766 2662 ltomo,

981 2684 1140 2711 semperque
1155 2677 1258 2704 rumori
1272 2677 1404 2710 serviens,
1417 2676 1469 2703 lide
1483 2676 1592 2711 dignior
1616 2676 1642 2702 in
1665 2683 1765 2710 appen-

982 2723 1083 2754 dicula,
1103 2730 1183 2757 qttam
1197 2723 1222 2749 in
1240 2723 1373 2750 historia?
1386 2722 1461 2750 Adde
1477 2723 1582 2749 etiamsi
1597 2722 1685 2749 Rnlini
1703 2730 1765 2749 nar-

981 2769 1079 2796 rationi
1099 2769 1165 2796 ﬁdes
1188 2769 1346 2801 haberetur,
1365 2777 1427 2796 cum
1447 2776 1501 2796 rem
1528 2769 1573 2796 ille
1602 2768 1763 2804 compendio

981 2821 1010 2844 et
1026 2816 1198 2851 paucissimis
1225 2815 1328 2848 efferat,
1345 2823 1397 2844 non
1423 2815 1473 2844 abs
1488 2824 1517 2845 re
1542 2823 1622 2852 posse
1645 2816 1761 2851 aliquan

1010 2918 1046 2954 (ὁ)
1063 2917 1121 2946 Lib.
1135 2926 1155 2952 ι,
1171 2925 1229 2954 cap.
1250 2918 1291 2946 14.
