2016 3046
262 160 314 181 αι
905 134 909 150 Ι

941 162 1205 193 PROLEGOMENA.

263 213 452 246 etceptionem
467 215 579 250 cogitari
593 221 620 243 et
633 217 748 251 admittil
768 226 848 252 quam
865 223 938 246 tanta
956 221 1046 248 hrevi-
1060 227 1082 253 Α
1098 228 1140 250 tus
1158 224 1234 252 testis
1247 225 1295 258 fui,
1309 226 1354 260 qui
1365 225 1519 260 frequenter
1532 227 1666 254 hominem
1682 227 1758 255 invisi
1773 238 1780 262 ;
1794 229 1888 258 itemo‘

230 290 233 292 I
265 264 307 285 las
322 267 375 285 non
399 261 555 294 exprimat:
585 263 655 295 quod
678 270 756 290 nemo
779 271 844 291 sane
870 265 974 292 inﬁcias
988 272 1042 293 eat.

263 303 331 330 Cum
345 304 426 338 igitur
442 305 596 340 ignoremus
621 315 700 341 quem
717 308 742 334 in
755 308 896 343 juventute
909 311 969 337 vitm
982 319 1044 337 cur-

263 356 321 375 sum
338 351 452 376 tenuerit
464 351 640 383 Athanasius,
655 353 722 379 nihil
743 359 884 388 repugnat,
899 357 1042 389 quominus

262 395 391 428 pauculos
405 395 562 424 adolescens
573 405 657 424 annos
669 406 729 425 cum
745 399 861 427 Antonio
874 401 969 436 egerit.
988 401 1043 430 Nec

263 441 407 468 concedam
425 447 514 469 tamen
542 443 616 475 illud.
633 444 726 478 χρόνον
744 445 794 471 οὐκ
808 445 908 480 ὀλίγον,
933 455 983 473 non
996 455 1044 482 pa-

263 495 321 513 rum
339 488 472 521 temporis,
491 488 534 515 hic
560 490 712 516 necessario
740 498 824 518 annos
846 491 988 519 indicare:
1019 492 1041 519 si

262 539 314 566 qua
340 533 411 558 enim
439 533 594 567 conjectura
612 534 644 560 de
662 535 789 568 temporis
809 537 897 569 spatio
921 537 963 563 hic
982 538 1042 565 duci

261 577 360 610 valeat,
375 585 405 605 ea
423 586 454 605 ex
470 579 542 605 serie
559 580 723 607 narrationis
740 585 846 614 petatur
866 587 982 614 oportet.
1000 583 1043 610 Ait

261 629 349 650 autem
365 625 424 651 ille:
438 624 502 651 Ideo
515 633 675 659 quiscunque
687 627 762 653 novi:
779 635 847 660 saepe
861 629 953 654 etenim
967 629 1043 655 illum

261 670 334 696 ridi:
349 676 373 696 et
399 678 456 704 quo?
479 671 510 696 ub
524 679 553 696 eo
567 672 680 698 ediscere
695 673 782 706 potui,
806 673 850 707 qui
876 682 926 699 non
943 675 1043 700 modico

261 719 374 747 tempore
392 715 474 740 cirum
494 720 597 741 secutus
618 723 674 741 sum
688 736 694 746 ,
714 722 791 750 atque
811 717 928 744 abluenli
950 726 1042 745 manu:

260 768 357 793 aquam
384 760 476 794 effudi,
509 767 599 788 vestrtz
624 762 714 795 pietati
739 763 880 789 rescribere
912 762 1041 797 festinaui.

260 806 374 833 Tantum
386 814 450 841 ergo
465 808 594 842 temporis
615 809 658 835 hic
673 808 824 842 intelligere
833 816 882 842 par
897 814 948 841 est,
958 817 1043 843 quan-

261 857 316 879 tum
331 860 439 880 necesse
449 853 510 885 fuit,
527 859 553 880 ut
566 854 591 880 in
612 854 790 882 familiaribus
801 854 942 889 colloquiis
958 855 1040 881 multa

1093 276 1146 303 que
1163 270 1219 301 illa.
1234 278 1293 304 quae
1305 271 1332 298 in
1346 271 1522 299 familiaribus
1550 272 1690 306 colloquiis
1709 281 1758 308 per
1784 275 1873 304 otium

1093 315 1249 342 solitudinis
1265 317 1299 343 ab
1314 324 1346 344 eo
1358 318 1470 349 edidici,
1495 318 1538 345 hic
1555 323 1712 346 narraturus
1724 327 1794 348 sum.
1819 321 1874 348 Ar-

1093 367 1218 396 gumenta
1237 362 1320 395 igitur
1334 363 1426 390 isthazc
1441 371 1473 390 ne
1495 363 1606 391 minime
1628 364 1734 399 quidem
1755 365 1877 395 alliciunt

1094 414 1163 434 verae
1178 414 1339 441 asserueqne
1355 416 1369 434 a
1382 408 1460 436 nobis
1475 408 1594 436 lectioni.

1127 453 1167 478 Ad
1186 452 1243 480 haec
1252 453 1430 481 Athanasium
1445 459 1563 481 ascetam
1578 455 1670 487 fuisse,
1684 455 1873 491 Egyptiorum

1093 504 1202 525 centum
1223 500 1367 533 prmsulnm
1385 500 1538 527 testimonio
1553 502 1694 533 asseritur,
1711 503 1755 536 qui
1771 503 1795 529 in
1807 511 1873 538 syn-

1093 546 1145 571 odo
1169 545 1351 572 Alexandrina
1369 553 1441 573 anno
1466 546 1529 577 5l0,
1553 546 1728 573 Athanasium
1748 547 1795 574 ἕνα
1818 548 1874 576 τῶν

1093 590 1222 625 ἀσκητῶν
1237 591 1320 618 fuisse
1336 595 1458 623 narrant,
1476 595 1502 618 et
1519 591 1544 618 in
1560 591 1690 619 electione
1703 592 1761 626 ejus
1774 593 1813 620 sic
1827 601 1874 622 ac-

1093 635 1235 662 clamatum
1262 644 1320 662 esse
1346 637 1379 663 ab
1400 636 1581 663 Alexandrina
1608 637 1683 670 plebe
1709 638 1801 665 dicunt
1815 639 1873 674 (a):

1093 681 1184 707 Πάντα
1193 681 1221 707 δὲ
1234 681 1268 707 τὰ
1278 681 1412 716 βέλτιστα,
1428 681 1578 714 σπουδαῖον,
1591 681 1700 718 εὐλαεῆ,
1710 684 1874 719 χριστιανὸν,

1093 726 1139 752 ἕνα
1151 726 1203 752 τῶν
1217 726 1354 761 ἀσκητῶν,
1376 726 1483 760 ἀληθῶς
1505 726 1652 753 ἐπίσκοπον
1677 728 1852 763 ὀνομάζρντες
1866 738 1873 744 ·

1094 772 1145 800 Sed
1163 773 1260 806 aptium
1282 781 1391 807 qumque
1415 773 1589 806 praedicantes
1603 793 1610 805 ,
1634 774 1759 807 probum,
1787 775 1872 808 pium,

1093 818 1282 850 Christianum,
1297 826 1329 844 ea:
1351 819 1445 845 ascetis
1465 826 1555 851 unum,
1571 827 1601 845 ac
1620 827 1708 846 verum
1723 820 1874 855 episcopum

1095 865 1290 895 nuncupabant.
1309 864 1401 898 Itaque
1424 864 1603 892 Athanasium
1626 865 1782 900 aliquandiu
1796 873 1873 893 asce-

260 899 294 924 ad
314 899 422 925 Antonii
451 899 533 926 vitam
561 901 707 934 spectantia
721 921 729 933 ,
755 901 839 935 ipsius
864 901 973 928 Antonii
998 908 1045 929 ore
1060 895 1081 923 Β
1097 909 1175 936 “eam
1195 909 1276 936 νίιειηι
1304 895 1393 944 esis-se
1407 910 1581 945 conspicuum
1601 916 1654 942 εει,
1672 895 1765 945 idque,
1791 916 1820 938 ιιι
1838 919 1872 939 οι

259 943 403 971 edisceret.
425 944 495 977 Quot
512 950 538 971 et
556 951 656 979 quanta
670 953 734 972 vero
757 946 782 972 in
800 946 962 980 quotidianis
975 954 1041 973 con-

260 988 474 1017 fabulatiouibus
493 992 572 1017 unius
583 991 656 1024 anni,
674 991 727 1018 imo
745 992 825 1018 etiarn
838 1000 884 1018 sex
897 993 1039 1024 mensium,
1069 1004 1071 1006 -

259 1035 347 1069 spatio
359 1035 451 1062 audire
462 1036 568 1068 potuit?
584 1036 622 1063 Ne
634 1035 728 1067 multa,
741 1037 797 1063 sive
804 1044 891 1063 annos
901 1037 958 1064 sive
969 1044 1041 1064 men-

259 1089 303 1109 ses
318 1083 402 1114 dicas,
421 1090 496 1117 a-que
522 1083 599 1111 nobis
627 1083 751 1118 expedita
768 1088 859 1110 manet
884 1085 916 1110 ad
935 1084 1039 1117 objecta

259 1127 385 1154 diluenda
399 1128 476 1154 ratio.
497 1128 545 1155 Hic
562 1136 642 1163 porro
664 1134 740 1155 notes
758 1129 837 1155 velim
851 1129 1038 1162 Athanasium,

259 1180 320 1199 cum
333 1174 382 1205 ait,
400 1172 431 1200 Et
454 1181 512 1207 qua:
528 1175 558 1200 ab
574 1182 603 1201 eo
617 1175 731 1201 ediscere
744 1175 828 1208 potui,
843 1175 987 1211 ἠδυνήθην,
996 1176 1040 1211 qui

258 1227 310 1245 non
323 1227 414 1250 parum
435 1220 556 1254 temporis
573 1219 656 1246 virum
672 1225 775 1246 secutus
787 1229 857 1251 sum,
868 1222 1039 1248 subindicare

259 1264 414 1295 Antonium,
426 1270 454 1291 ut
478 1264 563 1290 solent
580 1265 614 1298 pii
629 1272 662 1291 ac
679 1264 792 1292 modesti
816 1265 952 1297 homines,
966 1273 1039 1301 aegre

259 1314 333 1344 gesta
358 1317 585 1337 commemorasse
611 1318 678 1338 Sua:
697 1312 768 1345 quod
792 1313 872 1338 etiam
898 1311 1038 1339 lectionem

258 1354 402 1382 conﬁrmat
417 1360 537 1382 nostram
556 1375 564 1387 ,
585 1356 607 1382 si
633 1360 721 1382 tamen
737 1356 944 1383 conﬁrmatione
971 1364 1038 1391 opus

258 1400 292 1426 ad
309 1407 364 1426 rem
379 1400 551 1427 totcodicnm
566 1405 593 1427 et
603 1401 735 1428 editorum
753 1401 914 1428 auctoritate
933 1401 1035 1429 fultam.

294 1445 374 1472 Aliud
388 1446 499 1480 opponit
510 1446 566 1478 ille,
578 1446 692 1479 scilicet,
707 1448 728 1473 si
744 1447 909 1475 Athanasius
920 1455 972 1474 non
990 1455 1038 1483 pa-

259 1499 317 1517 rum
333 1493 463 1526 temporis
475 1499 535 1518 cum
555 1492 673 1519 Antonio
687 1493 795 1527 egisset,
815 1502 905 1521 annon
922 1494 1036 1529 idipsum

258 1537 284 1565 in
297 1537 411 1566 decursu
425 1537 486 1565 vitae
497 1538 554 1571 ejus
566 1545 726 1567 narrattrrus
738 1539 813 1567 erat?
826 1538 922 1568 Verum
934 1540 966 1566 ad
981 1548 1037 1567 ma-

257 1591 320 1610 num
339 1588 381 1611 est
396 1585 466 1618 quod
481 1584 542 1611 huic
559 1590 716 1620 regeratur:
743 1586 771 1612 Si
789 1586 953 1614 Athanasius
965 1595 1035 1621 saepe
1052 1571 1074 1601 δ

256 1630 403 1656 Antonium
430 1630 564 1662 inviserit,
588 1635 618 1658 ut
639 1639 733 1658 omnes
755 1631 860 1658 codices
873 1632 992 1667 editique
1011 1633 1036 1659 in

257 1673 370 1710 Prologo
385 1675 485 1708 ferunt,
510 1684 598 1704 annon
624 1677 667 1703 vel
693 1677 775 1704 semel
793 1678 819 1703 in
838 1678 951 1704 decursu
976 1678 1038 1706 vita:

257 1719 343 1754 ipsius
362 1727 392 1747 se
417 1720 563 1747 Antonitun
583 1721 682 1747 adiisse
708 1728 946 1750 commemorasset
967 1724 977 1751 i
1002 1725 1037 1751 At

256 1772 380 1792 neutrum
398 1767 532 1800 praestitit,
545 1767 605 1799 quia
620 1767 669 1801 ipsi
685 1767 734 1794 fuit
744 1769 920 1803 utrumquein
929 1770 1038 1797 exordio

258 1811 376 1838 indicare
392 1812 470 1838 satis.
483 1812 535 1839 Par
553 1812 623 1839 ultro
640 1813 761 1847 citroque
778 1814 847 1841 ratio
862 1819 913 1846 est,
928 1821 957 1842 et
976 1823 1037 1850 quae

257 1857 306 1891 ipsi
321 1865 400 1884 causa
416 1858 568 1892 frequentes
580 1859 669 1886 aditus
677 1859 770 1886 silendi
787 1859 847 1891 fuit,
860 1861 952 1888 eadem
964 1869 1038 1888 com-

257 1903 477 1930 memoratiouem
493 1911 552 1929 cum
564 1904 680 1931 Antonio
694 1909 783 1932 tacere
795 1905 888 1932 suasit.
904 1905 1035 1933 Nimirum

257 1953 370 1982 urgente
384 1947 523 1975 tabellario
537 1951 673 1982 quzcrebat
687 1951 885 1984 compendium,
903 1956 932 1978 ut
945 1952 970 1978 in
987 1959 1036 1979 ex-

256 1993 335 2019 ordio
358 1993 415 2027 ipse
435 1993 587 2027 proﬁtetur.
614 1994 645 2021 Et
667 1995 785 2029 alioquin
802 2004 832 2022 ea
850 2001 891 2023 est
906 1998 1036 2024 modestia

255 2037 430 2070 Athanasius,
451 2043 480 2065 ut
496 2037 602 2073 Semper
621 2047 635 2065 a
649 2040 689 2066 sui
707 2042 964 2070 commemoratione
988 2042 1036 2070 de-

255 2083 348 2117 clinet,
364 2088 492 2118 quantum
509 2092 605 2119 nempe
621 2085 722 2112 licitum
738 2090 790 2115 est.

289 2129 380 2165 Pergit
405 2128 607 2157 Tillen.ontius:
623 2130 651 2158 Si
675 2131 840 2160 Athanasius
862 2140 913 2160 non
939 2141 1034 2168 parum

256 2176 384 2210 temporis
403 2184 463 2203 cum
479 2176 596 2204 Antonio
611 2178 766 2212 mansisset,
788 2186 822 2205 an
847 2179 949 2207 diceret
969 2180 1034 2208 ulte-

257 2222 312 2249 rius
325 2222 359 2249 ad
379 2223 507 2256 majorem
534 2223 584 2250 sibi
609 2224 804 2251 conciliandam
823 2224 914 2257 ﬁdem,
931 2233 960 2253 se
978 2226 1032 2253 fre-

256 2273 371 2302 quenter
385 2269 532 2296 Antoniutn
547 2269 662 2297 vidisse?
681 2269 729 2297 llic
756 2270 842 2298 fateor
861 2278 902 2298 me
919 2279 970 2298 non
988 2280 1031 2299 ca-

260 2322 323 2348 pere
353 2316 501 2350 argumenti
518 2317 571 2342 vim
595 2321 622 2343 et
645 2315 811 2344 eﬁicaciam:
835 2318 983 2352 quotidiani
1001 2327 1033 2346 ac

253 2361 348 2394 plebeii
368 2369 430 2388 usus
443 2367 484 2388 est
495 2362 698 2390 dicere:Prohe
715 2364 776 2390 novi
796 2363 874 2390 talem
887 2365 1031 2397 hominem,

254 2411 348 2439 utpote
373 2415 450 2440 quem
469 2406 597 2442 frequens
623 2409 773 2440 inviseriin,
801 2414 828 2436 et
854 2410 962 2444 quicum
980 2419 1030 2438 non

253 2459 347 2486 parum
364 2453 493 2488 temporis
507 2454 650 2489 aliquando
669 2460 788 2482 moratus
801 2455 862 2483 sim.
873 2456 1029 2491 Huiusmodi

253 2505 317 2524 vero
332 2499 448 2533 objecta,
461 2507 540 2526 unam
556 2508 610 2534 pra:
621 2507 649 2527 se
660 2501 750 2528 ferunt
764 2501 962 2536 praeiudicatam
974 2503 1030 2537 opi-

254 2545 380 2579 nionem;
399 2547 530 2580 siquidem
547 2547 688 2574 Athanasii
704 2547 796 2581 lectio,
816 2555 897 2583 quam
913 2553 1028 2582 tuemur,

252 2591 364 2617 omnino
378 2592 514 2626 quadrat:
530 2592 593 2619 Ideo
608 2601 769 2628 quaacunque
787 2594 845 2620 novi
864 2602 874 2621 :
897 2602 964 2628 sape
987 2600 1028 2621 et-

252 2644 320 2662 enim
341 2636 415 2663 illum
432 2638 484 2664 vidi
496 2646 505 2670 ;
520 2643 543 2664 et
558 2646 615 2673 qua:
628 2639 659 2665 ab
671 2646 699 2665 eo
710 2639 824 2665 ediscere
836 2639 918 2673 potui,
927 2640 971 2673 qui
979 2648 1028 2666 non

253 2684 354 2711 modico
367 2689 480 2717 tempore
493 2686 576 2712 virum
602 2691 704 2712 secutus
721 2694 789 2717 sum,
814 2691 890 2720 atque
914 2686 1028 2712 abluenli

253 2736 344 2757 manu:
356 2738 452 2765 aquam
468 2731 633 2759 ministravi:
647 2731 672 2759 id
689 2736 729 2759 est
739 2739 747 2758 :
757 2731 793 2759 Ea
807 2738 920 2766 quorum
935 2730 1026 2759 ocula-

286 2827 323 2898 (ιιί
336 2828 364 2855 Ρ.
380 2829 441 2856 102.

286 2863 312 2896 (5
340 2863 370 2891 Ρ.
384 2864 441 2891 644.

285 2863 312 2896 (5

340 2863 370 2891 Ρ.
384 2864 446 2891 6N.

1095 954 1221 981 restituto
1247 954 1306 982 loco
1333 955 1420 990 palam
1435 959 1487 988 est,
1513 956 1563 982 sub
1580 957 1688 983 Antonii
1705 957 1846 990 disciplina
1863 966 1870 983 ε

1094 1007 1155 1026 nam
1177 1000 1246 1027 alter
1258 1000 1333 1027 locus
1351 1001 1463 1027 alterum
1479 1001 1623 1028 conﬁrmat
1640 1007 1666 1029 et
1688 1002 1819 1029 defendit.
1837 1003 1873 1029 At

1093 1043 1222 1071 obnilitur
1237 1044 1436 1076 'l‘illemontius,
1450 1049 1476 1072 et
1493 1052 1574 1079 penes
1604 1053 1634 1072 se
1658 1045 1730 1073 domi
1753 1047 1873 1073 Athana-

1092 1090 1160 1117 sium
1178 1091 1323 1118 asceticam
1347 1090 1435 1126 egisse
1463 1092 1544 1117 vitam
1570 1096 1679 1125 pugnat.
1696 1090 1795 1118 Verum
1813 1091 1873 1118 ubi-

1092 1136 1173 1163 nam?
1189 1144 1221 1163 an
1238 1137 1306 1171 apud
1318 1136 1543 1171 grammaticum?
1557 1145 1590 1163 an
1612 1137 1683 1171 apud
1711 1137 1845 1164 notarium
1859 1137 1870 1164 ἲ

1092 1189 1124 1209 an
1137 1190 1197 1209 cum
1215 1182 1366 1209 Alexandro
1398 1182 1523 1216 episcopo
1546 1182 1668 1216 regendis
1684 1182 1871 1209 Alexandrina:

1092 1228 1218 1254 Ecclesia:
1231 1227 1351 1255 minister
1362 1228 1487 1255 adesset?
1503 1236 1575 1259 nam,
1590 1227 1627 1253 uti
1643 1234 1723 1261 supra
1742 1228 1869 1259 diximus,

1092 1273 1128 1300 ita
1143 1273 1293 1306 juvantutis
1309 1272 1368 1307 ejus
1387 1273 1472 1307 spatia
1491 1272 1535 1300 his
1548 1273 1745 1305 circumscribi,
1762 1275 1871 1301 neruine

1091 1324 1212 1349 auctore,
1229 1318 1368 1345 contendit
1380 1318 1432 1350 ille,
1448 1323 1477 1345 ut
1499 1318 1551 1346 alio
1562 1318 1729 1346 concessisse
1756 1327 1807 1346 non
1820 1327 1869 1353 pa-

1091 1364 1184 1391 tiatur.
1200 1363 1252 1390 Sed
1278 1371 1310 1390 ex
1331 1363 1479 1390 Athanasio
1498 1363 1561 1398 quid
1583 1369 1681 1391 ascetae
1703 1368 1730 1391 et
1746 1366 1872 1391 asceticaa

1090 1410 1152 1436 vitm
1169 1409 1276 1436 nomine
1303 1409 1467 1444 intelligatur
1490 1410 1692 1437 excutiendum.
1715 1410 1869 1444 Antequam

1091 1455 1224 1482 Antonius
1245 1455 1271 1482 in
1286 1455 1440 1482 interiorem
1463 1463 1583 1482 eremum
1607 1455 1778 1488 concederet,
1794 1463 1872 1482 asce-

1091 1505 1124 1528 tae
1138 1507 1165 1527 et
1185 1501 1324 1533 monachi,
1342 1501 1364 1528 si
1380 1501 1424 1535 qui
1450 1501 1476 1527 in
1494 1500 1611 1536 Egypto
1623 1506 1712 1533 erant.
1729 1501 1798 1528 haud
1811 1509 1871 1535 pro—

1090 1547 1133 1574 cul
1150 1547 1208 1574 vico
1218 1555 1268 1574 suo
1286 1547 1311 1574 in
1327 1554 1434 1574 secessu
1460 1547 1592 1581 degebant
1613 1552 1640 1574 et
1663 1547 1806 1574 asceticam
1829 1547 1870 1571 vi-

1091 1598 1145 1619 tam
1169 1592 1305 1626 agebant:
1333 1592 1447 1624 ἕκαστος
1467 1592 1496 1618 δὲ
1519 1591 1572 1619 τῶν
1594 1591 1760 1628 βουλομένων
1780 1590 1870 1627 ἑαυτῷ

1088 1638 1241 1674 προσέχειν,
1265 1638 1295 1664 οὐ
1319 1638 1425 1674 μακρὰν
1439 1638 1488 1674 τῆς
1514 1638 1579 1670 ἰδίας
1596 1637 1691 1673 κώμης
1713 1637 1869 1673 καταμόνας

1089 1683 1211 1719 ἠσκεῖτο.
1231 1682 1329 1718 Sicque
1338 1683 1533 1717 Autoniusipse
1545 1691 1559 1710 a
1575 1684 1717 1718 principio,
1735 1683 1769 1710 ad
1788 1691 1868 1710 asce-

1085 1729 1147 1756 ticae
1171 1729 1233 1756 vitae
1254 1729 1447 1763 perfectionem
1464 1729 1664 1761 contendebat;
1692 1729 1770 1762 idque
1795 1735 1868 1755 anno

1086 1774 1189 1803 Christi
1204 1775 1314 1802 circlter
1328 1774 1391 1805 271,
1408 1781 1470 1801 cum
1491 1774 1513 1800 is
1530 1773 1685 1801 vicesimum
1710 1778 1801 1808 ageret
1816 1780 1868 1800 an-

1087 1828 1162 1852 num,
1178 1825 1256 1847 natus
1273 1828 1343 1848 anno
1355 1820 1418 1848 25L
1430 1819 1519 1847 Multis
1533 1824 1624 1854 postea
1639 1819 1777 1846 laboribus
1789 1825 1868 1846 exer-

1085 1867 1184 1894 citatus
1198 1874 1267 1894 anno
1281 1866 1381 1894 Christi
1396 1866 1459 1899 505.
1475 1867 1561 1893 astatis
1576 1865 1620 1897 55,
1633 1866 1796 1893 monaSIeria
1811 1865 1868 1900 plu-

1087 1914 1155 1939 rima
1170 1913 1195 1939 in
1211 1913 1348 1939 montibus
1364 1916 1391 1939 et
1407 1912 1433 1939 in
1452 1912 1561 1939 remotis
1586 1911 1777 1938 solitudinibus
1790 1910 1867 1938 (ειαί-

1087 1958 1162 1990 tavit,
1183 1958 1335 1994 multosque
1349 1958 1382 1984 ad
1400 1958 1524 1985 asceticaa
1548 1958 1609 1985 Vita:
1624 1965 1742 1984 amorem
1761 1956 1866 1984 inﬂam-

1088 2004 1172 2030 mavit
1185 2004 1234 2039 (ὁ),
1246 2005 1343 2038 quibus
1354 2003 1478 2031 omnibus
1489 2004 1565 2038 quasi
1578 2008 1656 2038 pater
1670 2004 1726 2038 ipse
1740 2007 1865 2036 praeerat,

1087 2049 1133 2075 καὶ
1149 2050 1256 2076 πάντων
1274 2048 1363 2076 αὐτῶν
1378 2048 1416 2080 ὡς
1443 2048 1533 2084 πατὴρ
1549 2049 1704 2084 καθηγεῖτο.
1727 2048 1793 2074 Ινιίιιε
1811 2048 1867 2073 fre-

1084 2099 1197 2127 quenter
1208 2094 1252 2122 ille
1266 2099 1370 2121 ascetas
1386 2099 1413 2121 et
1428 2094 1583 2126 monachos,
1608 2101 1670 2120 nam
1686 2098 1798 2127 utroque
1814 2099 1865 2119 no—

1085 2139 1156 2165 mine
1168 2139 1320 2166 alternatim
1333 2139 1485 2174 compellat,
1499 2141 1532 2166 ad
1545 2138 1658 2166 solitarii
1671 2138 1784 2165 instituti
1800 2144 1864 2172 per-

1083 2184 1225 2210 fectionem
1241 2190 1378 2219 provocat,
1399 2185 1597 2219 asceticamque
1615 2185 1697 2211 vitam
1722 2191 1780 2211 eam
1805 2191 1865 2217 quae

1086 2231 1111 2257 in
1126 2230 1269 2258 solitudine
1286 2235 1313 2258 et
1325 2231 1350 2258 in
1366 2231 1536 2259 monasteriis
1551 2231 1640 2266 agitur
1652 2235 1797 2263 nuncupat,
1815 2237 1866 2257 nec

1085 2276 1163 2303 aliam
1181 2277 1312 2310 agnoscit,
1327 2281 1356 2304 ut
1372 2277 1559 2311 frequentibus
1585 2278 1611 2303 in
1627 2276 1694 2304 locis
1720 2276 1820 2303 videas.
1835 2274 1862 2303 ln

1085 2323 1318 2358 montibusitaque
1335 2328 1362 2350 et
1378 2323 1405 2350 in
1421 2323 1609 2350 solitudinibus
1619 2323 1686 2349 nihil
1703 2322 1775 2349 aliud
1790 2321 1865 2349 vide-

1084 2367 1175 2398 batur,
1186 2375 1265 2402 quam
1278 2368 1422 2395 multitudo
1438 2373 1600 2400 ascetarum,
1616 2367 1685 2394 ἀλλὰ
1699 2367 1800 2403 πλῆθος
1813 2367 1863 2402 μὲν

1084 2412 1220 2447 ἀσκητῶν.
1238 2413 1294 2441 Sub
1327 2414 1383 2441 haec
1403 2419 1503 2445 autem,
1533 2413 1678 2440 Maximino
1704 2417 1861 2446 grassante,

1085 2467 1146 2486 cum
1164 2459 1296 2487 Antonius
1311 2460 1433 2495 martyrii
1454 2459 1566 2494 cupidus
1583 2459 1629 2495 (c),
1642 2466 1702 2486 sese
1715 2459 1796 2493 judici
1810 2458 1860 2485 oh-

1083 2505 1196 2537 tulisset,
1212 2506 1368 2540 providente
1385 2505 1497 2533 Domino
1511 2512 1632 2533 servatus
1645 2505 1767 2533 est."Ira
1777 2505 1811 2530 ἐν
1824 2503 1861 2538 τῇ

1080 2550 1220 2583 ἀσκήσει,
1233 2550 1272 2585 ἣν
1278 2551 1312 2578 ἐκ
1322 2550 1381 2577 τῶν
1388 2550 1515 2585 Γραφῶν
1522 2550 1612 2583 αὐτὸς
1618 2549 1779 2584 μεμάθηκε,
1788 2549 1861 2575 πολ-

1081 2596 1146 2628 λοῖς
1154 2595 1335 2629 διδάσκαλος
1347 2597 1437 2629 αὐτὸς
1449 2596 1576 2630 γένηται·
1587 2595 1699 2630 καὶγὰρ
1711 2595 1758 2621 καὶ
1765 2594 1860 2629 μόνον

1078 2639 1246 2672 ,βλέποντες
1262 2641 1355 2668 αὐτοῦ
1367 2640 1424 2673 τὴν
1439 2639 1566 2674 ἀγωγὴν,
1585 2639 1692 2666 πολλοὶ
1707 2638 1761 2672 τῆς
1775 2641 1862 2666 πολι-

1080 2686 1159 2718 τείας
1168 2686 1260 2713 αῠτοῦ
1269 2685 1469 2716 σπουδάζοντο
1482 2686 1603 2720 ζηλωταὶ
1613 2685 1758 2720 γενέσθαι·
1776 2685 1808 2712 Ut
1819 2694 1862 2712 ua-

1080 2732 1167 2758 celicw
1173 2733 1242 2764 vitm,
1252 2740 1329 2766 quam
1337 2740 1369 2759 ex
1377 2731 1518 2767 Scriptum
1526 2732 1579 2768 ipse
1586 2731 1862 2765 didicerat,p¢rmult's

1117 2832 1152 2868 (ε)
1167 2833 1195 2860 r.
1212 2833 1273 2860 662.
