2016 3046
631 145 675 173 DE
694 145 773 173 VITA
793 145 837 173 ET
857 145 1012 174 SCRIPTIS
1031 147 1060 174 S.
1080 145 1277 174 ATIIANASII.

1692 150 1755 174 cm

144 204 267 238 magister
277 203 353 238 foret.
373 204 510 231 Enimuero
535 203 624 236 multi,
638 208 771 238 perspecto
795 203 851 239 ejus
867 205 926 231 vita'
940 206 962 234 Α
977 205 1118 232 haereticos
1135 213 1142 231 :
1161 206 1231 239 quod
1248 204 1269 231 si
1291 203 1392 231 Ariana
1409 203 1530 234 haeresis.
1559 203 1624 238 ipsis
1638 202 1756 230 infestis-

135 243 276 280 't'nstituto,
291 249 392 276 imitari
404 249 479 275 illum
498 249 629 276 studuere.
642 247 671 276 in
686 256 800 283 quorum
815 255 925 275 numero

145 293 215 320 haud
230 294 311 322 dubie
331 294 496 322 Athanasius
509 295 671 326 censendus,
691 295 736 329 qui
760 300 820 329 post
838 294 925 321 Maxi-

143 338 209 366 mini
237 339 423 366 carnillcinam
439 340 585 367 ssceticum
612 340 777 373 institutum,
803 340 925 367 Antonio

143 385 284 419 magistro.
298 385 324 412 in
340 385 486 413 solitudine
501 386 572 418 iniit,
595 391 623 413 et
649 386 756 420 quidem
781 393 842 413 cum
863 387 925 414 aliis

143 431 254 458 multis:
274 439 334 458 nam
352 431 377 458 id
388 431 539 458 'manil'esle
553 432 672 459 indicant
686 432 742 459 haec
760 431 859 464 verba,
875 431 925 459 Eva

142 476 196 502 τῶν
207 476 341 511 ἀσκητῶν,
355 484 436 503 unum
453 481 612 509 ascetarum,
637 484 731 504 eorum
748 477 853 504 scilicet
878 477 924 511 qui

143 529 204 550 cum
221 523 337 549 Antonio
352 522 432 550 simul
447 522 561 557 agebant
577 523 603 549 in
621 522 776 549 solitudine.
792 522 840 550 Hic
852 530 925 557 qua:-

143 568 219 595 rendi
251 573 366 600 ascetae,
397 575 449 595 non
478 572 568 595 autem
595 567 622 594 in
640 568 720 595 domo
739 569 849 601 notarii,
878 572 925 595 aut

145 613 311 648 grammatici
326 618 372 639 aut
389 613 564 640 Alexandrini
580 613 725 645 antistitis;
745 614 791 640 sed
809 613 836 640 in
853 613 923 640 mul-

144 659 256 686 titudine
266 666 359 686 eorum
377 666 445 694 quos
464 659 543 686 modo
559 658 680 695 ἁσκητὰς
692 679 700 691 .
721 659 801 687 modo
826 667 924 686 συνασ-

144 704 229 740 κητὰς
244 709 382 739 nuncupat
399 705 562 732 Athanasius
581 704 630 740 (η),
652 705 714 740 quia
739 705 817 733 simul
833 713 922 733 versa.

143 750 250 776 bantur.
264 749 315 776 Ubi
331 754 406 777 notes
418 750 495 776 velim
509 757 541 777 ex
567 750 666 777 ascetis
681 750 758 783 alios,
769 750 814 784 qui
831 758 924 778 mona-

142 795 212 822 chali
230 796 354 822 instituto
371 803 400 823 se
430 796 535 830 penitus
565 797 748 830 dediderant,
775 798 923 824 monachos

143 840 206 867 item
226 840 310 868 iuuisse
324 845 451 874 vocatos;
465 841 532 868 alios
544 846 635 868 autem
652 843 697 877 qui
721 842 923 869 exercitationis

977 251 1054 281 sima.
1072 250 1147 286 signa
1164 251 1305 277 adversum
1321 257 1418 276 canere
1445 249 1581 283 coepisset,
1597 254 1713 284 putasne
1725 248 1755 277 S.

976 296 1113 323 doctorem
1130 303 1185 323 rem
1203 295 1310 323 silentio
1324 295 1407 323 fuisse
1426 295 1672 330 praetermissurum
1686 294 1699 322 i
1725 294 1756 323 Id

976 347 1050 369 certe
1062 342 1105 369 vix
1119 343 1145 369 in
1164 342 1282 369 animum
1297 341 1427 374 inducas;
1457 342 1478 369 si
1492 341 1666 377 perpenderis
1680 349 1755 372 eum,

975 387 1070 421 quavis
1090 387 1199 413 minima
1219 387 1280 413 data
1307 387 1450 414 occasione
1464 407 1471 418 ,
1500 386 1581 414 etiam
1605 393 1666 414 cum
1682 386 1754 414 aliud

976 433 1074 467 agitur,
1091 432 1222 467 lucifugas
1239 432 1298 459 illos
1312 432 1442 460 insectari
1457 439 1488 459 ac
1499 437 1648 466 proterere.

1012 479 1111 506 Verum
1134 479 1175 505 his
1195 486 1247 505 non
1267 479 1433 512 obtemperat
1447 477 1634 505 Tillemontius
1649 478 1696 513 (ε),
1710 478 1756 513 qui

975 532 1050 552 suam
1067 529 1156 552 tamen
1167 525 1206 552 sic
1220 524 1298 552 offert
1313 524 1486 557 sententiam,
1498 528 1528 551 ut
1540 525 1645 559 ignores
1661 523 1756 558 plusne

974 569 1024 596 sibi
1036 576 1115 602 quam
1129 569 1206 596 nobis
1218 569 1384 596 adversetur.
1404 568 1461 595 Hoc
1475 577 1550 601 opus,
1574 569 1612 596 ait
1632 568 1685 597 ille.
1703 569 1758 595 edi-

974 615 1012 641 dit
1037 614 1207 648 Athanasius,
1226 621 1333 649 rogante
1354 615 1468 650 quodam
1489 614 1609 641 Macario
1631 614 1757 642 Christia-

975 668 1019 693 no,
1039 661 1081 687 cui
1096 661 1190 687 librum
1206 666 1347 695 nuncupat.
1362 660 1456 687 Libros
1470 665 1557 686 autem
1571 659 1682 686 Patrum
1696 668 1756 686 cum

973 713 1049 739 penes
1071 714 1099 732 se
1116 714 1167 733 non
1183 706 1276 732 habere
1294 705 1458 739 testiﬁcetur,
1481 705 1628 731 subindicat
1645 705 1756 739 fortasse

976 759 1013 782 se,
1035 751 1097 777 dum
1112 751 1202 786 pulsus
1225 755 1250 778 et
1265 755 1372 777 uexatus
1394 751 1497 782 lateret,
1522 758 1586 784 opus
1606 749 1757 784 hujusmodi

974 796 999 822 in
1019 796 1101 822 lucem
1116 797 1228 824 dedisse.
1251 796 1422 823 Arbitrantur
1445 795 1610 823 Benedictini
1631 801 1693 822 ante
1712 804 1758 823 an-

974 850 1034 868 num
1049 841 1100 869 5l9
1123 843 1177 868 hate
1189 842 1322 876 publicata
1337 841 1436 876 fuisse;
1454 842 1517 875 quia
1535 841 1600 868 nihil
1613 841 1650 867 ibi
1665 846 1757 867 contra

143 893 225 913 causa
241 887 274 913 ad
287 892 388 913 certum
405 887 533 922 temporis
544 875 702 922 spatium‘in
717 888 860 915 solitudine
877 888 923 915 de-
939 875 960 902 Β
975 887 1086 913 Arianos
1101 895 1110 913 :
1125 875 1193 922 quos
1205 894 1289 913 tamen
1303 875 1460 920 confutandi
1475 886 1564 913 eadem
1588 886 1655 912 ratio
1678 891 1700 912 et
1714 894 1757 912 oc-

143 931 253 966 gebant,
271 937 374 959 ascetas
393 932 479 959 solum
491 932 577 960 dictos
599 940 677 960 esse:
694 939 709 959 e
735 940 849 967 quorum
874 941 924 960 nu-

145 985 220 1004 mero
231 977 409 1010 Athanasius;
428 982 457 1004 ut
472 977 558 1004 innuit
570 978 639 1005 idem
655 978 680 1004 in
698 978 756 1005 Vita
768 978 876 1005 Antonii
891 979 924 1005 de

141 1022 248 1050 Amune
258 1023 389 1050 monacho
401 1022 510 1057 loquens
519 1024 556 1058 (ὁ)
566 1021 629 1050 εἮν
639 1023 667 1050 δὲ
675 1021 751 1056 οὗτος
759 1024 811 1055 ἕως
823 1025 923 1060 γήρους

141 1069 263 1103 ἀσκητὴς
285 1068 424 1104 διαμείνας
436 1077 444 1085 ·
459 1068 487 1096 Is
509 1075 595 1096 autem
619 1070 653 1096 ad
670 1075 826 1097 senectutem
843 1079 924 1105 usque

141 1115 168 1140 in
182 1119 277 1140 auem
288 1119 359 1140 statu
371 1114 558 1148 perseveravit;
572 1122 624 1149 quo
635 1115 805 1142 subindlcare
818 1116 924 1142 videtur

141 1158 209 1185 alios
224 1158 317 1190 fuisse,
336 1159 381 1194 qui
395 1160 427 1186 ad
445 1163 550 1194 tempus
566 1159 651 1186 solum
667 1166 818 1187 ascetarum
845 1161 924 1188 insti-

143 1208 229 1231 tutum
241 1204 373 1236 colebant,
384 1205 455 1239 quod
468 1205 644 1232 Athanasium
659 1204 754 1233 fecisse
764 1206 920 1240 putandum.

369 1260 626 1290 ANIDIADVERSIO
645 1262 690 1290 Ill.

141 1307 216 1334 Libri
228 1307 324 1336 Contra
339 1313 431 1343 gentes
450 1314 473 1335 et
494 1309 532 1348 De
549 1310 732 1350 incarnatione
747 1316 797 1344 quo
810 1313 923 1345 tempore

480 1350 583 1378 scripti.

177 1386 286 1414 Librum
298 1386 397 1414 Contra
412 1392 499 1422 gentes
512 1393 539 1414 et
553 1387 761 1422 subsequentem
776 1388 812 1415 De
828 1388 921 1415 Incur-

141 1434 247 1460 natione
260 1433 286 1459 in
302 1433 390 1460 fronte
415 1441 526 1468 operum
540 1433 680 1461 Athanasii
697 1434 808 1468 positos,
826 1436 920 1461 eodem

142 1483 262 1513 tempore
277 1479 401 1512 scriptos,
411 1487 547 1514 unumque
560 1487 620 1507 esse
636 1480 661 1506 in
676 1485 765 1515 partes
777 1481 845 1508 duas
861 1483 918 1509 dis-

141 1524 273 1551 tributum
290 1532 368 1558 optts,
399 1525 454 1558 ipse
471 1532 560 1552 rerum
576 1526 654 1557 ordo,
669 1527 810 1561 Ipsumque
829 1532 920 1560 posle~
935 1543 955 1572 ο

142 1571 225 1598 rioris
241 1571 302 1598 libri
320 1571 459 1598 exonlium
471 1576 562 1605 aperte
584 1571 719 1604 signiﬁcat
734 1581 742 1599 :
759 1580 844 1607 neque
867 1573 920 1599 ulla

142 1621 267 1643 mevetur
286 1617 336 1643 bac
351 1617 383 1643 de
399 1623 427 1643 re
440 1617 610 1651 disceptatio.
625 1617 739 1650 Dudum,
751 1623 787 1650 et,
802 1623 831 1645 ιιι
848 1618 921 1645 vide~

143 1666 201 1693 tur,
215 1662 249 1689 ab
263 1662 321 1696 ipso
337 1662 479 1690 Athanasii
495 1670 552 1689 :evo
563 1664 690 1697 obtinuit,
711 1669 740 1690 ut
754 1665 823 1691 inter
836 1665 921 1692 Atha-

142 1708 211 1736 nasii
223 1715 304 1742 opera
316 1708 342 1735 hi
358 1709 411 1735 duo
426 1709 486 1736 libri
513 1709 613 1743 primas
631 1714 764 1737 tenerent.
787 1711 920 1746 Hierony-

142 1762 204 1782 mus
219 1754 316 1789 quippe
343 1755 370 1782 in
394 1755 552 1782 recensione
565 1762 614 1782 sua
630 1755 713 1782 libros
732 1756 798 1783 duos
822 1755 920 1783 Contra

141 1805 230 1835 gentes
251 1802 352 1835 primos
376 1805 533 1833 enumerat,
553 1801 678 1828 similiter
701 1805 728 1829 et
752 1801 866 1829 Photius
893 1802 920 1829 in

141 1846 304 1874 Bibliotheca
320 1854 329 1873 :
345 1847 370 1873 in
383 1847 561 1882 omnibusque
576 1854 687 1882 prorsus
698 1847 814 1882 antiquis
828 1854 921 1874 exem-

141 1892 261 1926 plaribus
283 1892 362 1919 iidem
379 1892 440 1919 libri
467 1900 563 1927 agmen
589 1897 692 1928 agunt:
723 1899 790 1926 quos
818 1892 878 1920 ideo
894 1892 920 1919 in

143 1937 232 1964 fronte
247 1937 348 1964 locatos
364 1938 539 1970 arbitramur,
555 1937 617 1972 quia
631 1937 710 1972 primi
722 1937 840 1964 omnium
855 1938 922 1965 scri-

141 1982 181 2016 pti
197 1981 311 2009 fuerant.
324 1981 379 2009 Nec
394 1983 491 2010 desunt
507 1983 571 2015 alia,
595 1988 622 2010 et
633 1982 742 2018 quidem
759 1983 868 2018 gravia,
886 1983 921 2010 ad

142 2034 203 2054 eam
229 2028 357 2055 tuendam
374 2028 535 2055 sententiam
549 2033 717 2063 opportuna:
746 2035 809 2055 nam
831 2028 857 2055 in
877 2035 920 2056 se-

142 2073 230 2101 cundo
247 2074 325 2107 libro,
340 2075 381 2101 cui
398 2073 437 2101 De
451 2074 627 2101 incarnatione
647 2074 756 2107 titulus,
787 2074 831 2101 ubi
856 2082 921 2101 con-

144 2123 183 2145 tra
201 2125 303 2154 gentes,
319 2119 426 2147 Juda'os
446 2124 474 2147 et
488 2119 628 2155 plerosque
647 2120 847 2152 hereticorum,
875 2120 920 2154 qui

143 2164 244 2191 Christi
271 2165 397 2193 deitatem
416 2170 564 2201 negarent,
594 2173 642 2199 pro
657 2166 760 2193 viribus
785 2165 921 2201 depugnat

974 935 1044 959 casio
1068 934 1176 965 aderat,
1199 941 1257 968 qum
1282 932 1315 958 ad
1339 932 1406 958 alius
1430 932 1540 958 haereses
1562 931 1756 964 propulsandae

974 978 1150 1005 Athanasium
1174 977 1296 1012 perpulit.
1324 978 1358 1003 At
1385 977 1514 1003 maturius
1539 977 1650 1011 fortasse
1676 985 1756 1012 quam

973 1029 1038 1052 tetas
1051 1024 1142 1059 ferret,
1158 1032 1222 1058 opus
1238 1023 1392 1058 hujusmodi
1413 1022 1512 1058 factum
1528 1024 1637 1057 putabat
1656 1031 1665 1049 .'
1680 1023 1755 1058 igno-

974 1078 1052 1105 roque
1067 1070 1128 1104 quid
1152 1066 1238 1096 causae
1266 1074 1345 1101 esset,
1362 1077 1410 1095 cur
1426 1076 1452 1095 se
1481 1068 1555 1094 libris
1580 1073 1641 1094 tunc
1666 1076 1756 1095 carere

973 1116 1077 1143 dixerit.
1100 1116 1223 1142 Attamen
1240 1123 1298 1141 cum
1315 1114 1371 1141 Ιηεσ
1387 1114 1483 1148 ﬂorido
1509 1113 1576 1148 ston
1598 1113 1755 1146 narraverit,

974 1163 1002 1188 in
1025 1163 1122 1196 primos
1149 1161 1235 1188 a'tatis
1264 1168 1346 1187 annos
1371 1160 1542 1194 opportunius
1567 1159 1755 1194 conjiciantur.

973 1206 1042 1234 Sane
1054 1215 1112 1233 vero
1135 1207 1236 1233 videtur
1254 1206 1383 1232 modicam
1399 1211 1453 1231 tum
1468 1204 1647 1231 Romanarum
1666 1213 1754 1231 rerum

974 1253 1092 1279 notitiam
1111 1252 1241 1283 habuisse,
1263 1257 1340 1286 atque
1365 1253 1515 1285 priusquam
1537 1250 1647 1277 Romam
1670 1252 1755 1278 adiis-
1792 1258 1794 1261 '

973 1303 1021 1330 set,
1036 1298 1091 1324 ha'c
1105 1297 1249 1332 scripsisse.
1265 1296 1317 1323 Sed
1337 1302 1478 1331 postquam
1502 1296 1537 1322 ita
1553 1296 1660 1327 clausit,
1681 1301 1709 1323 ut
1727 1297 1754 1323 in

973 1350 1075 1378 partem
1090 1347 1207 1370 nostram
1221 1342 1388 1377 propendere
1401 1342 1532 1374 videatur.
1549 1343 1682 1369 dictorum
1700 1341 1756 1369 l‘ur-

973 1390 1053 1417 tassis
1075 1389 1228 1420 immemor,
1250 1389 1276 1414 in
1301 1387 1376 1414 Notis
1401 1389 1468 1421 suis,
1492 1395 1563 1414 anno
1581 1388 1632 1414 διδ
1653 1388 1754 1415 editum

971 1443 1039 1469 optts
1055 1435 1136 1462 fuisse
1152 1434 1325 1469 probabiliter
1339 1434 1485 1461 existimat.
1506 1433 1564 1461 Non
1583 1434 1665 1468 igitur
1679 1435 1755 1468 prius

972 1487 1051 1514 quam
1070 1477 1185 1505 Romam
1204 1479 1316 1505 vidisset
1341 1478 1413 1505 hunc
1439 1478 1537 1506 librtun
1562 1479 1647 1506 edidit
1668 1488 1675 1505 :
1692 1487 1754 1506 nam

973 1529 1084 1551 auctore
1098 1523 1267 1550 Tillemontio
1288 1522 1327 1559 (ἀ)
1355 1523 1465 1551 Romam
1490 1524 1576 1558 primo
1598 1524 1665 1551 adiit
1684 1532 1756 1551 anno

973 1570 1035 1603 559,
1051 1570 1102 1596 etsi
1119 1569 1226 1596 biennio
1240 1569 1370 1596 maturius
1385 1577 1444 1596 cam
1461 1570 1646 1604 migrationem
1661 1575 1753 1604 ponat,

974 1621 1002 1643 ut
1027 1616 1095 1643 infra
1119 1615 1317 1650 comprobatur.
1343 1615 1395 1648 Qui
1421 1623 1485 1650 ergo
1506 1615 1631 1643 dubitare
1654 1616 1753 1651 potuit,

974 1670 1036 1690 num
1060 1669 1118 1689 mos
1143 1658 1255 1688 Romani
1277 1666 1397 1692 senatus.
1415 1668 1468 1695 quo
1486 1660 1625 1688 defunctos
1640 1661 1756 1696 impera-

974 1711 1046 1734 t0res
1064 1707 1090 1733 in
1115 1708 1224 1733 deorum
1242 1713 1354 1733 nutnero
1376 1706 1561 1741 consignabat,
1586 1711 1640 1734 tum
1664 1707 1754 1734 exole-

974 1753 1065 1784 visaet,
1079 1752 1122 1787 qui
1136 1751 1191 1785 jam
1205 1751 1305 1785 aliquot
1318 1760 1402 1779 annos
1417 1751 1508 1779 Roma:
1521 1754 1700 1779 consederat?
1714 1753 1754 1780 Ad

974 1800 1031 1827 haec
1044 1807 1108 1826 vero
1126 1806 1196 1825 anno
1217 1798 1280 1831 διδ,
1296 1799 1387 1825 Ariani
1407 1802 1490 1826 totum
1510 1807 1558 1834 per
1572 1800 1664 1827 orbem
1676 1807 1753 1828 erro-

973 1852 1017 1871 res
1033 1844 1086 1871 late
1102 1847 1268 1878 sparserant,
1286 1843 1441 1878 ittgentique
1463 1844 1577 1871 tumultu
1599 1845 1755 1873 Catholicae

973 1890 1178 1925 oppugnabant;
1194 1889 1237 1916 hic
1249 1890 1364 1916 maxime
1376 1897 1453 1917 error
1464 1890 1590 1918 deitatem
1602 1891 1680 1918 Verbi
1697 1897 1753 1919 tum

974 1936 1138 1971 impetebat:
1163 1935 1223 1970 quis
1248 1941 1311 1961 vero
1337 1939 1414 1969 putat
1438 1935 1617 1963 Athanasium
1643 1936 1753 1965 deitatis

973 1980 1073 2008 Christi
1098 1980 1189 2007 hostes
1203 1985 1370 2014 aggressum,
1390 1979 1438 2007 hos
1453 1979 1613 2008 deterrimos
1631 1982 1752 2009 omnium

974 2027 1090 2053 intactos
1105 2024 1283 2061 praeteriisse?

1009 2072 1043 2099 At
1056 2072 1148 2105 junior
1168 2071 1275 2098 videtur
1296 2070 1390 2103 luisse,
1404 2072 1490 2107 pergit
1505 2072 1559 2104 ille.
1577 2077 1606 2099 ut
1619 2079 1682 2100 ante
1703 2082 1753 2100 an-

973 2126 1037 2146 num
1047 2117 1100 2145 319
1111 2119 1160 2144 hoc
1174 2124 1241 2152 opus
1253 2117 1400 2144 emitteret.
1413 2117 1510 2144 Verum
1530 2126 1590 2145 cum
1616 2126 1686 2147 anno
1702 2119 1753 2146 5l8

974 2163 1129 2192 vicesimum
1143 2168 1269 2198 quartum
1285 2163 1380 2191 saltem
1400 2171 1432 2191 ex
1456 2169 1581 2199 computo
1594 2170 1697 2196 nostro.
1714 2166 1753 2192 vi-

143 2209 210 2240 ille;
229 2216 262 2235 ne
275 2209 384 2236 verbum
396 2210 504 2244 quidem
520 2215 667 2245 comparet.
696 2211 765 2244 quod
779 2210 822 2237 vel
839 2211 919 2237 Aria-
936 2219 958 2246 ι)
973 2210 1102 2237 cesimum
1115 2216 1179 2236 vero
1195 2217 1304 2241 nonum,
1318 2217 1350 2236 ex
1363 2208 1511 2236 llermantii
1529 2210 1640 2242 calculo,
1653 2218 1752 2238 aunuut

143 2261 205 2280 nam
224 2255 345 2282 heresim
354 2255 408 2290 jam
419 2256 555 2283 subortam
567 2256 675 2288 indicet,
685 2256 725 2282 vel
733 2264 836 2291 pugnas
850 2258 921 2283 oleat

142 2307 204 2327 cum
223 2300 331 2328 Arianis
346 2302 442 2335 initas;
458 2302 520 2329 licet
533 2302 688 2336 posterioris
704 2302 764 2329 libri
778 2310 921 2337 argumen-

143 2350 200 2372 tum
211 2351 237 2374 et
246 2347 371 2374 materies
385 2355 417 2375 eo
431 2348 589 2382 scriptorem
605 2348 678 2375 velut
688 2356 703 2375 e
715 2356 743 2375 re
758 2353 819 2374 nata
837 2349 920 2375 dedu-

143 2397 228 2419 ceret.
241 2392 275 2419 At
292 2393 362 2420 enim
376 2394 397 2420 si
412 2393 467 2428 jam
483 2393 615 2420 Arianicaa
633 2399 733 2420 exorna
752 2393 836 2420 tut-bat
853 2394 920 2421 luis-

144 2444 214 2471 sent.
229 2440 335 2466 etiamsi
350 2440 383 2466 de
404 2440 533 2467 industria
551 2439 608 2466 Arii
638 2448 734 2467 nomen
761 2445 851 2468 tacere
869 2449 918 2468 vo-

141 2484 238 2512 luisset
263 2484 437 2516 Athanasius,
452 2486 523 2518 qnod
544 2485 613 2512 haud
640 2486 806 2518 verisimile,
830 2487 918 2522 aliqua

143 2533 232 2555 tamen
257 2529 282 2555 in
301 2528 457 2562 longissimo
474 2537 565 2561 opere,
592 2535 729 2557 temeratae
754 2531 787 2557 ab
808 2530 919 2559 Arionis

141 2575 216 2601 verbi
233 2574 278 2601 Dei
298 2575 428 2602 doctrina:
445 2575 519 2609 signa
539 2581 720 2609 superessent.
735 2577 833 2610 Agitur
846 2578 917 2604 ettim

140 2621 226 2647 deitas
243 2620 352 2651 Christi.
362 2629 440 2655 quant
451 2621 614 2648 Athanasius
626 2627 719 2648 contra
729 2629 823 2649 omnes
839 2627 920 2656 quot-

139 2670 206 2700 quot
225 2671 393 2693 emerserant
404 2667 505 2698 hostes,
524 2667 655 2693 aeerrime
669 2673 828 2702 propugnat,
842 2668 918 2696 Grae-

139 2711 327 2746 eos,.ludaaos,
350 2712 569 2746 Valentinianus,
603 2712 762 2741 Manichatos
796 2714 916 2748 aliosque

176 2825 214 2861 (η)
229 2825 260 2852 Ρ.
280 2826 341 2853 669.

176 2862 213 2896 (ιη
230 2861 258 2887 ν.
278 2861 339 2887 ora.

969 2261 1070 2290 ageret,
1086 2262 1176 2281 annon
1194 2255 1371 2289 suscipiendae
1390 2254 1428 2282 rei
1453 2262 1501 2289 par
1522 2259 1548 2281 et
1573 2260 1694 2282 maturus
1714 2256 1754 2282 vi-

969 2301 1074 2331 deatur,
1089 2307 1150 2327 cum
1174 2300 1290 2327 maxime
1312 2300 1391 2326 annis
1406 2300 1469 2326 hinc
1486 2304 1588 2334 septem
1605 2300 1705 2335 elapsis
1717 2301 1752 2328 ad

968 2353 1122 2381 supremum
1140 2353 1230 2372 rerum
1244 2346 1347 2380 apicem
1359 2351 1469 2372 evectus
1481 2347 1528 2378 sit,
1546 2346 1573 2372 in
1588 2346 1752 2374 Alexandri-

969 2399 1031 2418 num
1066 2390 1298 2426 archiepiscopum
1332 2393 1499 2426 cooptatus?
1531 2392 1601 2425 Quot
1636 2393 1752 2421 vidimus

971 2437 1044 2472 paris
1064 2442 1110 2463 attt
1134 2445 1244 2464 tntnor~s
1267 2438 1356 2464 anatis
1377 2440 1476 2465 eximia
1503 2439 1666 2474 protulisse?
1696 2440 1752 2467 llttc

970 2482 1073 2510 accedit
1097 2485 1168 2517 quod
1194 2483 1219 2509 in
1246 2483 1319 2510 hisce
1345 2483 1420 2510 lib-is
1446 2492 1497 2511 non
1523 2493 1601 2512 suam
1630 2485 1684 2518 ille,
1706 2487 1752 2512 sed

971 2529 1158 2563 magistrorqu
1183 2529 1332 2556 doctrinam
1359 2530 1454 2558 elTerre
1479 2539 1508 2558 se
1525 2532 1697 2566 proﬁteatur;
1715 2533 1751 2559 ita

971 2579 1000 2601 ut
1027 2575 1143 2608 inopiam
1169 2573 1311 2607 librorum,
1337 2578 1438 2603 recerti
1464 2576 1665 2610 disciplinarum
1695 2585 1752 2604 me-

972 2619 1055 2646 moria
1083 2618 1195 2645 sarciret
1221 2625 1230 2644 :
1255 2623 1281 2645 et
1305 2619 1437 2654 alioquin,
1460 2620 1517 2654 ipso
1545 2620 1646 2647 latente
1670 2619 1754 2647 Titie-

973 2667 1085 2698 montio,
1113 2666 1169 2693 btec
1193 2666 1339 2694 lloridiore.
1367 2674 1446 2701 quam
1474 2667 1639 2694 Athanasius
1655 2667 1752 2699 soleat,

973 2711 1042 2748 stylo
1056 2711 1217 2746 conscripta,
1243 2711 1270 2738 in
1298 2712 1397 2746 primos
1418 2713 1506 2740 aetatis
1525 2720 1611 2741 annos
1626 2719 1754 2749 opportw-

1006 2827 1041 2862 (τ)
1062 2828 1108 2855 Vie
1119 2829 1150 2855 de
1169 2828 1198 2855 S.
1214 2828 1354 2862 Athantue,
1368 2833 1419 2857 art.
1443 2829 1502 2856 “8.

1003 2864 1042 2899 (ά)
1063 2864 1124 2892 Not.
1141 2864 1202 2891 tto.
