2016 3046
263 128 333 150 CLXII

913 121 1180 151 PROLEGOMENA.

262 179 325 206 nius
337 179 520 207 conferantur.
543 179 618 212 Quod
644 180 681 207 ait
698 187 771 212 vero,
793 184 857 207 tunc
882 179 1044 206 verosimili-
1058 183 1082 212 Α
1096 180 1239 215 bant,qute
1250 185 1393 215 postrema,
1409 180 1471 215 jure
1486 188 1554 208 nova
1570 180 1619 209 Isis
1631 185 1658 208 et
1676 181 1790 209 Neotera
1809 181 1879 210 dico-

265 230 306 252 ter
319 225 507 259 Athanasium,
528 227 662 257 pulsatum
687 233 783 261 nempe
807 230 1000 260 vexatumque,
1019 227 1045 253 in

263 269 375 296 latebris
396 270 494 305 egisse,
515 274 606 305 utpote
628 271 673 305 qui
696 272 885 306 magistrorum
910 271 993 298 libros
1012 271 1046 299 ad

263 323 373 343 manum
392 323 444 343 non
469 316 595 349 haberet,
622 317 648 344 id
672 325 737 345 sane
763 318 838 345 nihili
860 322 911 346 est.
926 319 960 345 At
973 318 1046 345 enim

264 361 298 388 de
330 361 407 388 annis
443 362 629 389 adolescentiae
662 363 806 390 Athanasii
841 363 958 391 traditur
991 363 1049 390 fere

264 406 341 433 nihil.
354 406 422 439 Quid
445 407 526 442 igitur
545 408 577 434 de
601 413 686 441 statu,
703 409 735 436 de
755 409 918 441 conditione,
932 409 964 436 de
987 408 1046 435 loco

264 451 359 485 attingi
388 452 493 479 valeat?
519 452 585 486 Quis
608 454 677 480 sciat
698 455 724 480 in
748 462 858 489 agrone,
876 455 901 481 in
928 455 1044 486 deserto,

262 497 289 524 in
318 497 384 524 urbe
411 498 468 525 hac
493 499 650 533 scripserit?
678 500 720 527 vel
747 508 781 526 an
807 500 976 527 Alexandria
1001 500 1046 526 de-

261 551 337 576 gens,
356 551 415 571 cum
433 544 502 571 facta
528 546 726 580 pcrquisitiune
747 546 831 573 libros
848 546 967 573 nancisci
985 553 1047 580 pos-

261 594 314 621 set,
339 590 409 623 quod
435 597 465 617 ea
483 598 542 624 quae
565 592 714 624 scripturus
731 597 790 619 erat
819 592 903 626 probe
928 596 1043 622 teneret.

262 642 404 662 accersere
430 636 496 662 nihil
513 637 666 663 curavvrit?
685 636 763 664 Certe
784 638 834 664 hac
850 645 882 664 ex
901 644 930 664 re
953 643 1044 663 notam

263 684 392 714 lmuptiﬂs
404 688 511 713 eruere,
527 681 641 716 idtpsutu
656 687 706 715 est,
720 683 789 717 quod
806 683 904 710 nodum
917 682 944 709 in
957 683 1045 717 scirpo

262 733 394 760 quaerere.

298 770 394 798 Nannii
420 772 568 800 versionem
593 778 701 800 secutus
723 773 909 801 Tillemontius
932 774 969 801 ait
993 773 1044 809 (α),

263 815 346 843 libros
373 816 471 844 Contra
496 823 582 852 gentes
605 817 723 846 Macario
737 818 844 845 cuidam
877 825 1044 852 nuncupatos

263 868 333 888 esse.
349 862 445 888 Verum
464 863 644 890 hallucinatur
657 863 776 890 Nannius
793 864 854 890 dttm
869 865 943 895 illud,
956 861 978 890 ὧ
992 873 1044 900 μα·
1060 854 1080 881 Β

263 907 352 942 κάριε,
374 915 389 934 ο
406 907 518 939 Mucari,
535 909 615 935 vertit
637 916 644 935 :
668 917 729 935 ttam
753 909 830 936 initio
850 911 960 936 secundi
983 909 1043 936 libri

263 952 314 978 hoc
325 952 498 985 compellundi
512 954 590 980 modo
601 953 685 980 utitur
698 954 872 986 Athanasius,
881 951 903 981 ὦ
913 955 1042 990 μακάριε,

263 998 486 1033 καὶφιλόχριστε,
509 1004 537 1025 et
564 999 676 1026 subinde
706 1000 776 1027 inter
797 1002 939 1034 orandum,
967 1002 1045 1028 modo

265 1044 394 1079 μακάριε,
423 1047 501 1071 modo
526 1044 681 1080 φιλόχριστε
706 1046 772 1073 dicit
798 1055 805 1072 :
831 1054 913 1080 quare
936 1047 1044 1081 planum

263 1088 369 1114 videtur
405 1096 456 1115 nou
494 1090 578 1122 magis
617 1090 734 1125 μακάριε
756 1110 763 1122 ,
803 1098 882 1124 quam
922 1092 1045 1127 φιλόχρι-

264 1141 323 1164 στε,
340 1141 436 1161 nomen
447 1135 582 1168 proprium
597 1142 666 1162 esse.
680 1136 845 1163 Athanasius
857 1144 923 1171 ergo
935 1138 976 1164 vel
989 1137 1046 1171 ejus

264 1181 297 1207 ad
317 1188 394 1214 quem
421 1181 524 1212 scribit,
543 1188 639 1207 nomen
663 1181 786 1208 consulto
809 1187 911 1215 tacens,
929 1183 968 1210 sic
983 1191 1046 1210 eutn

264 1221 290 1252 iri
315 1233 413 1261 genere
436 1226 593 1260 compellat;
618 1228 669 1258 vel,
695 1232 724 1254 ut
743 1228 935 1261 verositnilius,
958 1229 1046 1256 cuivis

263 1271 364 1299 Christi
380 1273 491 1303 amanti.
513 1280 545 1300 ac
565 1273 678 1307 proinde
696 1273 786 1301 beato.
801 1280 954 1302 sermonem
974 1282 1044 1307 nun-

263 1322 355 1352 cupat.

490 1385 747 1414 ANIMADVERSIO
769 1386 814 1414 IV.

299 1442 364 1476 Qttre
393 1446 427 1470 sit
455 1442 507 1469 θεὰ
531 1443 720 1481 Νεωτέραὶαὺ
746 1444 888 1472 Athanasio
913 1453 1010 1472 memo-

618 1485 687 1505 rata.

1097 226 1184 253 batur.

1331 281 1586 309 ANIMADVERSIO
1615 282 1648 309 V.

1132 327 1170 354 De
1181 327 1256 355 rebus
1270 327 1414 354 Arianisnti
1426 333 1545 354 exortam
1560 332 1584 353 et
1599 328 1842 355 condemnationem

1391 363 1576 396 spectantibus.

1105 406 1114 411 ”
1132 408 1163 435 Vi
1181 407 1278 439 morbi,
1296 412 1325 434 ut
1348 407 1476 440 arbitror,
1500 407 1662 442 interceptus
1677 407 1876 441 Tillemontius,

1095 453 1160 481 Acta
1176 453 1350 488 depositionis
1364 453 1421 480 Arii
1443 458 1470 479 et
1491 453 1638 485 sociorum.
1655 459 1684 481 ut
1697 461 1746 481 nos
1759 455 1876 489 primum

1095 499 1240 531 edidimus,
1259 507 1338 527 secus
1360 499 1524 526 intellexisse
1545 499 1650 527 videtur
1666 508 1673 526 ε
1690 507 1787 535 resque
1808 507 1876 527 non-

1096 545 1184 572 nullas
1204 545 1295 579 planas
1313 549 1341 572 ct
1359 550 1477 580 apertas,
1499 550 1528 572 ut
1551 553 1608 572 mea
1624 545 1732 580 quidem
1750 545 1802 572 fert
1815 546 1876 580 opi-

1096 591 1152 624 nio,
1167 591 1274 619 miscuit
1288 592 1344 624 ipse
1359 591 1400 619 vel
1417 596 1578 626 prmpostere
1589 591 1718 618 narravit.
1730 591 1797 624 Quia
1811 599 1876 619 vero

1096 637 1122 663 in
1140 637 1225 671 prima
1239 637 1296 664 Arii
1317 637 1542 664 condemnatioue
1556 644 1645 664 rerum
1664 637 1785 664 notitiam
1800 637 1875 664 ordi-

1096 690 1210 717 nemque
1233 683 1340 710 haurire
1364 683 1439 715 licet,
1469 690 1554 718 neque
1572 683 1623 710 ulla
1647 687 1755 710 exstant.
1777 690 1875 710 monu-

1095 732 1182 755 menta
1205 729 1246 755 his
1263 729 1388 762 certiora,
1415 733 1506 763 utpote
1530 728 1563 755 ab
1579 728 1732 756 Alexandro
1753 729 1874 756 Alexan-

1095 774 1179 801 drinte
1199 775 1292 810 synodi
1308 775 1421 810 praeside
1439 774 1579 807 confecta;
1600 782 1632 802 ea
1654 775 1697 802 hic
1713 775 1877 809 praemittere

1096 819 1193 852 visum,
1210 824 1239 846 ut
1252 819 1340 846 valeat
1353 819 1437 845 lector
1448 819 1480 845 de
1496 826 1586 846 rerum
1601 819 1754 847 conditione
1768 825 1796 847 et
1807 825 1876 847 tem-

1095 870 1158 897 p0re
1174 862 1199 889 lu
1215 869 1303 890 utram
1326 863 1410 889 visum
1426 862 1506 890 fuerit
1528 868 1630 897 partem
1646 863 1719 891 ferre
1730 864 1874 899 judicium.

1094 907 1122 935 In
1138 908 1284 942 exemplari
1309 909 1388 943 igitur
1404 908 1488 943 Regio
1512 907 1595 941 2284,
1609 910 1699 936 saeculi
1716 917 1732 936 x
1755 910 1875 943 circiter,

1095 953 1164 979 inter
1179 953 1318 979 Athanasii
1334 960 1414 987 opera
1430 957 1521 980 exstat
1534 954 1584 981 hoc
1598 954 1692 982 ordine
1709 955 1873 982 condemna-

1097 999 1133 1026 tio
1149 1003 1176 1025 et
1190 999 1321 1032 depositio
1335 999 1391 1026 Arii
1404 1005 1430 1026 et
1443 1000 1589 1031 sociorum,
1605 1008 1685 1035 quam
1702 1008 1750 1028 nos
1767 1006 1832 1029 tom.
1851 1001 1874 1034 1,

1096 1052 1121 1077 p.
1139 1044 1189 1071 596
1204 1044 1268 1079 (515
1286 1045 1329 1073 ed.
1347 1045 1452 1076 Venet.)
1469 1046 1601 1073 edidimus
1620 1045 1724 1078 Graece.
1737 1052 1764 1074 et
1779 1047 1875 1075 Latine

1095 1091 1136 1117 sic
1147 1091 1275 1118 vertimus
1291 1099 1298 1117 :

1096 1166 1236 1186 DEPOSI’I‘IO
1253 1166 1308 1186 AR"
1327 1167 1362 1186 ΕΤ
1385 1167 1515 1188 SOCIOBUI
1531 1168 1563 1188 AB
1584 1169 1739 1189 ALEXANDRO
1757 1169 1876 1189 ALEXAN-

1341 1202 1410 1222 DKIS
1426 1203 1638 1224 ARCHIEPISCOPO.

1131 1250 1288 1282 Alexander,
1306 1251 1460 1285 presbyteris
1483 1251 1651 1285 diaconisque
1665 1250 1834 1278 Alexandriae
1850 1256 1874 1278 et

1096 1294 1234 1326 Marcone,
1257 1302 1371 1328 praasens
1388 1295 1570 1328 pra'sentibus,
1587 1295 1687 1322 dilectis
1707 1295 1735 1322 in
1761 1295 1876 1322 Domino

1096 1341 1231 1375 fratribus,
1245 1341 1365 1367 salutem.
1384 1340 1454 1367 Licet
1471 1341 1531 1375 jam
1557 1341 1760 1376 subscripseritis
1780 1341 1873 1368 litteris

1095 1387 1157 1413 meis
1179 1387 1214 1413 ad
1241 1387 1330 1413 Arium
1357 1394 1467 1421 suosque
1492 1387 1599 1418 missis,
1628 1388 1721 1422 quibus
1747 1387 1873 1414 hortabar

1095 1432 1163 1465 illos,
1179 1437 1218 1463 ut,
1235 1433 1361 1467 abnegata
1381 1433 1523 1466 impietate,
1546 1441 1618 1460 same
1643 1439 1666 1460 et
1687 1434 1820 1461 catholica:
1841 1435 1874 1470 ﬁ-

1094 1478 1137 1504 dei
1155 1479 1357 1511 obtemperarent
1376 1486 1385 1510 ;
1410 1486 1489 1512 eaque
1511 1479 1538 1505 in
1553 1487 1581 1505 re
1598 1482 1696 1505 rectum
1715 1479 1876 1513 propositum

298 1533 324 1560 lu
344 1533 412 1560 liltro
427 1533 524 1560 Contra
538 1539 623 1569 gentes
639 1534 676 1569 (b)
691 1535 763 1562 varia
787 1535 941 1563 Grtecorum
959 1535 1042 1572 Λευ-
1057 1525 1078 1554 C
1096 1527 1217 1555 vestrum,
1235 1531 1334 1550 necnon
1357 1523 1482 1550 Ecclesite
1505 1524 1642 1551 catholica:
1661 1525 1731 1551 circa
1750 1525 1875 1560 dogmata

261 1579 433 1613 ptiorumque
453 1579 563 1606 numina
580 1588 725 1607 recensens
742 1581 916 1613 Athanasius,
928 1582 1044 1610 feminas

261 1626 288 1652 in
317 1623 439 1660 Egypto
463 1625 527 1651 deas
552 1625 654 1652 deridet
684 1631 711 1653 et
736 1627 865 1659 traducit,
895 1627 920 1653 in
947 1628 1044 1661 quibus

261 1676 348 1702 erant,
378 1671 457 1703 Ἶσις,
486 1670 572 1706 Κόρη,
603 1671 650 1698 καὶ
678 1672 817 1708 Νεωτὲρα,
846 1672 908 1704 Isis,
934 1671 1044 1699 Proser-

260 1716 334 1749 pina,
348 1720 371 1742 et
388 1715 513 1746 Neotera,
528 1717 584 1743 sive
599 1716 647 1743 dea
668 1715 768 1749 iunior.
787 1715 861 1744 Hanc
879 1724 960 1752 porro
979 1725 1044 1743 νεω-

261 1761 342 1797 τέραν
357 1769 488 1796 nusquam
503 1766 678 1788 memoratam
702 1769 743 1788 me
759 1762 893 1796 reperisse
907 1762 1016 1789 memini
1032 1770 1041 1789 :

262 1814 311 1833 nec
327 1806 377 1832 nisi
404 1808 429 1833 in
450 1807 656 1834 nutnistnatibus
675 1807 822 1842 Cleopatrae
833 1815 864 1834 ea
881 1815 930 1834 vox
946 1815 1044 1834 occur-

261 1851 298 1877 rit
312 1852 414 1885 uspiam
433 1851 508 1876 mihi.
527 1850 658 1878 Nummus
672 1853 769 1886 quippe
780 1851 814 1879 M.
831 1853 939 1879 Antonii
955 1857 1045 1879 exstat

262 1897 289 1923 in
301 1897 483 1923 cimeliarcltio
500 1898 582 1931 regio,
597 1898 622 1924 in
637 1898 713 1932 cujus
728 1899 816 1925 antica
841 1904 920 1933 caput
934 1899 1044 1925 Antonii

261 1950 321 1970 cum
351 1944 402 1970 ltac
418 1943 519 1969 circutn
544 1943 720 1978 inscriptione
743 1953 750 1970 :
777 1944 971 1980 Αὐτοκράτωρ.
989 1944 1044 1971 Θεὰ

260 1989 390 2024 νεωτέρα,
418 1989 443 2016 id
462 1994 525 2015 est:
544 1989 700 2022 Imperator.
730 1989 785 2016 Dea
803 1998 886 2022 nova,
911 1992 967 2017 sive
994 1991 1043 2017 dea

260 2035 358 2070 iunior.
383 2035 447 2062 lllud
472 2042 570 2065 autem.
591 2035 646 2061 Dea
677 2043 754 2067 noua,
782 2034 952 2069 Cleopatram
982 2043 1044 2070 spe-

262 2087 332 2114 ctat,
354 2082 430 2116 cujus
454 2086 536 2116 caput
564 2081 590 2107 in
616 2081 701 2107 altera
728 2081 829 2106 nutnmi
856 2080 924 2107 facie
948 2088 1043 2107 cusum

261 2133 300 2155 est
332 2127 390 2163 (c).
421 2127 580 2154 Plutarchus
606 2127 633 2153 in
649 2127 762 2153 Antonio
780 2126 827 2157 ait,
858 2127 944 2160 ipsum
960 2125 1044 2152 Anto-

262 2181 360 2205 lllllm,
399 2181 497 2199 novum
539 2172 675 2199 Bacchum
720 2172 747 2198 in
784 2170 902 2206 Egyplo
941 2171 1043 2197 dictum

1096 1570 1305 1601 consonantiam,
1320 1569 1409 1603 palaris
1431 1569 1544 1599 feceritis
1555 1578 1564 1596 :
1582 1574 1698 1596 attamen
1711 1571 1771 1604 quia
1791 1571 1876 1596 omni-

1096 1614 1143 1640 bus
1157 1615 1236 1640 etiam
1250 1614 1342 1649 ubique
1362 1619 1490 1641 terrarum
1502 1615 1699 1646 comministris,
1710 1623 1769 1648 quae
1781 1615 1874 1641 Arium

1095 1660 1228 1694 sociosque
1248 1661 1304 1693 ejus
1332 1665 1449 1691 spectant
1471 1660 1565 1686 litteris
1582 1660 1744 1695 signiﬁcavi;
1771 1668 1873 1687 necesse

1095 1705 1169 1737 duxi,
1185 1713 1229 1731 vos
1243 1705 1314 1732 urbis
1338 1706 1446 1732 clericos
1463 1713 1614 1738 convocare,
1631 1713 1674 1732 vos
1691 1706 1752 1732 item
1764 1705 1869 1732 Mareo-

1096 1750 1159 1777 ticos
1173 1758 1302 1778 arcessere
1312 1759 1322 1777 :
1341 1752 1486 1783 prwsertim
1514 1759 1572 1777 cum
1588 1759 1620 1778 ex
1636 1751 1705 1778 vobis
1733 1750 1831 1778 Chares
1849 1756 1875 1778 et

1097 1795 1186 1823 Pistus
1205 1797 1364 1832 presbyteri;
1389 1796 1530 1831 Sarapion,
1556 1797 1725 1829 Parammon,
1751 1796 1874 1824 Zosimus

1094 1848 1119 1869 et
1139 1843 1256 1870 lrenwus
1269 1845 1385 1876 diaconi,
1400 1844 1435 1870 ad
1449 1843 1506 1870 Arii
1518 1848 1605 1877 partes
1617 1843 1782 1875 transierint,
1797 1848 1875 1878 atque

1094 1890 1223 1917 voluerint
1241 1891 1334 1924 deponi
1356 1898 1413 1916 cum
1434 1890 1508 1921 illis;
1532 1895 1560 1916 ut
1584 1894 1647 1916 nota
1661 1890 1713 1916 sint
1733 1890 1803 1916 vobis
1817 1898 1875 1923 qum

1095 1944 1163 1962 nunc
1176 1936 1274 1970 scripta
1288 1941 1347 1962 sunt
1358 1944 1367 1962 :
1377 1941 1454 1970 utque
1469 1940 1578 1962 vestram
1590 1937 1616 1961 in
1626 1935 1695 1961 hisce
1708 1935 1874 1961 concordiam

1095 1982 1244 2013 declaratis.
1255 1991 1285 2008 ac
1298 1982 1455 2015 depositioni
1466 1981 1523 2008 Arii
1536 1986 1558 2008 et
1573 1981 1715 2012 sociorum,
1732 1979 1802 2007 Pisti
1813 1981 1875 2007 item

1093 2033 1116 2054 et
1134 2029 1263 2054 sociorum
1278 2027 1436 2062 stt/fragium
1448 2027 1554 2054 ada‘atis
1568 2031 1691 2053 vestrum.
1711 2025 1768 2053 Par
1777 2027 1871 2061 quippe

1093 2079 1130 2100 est
1151 2079 1281 2108 comperta
1297 2075 1369 2101 vobis
1392 2082 1446 2100 esse
1469 2082 1527 2107 qua:
1550 2082 1565 2099 a
1582 2082 1623 2100 me
1637 2073 1786 2107 conscripto
1802 2078 1874 2106 sunt,

1093 2128 1173 2153 eaque
1199 2120 1328 2154 singulos,
1352 2121 1428 2155 quasi
1449 2120 1557 2154 quisque
1579 2125 1693 2146 vestrum
1717 2119 1874 2153 scripsisset,

1094 2165 1170 2191 corde
1186 2165 1330 2198 complecti.

263 2219 361 2251 luisse;
379 2219 411 2246 de
433 2218 573 2253 Cleopatra
596 2225 660 2245 vero
680 2217 740 2245 talia
756 2217 848 2244 fatur:
866 2216 966 2252 Στολὴν
986 2217 1043 2243 ἑτέ-
1058 2212 1081 2239 1)
1132 2210 1178 2237 His
1204 2213 1295 2238 statim
1325 2209 1467 2244 subjicitur
1489 2210 1678 2238 condemnatio
1699 2214 1728 2237 et
1742 2209 1875 2244 depositio

263 2271 308 2300 ραν
332 2263 407 2299 ἱερὰν
421 2263 517 2295 Ἴσιδος
537 2262 682 2298 ἐλάμϐανε,
704 2263 751 2289 καὶ
774 2261 821 2288 νέα
839 2262 905 2293 Ἶσις
922 2262 1043 2297 ὲχρημὰ-

259 2309 324 2342 τιζευ
351 2310 451 2336 Stolam
474 2310 585 2336 alteram
612 2316 715 2336 sacram
747 2308 827 2335 Isidis
854 2310 984 2338 sumebat,
1015 2313 1040 2334 et

258 2363 322 2382 nova
347 2355 400 2382 Isis
427 2359 578 2387 uocabatur,
606 2354 649 2381 ubi
673 2355 807 2388 interpres
836 2353 916 2384 male,
942 2352 1039 2378 stolam

257 2400 339 2428 Isidis
361 2410 464 2428 sacram
488 2402 616 2432 sumebat,
639 2406 716 2434 atque
736 2407 809 2425 nom:
832 2398 912 2424 Isidis
939 2399 1041 2424 nomine

257 2456 380 2481 responsa
393 2448 484 2474 dabat.
500 2446 606 2474 Cultum
622 2453 702 2480 porro
715 2453 789 2472 nova:
802 2445 869 2476 deae,
879 2450 905 2472 et
919 2444 1038 2478 ejusdem

257 2494 352 2520 farina:
363 2494 485 2525 deorum,
499 2494 532 2520 ad
548 2501 633 2520 terum
647 2500 731 2526 usque
743 2498 819 2518 sumn
839 2497 1037 2525 perseverasse,

257 2540 332 2566 testis
347 2545 389 2567 est
410 2540 506 2566 ibidem
528 2539 690 2566 Athanasius
713 2539 763 2573 (Α).
788 2537 849 2564 lltec
865 2542 955 2563 autem
969 2543 1037 2562 nova

257 2584 315 2615 lsis,
331 2585 386 2612 sive
406 2585 526 2621 νεωτέρα.
551 2585 697 2612 vocabatur
720 2585 752 2610 ad
774 2583 918 2610 discrimen
939 2583 1038 2609 veteris

256 2631 342 2658 lsidis.
368 2632 438 2658 Duas
451 2631 658 2666 quippe-[sides
686 2630 867 2665 agnoscebant
895 2628 1033 2663 Egyptii:

255 2682 374 2703 "elerem
389 2677 511 2708 alterutri,
527 2685 606 2711 quam
621 2684 669 2711 pro
683 2677 745 2703 luna
759 2676 901 2707 colebant;
923 2675 1035 2701 alteram

255 2728 363 2754 novant,
384 2723 506 2749 eamdem
530 2723 634 2750 scilicet
655 2730 735 2757 quam
752 2722 779 2749 lo
797 2721 883 2749 Cra-ci
900 2727 1037 2755 nuncupa-

343 2791 448 2854 i{hanc
467 2793 495 2821 S.
511 2794 654 2828 Athanase,
669 2798 719 2822 art.
737 2793 793 2822 118.

1095 2255 1150 2288 illa,
1165 2256 1222 2283 sive
1235 2256 1347 2290 epistola
1360 2255 1502 2291 synooica,
1514 2256 1565 2283 hoc
1580 2256 1632 2282 ritu
1645 2265 1652 2284 ;

1101 2332 1256 2352 ‘HARISSIIIS
1272 2332 1541 2356 HONORATISSHHSQUE
1556 2332 1650 2356 UBIQUE
1670 2331 1811 2352 TEIIRARUI
1827 2331 1874 2351 EC-

1127 2367 1226 2387 CLESIE
1252 2367 1409 2388 CATHOLICE
1437 2368 1638 2392 COIllNISTRIS,
1652 2367 1823 2391 ALEXANDER,
1847 2367 1873 2386 IN

1127 2402 1227 2422 DOMINO
1241 2403 1373 2422 SALUTEI.

1129 2447 1193 2476 Cum
1220 2457 1301 2476 unum
1325 2450 1360 2476 sit
1384 2449 1508 2476 Ecclesitz
1534 2448 1668 2475 catholica!
1689 2456 1793 2482 corpus,
1820 2452 1873 2475 etc.

1093 2493 1159 2521 Hinc
1176 2494 1321 2522 Eusebium
1341 2494 1571 2522 Nicomediensem
1590 2495 1709 2529 exagitat
1724 2495 1794 2529 quod
1809 2494 1873 2520 reli-

1092 2544 1135 2565 cto
1148 2538 1288 2574 Berytensi
1303 2537 1534 2565 Nicomediensem
1554 2539 1740 2573 episcopatum
1764 2537 1873 2564 invase-

1092 2585 1138 2617 rit,
1158 2585 1281 2618 quodque
1304 2590 1431 2619 suscepto
1444 2585 1606 2611 Arianorum
1623 2583 1783 2618 patrocinio,
1799 2589 1873 2610 corn-

1090 2631 1264 2658 mendatitias
1296 2630 1323 2657 in
1357 2638 1450 2658 eorum
1486 2631 1602 2665 gratiam
1636 2630 1740 2656 litteras
1774 2629 1872 2662 ubique

1090 2680 1222 2702 terrarum
1246 2675 1419 2702 transmittat.
1441 2675 1542 2702 Deinde
1566 2675 1699 2702 subsumit
1721 2683 1727 2700 :
1746 2673 1871 2700 Ecclesia:

1090 2725 1178 2746 autem
1194 2720 1338 2746 desertores
1361 2720 1388 2746 lti
1407 2725 1480 2752 sunt,
1495 2720 1584 2753 Arius,
1602 2719 1726 2750 Achilles,
1749 2718 1870 2748 Aitalles,

1175 2790 1313 2852 Kailllapg.
1331 2790 1367 2818 De
1384 2791 1582 2819 namtsmatibus
1594 2790 1747 2824 Cleopatrae,
1765 2796 1792 2824 p.
1808 2786 1860 2814 189

1198 2845 1203 2851 .
1246 2833 1260 2853 e
1302 2844 1310 2852 .

1198 2833 1310 2853 .ιειδ.
