2016 3046
635 145 678 173 DE
699 144 839 172 νιτΑρΕτ
863 143 1016 172 SCRIPTIS
1034 143 1063 172 S.
1083 142 1279 171 ATHANASII.

1679 149 1759 171 CLXIII

145 205 292 240 Carpones,
308 205 387 231 Arius
413 205 489 235 alter,
515 203 660 235 Sarntates,
684 203 747 230 olim
775 192 928 238 presbyteri,
942 207 968 234 Α
980 203 1051 230 enim
1068 202 1229 237 presbyteri,
1243 207 1271 229 et
1287 205 1403 236 quatuor
1415 201 1521 229 diaconi
1541 202 1648 229 Arianis
1661 210 1757 230 nomen

148 252 274 283 Eusaius,
296 250 403 281 Lucius,
420 249 518 280 Julius.
537 249 640 280 Menas,
660 249 810 281 Helladius,
833 253 856 275 et
872 247 928 274 Ga-

151 299 204 328 ius,
223 296 285 323 olim
303 296 420 327 diaconi,
436 304 466 321 ac
491 303 548 321 cum
566 295 630 328 ipsis
649 293 784 322 Secundus
803 290 830 321 'et
847 293 930 320 Theo-

146 351 204 375 nas,
220 343 283 369 olint
308 341 422 376 episcopi
441 341 594 375 nuncupati.
616 339 697 366 Verba
713 344 801 366 autem
826 339 858 365 ab
875 339 928 365 illis

146 389 296 420 adinventa,
312 396 343 414 ac
359 390 463 422 prwter'
474 386 672 421 Scripturarum
687 391 798 412 mentem
814 385 928 419 prolata,

147 437 202 462 lucc
224 439 284 461 sunt
299 442 307 460 :
333 433 394 459 Non
417 441 519 467 semper
542 433 611 460 Dens
631 433 711 459 Pater
733 432 795 466 fuit.
810 451 818 458 .
830 450 838 458 .
851 450 861 460 .
874 452 881 460 .
898 452 904 459 .
919 451 926 458 .

147 480 304 507 Seiscilante
318 479 439 513 quodam,
465 487 525 505 num
546 478 652 512 perinde
665 478 762 504 mutari
781 483 864 512 posset
883 477 929 504 Dei

150 523 263 550 Verbum
278 527 354 557 atque
370 521 492 549 diabolus
511 529 627 549 mutatus
644 528 700 554 est;
715 530 766 549 non
780 523 854 549 veriti
868 527 928 549 sunt

146 569 188 596 illi
208 569 380 603 respondere:
398 568 469 595 Sane
479 573 562 602 potest
576 577 585 595 :
603 577 674 600 nam,
692 572 778 602 utpote
791 568 890 602 factum
903 571 928 594 et

147 619 274 647 creatum,
288 617 420 643 mutabilis
435 621 471 642 est
491 620 603 642 natum.
622 614 685 642 Haec
699 615 810 641 Arianos
823 615 928 649 loquen-

148 665 197 693 tes,
211 662 265 688 luet:
276 661 500 696 impudentissime
513 661 681 696 afﬁrmantes,
697 669 743 688 nos
757 669 815 688 eum
828 664 928 695 episco-

147 706 187 740 pis
207 705 315 741 {Egyptt'
340 711 364 732 et
387 705 529 740 Libyarum
555 713 634 738 prope
659 710 772 737 centum,
796 706 823 732 in
846 713 927 732 unum

148 751 243 781 coacti,
259 759 318 776 cum
330 750 401 783 illos,
415 756 467 777 tum
481 759 524 777 eos
537 751 582 784 qui
596 750 665 783 ipsos
678 751 760 778 secuti
774 756 845 781 sunt,
863 759 928 777 ana-

148 795 261 821 themate
272 797 456 828 percussimus.
469 796 501 822 At
515 795 642 822 Eusebius
657 801 680 822 et
691 797 755 822 socii
766 797 927 823 admiserunt

147 841 219 868 illos.
248 841 349 868 Deinde
367 848 440 872 vero,
463 841 607 868 confutatis
628 842 684 868 Arii
711 846 738 868 et
763 846 925 868 sectatorum

147 887 298 919 erroribus,
315 887 352 914 sic
376 887 470 913 clausit
492 887 634 921 epistolam
662 887 838 914 Alexander:
859 886 925 913 Cum

148 935 237 969 itaque
250 933 376 960 Dominus
388 938 411 959 et
425 932 549 960 Saluator
562 938 648 959 noster
661 933 738 959 Iesus
750 932 868 960 Christus
881 941 927 966 per

148 978 242 1011 seipse
267 977 305 1002 ita
325 978 486 1010 pnecepeiit,
506 982 530 1004 et
554 985 599 1011 per
622 977 775 1011 Apostolum
799 986 838 1004 res
854 979 926 1004 nobis

147 1023 300 1057 hujusmodi
316 1023 516 1057 significaverit;
535 1023 599 1058 jure
624 1031 670 1050 nos
694 1023 740 1058 qui
767 1024 926 1058 impietatem

147 1069 254 1095 illorum
268 1069 318 1102 ipsi
336 1077 424 1095 coram
450 1069 611 1101 audivimus,
626 1069 753 1102 homines,
784 1071 822 1096 uti
846 1077 926 1102 supra

146 1113 244 1140 dictum
260 1119 308 1144 est.
321 1113 487 1140 anathemate
503 1114 693 1146 damnavimus,
715 1115 833 1149 ipsosque
849 1123 865 1142 a
881 1123 926 1141 ca-

147 1157 243 1184 tholica
259 1155 377 1184 Ecclesia
397 1163 421 1184 et
437 1158 489 1192 fide
503 1158 603 1185 alienos
623 1159 813 1186 declaranimtts
829 1167 838 1185 :
859 1168 927 1186 rem-

147 1211 208 1237 que,
217 1203 374 1230 -charissimi
387 1208 411 1230 et
424 1203 621 1231 honoratissimi
638 1206 821 1237 comministri,
834 1211 926 1232 vestrm

146 1249 267 1283 religioni
287 1249 481 1281 indicavimus;
508 1254 536 1275 ut
556 1258 587 1276 ne
613 1251 747 1284 quospiam
771 1259 803 1278 ea:
823 1251 888 1283 illis,
903 1253 926 1278 si

146 1294 293 1329 petulanter
314 1303 358 1321 nos
376 1295 451 1321 adire
474 1296 532 1322 ausi
555 1296 663 1329 fuerint,
690 1297 820 1329 recipiatis
840 1304 848 1323 .'
866 1305 926 1324 nece

146 1339 271 1372 Eusebio,
284 1340 324 1366 vel
337 1340 384 1366 alii
402 1340 515 1374 cuipiam
536 1343 568 1367 de
582 1341 635 1367 illis
647 1342 681 1367 ad
696 1350 738 1368 cos
757 1343 879 1370 scribenti
891 1343 925 1377 ﬁ-

145 1385 204 1412 dem
221 1385 348 1412 habeatis.
375 1385 432 1412 Nos
450 1387 530 1419 enim,
546 1392 633 1420 utpote
657 1387 830 1420 Christianos,
853 1389 925 1415 decet

145 1439 233 1457 omnes
249 1431 292 1465 qui
315 1436 406 1458 contra
430 1431 561 1458 Christum
581 1431 723 1466 loquuntur
736 1437 782 1460 aut
800 1434 924 1465 sentiunt,

144 1478 212 1503 velut
224 1476 270 1503 Dei
284 1476 370 1503 hostes
384 1477 581 1512 animarumque
596 1483 761 1512 corruptores
777 1479 923 1511 adversari,

145 1529 176 1548 ac
196 1529 227 1548 ne
248 1521 351 1555 quidem
368 1522 420 1548 Ave
436 1521 488 1548 illis
504 1522 590 1548 dicere
603 1528 613 1547 :
632 1530 663 1548 ne
678 1523 782 1557 quando
798 1523 924 1550 scelerum

143 1567 260 1600 ipsorum
282 1568 420 1601 participes
445 1568 537 1599 situas,
564 1572 593 1594 ut
612 1569 727 1602 precipit
747 1567 781 1597 Β.
797 1568 923 1597 Joannes.

144 1612 270 1639 Salutate
294 1612 390 1646 fratres
403 1613 447 1647 qui
464 1613 594 1640 vobiscum
608 1619 679 1645 sunt,
704 1622 747 1641 t'os
761 1615 806 1649 qui
825 1623 925 1642 mecum

143 1661 205 1683 sunt
239 1657 355 1684 salutant
398 1657 565 1685 Alexandria:
602 1660 753 1694 presbyteri.
788 1660 924 1688 Calluthus

143 1701 278 1736 presbyter
301 1703 370 1730 hisce
394 1704 497 1737 scriptis
527 1704 669 1739 suﬂ'ragor,
696 1713 794 1732 necnon
822 1706 926 1740 deposi-

144 1748 211 1775 tioni
230 1748 298 1782 Arii,
320 1757 459 1784 eorumque
482 1750 526 1784 qui
542 1750 599 1784 ejus
623 1751 762 1784 impietatis
785 1757 925 1779 sectatores

144 1798 216 1820 sunt.
237 1793 270 1820 Et
290 1794 326 1820 ita
345 1794 472 1828 deinceps
495 1794 617 1822 feruntur
635 1795 845 1830 subscriptiones
862 1805 924 1831 prc-

144 1837 315 1872 sbylerorum
333 1843 360 1865 et
378 1839 550 1866 diaconorum
563 1839 731 1866 Alexandria:
746 1845 773 1866 et
788 1840 923 1868 Mareotaa.

144 1882 207 1910 Haec
219 1891 328 1911 necesse
350 1883 400 1910 fuit
419 1884 445 1912 in
461 1885 576 1911 medium
592 1884 725 1919 proferre,
740 1886 802 1919 quia
819 1887 844 1913 in
866 1893 925 1914 om-

143 1929 223 1956 nibus
237 1937 313 1963 pene,
327 1937 387 1964 qua:
401 1929 435 1956 de
449 1931 592 1957 Arianismi
609 1935 703 1958 exortu
721 1936 747 1958 et
762 1932 925 1959 condemna-

145 1972 218 1999 tione
232 1972 276 2000 hic
290 1978 365 2007 gesta
383 1973 513 2006 feruntur,
523 1982 537 2000 a
554 1974 724 2002 Tilletnontio
740 1976 923 2004 dissentimus.

136 2024 138 2033 ι
180 2018 219 2045 Ex
241 2018 283 2045 his
296 2026 360 2046 vero
379 2019 523 2046 Alexandri
538 2019 637 2046 litteris
652 2027 711 2047 eam
733 2027 821 2048 rerum
837 2027 926 2055 gesto-

143 2070 258 2097 rumque
273 2064 370 2091 seriem
388 2064 471 2092 fuisse
485 2065 625 2098 asseritur,
638 2073 719 2100 quam
736 2073 785 2093 nos
809 2067 835 2093 in
864 2066 925 2094 Vita

143 2109 282 2136 Athanasii
313 2111 465 2143 texuimus,
501 2111 646 2143 nimirum,
674 2116 702 2138 ut
733 2112 926 2140 animadvertit

143 2153 306 2186 Alexander,
321 2155 418 2182 malum
432 2163 542 2183 manare
555 2155 582 2182 in
598 2156 653 2183 dies
666 2155 754 2189 latius,
769 2165 803 2184 ne
814 2157 925 2185 ulterius

980 249 1086 275 dedere.
1102 248 1256 275 Alexander
1268 253 1342 279 vero,
1356 247 1401 281 qui
1420 247 1555 276 damnatis
1569 255 1583 274 a
1603 248 1705 283 synodo
1717 256 1759 275 se—

979 298 1030 320 cta:
1053 294 1229 328 principibus,
1253 294 1367 321 fractam
1385 293 1508 320 lucresitn
1525 297 1553 320 et
1577 301 1759 328 compressam

980 338 1037 366 fore
1050 334 1184 373 sperabat,
1198 344 1356 366 ceterarum
1373 339 1509 372 regionum
1525 339 1660 373 episcopis
1674 339 1759 366 latere

979 384 1105 418 cupiebat
1121 392 1164 411 res
1178 385 1204 412 in
1218 384 1335 420 [Egypto
1346 391 1446 421 gestas,
1460 390 1489 411 ut
1502 393 1535 412 ne
1547 386 1669 420 vulgatus
1680 393 1758 413 error

979 429 1059 456 latius
1077 436 1209 464 serperet.
1222 431 1255 458 Ut
1269 435 1357 457 autem
1370 431 1442 458 videt
1460 430 1647 465 ingraVo-scere
1664 431 1689 458 in
1701 431 1759 459 dies

981 475 1135 504 intestinum
1159 475 1277 507 malum,
1301 483 1350 503 nec
1372 477 1492 503 externis
1519 476 1638 503 hostibus
1671 477 1759 504 minus

979 527 1059 554 quam
1074 521 1230 548 domesticis
1240 521 1448 548 Alexandrinam
1462 521 1608 549 Ecclesium
1625 523 1757 554 laborare,

979 566 1081 594 litteras
1101 567 1226 595 omnibus
1240 575 1287 602 per
1300 569 1392 594 orbem
1407 568 1540 602 episcopis
1560 568 1644 600 dedit,
1665 568 1759 602 quales

979 613 1101 646 superius
1126 612 1276 644 attulimus,
1301 619 1332 639 ac
1352 611 1417 638 cieri
1443 612 1617 638 Alexandrini
1642 612 1760 638 munitas

978 655 1124 690 suﬂ'ragiis,
1141 663 1194 691 quo
1220 657 1382 683 Arianorum
1397 656 1597 683 damnationem
1621 655 1760 690 pervulga-

979 706 1031 732 ret.
1051 702 1228 737 undequaque
1245 701 1328 730 misit.
1345 701 1418 728 lianc
1433 707 1568 736 gestorum
1586 702 1682 728 seriem
1695 709 1758 735 per-

978 748 1070 781 spicue
1091 749 1116 774 in
1133 748 1221 774 allatis
1241 747 1337 774 litteris
1356 746 1446 774 efferri
1463 755 1540 774 nemo
1557 754 1608 774 non
1629 746 1756 774 lateatur.

979 791 1077 819 Verum
1095 792 1283 819 Tilletnontius
1297 800 1330 819 ex
1346 793 1514 822 earumdem,
1532 796 1560 819 ut
1581 797 1667 826 putat.
1685 792 1758 819 litte-

979 845 1069 864 rarutn
1091 838 1261 870 auctoritate,
1285 837 1362 870 longe
1380 836 1458 864 aliam
1475 837 1598 863 narrandi
1622 838 1692 864 viam
1709 845 1758 872 ag-

941 877 963 906 Β
977 882 1107 917 greditur.
1123 883 1211 910 Primo
1221 883 1406 915 cnim,contra
1421 882 1500 908 iidem
1514 883 1758 916 manuscriptorum

977 932 1004 956 et
1031 928 1164 955 editorum
1193 930 1331 960 omnium,
1359 928 1569 962 subscriptiones
1602 928 1662 955 illas
1692 928 1756 954 cleri

977 974 1148 1001 Alexandrini
1159 979 1185 1000 et
1194 974 1341 1008 Mareotici,
1351 982 1410 1009 quas
1422 974 1518 1001 litteris
1529 974 1673 1000 Alexandri
1691 981 1756 1008 syn-

976 1019 1110 1052 odalibus,
1133 1019 1331 1047 damnationem
1355 1020 1412 1047 Arii
1439 1024 1467 1046 et
1488 1019 1621 1046 sociorum
1647 1018 1758 1046 ferenti-

975 1065 1036 1097 bus,
1050 1066 1245 1100 subjiciuntur;
1264 1073 1315 1092 non
1336 1066 1369 1093 ad
1385 1073 1430 1093 eas
1452 1065 1565 1096 litteras,
1579 1065 1625 1091 sed
1643 1065 1675 1091 ad
1691 1065 1757 1092 bor~

977 1111 1088 1138 tatorias
1111 1111 1188 1138 initio
1212 1116 1373 1138 memoratas
1399 1111 1533 1145 pertinere
1551 1111 1698 1137 contendit.
1722 1109 1759 1137 At

975 1157 1020 1191 qui
1035 1157 1157 1184 hortandi
1178 1157 1273 1183 tnodns
1295 1157 1374 1184 isthic
1390 1162 1472 1187 esset,
1488 1157 1509 1182 si
1526 1156 1555 1188 ii,
1575 1155 1619 1189 qui
1635 1157 1757 1182 hortato-

977 1202 1024 1228 riis
1038 1202 1221 1233 subscribunt,
1237 1202 1397 1229 sententiam
1412 1201 1588 1235 depositionis
1603 1206 1629 1227 et
1644 1202 1759 1229 damna-

976 1247 1058 1274 tionis
1074 1246 1160 1273 l‘ersnt
1174 1247 1199 1273 in
1213 1254 1269 1278 eos,
1282 1255 1349 1282 quos
1363 1249 1395 1274 ad
1408 1255 1499 1282 pacem
1515 1254 1541 1275 et
1556 1249 1758 1275 reconciliatio-

976 1300 1037 1320 nem
1064 1294 1202 1320 evocant?
1228 1294 1335 1321 Siccine
1357 1294 1533 1322 hortarentur
1555 1295 1705 1329 presbyteri
1730 1299 1759 1322 et

976 1338 1081 1365 diaconi
1098 1347 1104 1365 :
1122 1338 1259 1366 Colluthus
1272 1340 1403 1374 presbyter
1415 1341 1485 1367 hisce
1496 1341 1598 1374 scriptis
1614 1341 1757 1374 suﬂ‘ragor,

976 1392 1076 1411 necnon
1089 1385 1244 1418 depositioni
1260 1385 1329 1417 Arii,
1340 1393 1479 1421 eorumque
1494 1387 1538 1420 qui
1550 1387 1606 1421 ejus
1616 1387 1759 1420 impietatis

976 1435 1115 1456 sectatores
1142 1431 1225 1457 sunt?
1242 1430 1324 1458 Miror
1350 1431 1428 1466 plane
1450 1432 1648 1460 Tillcmontium
1678 1433 1758 1460 [idem

976 1475 1101 1502 omnibus
1128 1476 1328 1510 exemplaribus
1352 1481 1379 1503 et
1397 1478 1588 1512 manuscriptis
1612 1479 1755 1512 derogare,

976 1524 1006 1546 ut
1025 1527 1081 1547 rem
1108 1527 1219 1554 prorsus
1244 1520 1426 1548 incredibilem
1452 1526 1553 1548 statuat
1576 1527 1604 1549 et
1618 1523 1756 1550 defendat.

977 1566 1012 1592 At
1025 1566 1098 1592 enim
1113 1571 1142 1592 ut
1157 1566 1322 1601 exemplaria
1336 1567 1454 1601 editique
1471 1567 1532 1594 libri
1547 1567 1647 1599 ierunt,
1660 1576 1691 1595 ac
1708 1577 1758 1595 na-

977 1612 1047 1639 tivus
1064 1620 1152 1639 rerum
1179 1613 1245 1639 ordo
1271 1612 1397 1647 posmlat,
1423 1613 1581 1639 hortabatur
1606 1613 1758 1641 Alexander

975 1656 1081 1688 Arium,
1098 1662 1127 1683 ut
1142 1658 1327 1691 resipisccntia
1349 1665 1397 1684 sua
1422 1658 1619 1685 damnationem
1641 1666 1759 1692 prmver-

976 1705 1078 1728 teretct
1089 1701 1235 1728 declinaret
1247 1711 1254 1728 :
1264 1709 1294 1728 ac
1305 1705 1444 1736 postquam
1457 1701 1519 1729 huic
1534 1703 1673 1730 sarciendo
1688 1703 1759 1729 malo

975 1747 1042 1774 nihil
1060 1747 1176 1774 hortatio
1194 1747 1340 1781 profuerat,
1357 1748 1466 1775 demutn
1486 1749 1519 1775 ad
1540 1752 1662 1775 extrema
1680 1753 1708 1776 et
1723 1749 1758 1776 ad

975 1792 1173 1819 damnationem
1190 1797 1297 1818 ventum
1319 1797 1370 1819 cst.

1010 1836 1068 1870 Quo
1084 1845 1130 1863 sua
1155 1837 1203 1864 sibi
1229 1843 1332 1865 constet
1357 1838 1426 1865 ratio
1455 1838 1654 1870 Tillemontius,
1681 1839 1758 1866 binas

974 1883 1143 1910 Alexandriae
1164 1884 1241 1911 datas
1269 1884 1301 1911 ab
1329 1885 1482 1912 Alexandro
1509 1886 1635 1920 episcopo
1656 1886 1712 1912 Arii
1732 1891 1759 1913 et

975 1930 1108 1957 sociorum
1127 1930 1312 1958 damnationes
1323 1931 1547 1962 comminiscitur,
1558 1933 1669 1963 primani
1683 1932 1758 1959 vide-

974 1976 1037 2004 licet
1050 1976 1131 2007 illatn,
1147 1984 1225 2010 quam
1238 1977 1292 2011 ipse
1304 1976 1365 2009 sibi,
1375 1978 1481 2004 nemine
1488 1982 1608 2008 auctore,
1617 1978 1758 2009 conﬁnxit,

974 2030 1070 2057 nempe
1097 2023 1271 2049 hortatoriam
1295 2023 1505 2054 damnationem,
1521 2022 1553 2050 ad
1576 2030 1655 2057 quam
1681 2023 1760 2057 perti-

975 2073 1049 2099 nent,
1064 2073 1092 2095 ut
1103 2068 1150 2100 ait,
1160 2069 1381 2103 subscriptiones,
1394 2076 1453 2103 qua:
1471 2069 1594 2096 secundat
1611 2069 1760 2102 subjiciun-

976 2118 1037 2147 tur;
1060 2115 1205 2142 secundam
1231 2122 1296 2142 vero
1318 2115 1373 2141 vult
1399 2115 1470 2141 illam
1491 2121 1560 2146 esse,
1585 2121 1644 2147 quae
1665 2115 1758 2141 etiam-

976 2169 1038 2188 num
1049 2167 1184 2196 superest,
1192 2162 1242 2189 hoc
1254 2161 1395 2196 principio,
1410 2161 1477 2188 Cum
1491 2169 1571 2187 unum
1583 2160 1617 2186 sit
1632 2158 1760 2187 Erclesiw

144 2205 325 2234 grassaretur,
344 2201 508 2229 hortatorias
523 2201 630 2229 litteras
646 2202 720 2230 dedit
734 2203 767 2229 ad
780 2203 874 2229 Arium
897 2207 923 2230 et
939 2209 962 2237 ο
975 2213 1077 2239 corpus,
1098 2211 1162 2239 etc.,
1177 2207 1219 2233 cui
1232 2213 1372 2241 perperam
1396 2205 1534 2240 adjunctus
1550 2205 1760 2239 subscriptiones

144 2246 245 2279 socios,
261 2253 313 2280 quo
329 2246 387 2273 illos
403 2247 435 2273 ad
455 2254 552 2273 sanam
571 2252 687 2274 mentem
702 2249 842 2275 reduceret
858 2258 865 2276 :
880 2253 923 2276 ut-

143 2296 197 2324 que
217 2290 296 2317 dictis
311 2291 419 2318 adderet
436 2292 526 2324 ﬁdem,
544 2291 719 2319 Alexandrini
742 2297 769 2319 et
784 2293 923 2321 ltlareotici

143 2335 210 2362 cieri
233 2335 367 2370 suffragiis
382 2337 499 2364 munitas
515 2337 549 2364 ad
564 2338 659 2365 Arium
674 2337 845 2372 asseclasque
860 2340 923 2366 mit-

144 2381 186 2408 tit.
197 2381 264 2408 Cum
287 2388 376 2409 autem
395 2382 476 2410 Arius
497 2388 524 2410 et
547 2383 668 2415 assecuta,
683 2383 786 2411 feroces
799 2385 925 2418 cupidine

143 2429 225 2463 capti
254 2428 413 2463 perﬁciundi
441 2435 487 2456 eas
504 2429 580 2456 nihili
600 2429 729 2462 lacerent,
760 2438 810 2457 nec
835 2431 923 2458 minus

143 2474 319 2508 persisterent
341 2476 367 2501 in
383 2474 495 2509 pristina
513 2475 666 2509 impietate;
685 2476 847 2508 Alexander,
862 2485 922 2503 cum

143 2519 216 2547 nulla
232 2527 293 2554 spes
314 2525 467 2554 superesset
483 2521 690 2548 reconciliandae
712 2523 797 2556 pacis,
821 2523 922 2550 coactis

142 2573 175 2593 ex
204 2565 331 2601 Egypto,
357 2565 440 2600 Libya
465 2571 492 2593 et
524 2567 661 2601 Pentapoli
686 2567 818 2601 episcopis
843 2576 924 2603 prope

115 2622 118 2626 ~
142 2617 262 2643 centum,
287 2613 344 2639 Arii
364 2617 391 2639 et
411 2613 545 2639 sociorum
569 2620 678 2640 causam
697 2614 807 2648 agitavit
824 2623 831 2641 :
847 2616 925 2648 queis

142 2657 306 2690 pertinacius
321 2663 408 2691 coepta
427 2657 575 2689 tuentibus,
588 2658 706 2692 synodus
719 2659 848 2686 adversus
865 2660 924 2686 illos

141 2704 304 2731 sententiam
329 2703 407 2730 dixit.
427 2704 506 2730 Arius
525 2703 588 2730 hinc
607 2703 689 2730 multo
710 2705 848 2731 ardentior
862 2712 926 2739 pro-

141 2749 272 2783 pagandn:
290 2749 400 2776 haeresis
421 2750 521 2778 studio.
543 2750 660 2776 asscclas
679 2749 853 2782 conﬁrmare,
874 2759 926 2777 no-

141 2802 190 2821 vos
201 2794 251 2821 sibi
266 2795 292 2820 in
305 2795 363 2822 dies
377 2802 424 2822 sua
436 2803 598 2828 suorumque
610 2803 690 2829 opera
702 2795 854 2822 adsciscere
868 2804 896 2822 sa
903 2801 927 2824 t-

142 2840 249 2875 egebat.
264 2839 331 2867 Tum
351 2840 442 2879 ingens
458 2839 507 2867 fuit
526 2839 551 2866 in
575 2839 691 2866 lllarcote
706 2839 820 2866 deiectio
841 2848 848 2864 :
870 2844 927 2869 ti-gs

976 2251 1131 2278 arbitratur.
1150 2251 1215 2278 Eam
1224 2259 1288 2279 vero
1300 2252 1381 2278 nullis
1399 2256 1521 2279 testatam
1533 2251 1688 2278 auctoribus
1701 2251 1759 2284 opi-

977 2295 1083 2323 nionem
1099 2296 1142 2324 ltis
1155 2296 1320 2331 argumentis
1330 2296 1373 2323 ille
1387 2301 1484 2323 tuetur.
1496 2297 1523 2322 In
1535 2295 1660 2330 epistola,
1673 2295 1760 2330 inquit

977 2340 1031 2372 ille,
1046 2349 1128 2377 qttam
1144 2350 1258 2376 pra’sens
1269 2342 1451 2376 prtesemibus,
1463 2346 1491 2368 ut
1504 2349 1592 2376 supra.
1611 2341 1684 2367 dedit
1695 2341 1759 2367 Ale-

979 2388 1096 2420 xander;
1109 2387 1176 2414 alios
1191 2392 1332 2418 memorat,
1350 2387 1394 2422 qui
1415 2387 1560 2414 secundum
1582 2387 1685 2420 priores
1699 2385 1759 2412 illos

976 2431 1111 2464 Arianos,
1130 2433 1164 2459 ad
1191 2432 1284 2459 Arium
1310 2432 1475 2466 defecerant,
1505 2439 1600 2466 nempe
1626 2431 1759 2464 Cltaretn,

977 2476 1091 2509 Pistum,
1121 2483 1174 2504 etc.
1186 2497 1193 2510 ,
1212 2478 1387 2512 hortaturque
1402 2483 1491 2511 postea
1518 2477 1638 2508 eosdem,
1654 2481 1682 2503 ιιι
1706 2485 1759 2504 non

977 2523 1058 2550 modo
1070 2523 1126 2550 Arii
1139 2528 1165 2550 ct
1178 2523 1310 2549 sociorum
1322 2543 1329 2555 ,
1348 2524 1393 2550 sed
1409 2523 1488 2550 etiam
1506 2522 1570 2550 Pisti
1586 2528 1612 2549 et
1626 2523 1759 2549 sociorum

976 2568 1137 2602 depositioni
1159 2568 1329 2595 subscribant
1344 2577 1351 2594 2
1366 2575 1458 2595 verum
1477 2575 1564 2602 neque
1590 2567 1655 2594 ἰδίειί
1673 2575 1760 2601 neque

976 2614 1114 2642 sociorum
1142 2614 1194 2641 ulla
1225 2614 1324 2640 mentio
1349 2614 1375 2640 in
1399 2613 1508 2647 epistola
1534 2613 1671 2648 encyclica
1701 2621 1760 2647 qum

978 2661 1190 2694 superest,unde
1202 2659 1302 2687 inferas
1316 2659 1527 2693 subscriptiones
1547 2659 1687 2693 adiunctas
1706 2666 1758 2685 non

979 2706 1012 2732 ad
1028 2713 1085 2732 eam
1097 2705 1236 2740 epistolam
1254 2705 1397 2740 pertinere,
1413 2705 1459 2731 sed
1478 2705 1510 2731 ad
1532 2705 1622 2737 aliaat,
1638 2712 1697 2740 qua!
1720 2704 1761 2730 in-

980 2752 1094 2784 tcrierit,
1109 2759 1220 2786 quaeque
1246 2751 1379 2778 hortando
1392 2751 1459 2778 diris
1476 2751 1622 2778 devovebat
1636 2752 1759 2778 Atiunos.

979 2796 1157 2831 Egritudinis
1169 2797 1272 2823 scilicet
1284 2796 1405 2830 angustia
1423 2803 1540 2829 pressus,
1554 2797 1610 2823 hznc
1625 2796 1650 2822 in
1670 2800 1759 2822 trans-

980 2851 1058 2870 cursu
1071 2844 1169 2877 legerat
1184 2843 1223 2870 vir
1236 2842 1367 2882 eruditus,
1377 2849 1463 2876 neque
1470 2842 1695 2870 animadverterat
1707 2850 1759 2868 non
