  <div class='ocr_page' id='page_1' title='image "/cluster/home/n/w/nwhite01/storage/ocr_20150623/25/njp.32101010944591/169.png"; bbox 0 0 2016 3046; ppageno 0'>
   <div class='ocr_carea' id='block_1_1' title="bbox 270 139 350 160">
    <p class='ocr_par' dir='ltr' id='par_1_1' title="bbox 270 139 350 160">
     <span class='ocr_line' id='line_1_1' title="bbox 270 139 350 160; baseline 0 0"><span class='ocrx_word' id='word_1_1' title='bbox 270 139 350 160; x_wconf 66' lang='lat' dir='ltr'><strong>Clu!&quot;</strong></span> 
     </span>
    </p>
   </div>
   <div class='ocr_carea' id='block_1_2' title="bbox 953 134 1221 166">
    <p class='ocr_par' dir='ltr' id='par_1_2' title="bbox 953 134 1221 166">
     <span class='ocr_line' id='line_1_2' title="bbox 953 134 1221 166; baseline 0.011 -4"><span class='ocrx_word' id='word_1_2' title='bbox 953 134 1221 166; x_wconf 67' lang='lat' dir='ltr'><strong>PROLEGOLIENA.</strong></span> 
     </span>
    </p>
   </div>
   <div class='ocr_carea' id='block_1_3' title="bbox 271 189 1881 227">
    <p class='ocr_par' dir='ltr' id='par_1_3' title="bbox 271 189 1881 227">
     <span class='ocr_line' id='line_1_3' title="bbox 271 189 1881 227; baseline 0.001 -11"><span class='ocrx_word' id='word_1_3' title='bbox 271 189 350 217; x_wconf 89' lang='lat' dir='ltr'><strong>modo</strong></span> <span class='ocrx_word' id='word_1_4' title='bbox 366 189 459 216; x_wconf 88' lang='lat' dir='ltr'><strong>Arium</strong></span> <span class='ocrx_word' id='word_1_5' title='bbox 478 193 506 217; x_wconf 91' lang='lat' dir='ltr'><strong>et</strong></span> <span class='ocrx_word' id='word_1_6' title='bbox 531 197 659 225; x_wconf 75' lang='lat' dir='ltr'><strong>sequaces</strong></span> <span class='ocrx_word' id='word_1_7' title='bbox 676 191 736 218; x_wconf 90' lang='lat' dir='ltr'><strong>illos</strong></span> <span class='ocrx_word' id='word_1_8' title='bbox 757 191 881 226; x_wconf 81' lang='lat' dir='ltr'><strong>priores;</strong></span> <span class='ocrx_word' id='word_1_9' title='bbox 901 193 947 219; x_wconf 86' lang='lat' dir='ltr'><strong>sed</strong></span> <span class='ocrx_word' id='word_1_10' title='bbox 969 193 1050 220; x_wconf 79' lang='lat' dir='ltr'><strong>etiam</strong></span> <span class='ocrx_word' id='word_1_11' title='bbox 1065 197 1089 225; x_wconf 77' lang='grc' dir='ltr'><strong>Α</strong></span> <span class='ocrx_word' id='word_1_12' title='bbox 1103 193 1196 220; x_wconf 82' lang='lat' dir='ltr'><strong>latium</strong></span> <span class='ocrx_word' id='word_1_13' title='bbox 1223 192 1405 226; x_wconf 70' lang='lat' dir='ltr'><strong>mdiﬁcaverat.</strong></span> <span class='ocrx_word' id='word_1_14' title='bbox 1431 191 1505 219; x_wconf 71' lang='lat' dir='ltr'><strong>nunc</strong></span> <span class='ocrx_word' id='word_1_15' title='bbox 1521 192 1602 227; x_wconf 84' lang='lat' dir='ltr'><strong>igitur</strong></span> <span class='ocrx_word' id='word_1_16' title='bbox 1618 192 1648 218; x_wconf 88' lang='lat' dir='ltr'><strong>ob</strong></span> <span class='ocrx_word' id='word_1_17' title='bbox 1675 199 1781 218; x_wconf 74' lang='lat' dir='ltr'><strong>causam</strong></span> <span class='ocrx_word' id='word_1_18' title='bbox 1805 191 1881 217; x_wconf 83' lang='lat' dir='ltr'><strong>multi</strong></span> 
     </span>
    </p>
   </div>
   <div class='ocr_carea' id='block_1_4' title="bbox 269 235 1052 270">
    <p class='ocr_par' dir='ltr' id='par_1_4' title="bbox 269 235 1052 270">
     <span class='ocr_line' id='line_1_4' title="bbox 269 235 1052 270; baseline 0.003 -8"><span class='ocrx_word' id='word_1_19' title='bbox 269 243 317 262; x_wconf 88' lang='lat' dir='ltr'><strong>eos</strong></span> <span class='ocrx_word' id='word_1_20' title='bbox 331 235 375 270; x_wconf 93' lang='lat' dir='ltr'><strong>qui</strong></span> <span class='ocrx_word' id='word_1_21' title='bbox 389 240 449 270; x_wconf 81' lang='lat' dir='ltr'><strong>post</strong></span> <span class='ocrx_word' id='word_1_22' title='bbox 463 235 627 268; x_wconf 84' lang='lat' dir='ltr'><strong>defecerant,</strong></span> <span class='ocrx_word' id='word_1_23' title='bbox 643 236 717 264; x_wconf 88' lang='lat' dir='ltr'><strong>clare</strong></span> <span class='ocrx_word' id='word_1_24' title='bbox 733 239 767 263; x_wconf 84' lang='lat' dir='ltr'><strong>ab</strong></span> <span class='ocrx_word' id='word_1_25' title='bbox 779 237 931 264; x_wconf 83' lang='lat' dir='ltr'><strong>Alexandro</strong></span> <span class='ocrx_word' id='word_1_26' title='bbox 951 244 1052 264; x_wconf 84' lang='lat' dir='ltr'><strong>memo-</strong></span> 
     </span>
    </p>
   </div>
   <div class='ocr_carea' id='block_1_5' title="bbox 270 281 1051 315">
    <p class='ocr_par' dir='ltr' id='par_1_5' title="bbox 270 281 1051 315">
     <span class='ocr_line' id='line_1_5' title="bbox 270 281 1051 315; baseline 0.003 -8"><span class='ocrx_word' id='word_1_27' title='bbox 270 281 338 308; x_wconf 86' lang='lat' dir='ltr'><strong>rari.</strong></span> <span class='ocrx_word' id='word_1_28' title='bbox 352 281 418 308; x_wconf 81' lang='lat' dir='ltr'><strong>Nam</strong></span> <span class='ocrx_word' id='word_1_29' title='bbox 431 281 475 308; x_wconf 90' lang='lat' dir='ltr'><strong>ubi</strong></span> <span class='ocrx_word' id='word_1_30' title='bbox 497 281 597 308; x_wconf 89' lang='lat' dir='ltr'><strong>diserte</strong></span> <span class='ocrx_word' id='word_1_31' title='bbox 620 283 768 310; x_wconf 80' lang='lat' dir='ltr'><strong>nominavit</strong></span> <span class='ocrx_word' id='word_1_32' title='bbox 789 283 894 315; x_wconf 87' lang='lat' dir='ltr'><strong>Arium,</strong></span> <span class='ocrx_word' id='word_1_33' title='bbox 910 283 1051 315; x_wconf 81' lang='lat' dir='ltr'><strong>Achillem,</strong></span> 
     </span>
    </p>
   </div>
   <div class='ocr_carea' id='block_1_6' title="bbox 269 326 1052 363">
    <p class='ocr_par' dir='ltr' id='par_1_6' title="bbox 269 326 1052 363">
     <span class='ocr_line' id='line_1_6' title="bbox 269 326 1052 363; baseline 0.003 -10"><span class='ocrx_word' id='word_1_34' title='bbox 269 326 413 358; x_wconf 82' lang='lat' dir='ltr'><strong>Aithalem,</strong></span> <span class='ocrx_word' id='word_1_35' title='bbox 437 330 464 353; x_wconf 87' lang='lat' dir='ltr'><strong>et</strong></span> <span class='ocrx_word' id='word_1_36' title='bbox 488 326 604 361; x_wconf 85' lang='lat' dir='ltr'><strong>reliquos</strong></span> <span class='ocrx_word' id='word_1_37' title='bbox 622 328 667 362; x_wconf 87' lang='lat' dir='ltr'><strong>qui</strong></span> <span class='ocrx_word' id='word_1_38' title='bbox 687 329 790 363; x_wconf 84' lang='lat' dir='ltr'><strong>priores</strong></span> <span class='ocrx_word' id='word_1_39' title='bbox 808 328 921 355; x_wconf 68' lang='lat' dir='ltr'><strong>limresin</strong></span> <span class='ocrx_word' id='word_1_40' title='bbox 939 327 1052 362; x_wconf 78' lang='lat' dir='ltr'><strong>professi</strong></span> 
     </span>
    </p>
   </div>
   <div class='ocr_carea' id='block_1_7' title="bbox 269 373 1052 411">
    <p class='ocr_par' dir='ltr' id='par_1_7' title="bbox 269 373 1052 411">
     <span class='ocr_line' id='line_1_7' title="bbox 269 373 1052 411; baseline 0.004 -11"><span class='ocrx_word' id='word_1_41' title='bbox 269 373 387 405; x_wconf 85' lang='lat' dir='ltr'><strong>fuerant,</strong></span> <span class='ocrx_word' id='word_1_42' title='bbox 403 377 484 408; x_wconf 82' lang='lat' dir='ltr'><strong>atque</strong></span> <span class='ocrx_word' id='word_1_43' title='bbox 502 375 527 401; x_wconf 92' lang='lat' dir='ltr'><strong>in</strong></span> <span class='ocrx_word' id='word_1_44' title='bbox 545 374 602 409; x_wconf 89' lang='lat' dir='ltr'><strong>ipsa</strong></span> <span class='ocrx_word' id='word_1_45' title='bbox 617 380 725 402; x_wconf 90' lang='lat' dir='ltr'><strong>centum</strong></span> <span class='ocrx_word' id='word_1_46' title='bbox 741 376 927 410; x_wconf 87' lang='lat' dir='ltr'><strong>episcoporum</strong></span> <span class='ocrx_word' id='word_1_47' title='bbox 951 375 1052 411; x_wconf 79' lang='lat' dir='ltr'><strong>synodo</strong></span> 
     </span>
    </p>
   </div>
   <div class='ocr_carea' id='block_1_8' title="bbox 268 418 1050 454">
    <p class='ocr_par' dir='ltr' id='par_1_8' title="bbox 268 418 1050 454">
     <span class='ocr_line' id='line_1_8' title="bbox 268 418 1050 454; baseline 0.004 -11"><span class='ocrx_word' id='word_1_48' title='bbox 268 418 417 451; x_wconf 84' lang='lat' dir='ltr'><strong>impietales</strong></span> <span class='ocrx_word' id='word_1_49' title='bbox 439 419 607 452; x_wconf 84' lang='lat' dir='ltr'><strong>impudenter</strong></span> <span class='ocrx_word' id='word_1_50' title='bbox 634 419 799 452; x_wconf 85' lang='lat' dir='ltr'><strong>extulerant,</strong></span> <span class='ocrx_word' id='word_1_51' title='bbox 824 420 880 447; x_wconf 65' lang='lat' dir='ltr'><strong>haec</strong></span> <span class='ocrx_word' id='word_1_52' title='bbox 895 419 1050 454; x_wconf 71' lang='lat' dir='ltr'><strong>subiungit:</strong></span> 
     </span>
    </p>
   </div>
   <div class='ocr_carea' id='block_1_9' title="bbox 266 463 1052 500">
    <p class='ocr_par' dir='ltr' id='par_1_9' title="bbox 266 463 1052 500">
     <span class='ocr_line' id='line_1_9' title="bbox 266 463 1052 500; baseline 0.003 -11"><span class='ocrx_word' id='word_1_53' title='bbox 266 463 357 489; x_wconf 79' lang='grc' dir='ltr'><strong>Ταῦτα</strong></span> <span class='ocrx_word' id='word_1_54' title='bbox 373 463 501 497; x_wconf 79' lang='grc' dir='ltr'><strong>λέγοντας</strong></span> <span class='ocrx_word' id='word_1_55' title='bbox 517 464 580 496; x_wconf 74' lang='grc' dir='ltr'><strong>τοὺς</strong></span> <span class='ocrx_word' id='word_1_56' title='bbox 597 465 661 500; x_wconf 80' lang='grc' dir='ltr'><strong>περὶ</strong></span> <span class='ocrx_word' id='word_1_57' title='bbox 681 465 800 500; x_wconf 79' lang='grc' dir='ltr'><strong>Ἀρειον,</strong></span> <span class='ocrx_word' id='word_1_58' title='bbox 817 465 864 491; x_wconf 76' lang='grc' dir='ltr'><strong>καὶ</strong></span> <span class='ocrx_word' id='word_1_59' title='bbox 882 465 929 491; x_wconf 75' lang='grc' dir='ltr'><strong>ἐπὶ</strong></span> <span class='ocrx_word' id='word_1_60' title='bbox 949 465 1052 496; x_wconf 77' lang='grc' dir='ltr'><strong>τούτοις</strong></span> 
     </span>
    </p>
   </div>
   <div class='ocr_carea' id='block_1_10' title="bbox 264 510 1051 547">
    <p class='ocr_par' dir='ltr' id='par_1_10' title="bbox 264 510 1051 547">
     <span class='ocr_line' id='line_1_10' title="bbox 264 510 1051 547; baseline 0.001 -10"><span class='ocrx_word' id='word_1_61' title='bbox 264 510 517 545; x_wconf 76' lang='grc' dir='ltr'><strong>ὰναισχυντοῦντας,</strong></span> <span class='ocrx_word' id='word_1_62' title='bbox 541 512 640 542; x_wconf 75' lang='grc' dir='ltr'><strong>αὐτούς</strong></span> <span class='ocrx_word' id='word_1_63' title='bbox 656 520 686 537; x_wconf 74' lang='grc' dir='ltr'><strong>τε</strong></span> <span class='ocrx_word' id='word_1_64' title='bbox 710 511 834 543; x_wconf 76' lang='grc' dir='ltr'><strong>καὶτοὺς</strong></span> <span class='ocrx_word' id='word_1_65' title='bbox 854 511 1051 547; x_wconf 82' lang='grc' dir='ltr'><strong>συνακολουθή-</strong></span> 
     </span>
    </p>
   </div>
   <div class='ocr_carea' id='block_1_11' title="bbox 264 556 1052 593">
    <p class='ocr_par' dir='ltr' id='par_1_11' title="bbox 264 556 1052 593">
     <span class='ocr_line' id='line_1_11' title="bbox 264 556 1052 593; baseline 0.001 -11"><span class='ocrx_word' id='word_1_66' title='bbox 264 563 364 587; x_wconf 81' lang='grc' dir='ltr'>σαντας</span> <span class='ocrx_word' id='word_1_67' title='bbox 390 556 491 588; x_wconf 76' lang='grc' dir='ltr'><strong>αὐτοῖς,</strong></span> <span class='ocrx_word' id='word_1_68' title='bbox 510 557 588 591; x_wconf 79' lang='grc' dir='ltr'><strong>ἡμεῖς</strong></span> <span class='ocrx_word' id='word_1_69' title='bbox 612 558 660 592; x_wconf 85' lang='grc' dir='ltr'><strong>μὲν</strong></span> <span class='ocrx_word' id='word_1_70' title='bbox 685 558 754 593; x_wconf 79' lang='grc' dir='ltr'><strong>μετὰ</strong></span> <span class='ocrx_word' id='word_1_71' title='bbox 775 557 829 583; x_wconf 83' lang='grc' dir='ltr'><strong>τῶν</strong></span> <span class='ocrx_word' id='word_1_72' title='bbox 846 557 906 583; x_wconf 80' lang='grc' dir='ltr'><strong>κατ’</strong></span> <span class='ocrx_word' id='word_1_73' title='bbox 916 557 1052 591; x_wconf 76' lang='grc' dir='ltr'><strong>Αἴγυπτον</strong></span> 
     </span>
    </p>
   </div>
   <div class='ocr_carea' id='block_1_12' title="bbox 263 600 1050 636">
    <p class='ocr_par' dir='ltr' id='par_1_12' title="bbox 263 600 1050 636">
     <span class='ocr_line' id='line_1_12' title="bbox 263 600 1050 636; baseline 0.003 -9"><span class='ocrx_word' id='word_1_74' title='bbox 263 600 310 627; x_wconf 73' lang='grc' dir='ltr'><strong>καὶ</strong></span> <span class='ocrx_word' id='word_1_75' title='bbox 334 601 384 632; x_wconf 76' lang='grc' dir='ltr'><strong>τὰς</strong></span> <span class='ocrx_word' id='word_1_76' title='bbox 409 601 511 632; x_wconf 76' lang='grc' dir='ltr'><strong>Λιϐύας</strong></span> <span class='ocrx_word' id='word_1_77' title='bbox 537 601 704 634; x_wconf 77' lang='grc' dir='ltr'><strong>ἐπισκόπων,</strong></span> <span class='ocrx_word' id='word_1_78' title='bbox 732 602 814 636; x_wconf 73' lang='grc' dir='ltr'><strong>ἐγγὺς</strong></span> <span class='ocrx_word' id='word_1_79' title='bbox 839 602 935 628; x_wconf 77' lang='grc' dir='ltr'><strong>ἑκατὸν</strong></span> <span class='ocrx_word' id='word_1_80' title='bbox 956 602 1050 635; x_wconf 71' lang='grc' dir='ltr'><strong>ὄντων,</strong></span> 
     </span>
    </p>
   </div>
   <div class='ocr_carea' id='block_1_13' title="bbox 264 646 1051 683">
    <p class='ocr_par' dir='ltr' id='par_1_13' title="bbox 264 646 1051 683">
     <span class='ocr_line' id='line_1_13' title="bbox 264 646 1051 683; baseline 0.005 -11"><span class='ocrx_word' id='word_1_81' title='bbox 264 646 435 678; x_wconf 81' lang='grc' dir='ltr'><strong>συνελθόντες</strong></span> <span class='ocrx_word' id='word_1_82' title='bbox 462 647 708 683; x_wconf 76' lang='grc' dir='ltr'><strong>ἀνεθεματίσαμεν.</strong></span> <span class='ocrx_word' id='word_1_83' title='bbox 733 648 760 675; x_wconf 89' lang='lat' dir='ltr'><strong>Id</strong></span> <span class='ocrx_word' id='word_1_84' title='bbox 774 653 836 676; x_wconf 86' lang='lat' dir='ltr'><strong>est:</strong></span> <span class='ocrx_word' id='word_1_85' title='bbox 856 648 920 675; x_wconf 81' lang='lat' dir='ltr'><strong>Htcc</strong></span> <span class='ocrx_word' id='word_1_86' title='bbox 939 649 1051 676; x_wconf 80' lang='lat' dir='ltr'><strong>dicentes</strong></span> 
     </span>
    </p>
   </div>
   <div class='ocr_carea' id='block_1_14' title="bbox 264 693 1050 729">
    <p class='ocr_par' dir='ltr' id='par_1_14' title="bbox 264 693 1050 729">
     <span class='ocr_line' id='line_1_14' title="bbox 264 693 1050 729; baseline 0.003 -10"><span class='ocrx_word' id='word_1_87' title='bbox 264 693 356 719; x_wconf 79' lang='lat' dir='ltr'><strong>Arium</strong></span> <span class='ocrx_word' id='word_1_88' title='bbox 366 699 389 720; x_wconf 85' lang='lat' dir='ltr'><strong>et</strong></span> <span class='ocrx_word' id='word_1_89' title='bbox 408 694 503 725; x_wconf 83' lang='lat' dir='ltr'><strong>socias,</strong></span> <span class='ocrx_word' id='word_1_90' title='bbox 519 693 573 720; x_wconf 66' lang='lat' dir='ltr'><strong>hac</strong></span> <span class='ocrx_word' id='word_1_91' title='bbox 585 694 808 728; x_wconf 81' lang='lat' dir='ltr'><strong>impudentissime</strong></span> <span class='ocrx_word' id='word_1_92' title='bbox 828 695 1050 729; x_wconf 74' lang='lat' dir='ltr'><strong>aﬂirmantes,nos</strong></span> 
     </span>
    </p>
   </div>
   <div class='ocr_carea' id='block_1_15' title="bbox 265 739 1048 775">
    <p class='ocr_par' dir='ltr' id='par_1_15' title="bbox 265 739 1048 775">
     <span class='ocr_line' id='line_1_15' title="bbox 265 739 1048 775; baseline 0.003 -10"><span class='ocrx_word' id='word_1_93' title='bbox 265 747 324 765; x_wconf 77' lang='lat' dir='ltr'><strong>cum</strong></span> <span class='ocrx_word' id='word_1_94' title='bbox 348 740 475 774; x_wconf 81' lang='lat' dir='ltr'><strong>episcopis</strong></span> <span class='ocrx_word' id='word_1_95' title='bbox 494 739 603 775; x_wconf 62' lang='lat' dir='ltr'><strong>quypti</strong></span> <span class='ocrx_word' id='word_1_96' title='bbox 619 746 642 766; x_wconf 84' lang='lat' dir='ltr'><strong>et</strong></span> <span class='ocrx_word' id='word_1_97' title='bbox 660 739 805 775; x_wconf 86' lang='lat' dir='ltr'><strong>Libyarum</strong></span> <span class='ocrx_word' id='word_1_98' title='bbox 827 749 907 775; x_wconf 81' lang='lat' dir='ltr'><strong>prope</strong></span> <span class='ocrx_word' id='word_1_99' title='bbox 932 747 1048 774; x_wconf 85' lang='lat' dir='ltr'><strong>centum,-</strong></span> 
     </span>
    </p>
   </div>
   <div class='ocr_carea' id='block_1_16' title="bbox 263 786 1051 821">
    <p class='ocr_par' dir='ltr' id='par_1_16' title="bbox 263 786 1051 821">
     <span class='ocr_line' id='line_1_16' title="bbox 263 786 1051 821; baseline 0.003 -9"><span class='ocrx_word' id='word_1_100' title='bbox 263 786 403 818; x_wconf 80' lang='lat' dir='ltr'><strong>cumillos,</strong></span> <span class='ocrx_word' id='word_1_101' title='bbox 418 791 473 812; x_wconf 90' lang='lat' dir='ltr'><strong>tum</strong></span> <span class='ocrx_word' id='word_1_102' title='bbox 488 795 531 813; x_wconf 82' lang='lat' dir='ltr'><strong>eos</strong></span> <span class='ocrx_word' id='word_1_103' title='bbox 549 787 592 819; x_wconf 86' lang='lat' dir='ltr'><strong>qui</strong></span> <span class='ocrx_word' id='word_1_104' title='bbox 614 786 686 821; x_wconf 78' lang='lat' dir='ltr'><strong>ipsas</strong></span> <span class='ocrx_word' id='word_1_105' title='bbox 705 787 788 814; x_wconf 83' lang='lat' dir='ltr'><strong>secuti</strong></span> <span class='ocrx_word' id='word_1_106' title='bbox 804 792 864 813; x_wconf 87' lang='lat' dir='ltr'><strong>sunt</strong></span> <span class='ocrx_word' id='word_1_107' title='bbox 887 789 1051 814; x_wconf 73' lang='lat' dir='ltr'><strong>anathemate</strong></span> 
     </span>
    </p>
   </div>
   <div class='ocr_carea' id='block_1_17' title="bbox 263 832 1050 869">
    <p class='ocr_par' dir='ltr' id='par_1_17' title="bbox 263 832 1050 869">
     <span class='ocr_line' id='line_1_17' title="bbox 263 832 1050 869; baseline 0.003 -11"><span class='ocrx_word' id='word_1_108' title='bbox 263 833 436 866; x_wconf 84' lang='lat' dir='ltr'><strong>percussimus</strong></span> <span class='ocrx_word' id='word_1_109' title='bbox 455 840 464 859; x_wconf 92' lang='lat'><em>:</em></span> <span class='ocrx_word' id='word_1_110' title='bbox 480 833 524 859; x_wconf 85' lang='lat' dir='ltr'><strong>ubi</strong></span> <span class='ocrx_word' id='word_1_111' title='bbox 539 832 613 860; x_wconf 84' lang='lat' dir='ltr'><strong>vides</strong></span> <span class='ocrx_word' id='word_1_112' title='bbox 628 833 700 860; x_wconf 87' lang='lat' dir='ltr'><strong>clare</strong></span> <span class='ocrx_word' id='word_1_113' title='bbox 725 833 851 868; x_wconf 88' lang='lat' dir='ltr'><strong>distingui</strong></span> <span class='ocrx_word' id='word_1_114' title='bbox 872 834 976 869; x_wconf 81' lang='lat' dir='ltr'><strong>priores</strong></span> <span class='ocrx_word' id='word_1_115' title='bbox 991 834 1050 860; x_wconf 86' lang='lat' dir='ltr'><strong>illos</strong></span> 
     </span>
    </p>
   </div>
   <div class='ocr_carea' id='block_1_18' title="bbox 264 877 1050 914">
    <p class='ocr_par' dir='ltr' id='par_1_18' title="bbox 264 877 1050 914">
     <span class='ocr_line' id='line_1_18' title="bbox 264 877 1050 914; baseline 0.003 -10"><span class='ocrx_word' id='word_1_116' title='bbox 264 877 377 905; x_wconf 75' lang='lat' dir='ltr'><strong>Arianos</strong></span> <span class='ocrx_word' id='word_1_117' title='bbox 391 878 554 913; x_wconf 69' lang='lat' dir='ltr'><strong>impietatem</strong></span> <span class='ocrx_word' id='word_1_118' title='bbox 575 879 599 905; x_wconf 92' lang='lat' dir='ltr'><strong>in</strong></span> <span class='ocrx_word' id='word_1_119' title='bbox 617 878 672 912; x_wconf 84' lang='lat' dir='ltr'><strong>ipsa</strong></span> <span class='ocrx_word' id='word_1_120' title='bbox 689 879 790 914; x_wconf 86' lang='lat' dir='ltr'><strong>synodo</strong></span> <span class='ocrx_word' id='word_1_121' title='bbox 805 879 950 914; x_wconf 87' lang='lat' dir='ltr'><strong>professos,</strong></span> <span class='ocrx_word' id='word_1_122' title='bbox 966 881 999 906; x_wconf 86' lang='lat' dir='ltr'><strong>ab</strong></span> <span class='ocrx_word' id='word_1_123' title='bbox 1017 880 1050 907; x_wconf 91' lang='lat' dir='ltr'><strong>iis</strong></span> 
     </span>
    </p>
   </div>
   <div class='ocr_carea' id='block_1_19' title="bbox 263 923 1050 958">
    <p class='ocr_par' dir='ltr' id='par_1_19' title="bbox 263 923 1050 958">
     <span class='ocr_line' id='line_1_19' title="bbox 263 923 1050 958; baseline 0.005 -10"><span class='ocrx_word' id='word_1_124' title='bbox 263 923 309 957; x_wconf 87' lang='lat' dir='ltr'><strong>qui</strong></span> <span class='ocrx_word' id='word_1_125' title='bbox 327 928 416 957; x_wconf 87' lang='lat' dir='ltr'><strong>postea</strong></span> <span class='ocrx_word' id='word_1_126' title='bbox 441 931 500 951; x_wconf 82' lang='lat' dir='ltr'><strong>sese</strong></span> <span class='ocrx_word' id='word_1_127' title='bbox 529 923 593 958; x_wconf 87' lang='lat' dir='ltr'><strong>ipsis</strong></span> <span class='ocrx_word' id='word_1_128' title='bbox 619 923 811 958; x_wconf 82' lang='lat' dir='ltr'><strong>adjunxerant,</strong></span> <span class='ocrx_word' id='word_1_129' title='bbox 828 926 938 958; x_wconf 84' lang='grc' dir='ltr'><strong>αὐτούς</strong></span> <span class='ocrx_word' id='word_1_130' title='bbox 950 934 980 952; x_wconf 82' lang='grc' dir='ltr'><strong>τε</strong></span> <span class='ocrx_word' id='word_1_131' title='bbox 1000 925 1050 952; x_wconf 78' lang='grc' dir='ltr'><strong>καὶ</strong></span> 
     </span>
    </p>
   </div>
   <div class='ocr_carea' id='block_1_20' title="bbox 263 968 1050 1006">
    <p class='ocr_par' dir='ltr' id='par_1_20' title="bbox 263 968 1050 1006">
     <span class='ocr_line' id='line_1_20' title="bbox 263 968 1050 1006; baseline 0.005 -12"><span class='ocrx_word' id='word_1_132' title='bbox 263 968 333 1000; x_wconf 82' lang='grc' dir='ltr'><strong>τοὺς</strong></span> <span class='ocrx_word' id='word_1_133' title='bbox 352 969 678 1003; x_wconf 74' lang='grc' dir='ltr'><strong>συνακολουθήσαντας</strong></span> <span class='ocrx_word' id='word_1_134' title='bbox 689 971 800 1004; x_wconf 83' lang='grc' dir='ltr'><strong>αὐτοῖς.</strong></span> <span class='ocrx_word' id='word_1_135' title='bbox 815 970 842 997; x_wconf 89' lang='lat' dir='ltr'><strong>In</strong></span> <span class='ocrx_word' id='word_1_136' title='bbox 861 971 972 1006; x_wconf 75' lang='lat' dir='ltr'><strong>epistola</strong></span> <span class='ocrx_word' id='word_1_137' title='bbox 988 979 1050 998; x_wconf 88' lang='lat' dir='ltr'><strong>vero</strong></span> 
     </span>
    </p>
   </div>
   <div class='ocr_carea' id='block_1_21' title="bbox 263 1013 1050 1051">
    <p class='ocr_par' dir='ltr' id='par_1_21' title="bbox 263 1013 1050 1051">
     <span class='ocr_line' id='line_1_21' title="bbox 263 1013 1050 1051; baseline 0.004 -11"><span class='ocrx_word' id='word_1_138' title='bbox 263 1013 409 1041; x_wconf 78' lang='lat' dir='ltr'><strong>Alexandri</strong></span> <span class='ocrx_word' id='word_1_139' title='bbox 433 1015 557 1049; x_wconf 86' lang='lat' dir='ltr'><strong>superius</strong></span> <span class='ocrx_word' id='word_1_140' title='bbox 577 1016 670 1048; x_wconf 86' lang='lat' dir='ltr'><strong>allata,</strong></span> <span class='ocrx_word' id='word_1_141' title='bbox 686 1024 745 1051; x_wconf 65' lang='lat' dir='ltr'><strong>qua:</strong></span> <span class='ocrx_word' id='word_1_142' title='bbox 763 1017 803 1044; x_wconf 90' lang='lat' dir='ltr'><strong>sic</strong></span> <span class='ocrx_word' id='word_1_143' title='bbox 827 1017 917 1050; x_wconf 88' lang='lat' dir='ltr'><strong>habet,</strong></span> <span class='ocrx_word' id='word_1_144' title='bbox 936 1024 1050 1051; x_wconf 76' lang='lat' dir='ltr'><strong>prtesens</strong></span> 
     </span>
    </p>
   </div>
   <div class='ocr_carea' id='block_1_22' title="bbox 262 1061 1048 1097">
    <p class='ocr_par' dir='ltr' id='par_1_22' title="bbox 262 1061 1048 1097">
     <span class='ocr_line' id='line_1_22' title="bbox 262 1061 1048 1097; baseline 0.004 -11"><span class='ocrx_word' id='word_1_145' title='bbox 262 1061 595 1096; x_wconf 78' lang='lat' dir='ltr'><strong>prmentibus,utriusque</strong></span> <span class='ocrx_word' id='word_1_146' title='bbox 616 1061 774 1089; x_wconf 85' lang='lat' dir='ltr'><strong>defectionis</strong></span> <span class='ocrx_word' id='word_1_147' title='bbox 794 1062 973 1097; x_wconf 85' lang='lat' dir='ltr'><strong>primipilares</strong></span> <span class='ocrx_word' id='word_1_148' title='bbox 987 1070 1048 1089; x_wconf 81' lang='lat' dir='ltr'><strong>cum</strong></span> 
     </span>
    </p>
   </div>
   <div class='ocr_carea' id='block_1_23' title="bbox 262 1106 1049 1142">
    <p class='ocr_par' dir='ltr' id='par_1_23' title="bbox 262 1106 1049 1142">
     <span class='ocr_line' id='line_1_23' title="bbox 262 1106 1049 1142; baseline 0.005 -11"><span class='ocrx_word' id='word_1_149' title='bbox 262 1106 423 1138; x_wconf 81' lang='lat' dir='ltr'><strong>sequacibus</strong></span> <span class='ocrx_word' id='word_1_150' title='bbox 435 1106 588 1134; x_wconf 88' lang='lat' dir='ltr'><strong>indicantur</strong></span> <span class='ocrx_word' id='word_1_151' title='bbox 600 1108 641 1134; x_wconf 88' lang='lat' dir='ltr'><strong>his</strong></span> <span class='ocrx_word' id='word_1_152' title='bbox 656 1108 755 1140; x_wconf 82' lang='lat' dir='ltr'><strong>verbis,</strong></span> <span class='ocrx_word' id='word_1_153' title='bbox 769 1108 817 1134; x_wconf 78' lang='grc' dir='ltr'><strong>καὶ</strong></span> <span class='ocrx_word' id='word_1_154' title='bbox 835 1107 872 1142; x_wconf 79' lang='grc' dir='ltr'><strong>τῇ</strong></span> <span class='ocrx_word' id='word_1_155' title='bbox 881 1108 1049 1142; x_wconf 81' lang='grc' dir='ltr'><strong>καθαιρέσει</strong></span> 
     </span>
    </p>
   </div>
   <div class='ocr_carea' id='block_1_24' title="bbox 261 1151 1049 1189">
    <p class='ocr_par' dir='ltr' id='par_1_24' title="bbox 261 1151 1049 1189">
     <span class='ocr_line' id='line_1_24' title="bbox 261 1151 1049 1189; baseline 0.005 -12"><span class='ocrx_word' id='word_1_156' title='bbox 261 1151 321 1178; x_wconf 77' lang='grc' dir='ltr'><strong>τῶν</strong></span> <span class='ocrx_word' id='word_1_157' title='bbox 331 1151 396 1186; x_wconf 77' lang='grc' dir='ltr'><strong>περὶ</strong></span> <span class='ocrx_word' id='word_1_158' title='bbox 406 1152 583 1186; x_wconf 73' lang='grc' dir='ltr'><strong>τὸν-Ἄρειον,</strong></span> <span class='ocrx_word' id='word_1_159' title='bbox 593 1153 640 1179; x_wconf 80' lang='grc' dir='ltr'><strong>καὶ</strong></span> <span class='ocrx_word' id='word_1_160' title='bbox 651 1153 710 1180; x_wconf 78' lang='grc' dir='ltr'><strong>τῶν</strong></span> <span class='ocrx_word' id='word_1_161' title='bbox 720 1153 786 1188; x_wconf 76' lang='grc' dir='ltr'><strong>περὶ</strong></span> <span class='ocrx_word' id='word_1_162' title='bbox 795 1154 846 1181; x_wconf 78' lang='grc' dir='ltr'><em>τὸν</em></span> <span class='ocrx_word' id='word_1_163' title='bbox 853 1154 967 1181; x_wconf 82' lang='grc' dir='ltr'><strong>Πιστὸν</strong></span> <span class='ocrx_word' id='word_1_164' title='bbox 974 1155 1049 1189; x_wconf 75' lang='grc' dir='ltr'><strong>σύμ-</strong></span> 
     </span>
    </p>
   </div>
   <div class='ocr_carea' id='block_1_25' title="bbox 260 1196 1048 1233">
    <p class='ocr_par' dir='ltr' id='par_1_25' title="bbox 260 1196 1048 1233">
     <span class='ocr_line' id='line_1_25' title="bbox 260 1196 1048 1233; baseline 0.004 -11"><span class='ocrx_word' id='word_1_165' title='bbox 260 1197 358 1231; x_wconf 66' lang='grc' dir='ltr'><strong>ψηφοι</strong></span> <span class='ocrx_word' id='word_1_166' title='bbox 380 1196 517 1231; x_wconf 76' lang='grc' dir='ltr'><strong>γένησθε,</strong></span> <span class='ocrx_word' id='word_1_167' title='bbox 533 1206 563 1224; x_wconf 90' lang='lat' dir='ltr'><strong>ac</strong></span> <span class='ocrx_word' id='word_1_168' title='bbox 579 1199 733 1231; x_wconf 81' lang='lat' dir='ltr'><strong>depositiani</strong></span> <span class='ocrx_word' id='word_1_169' title='bbox 753 1198 810 1224; x_wconf 77' lang='lat' dir='ltr'><strong>Arii</strong></span> <span class='ocrx_word' id='word_1_170' title='bbox 822 1199 1010 1233; x_wconf 78' lang='lat' dir='ltr'><strong>sociorumque,</strong></span> <span class='ocrx_word' id='word_1_171' title='bbox 1024 1203 1048 1225; x_wconf 87' lang='lat' dir='ltr'><strong>et</strong></span> 
     </span>
    </p>
   </div>
   <div class='ocr_carea' id='block_1_26' title="bbox 262 1241 1049 1278">
    <p class='ocr_par' dir='ltr' id='par_1_26' title="bbox 262 1241 1049 1278">
     <span class='ocr_line' id='line_1_26' title="bbox 262 1241 1049 1278; baseline 0.004 -10"><span class='ocrx_word' id='word_1_172' title='bbox 262 1241 332 1269; x_wconf 85' lang='lat' dir='ltr'><strong>Piin</strong></span> <span class='ocrx_word' id='word_1_173' title='bbox 346 1244 536 1277; x_wconf 86' lang='lat' dir='ltr'><strong>sociorumque,</strong></span> <span class='ocrx_word' id='word_1_174' title='bbox 548 1244 705 1278; x_wconf 74' lang='lat' dir='ltr'><strong>suﬂragiunt</strong></span> <span class='ocrx_word' id='word_1_175' title='bbox 724 1245 830 1271; x_wconf 83' lang='lat' dir='ltr'><strong>addatis</strong></span> <span class='ocrx_word' id='word_1_176' title='bbox 849 1250 971 1271; x_wconf 77' lang='lat' dir='ltr'><strong>vestrum.</strong></span> <span class='ocrx_word' id='word_1_177' title='bbox 984 1245 1049 1278; x_wconf 84' lang='lat' dir='ltr'><strong>Qui—</strong></span> 
     </span>
    </p>
   </div>
   <div class='ocr_carea' id='block_1_27' title="bbox 261 1289 1049 1323">
    <p class='ocr_par' dir='ltr' id='par_1_27' title="bbox 261 1289 1049 1323">
     <span class='ocr_line' id='line_1_27' title="bbox 261 1289 1049 1323; baseline 0.004 -9"><span class='ocrx_word' id='word_1_178' title='bbox 261 1289 311 1315; x_wconf 88' lang='lat' dir='ltr'><strong>bus</strong></span> <span class='ocrx_word' id='word_1_179' title='bbox 328 1289 491 1323; x_wconf 85' lang='lat' dir='ltr'><strong>respondent</strong></span> <span class='ocrx_word' id='word_1_180' title='bbox 507 1289 550 1316; x_wconf 87' lang='lat' dir='ltr'><strong>illa</strong></span> <span class='ocrx_word' id='word_1_181' title='bbox 567 1290 713 1317; x_wconf 81' lang='lat' dir='ltr'><strong>Alexandri</strong></span> <span class='ocrx_word' id='word_1_182' title='bbox 733 1291 804 1316; x_wconf 84' lang='lat' dir='ltr'><strong>dicta</strong></span> <span class='ocrx_word' id='word_1_183' title='bbox 819 1299 826 1317; x_wconf 85' lang='lat'><strong><em>:</em></strong></span> <span class='ocrx_word' id='word_1_184' title='bbox 839 1298 897 1316; x_wconf 90' lang='lat' dir='ltr'><strong>cum</strong></span> <span class='ocrx_word' id='word_1_185' title='bbox 911 1289 981 1322; x_wconf 79' lang='lat' dir='ltr'><strong>illos,</strong></span> <span class='ocrx_word' id='word_1_186' title='bbox 995 1289 1049 1317; x_wconf 86' lang='lat' dir='ltr'><strong>sci-</strong></span> 
     </span>
    </p>
   </div>
   <div class='ocr_carea' id='block_1_28' title="bbox 260 1335 1045 1372">
    <p class='ocr_par' dir='ltr' id='par_1_28' title="bbox 260 1335 1045 1372">
     <span class='ocr_line' id='line_1_28' title="bbox 260 1335 1045 1372; baseline 0.003 -11"><span class='ocrx_word' id='word_1_187' title='bbox 260 1335 324 1362; x_wconf 92' lang='lat' dir='ltr'><strong>licet</strong></span> <span class='ocrx_word' id='word_1_188' title='bbox 337 1335 430 1362; x_wconf 90' lang='lat' dir='ltr'><strong>Arium</strong></span> <span class='ocrx_word' id='word_1_189' title='bbox 444 1340 470 1362; x_wconf 91' lang='lat' dir='ltr'><strong>et</strong></span> <span class='ocrx_word' id='word_1_190' title='bbox 485 1336 590 1369; x_wconf 86' lang='lat' dir='ltr'><strong>socios;</strong></span> <span class='ocrx_word' id='word_1_191' title='bbox 607 1341 662 1362; x_wconf 86' lang='lat' dir='ltr'><strong>tum</strong></span> <span class='ocrx_word' id='word_1_192' title='bbox 674 1345 717 1363; x_wconf 80' lang='lat' dir='ltr'><strong>eos</strong></span> <span class='ocrx_word' id='word_1_193' title='bbox 735 1337 780 1372; x_wconf 87' lang='lat' dir='ltr'><strong>qui</strong></span> <span class='ocrx_word' id='word_1_194' title='bbox 793 1337 862 1370; x_wconf 85' lang='lat' dir='ltr'><strong>ipsos</strong></span> <span class='ocrx_word' id='word_1_195' title='bbox 878 1337 960 1363; x_wconf 81' lang='lat' dir='ltr'><strong>secuti</strong></span> <span class='ocrx_word' id='word_1_196' title='bbox 971 1341 1045 1368; x_wconf 84' lang='lat' dir='ltr'><strong>sunt,</strong></span> 
     </span>
    </p>
   </div>
   <div class='ocr_carea' id='block_1_29' title="bbox 260 1379 1048 1417">
    <p class='ocr_par' dir='ltr' id='par_1_29' title="bbox 260 1379 1048 1417">
     <span class='ocr_line' id='line_1_29' title="bbox 260 1379 1048 1417; baseline 0.003 -11"><span class='ocrx_word' id='word_1_197' title='bbox 260 1379 385 1407; x_wconf 83' lang='lat' dir='ltr'><strong>videlicet</strong></span> <span class='ocrx_word' id='word_1_198' title='bbox 408 1380 510 1407; x_wconf 87' lang='lat' dir='ltr'><strong>Pistum</strong></span> <span class='ocrx_word' id='word_1_199' title='bbox 540 1387 567 1408; x_wconf 88' lang='lat' dir='ltr'><strong>et</strong></span> <span class='ocrx_word' id='word_1_200' title='bbox 594 1382 693 1409; x_wconf 86' lang='lat' dir='ltr'><strong>socios.</strong></span> <span class='ocrx_word' id='word_1_201' title='bbox 717 1382 783 1408; x_wconf 78' lang='lat' dir='ltr'><strong>Nam</strong></span> <span class='ocrx_word' id='word_1_202' title='bbox 806 1387 836 1409; x_wconf 88' lang='lat' dir='ltr'><strong>ut</strong></span> <span class='ocrx_word' id='word_1_203' title='bbox 855 1382 936 1409; x_wconf 87' lang='lat' dir='ltr'><strong>Arius</strong></span> <span class='ocrx_word' id='word_1_204' title='bbox 955 1383 1048 1417; x_wconf 65' lang='lat' dir='ltr'><strong>prima:</strong></span> 
     </span>
    </p>
   </div>
   <div class='ocr_carea' id='block_1_30' title="bbox 260 1425 1048 1462">
    <p class='ocr_par' dir='ltr' id='par_1_30' title="bbox 260 1425 1048 1462">
     <span class='ocr_line' id='line_1_30' title="bbox 260 1425 1048 1462; baseline 0.003 -10"><span class='ocrx_word' id='word_1_205' title='bbox 260 1425 418 1454; x_wconf 86' lang='lat' dir='ltr'><strong>defectionis</strong></span> <span class='ocrx_word' id='word_1_206' title='bbox 429 1427 542 1461; x_wconf 77' lang='lat' dir='ltr'><strong>signifer</strong></span> <span class='ocrx_word' id='word_1_207' title='bbox 555 1432 632 1460; x_wconf 88' lang='lat' dir='ltr'><strong>erat,</strong></span> <span class='ocrx_word' id='word_1_208' title='bbox 643 1429 682 1455; x_wconf 89' lang='lat' dir='ltr'><strong>sic</strong></span> <span class='ocrx_word' id='word_1_209' title='bbox 695 1428 782 1455; x_wconf 83' lang='lat' dir='ltr'><strong>Pistus</strong></span> <span class='ocrx_word' id='word_1_210' title='bbox 794 1428 919 1455; x_wconf 69' lang='lat' dir='ltr'><strong>secundae</strong></span> <span class='ocrx_word' id='word_1_211' title='bbox 940 1436 947 1455; x_wconf 93' lang='lat'>:</span> <span class='ocrx_word' id='word_1_212' title='bbox 962 1435 1048 1462; x_wconf 88' lang='lat' dir='ltr'><strong>neque</strong></span> 
     </span>
    </p>
   </div>
   <div class='ocr_carea' id='block_1_31' title="bbox 260 1472 1048 1507">
    <p class='ocr_par' dir='ltr' id='par_1_31' title="bbox 260 1472 1048 1507">
     <span class='ocr_line' id='line_1_31' title="bbox 260 1472 1048 1507; baseline 0.001 -8"><span class='ocrx_word' id='word_1_213' title='bbox 260 1472 445 1499; x_wconf 87' lang='lat' dir='ltr'><strong>necessarium</strong></span> <span class='ocrx_word' id='word_1_214' title='bbox 462 1472 512 1499; x_wconf 90' lang='lat' dir='ltr'><strong>fuit</strong></span> <span class='ocrx_word' id='word_1_215' title='bbox 527 1478 555 1500; x_wconf 88' lang='lat' dir='ltr'><strong>ut</strong></span> <span class='ocrx_word' id='word_1_216' title='bbox 569 1474 678 1500; x_wconf 87' lang='lat' dir='ltr'><strong>nomina</strong></span> <span class='ocrx_word' id='word_1_217' title='bbox 699 1480 790 1500; x_wconf 91' lang='lat' dir='ltr'><strong>eorum</strong></span> <span class='ocrx_word' id='word_1_218' title='bbox 808 1474 852 1507; x_wconf 92' lang='lat' dir='ltr'><strong>qui</strong></span> <span class='ocrx_word' id='word_1_219' title='bbox 869 1474 989 1500; x_wconf 90' lang='lat' dir='ltr'><strong>secundo</strong></span> <span class='ocrx_word' id='word_1_220' title='bbox 1003 1474 1048 1500; x_wconf 90' lang='lat' dir='ltr'><strong>de-</strong></span> 
     </span>
    </p>
   </div>
   <div class='ocr_carea' id='block_1_32' title="bbox 261 1518 1082 1568">
    <p class='ocr_par' dir='ltr' id='par_1_32' title="bbox 261 1518 1082 1568">
     <span class='ocr_line' id='line_1_32' title="bbox 261 1518 1082 1568; baseline 0.002 -24"><span class='ocrx_word' id='word_1_221' title='bbox 261 1519 380 1546; x_wconf 87' lang='lat' dir='ltr'><strong>fecerant</strong></span> <span class='ocrx_word' id='word_1_222' title='bbox 389 1518 416 1544; x_wconf 90' lang='lat' dir='ltr'><strong>in</strong></span> <span class='ocrx_word' id='word_1_223' title='bbox 431 1518 541 1553; x_wconf 88' lang='lat' dir='ltr'><strong>epistola</strong></span> <span class='ocrx_word' id='word_1_224' title='bbox 553 1519 688 1555; x_wconf 88' lang='lat' dir='ltr'><strong>encyclica</strong></span> <span class='ocrx_word' id='word_1_225' title='bbox 701 1519 840 1554; x_wconf 87' lang='lat' dir='ltr'><strong>subjuncta</strong></span> <span class='ocrx_word' id='word_1_226' title='bbox 851 1523 1044 1554; x_wconf 85' lang='lat' dir='ltr'><strong>repeterentur.</strong></span> <span class='ocrx_word' id='word_1_227' title='bbox 1060 1538 1082 1568; x_wconf 67' lang='grc' dir='ltr'>α</span> 
     </span>
    </p>
   </div>
   <div class='ocr_carea' id='block_1_33' title="bbox 295 1565 1046 1601">
    <p class='ocr_par' dir='ltr' id='par_1_33' title="bbox 295 1565 1046 1601">
     <span class='ocr_line' id='line_1_33' title="bbox 295 1565 1046 1601; baseline 0 -9"><span class='ocrx_word' id='word_1_228' title='bbox 295 1565 357 1593; x_wconf 70' lang='lat' dir='ltr'><strong>llaec</strong></span> <span class='ocrx_word' id='word_1_229' title='bbox 383 1567 416 1594; x_wconf 91' lang='lat' dir='ltr'><strong>de</strong></span> <span class='ocrx_word' id='word_1_230' title='bbox 446 1567 531 1601; x_wconf 85' lang='lat' dir='ltr'><strong>prima</strong></span> <span class='ocrx_word' id='word_1_231' title='bbox 561 1573 648 1601; x_wconf 82' lang='lat' dir='ltr'><strong>eaque</strong></span> <span class='ocrx_word' id='word_1_232' title='bbox 675 1565 825 1592; x_wconf 87' lang='lat' dir='ltr'><strong>bortatoria</strong></span> <span class='ocrx_word' id='word_1_233' title='bbox 855 1565 1046 1598; x_wconf 84' lang='lat' dir='ltr'><strong>damnatione,</strong></span> 
     </span>
    </p>
   </div>
   <div class='ocr_carea' id='block_1_34' title="bbox 258 1611 1046 1647">
    <p class='ocr_par' dir='ltr' id='par_1_34' title="bbox 258 1611 1046 1647">
     <span class='ocr_line' id='line_1_34' title="bbox 258 1611 1046 1647; baseline -0.001 -8"><span class='ocrx_word' id='word_1_234' title='bbox 258 1619 339 1647; x_wconf 88' lang='lat' dir='ltr'><strong>quam</strong></span> <span class='ocrx_word' id='word_1_235' title='bbox 351 1611 538 1640; x_wconf 87' lang='lat' dir='ltr'><strong>Tillemontius</strong></span> <span class='ocrx_word' id='word_1_236' title='bbox 557 1617 681 1638; x_wconf 87' lang='lat' dir='ltr'><strong>manente</strong></span> <span class='ocrx_word' id='word_1_237' title='bbox 700 1612 787 1639; x_wconf 86' lang='lat' dir='ltr'><strong>adhuc</strong></span> <span class='ocrx_word' id='word_1_238' title='bbox 800 1611 969 1639; x_wconf 68' lang='lat' dir='ltr'><strong>Alexandria:</strong></span> <span class='ocrx_word' id='word_1_239' title='bbox 981 1611 1046 1638; x_wconf 90' lang='lat' dir='ltr'><strong>Ario</strong></span> 
     </span>
    </p>
   </div>
   <div class='ocr_carea' id='block_1_35' title="bbox 258 1657 1044 1692">
    <p class='ocr_par' dir='ltr' id='par_1_35' title="bbox 258 1657 1044 1692">
     <span class='ocr_line' id='line_1_35' title="bbox 258 1657 1044 1692; baseline -0.003 -6"><span class='ocrx_word' id='word_1_240' title='bbox 258 1661 349 1686; x_wconf 84' lang='lat' dir='ltr'><strong>datam</strong></span> <span class='ocrx_word' id='word_1_241' title='bbox 369 1663 500 1686; x_wconf 84' lang='lat' dir='ltr'><strong>autumat.</strong></span> <span class='ocrx_word' id='word_1_242' title='bbox 521 1658 672 1685; x_wconf 80' lang='lat' dir='ltr'><strong>Secundam</strong></span> <span class='ocrx_word' id='word_1_243' title='bbox 693 1665 757 1685; x_wconf 82' lang='lat' dir='ltr'><strong>vero</strong></span> <span class='ocrx_word' id='word_1_244' title='bbox 773 1658 828 1684; x_wconf 92' lang='lat' dir='ltr'><strong>Arii</strong></span> <span class='ocrx_word' id='word_1_245' title='bbox 851 1657 1044 1692; x_wconf 89' lang='lat' dir='ltr'><strong>depositionem</strong></span> 
     </span>
    </p>
   </div>
   <div class='ocr_carea' id='block_1_36' title="bbox 258 1702 1043 1738">
    <p class='ocr_par' dir='ltr' id='par_1_36' title="bbox 258 1702 1043 1738">
     <span class='ocr_line' id='line_1_36' title="bbox 258 1702 1043 1738; baseline -0.003 -8"><span class='ocrx_word' id='word_1_246' title='bbox 258 1708 286 1730; x_wconf 85' lang='lat' dir='ltr'><strong>et</strong></span> <span class='ocrx_word' id='word_1_247' title='bbox 302 1704 502 1731; x_wconf 74' lang='lat' dir='ltr'><strong>damnationem</strong></span> <span class='ocrx_word' id='word_1_248' title='bbox 529 1709 589 1738; x_wconf 92' lang='lat' dir='ltr'><strong>post</strong></span> <span class='ocrx_word' id='word_1_249' title='bbox 618 1710 755 1731; x_wconf 77' lang='lat' dir='ltr'><strong>secessum</strong></span> <span class='ocrx_word' id='word_1_250' title='bbox 773 1703 830 1730; x_wconf 86' lang='lat' dir='ltr'><strong>Arii</strong></span> <span class='ocrx_word' id='word_1_251' title='bbox 847 1703 879 1730; x_wconf 92' lang='lat' dir='ltr'><strong>ad</strong></span> <span class='ocrx_word' id='word_1_252' title='bbox 900 1702 1043 1729; x_wconf 85' lang='lat' dir='ltr'><strong>Eusebium</strong></span> 
     </span>
    </p>
   </div>
   <div class='ocr_carea' id='block_1_37' title="bbox 257 1748 1044 1784">
    <p class='ocr_par' dir='ltr' id='par_1_37' title="bbox 257 1748 1044 1784">
     <span class='ocr_line' id='line_1_37' title="bbox 257 1748 1044 1784; baseline -0.004 -7"><span class='ocrx_word' id='word_1_253' title='bbox 257 1749 502 1781; x_wconf 80' lang='lat' dir='ltr'><strong>Nicometliensem,</strong></span> <span class='ocrx_word' id='word_1_254' title='bbox 512 1755 538 1776; x_wconf 91' lang='lat' dir='ltr'><strong>et</strong></span> <span class='ocrx_word' id='word_1_255' title='bbox 552 1754 612 1784; x_wconf 89' lang='lat' dir='ltr'><strong>post</strong></span> <span class='ocrx_word' id='word_1_256' title='bbox 625 1749 702 1776; x_wconf 86' lang='lat' dir='ltr'><strong>datas</strong></span> <span class='ocrx_word' id='word_1_257' title='bbox 718 1749 750 1775; x_wconf 89' lang='lat' dir='ltr'><strong>ab</strong></span> <span class='ocrx_word' id='word_1_258' title='bbox 767 1748 882 1776; x_wconf 83' lang='lat' dir='ltr'><strong>Eusebio</strong></span> <span class='ocrx_word' id='word_1_259' title='bbox 894 1749 919 1775; x_wconf 89' lang='lat' dir='ltr'><strong>in</strong></span> <span class='ocrx_word' id='word_1_260' title='bbox 931 1748 1044 1782; x_wconf 75' lang='lat' dir='ltr'><strong>gratiam</strong></span> 
     </span>
    </p>
   </div>
   <div class='ocr_carea' id='block_1_38' title="bbox 258 1794 1043 1830">
    <p class='ocr_par' dir='ltr' id='par_1_38' title="bbox 258 1794 1043 1830">
     <span class='ocr_line' id='line_1_38' title="bbox 258 1794 1043 1830; baseline -0.004 -8"><span class='ocrx_word' id='word_1_261' title='bbox 258 1795 315 1822; x_wconf 88' lang='lat' dir='ltr'><strong>Arii</strong></span> <span class='ocrx_word' id='word_1_262' title='bbox 330 1801 357 1822; x_wconf 89' lang='lat' dir='ltr'><strong>et</strong></span> <span class='ocrx_word' id='word_1_263' title='bbox 371 1795 517 1830; x_wconf 79' lang='lat' dir='ltr'><strong>gregalium</strong></span> <span class='ocrx_word' id='word_1_264' title='bbox 534 1795 649 1826; x_wconf 83' lang='lat' dir='ltr'><strong>litteras,</strong></span> <span class='ocrx_word' id='word_1_265' title='bbox 672 1794 803 1829; x_wconf 86' lang='lat' dir='ltr'><strong>prolatam</strong></span> <span class='ocrx_word' id='word_1_266' title='bbox 823 1794 970 1827; x_wconf 87' lang='lat' dir='ltr'><strong>opinatur:</strong></span> <span class='ocrx_word' id='word_1_267' title='bbox 984 1800 1043 1819; x_wconf 86' lang='lat' dir='ltr'><strong>eam</strong></span> 
     </span>
    </p>
   </div>
   <div class='ocr_carea' id='block_1_39' title="bbox 257 1839 1040 1875">
    <p class='ocr_par' dir='ltr' id='par_1_39' title="bbox 257 1839 1040 1875">
     <span class='ocr_line' id='line_1_39' title="bbox 257 1839 1040 1875; baseline -0.003 -9"><span class='ocrx_word' id='word_1_268' title='bbox 257 1840 362 1867; x_wconf 76' lang='lat' dir='ltr'><strong>scilicet</strong></span> <span class='ocrx_word' id='word_1_269' title='bbox 385 1848 444 1875; x_wconf 66' lang='lat' dir='ltr'><strong>quae</strong></span> <span class='ocrx_word' id='word_1_270' title='bbox 472 1844 605 1873; x_wconf 81' lang='lat' dir='ltr'><strong>superest,</strong></span> <span class='ocrx_word' id='word_1_271' title='bbox 626 1839 756 1874; x_wconf 85' lang='lat' dir='ltr'><strong>cujusque</strong></span> <span class='ocrx_word' id='word_1_272' title='bbox 781 1843 883 1873; x_wconf 90' lang='lat' dir='ltr'><strong>partem</strong></span> <span class='ocrx_word' id='word_1_273' title='bbox 902 1845 981 1872; x_wconf 85' lang='lat' dir='ltr'><strong>supra</strong></span> <span class='ocrx_word' id='word_1_274' title='bbox 999 1845 1040 1864; x_wconf 86' lang='lat' dir='ltr'><strong>re-</strong></span> 
     </span>
    </p>
   </div>
   <div class='ocr_carea' id='block_1_40' title="bbox 258 1883 1042 1919">
    <p class='ocr_par' dir='ltr' id='par_1_40' title="bbox 258 1883 1042 1919">
     <span class='ocr_line' id='line_1_40' title="bbox 258 1883 1042 1919; baseline -0.004 -7"><span class='ocrx_word' id='word_1_275' title='bbox 258 1886 379 1912; x_wconf 76' lang='lat' dir='ltr'><strong>tulimus.</strong></span> <span class='ocrx_word' id='word_1_276' title='bbox 396 1886 474 1917; x_wconf 79' lang='lat' dir='ltr'><strong>Nam,</strong></span> <span class='ocrx_word' id='word_1_277' title='bbox 486 1886 523 1912; x_wconf 84' lang='lat' dir='ltr'><strong>ait</strong></span> <span class='ocrx_word' id='word_1_278' title='bbox 538 1885 592 1917; x_wconf 86' lang='lat' dir='ltr'><strong>ille,</strong></span> <span class='ocrx_word' id='word_1_279' title='bbox 606 1892 666 1911; x_wconf 89' lang='lat' dir='ltr'><strong>cum</strong></span> <span class='ocrx_word' id='word_1_280' title='bbox 684 1885 786 1911; x_wconf 84' lang='lat' dir='ltr'><strong>ratione</strong></span> <span class='ocrx_word' id='word_1_281' title='bbox 801 1883 1042 1919; x_wconf 57' lang='lat' dir='ltr'><strong>pugnare‘videlur,</strong></span> 
     </span>
    </p>
   </div>
   <div class='ocr_carea' id='block_1_41' title="bbox 259 1929 1044 1965">
    <p class='ocr_par' dir='ltr' id='par_1_41' title="bbox 259 1929 1044 1965">
     <span class='ocr_line' id='line_1_41' title="bbox 259 1929 1044 1965; baseline -0.004 -7"><span class='ocrx_word' id='word_1_282' title='bbox 259 1932 414 1962; x_wconf 80' lang='lat' dir='ltr'><strong>Eusebium,</strong></span> <span class='ocrx_word' id='word_1_283' title='bbox 430 1931 475 1965; x_wconf 84' lang='lat' dir='ltr'><strong>qui</strong></span> <span class='ocrx_word' id='word_1_284' title='bbox 493 1936 545 1957; x_wconf 79' lang='lat' dir='ltr'><strong>tam</strong></span> <span class='ocrx_word' id='word_1_285' title='bbox 559 1938 653 1965; x_wconf 86' lang='lat' dir='ltr'><strong>aspere</strong></span> <span class='ocrx_word' id='word_1_286' title='bbox 669 1931 694 1956; x_wconf 91' lang='lat' dir='ltr'><strong>in</strong></span> <span class='ocrx_word' id='word_1_287' title='bbox 716 1929 828 1964; x_wconf 67' lang='lat' dir='ltr'><strong>cpistola</strong></span> <span class='ocrx_word' id='word_1_288' title='bbox 844 1929 979 1964; x_wconf 83' lang='lat' dir='ltr'><strong>eucyclica</strong></span> <span class='ocrx_word' id='word_1_289' title='bbox 995 1936 1044 1956; x_wconf 84' lang='lat' dir='ltr'><strong>ex-</strong></span> 
     </span>
    </p>
   </div>
   <div class='ocr_carea' id='block_1_42' title="bbox 258 1973 1042 2010">
    <p class='ocr_par' dir='ltr' id='par_1_42' title="bbox 258 1973 1042 2010">
     <span class='ocr_line' id='line_1_42' title="bbox 258 1973 1042 2010; baseline -0.005 -7"><span class='ocrx_word' id='word_1_290' title='bbox 258 1977 384 2010; x_wconf 77' lang='lat' dir='ltr'><strong>agitatur,</strong></span> <span class='ocrx_word' id='word_1_291' title='bbox 403 1975 548 2002; x_wconf 74' lang='lat' dir='ltr'><strong>secundum</strong></span> <span class='ocrx_word' id='word_1_292' title='bbox 564 1983 622 2001; x_wconf 86' lang='lat' dir='ltr'><strong>eam</strong></span> <span class='ocrx_word' id='word_1_293' title='bbox 647 1975 735 2001; x_wconf 83' lang='lat' dir='ltr'><strong>datam</strong></span> <span class='ocrx_word' id='word_1_294' title='bbox 765 1974 906 2008; x_wconf 85' lang='lat' dir='ltr'><strong>epistolam</strong></span> <span class='ocrx_word' id='word_1_295' title='bbox 921 1974 953 2000; x_wconf 83' lang='lat' dir='ltr'><strong>ad</strong></span> <span class='ocrx_word' id='word_1_296' title='bbox 976 1973 1042 2000; x_wconf 82' lang='lat' dir='ltr'><strong>Ale-</strong></span> 
     </span>
    </p>
   </div>
   <div class='ocr_carea' id='block_1_43' title="bbox 258 2019 1042 2054">
    <p class='ocr_par' dir='ltr' id='par_1_43' title="bbox 258 2019 1042 2054">
     <span class='ocr_line' id='line_1_43' title="bbox 258 2019 1042 2054; baseline -0.003 -6"><span class='ocrx_word' id='word_1_297' title='bbox 258 2021 389 2049; x_wconf 82' lang='lat' dir='ltr'><strong>xandrum</strong></span> <span class='ocrx_word' id='word_1_298' title='bbox 401 2028 449 2054; x_wconf 87' lang='lat' dir='ltr'><strong>pro</strong></span> <span class='ocrx_word' id='word_1_299' title='bbox 462 2020 570 2046; x_wconf 78' lang='lat' dir='ltr'><strong>Arianis</strong></span> <span class='ocrx_word' id='word_1_300' title='bbox 581 2020 722 2054; x_wconf 85' lang='lat' dir='ltr'><strong>scripsisse</strong></span> <span class='ocrx_word' id='word_1_301' title='bbox 738 2029 744 2046; x_wconf 88' lang='lat'><strong>:</strong></span> <span class='ocrx_word' id='word_1_302' title='bbox 759 2027 844 2054; x_wconf 83' lang='lat' dir='ltr'><strong>quare</strong></span> <span class='ocrx_word' id='word_1_303' title='bbox 855 2024 914 2053; x_wconf 81' lang='lat' dir='ltr'><strong>post</strong></span> <span class='ocrx_word' id='word_1_304' title='bbox 926 2019 1042 2053; x_wconf 83' lang='lat' dir='ltr'><strong>priorem</strong></span> 
     </span>
    </p>
   </div>
   <div class='ocr_carea' id='block_1_44' title="bbox 258 2065 1041 2100">
    <p class='ocr_par' dir='ltr' id='par_1_44' title="bbox 258 2065 1041 2100">
     <span class='ocr_line' id='line_1_44' title="bbox 258 2065 1041 2100; baseline -0.001 -7"><span class='ocrx_word' id='word_1_305' title='bbox 258 2066 510 2093; x_wconf 80' lang='lat' dir='ltr'><strong>contlemnatiouetn</strong></span> <span class='ocrx_word' id='word_1_306' title='bbox 531 2065 556 2091; x_wconf 89' lang='lat' dir='ltr'><strong>in</strong></span> <span class='ocrx_word' id='word_1_307' title='bbox 575 2065 737 2098; x_wconf 86' lang='lat' dir='ltr'><strong>bortatoria,</strong></span> <span class='ocrx_word' id='word_1_308' title='bbox 754 2072 813 2099; x_wconf 80' lang='lat' dir='ltr'><strong>quae</strong></span> <span class='ocrx_word' id='word_1_309' title='bbox 827 2065 916 2100; x_wconf 89' lang='lat' dir='ltr'><strong>periit,</strong></span> <span class='ocrx_word' id='word_1_310' title='bbox 928 2065 1041 2099; x_wconf 85' lang='lat' dir='ltr'><strong>epistola</strong></span> 
     </span>
    </p>
   </div>
   <div class='ocr_carea' id='block_1_45' title="bbox 257 2110 1042 2147">
    <p class='ocr_par' dir='ltr' id='par_1_45' title="bbox 257 2110 1042 2147">
     <span class='ocr_line' id='line_1_45' title="bbox 257 2110 1042 2147; baseline 0 -9"><span class='ocrx_word' id='word_1_311' title='bbox 257 2119 424 2147; x_wconf 77' lang='lat' dir='ltr'><strong>expressam,</strong></span> <span class='ocrx_word' id='word_1_312' title='bbox 442 2111 485 2138; x_wconf 87' lang='lat' dir='ltr'><strong>ubi</strong></span> <span class='ocrx_word' id='word_1_313' title='bbox 500 2111 572 2137; x_wconf 84' lang='lat' dir='ltr'><strong>nulla</strong></span> <span class='ocrx_word' id='word_1_314' title='bbox 596 2110 705 2138; x_wconf 82' lang='lat' dir='ltr'><strong>Eusebii</strong></span> <span class='ocrx_word' id='word_1_315' title='bbox 721 2111 820 2138; x_wconf 89' lang='lat' dir='ltr'><strong>mentio</strong></span> <span class='ocrx_word' id='word_1_316' title='bbox 833 2116 902 2141; x_wconf 90' lang='lat' dir='ltr'><strong>erat,</strong></span> <span class='ocrx_word' id='word_1_317' title='bbox 916 2111 1042 2145; x_wconf 84' lang='lat' dir='ltr'><strong>epistolas</strong></span> 
     </span>
    </p>
   </div>
   <div class='ocr_carea' id='block_1_46' title="bbox 257 2156 1039 2192">
    <p class='ocr_par' dir='ltr' id='par_1_46' title="bbox 257 2156 1039 2192">
     <span class='ocr_line' id='line_1_46' title="bbox 257 2156 1039 2192; baseline -0.003 -7"><span class='ocrx_word' id='word_1_318' title='bbox 257 2157 308 2192; x_wconf 83' lang='lat' dir='ltr'><strong>ipsi</strong></span> <span class='ocrx_word' id='word_1_319' title='bbox 324 2165 370 2192; x_wconf 90' lang='lat' dir='ltr'><strong>pro</strong></span> <span class='ocrx_word' id='word_1_320' title='bbox 384 2157 490 2184; x_wconf 86' lang='lat' dir='ltr'><strong>Ariauis</strong></span> <span class='ocrx_word' id='word_1_321' title='bbox 506 2157 645 2192; x_wconf 83' lang='lat' dir='ltr'><strong>scripserit</strong></span> <span class='ocrx_word' id='word_1_322' title='bbox 659 2164 769 2184; x_wconf 76' lang='lat' dir='ltr'><strong>necesse</strong></span> <span class='ocrx_word' id='word_1_323' title='bbox 779 2161 830 2183; x_wconf 90' lang='lat' dir='ltr'><strong>est.</strong></span> <span class='ocrx_word' id='word_1_324' title='bbox 847 2156 909 2183; x_wconf 71' lang='lat' dir='ltr'><strong>Haec</strong></span> <span class='ocrx_word' id='word_1_325' title='bbox 921 2156 975 2189; x_wconf 81' lang='lat' dir='ltr'><strong>ille,</strong></span> <span class='ocrx_word' id='word_1_326' title='bbox 987 2164 1039 2183; x_wconf 92' lang='lat' dir='ltr'><strong>non</strong></span> 
     </span>
    </p>
   </div>
   <div class='ocr_carea' id='block_1_47' title="bbox 1101 237 1882 273">
    <p class='ocr_par' dir='ltr' id='par_1_47' title="bbox 1101 237 1882 273">
     <span class='ocr_line' id='line_1_47' title="bbox 1101 237 1882 273; baseline -0.003 -8"><span class='ocrx_word' id='word_1_327' title='bbox 1101 239 1212 273; x_wconf 73' lang='lat' dir='ltr'><strong>episcopi</strong></span> <span class='ocrx_word' id='word_1_328' title='bbox 1233 238 1345 265; x_wconf 83' lang='lat' dir='ltr'><strong>Eusebio</strong></span> <span class='ocrx_word' id='word_1_329' title='bbox 1368 238 1573 272; x_wconf 84' lang='lat' dir='ltr'><strong>obsequebantur</strong></span> <span class='ocrx_word' id='word_1_330' title='bbox 1595 243 1644 264; x_wconf 87' lang='lat' dir='ltr'><strong>:at</strong></span> <span class='ocrx_word' id='word_1_331' title='bbox 1668 237 1712 264; x_wconf 85' lang='lat' dir='ltr'><strong>ille</strong></span> <span class='ocrx_word' id='word_1_332' title='bbox 1737 237 1882 271; x_wconf 74' lang='lat' dir='ltr'><strong>frequentes</strong></span> 
     </span>
    </p>
   </div>
   <div class='ocr_carea' id='block_1_48' title="bbox 1101 283 1881 314">
    <p class='ocr_par' dir='ltr' id='par_1_48' title="bbox 1101 283 1881 314">
     <span class='ocr_line' id='line_1_48' title="bbox 1101 283 1881 314; baseline -0.004 -4"><span class='ocrx_word' id='word_1_333' title='bbox 1101 284 1201 311; x_wconf 67' lang='lat' dir='ltr'><strong>littera:</strong></span> <span class='ocrx_word' id='word_1_334' title='bbox 1227 284 1354 314; x_wconf 83' lang='lat' dir='ltr'><strong>mittebat,</strong></span> <span class='ocrx_word' id='word_1_335' title='bbox 1371 291 1438 310; x_wconf 86' lang='lat' dir='ltr'><strong>nunc</strong></span> <span class='ocrx_word' id='word_1_336' title='bbox 1460 283 1495 310; x_wconf 86' lang='lat' dir='ltr'><strong>ad</strong></span> <span class='ocrx_word' id='word_1_337' title='bbox 1514 283 1710 313; x_wconf 70' lang='lat' dir='ltr'><strong>Alexandrum.</strong></span> <span class='ocrx_word' id='word_1_338' title='bbox 1727 290 1834 308; x_wconf 80' lang='lat' dir='ltr'><strong>monens</strong></span> <span class='ocrx_word' id='word_1_339' title='bbox 1854 286 1881 307; x_wconf 84' lang='lat' dir='ltr'><strong>ut</strong></span> 
     </span>
    </p>
   </div>
   <div class='ocr_carea' id='block_1_49' title="bbox 1101 324 1882 364">
    <p class='ocr_par' dir='ltr' id='par_1_49' title="bbox 1101 324 1882 364">
     <span class='ocr_line' id='line_1_49' title="bbox 1101 324 1882 364; baseline -0.003 -8"><span class='ocrx_word' id='word_1_340' title='bbox 1101 324 1240 363; x_wconf 50' lang='lat' dir='ltr'><strong>suppress‘a</strong></span> <span class='ocrx_word' id='word_1_341' title='bbox 1247 329 1465 364; x_wconf 74' lang='lat' dir='ltr'><strong>quwstione,qutz</strong></span> <span class='ocrx_word' id='word_1_342' title='bbox 1479 330 1546 356; x_wconf 84' lang='lat' dir='ltr'><strong>inter</strong></span> <span class='ocrx_word' id='word_1_343' title='bbox 1561 329 1630 363; x_wconf 83' lang='lat' dir='ltr'><strong>ipsos</strong></span> <span class='ocrx_word' id='word_1_344' title='bbox 1645 333 1771 355; x_wconf 86' lang='lat' dir='ltr'><strong>commota</strong></span> <span class='ocrx_word' id='word_1_345' title='bbox 1784 327 1882 362; x_wconf 79' lang='lat' dir='ltr'><strong>fuerat.</strong></span> 
     </span>
    </p>
   </div>
   <div class='ocr_carea' id='block_1_50' title="bbox 1101 373 1882 408">
    <p class='ocr_par' dir='ltr' id='par_1_50' title="bbox 1101 373 1882 408">
     <span class='ocr_line' id='line_1_50' title="bbox 1101 373 1882 408; baseline -0.003 -7"><span class='ocrx_word' id='word_1_346' title='bbox 1101 375 1192 401; x_wconf 81' lang='lat' dir='ltr'><strong>Arium</strong></span> <span class='ocrx_word' id='word_1_347' title='bbox 1210 375 1236 401; x_wconf 87' lang='lat' dir='ltr'><strong>in</strong></span> <span class='ocrx_word' id='word_1_348' title='bbox 1247 376 1453 402; x_wconf 84' lang='lat' dir='ltr'><strong>communionem</strong></span> <span class='ocrx_word' id='word_1_349' title='bbox 1465 375 1587 408; x_wconf 84' lang='lat' dir='ltr'><strong>reciperet</strong></span> <span class='ocrx_word' id='word_1_350' title='bbox 1604 383 1613 407; x_wconf 81' lang='lat'><strong>,&#39;</strong></span> <span class='ocrx_word' id='word_1_351' title='bbox 1636 382 1704 401; x_wconf 86' lang='lat' dir='ltr'><strong>nunc</strong></span> <span class='ocrx_word' id='word_1_352' title='bbox 1717 374 1752 400; x_wconf 87' lang='lat' dir='ltr'><strong>ad</strong></span> <span class='ocrx_word' id='word_1_353' title='bbox 1763 373 1882 407; x_wconf 83' lang='lat' dir='ltr'><strong>singula-</strong></span> 
     </span>
    </p>
   </div>
   <div class='ocr_carea' id='block_1_51' title="bbox 1101 419 1882 453">
    <p class='ocr_par' dir='ltr' id='par_1_51' title="bbox 1101 419 1882 453">
     <span class='ocr_line' id='line_1_51' title="bbox 1101 419 1882 453; baseline 0 -8"><span class='ocrx_word' id='word_1_354' title='bbox 1101 427 1158 445; x_wconf 88' lang='lat' dir='ltr'><strong>rum</strong></span> <span class='ocrx_word' id='word_1_355' title='bbox 1170 420 1272 446; x_wconf 81' lang='lat' dir='ltr'><strong>urbium</strong></span> <span class='ocrx_word' id='word_1_356' title='bbox 1289 420 1431 453; x_wconf 76' lang='lat' dir='ltr'><strong>episcopos,</strong></span> <span class='ocrx_word' id='word_1_357' title='bbox 1442 420 1555 446; x_wconf 72' lang='lat' dir='ltr'><strong>suadens</strong></span> <span class='ocrx_word' id='word_1_358' title='bbox 1572 427 1602 446; x_wconf 88' lang='lat' dir='ltr'><strong>ne</strong></span> <span class='ocrx_word' id='word_1_359' title='bbox 1617 419 1765 446; x_wconf 67' lang='lat' dir='ltr'><strong>Alexandro</strong></span> <span class='ocrx_word' id='word_1_360' title='bbox 1775 426 1882 445; x_wconf 82' lang='lat' dir='ltr'><strong>consen-</strong></span> 
     </span>
    </p>
   </div>
   <div class='ocr_carea' id='block_1_52' title="bbox 1101 464 1881 499">
    <p class='ocr_par' dir='ltr' id='par_1_52' title="bbox 1101 464 1881 499">
     <span class='ocr_line' id='line_1_52' title="bbox 1101 464 1881 499; baseline -0.001 -8"><span class='ocrx_word' id='word_1_361' title='bbox 1101 473 1157 491; x_wconf 88' lang='lat' dir='ltr'><strong>sum</strong></span> <span class='ocrx_word' id='word_1_362' title='bbox 1172 466 1408 492; x_wconf 80' lang='lat' dir='ltr'><strong>accommodarent.</strong></span> <span class='ocrx_word' id='word_1_363' title='bbox 1421 464 1517 497; x_wconf 78' lang='lat' dir='ltr'><strong>Viden,</strong></span> <span class='ocrx_word' id='word_1_364' title='bbox 1534 465 1677 492; x_wconf 86' lang='lat' dir='ltr'><strong>Eusebium</strong></span> <span class='ocrx_word' id='word_1_365' title='bbox 1692 469 1832 499; x_wconf 87' lang='lat' dir='ltr'><strong>postquam</strong></span> <span class='ocrx_word' id='word_1_366' title='bbox 1847 464 1881 491; x_wconf 90' lang='lat' dir='ltr'><strong>ab</strong></span> 
     </span>
    </p>
   </div>
   <div class='ocr_carea' id='block_1_53' title="bbox 1100 510 1881 547">
    <p class='ocr_par' dir='ltr' id='par_1_53' title="bbox 1100 510 1881 547">
     <span class='ocr_line' id='line_1_53' title="bbox 1100 510 1881 547; baseline 0 -10"><span class='ocrx_word' id='word_1_367' title='bbox 1100 511 1253 538; x_wconf 81' lang='lat' dir='ltr'><strong>Alexandro</strong></span> <span class='ocrx_word' id='word_1_368' title='bbox 1276 511 1301 538; x_wconf 93' lang='lat' dir='ltr'><strong>in</strong></span> <span class='ocrx_word' id='word_1_369' title='bbox 1323 511 1435 546; x_wconf 84' lang='lat' dir='ltr'><strong>epistola</strong></span> <span class='ocrx_word' id='word_1_370' title='bbox 1456 511 1576 547; x_wconf 83' lang='lat' dir='ltr'><strong>synodali</strong></span> <span class='ocrx_word' id='word_1_371' title='bbox 1605 511 1761 545; x_wconf 65' lang='lat' dir='ltr'><strong>perstrictus</strong></span> <span class='ocrx_word' id='word_1_372' title='bbox 1783 510 1881 543; x_wconf 78' lang='lat' dir='ltr'><strong>fuerat,</strong></span> 
     </span>
    </p>
   </div>
   <div class='ocr_carea' id='block_1_54' title="bbox 1101 555 1882 591">
    <p class='ocr_par' dir='ltr' id='par_1_54' title="bbox 1101 555 1882 591">
     <span class='ocr_line' id='line_1_54' title="bbox 1101 555 1882 591; baseline -0.001 -8"><span class='ocrx_word' id='word_1_373' title='bbox 1101 556 1151 591; x_wconf 87' lang='lat' dir='ltr'><strong>ipsi</strong></span> <span class='ocrx_word' id='word_1_374' title='bbox 1176 561 1263 584; x_wconf 90' lang='lat' dir='ltr'><strong>tamen</strong></span> <span class='ocrx_word' id='word_1_375' title='bbox 1291 558 1392 584; x_wconf 85' lang='lat' dir='ltr'><strong>litteras</strong></span> <span class='ocrx_word' id='word_1_376' title='bbox 1416 565 1463 591; x_wconf 87' lang='lat' dir='ltr'><strong>pro</strong></span> <span class='ocrx_word' id='word_1_377' title='bbox 1487 558 1595 584; x_wconf 89' lang='lat' dir='ltr'><strong>Arianis</strong></span> <span class='ocrx_word' id='word_1_378' title='bbox 1624 557 1764 590; x_wconf 84' lang='lat' dir='ltr'><strong>scripsisse</strong></span> <span class='ocrx_word' id='word_1_379' title='bbox 1782 556 1793 582; x_wconf 68' lang='grc' dir='ltr'><strong><em>Ἰ</em></strong></span> <span class='ocrx_word' id='word_1_380' title='bbox 1811 555 1882 590; x_wconf 84' lang='lat' dir='ltr'><strong>quod</strong></span> 
     </span>
    </p>
   </div>
   <div class='ocr_carea' id='block_1_55' title="bbox 1101 602 1880 638">
    <p class='ocr_par' dir='ltr' id='par_1_55' title="bbox 1101 602 1880 638">
     <span class='ocr_line' id='line_1_55' title="bbox 1101 602 1880 638; baseline 0.001 -9"><span class='ocrx_word' id='word_1_381' title='bbox 1101 602 1187 637; x_wconf 87' lang='lat' dir='ltr'><strong>ipsum</strong></span> <span class='ocrx_word' id='word_1_382' title='bbox 1204 603 1282 637; x_wconf 88' lang='lat' dir='ltr'><strong>paulo</strong></span> <span class='ocrx_word' id='word_1_383' title='bbox 1298 603 1367 630; x_wconf 79' lang='lat' dir='ltr'><strong>infra</strong></span> <span class='ocrx_word' id='word_1_384' title='bbox 1383 604 1488 638; x_wconf 86' lang='lat' dir='ltr'><strong>repetit.</strong></span> <span class='ocrx_word' id='word_1_385' title='bbox 1502 603 1599 630; x_wconf 84' lang='lat' dir='ltr'><strong>Eodem</strong></span> <span class='ocrx_word' id='word_1_386' title='bbox 1619 605 1712 630; x_wconf 83' lang='lat' dir='ltr'><strong>ordine</strong></span> <span class='ocrx_word' id='word_1_387' title='bbox 1726 607 1754 630; x_wconf 89' lang='lat' dir='ltr'><strong>et</strong></span> <span class='ocrx_word' id='word_1_388' title='bbox 1775 609 1880 630; x_wconf 87' lang='lat' dir='ltr'><strong>senten-</strong></span> 
     </span>
    </p>
   </div>
   <div class='ocr_carea' id='block_1_56' title="bbox 1101 649 1882 683">
    <p class='ocr_par' dir='ltr' id='par_1_56' title="bbox 1101 649 1882 683">
     <span class='ocr_line' id='line_1_56' title="bbox 1101 649 1882 683; baseline 0.003 -8"><span class='ocrx_word' id='word_1_389' title='bbox 1101 649 1136 675; x_wconf 87' lang='lat' dir='ltr'><strong>tia</strong></span> <span class='ocrx_word' id='word_1_390' title='bbox 1166 649 1331 676; x_wconf 80' lang='lat' dir='ltr'><strong>Solomenus</strong></span> <span class='ocrx_word' id='word_1_391' title='bbox 1348 649 1465 683; x_wconf 90' lang='lat' dir='ltr'><strong>loquitur</strong></span> <span class='ocrx_word' id='word_1_392' title='bbox 1486 649 1504 677; x_wconf 95' lang='grc' dir='ltr'><strong>Ι.</strong></span> <span class='ocrx_word' id='word_1_393' title='bbox 1518 657 1537 681; x_wconf 85' lang='grc' dir='ltr'><strong>ι,</strong></span> <span class='ocrx_word' id='word_1_394' title='bbox 1549 657 1573 676; x_wconf 90' lang='lat' dir='ltr'><strong>c.</strong></span> <span class='ocrx_word' id='word_1_395' title='bbox 1587 649 1630 676; x_wconf 83' lang='grc'><strong>15.</strong></span> <span class='ocrx_word' id='word_1_396' title='bbox 1656 649 1741 682; x_wconf 86' lang='lat' dir='ltr'><strong>Quam</strong></span> <span class='ocrx_word' id='word_1_397' title='bbox 1759 649 1829 676; x_wconf 91' lang='lat' dir='ltr'><strong>enim</strong></span> <span class='ocrx_word' id='word_1_398' title='bbox 1846 649 1882 677; x_wconf 90' lang='lat' dir='ltr'><strong>ob</strong></span> 
     </span>
    </p>
   </div>
   <div class='ocr_carea' id='block_1_57' title="bbox 1100 694 1881 728">
    <p class='ocr_par' dir='ltr' id='par_1_57' title="bbox 1100 694 1881 728">
     <span class='ocr_line' id='line_1_57' title="bbox 1100 694 1881 728; baseline 0.001 -8"><span class='ocrx_word' id='word_1_399' title='bbox 1100 701 1208 720; x_wconf 78' lang='lat' dir='ltr'><strong>causam</strong></span> <span class='ocrx_word' id='word_1_400' title='bbox 1223 694 1364 726; x_wconf 79' lang='lat' dir='ltr'><strong>Eusebius,</strong></span> <span class='ocrx_word' id='word_1_401' title='bbox 1377 694 1429 721; x_wconf 88' lang='lat' dir='ltr'><strong>etsi</strong></span> <span class='ocrx_word' id='word_1_402' title='bbox 1450 694 1484 721; x_wconf 86' lang='lat' dir='ltr'><strong>ab</strong></span> <span class='ocrx_word' id='word_1_403' title='bbox 1499 694 1651 721; x_wconf 71' lang='lat' dir='ltr'><strong>Alexandro</strong></span> <span class='ocrx_word' id='word_1_404' title='bbox 1667 695 1692 721; x_wconf 91' lang='lat' dir='ltr'><strong>in</strong></span> <span class='ocrx_word' id='word_1_405' title='bbox 1711 694 1821 728; x_wconf 88' lang='lat' dir='ltr'><strong>epistola</strong></span> <span class='ocrx_word' id='word_1_406' title='bbox 1833 701 1881 722; x_wconf 91' lang='lat' dir='ltr'><strong>en-</strong></span> 
     </span>
    </p>
   </div>
   <div class='ocr_carea' id='block_1_58' title="bbox 1101 741 1880 776">
    <p class='ocr_par' dir='ltr' id='par_1_58' title="bbox 1101 741 1880 776">
     <span class='ocr_line' id='line_1_58' title="bbox 1101 741 1880 776; baseline 0.001 -10"><span class='ocrx_word' id='word_1_407' title='bbox 1101 741 1199 776; x_wconf 81' lang='lat' dir='ltr'><strong>ryclica</strong></span> <span class='ocrx_word' id='word_1_408' title='bbox 1214 741 1361 771; x_wconf 82' lang='lat' dir='ltr'><strong>lacessitus.</strong></span> <span class='ocrx_word' id='word_1_409' title='bbox 1387 742 1473 768; x_wconf 85' lang='lat' dir='ltr'><strong>eidem</strong></span> <span class='ocrx_word' id='word_1_410' title='bbox 1489 749 1540 768; x_wconf 92' lang='lat' dir='ltr'><strong>non</strong></span> <span class='ocrx_word' id='word_1_411' title='bbox 1568 741 1739 773; x_wconf 86' lang='lat' dir='ltr'><strong>rescriberet,</strong></span> <span class='ocrx_word' id='word_1_412' title='bbox 1755 742 1880 776; x_wconf 79' lang='lat' dir='ltr'><strong>quando-</strong></span> 
     </span>
    </p>
   </div>
   <div class='ocr_carea' id='block_1_59' title="bbox 1100 787 1881 822">
    <p class='ocr_par' dir='ltr' id='par_1_59' title="bbox 1100 787 1881 822">
     <span class='ocr_line' id='line_1_59' title="bbox 1100 787 1881 822; baseline 0.003 -9"><span class='ocrx_word' id='word_1_413' title='bbox 1100 787 1207 821; x_wconf 87' lang='lat' dir='ltr'><strong>quidem</strong></span> <span class='ocrx_word' id='word_1_414' title='bbox 1224 787 1305 814; x_wconf 91' lang='lat' dir='ltr'><strong>Arius</strong></span> <span class='ocrx_word' id='word_1_415' title='bbox 1318 791 1345 814; x_wconf 89' lang='lat' dir='ltr'><strong>et</strong></span> <span class='ocrx_word' id='word_1_416' title='bbox 1369 787 1491 822; x_wconf 72' lang='lat' dir='ltr'><strong>gregales</strong></span> <span class='ocrx_word' id='word_1_417' title='bbox 1518 787 1647 820; x_wconf 84' lang='lat' dir='ltr'><strong>damnati,</strong></span> <span class='ocrx_word' id='word_1_418' title='bbox 1665 795 1725 814; x_wconf 89' lang='lat' dir='ltr'><strong>cum</strong></span> <span class='ocrx_word' id='word_1_419' title='bbox 1743 787 1881 815; x_wconf 75' lang='lat' dir='ltr'><strong>exonerati</strong></span> 
     </span>
    </p>
   </div>
   <div class='ocr_carea' id='block_1_60' title="bbox 1101 832 1880 867">
    <p class='ocr_par' dir='ltr' id='par_1_60' title="bbox 1101 832 1880 867">
     <span class='ocr_line' id='line_1_60' title="bbox 1101 832 1880 867; baseline 0.001 -8"><span class='ocrx_word' id='word_1_420' title='bbox 1101 837 1172 859; x_wconf 84' lang='lat' dir='ltr'><strong>metu</strong></span> <span class='ocrx_word' id='word_1_421' title='bbox 1196 832 1357 860; x_wconf 68' lang='lat' dir='ltr'><strong>Nicomediae</strong></span> <span class='ocrx_word' id='word_1_422' title='bbox 1377 833 1520 867; x_wconf 75' lang='lat' dir='ltr'><strong>degerent,</strong></span> <span class='ocrx_word' id='word_1_423' title='bbox 1536 832 1639 860; x_wconf 83' lang='lat' dir='ltr'><strong>litteras</strong></span> <span class='ocrx_word' id='word_1_424' title='bbox 1657 833 1811 860; x_wconf 86' lang='lat' dir='ltr'><strong>Alexandro</strong></span> <span class='ocrx_word' id='word_1_425' title='bbox 1830 834 1880 860; x_wconf 90' lang='lat' dir='ltr'><strong>ob-</strong></span> 
     </span>
    </p>
   </div>
   <div class='ocr_carea' id='block_1_61' title="bbox 1100 877 1881 913">
    <p class='ocr_par' dir='ltr' id='par_1_61' title="bbox 1100 877 1881 913">
     <span class='ocr_line' id='line_1_61' title="bbox 1100 877 1881 913; baseline -0.001 -7"><span class='ocrx_word' id='word_1_426' title='bbox 1100 879 1240 906; x_wconf 57' lang='lat' dir='ltr'><strong>servantia</strong></span> <span class='ocrx_word' id='word_1_427' title='bbox 1266 879 1433 913; x_wconf 86' lang='lat' dir='ltr'><strong>plenissimas</strong></span> <span class='ocrx_word' id='word_1_428' title='bbox 1452 879 1591 909; x_wconf 77' lang='lat' dir='ltr'><strong>miserunt,</strong></span> <span class='ocrx_word' id='word_1_429' title='bbox 1606 883 1632 905; x_wconf 90' lang='lat' dir='ltr'><strong>et</strong></span> <span class='ocrx_word' id='word_1_430' title='bbox 1649 879 1766 912; x_wconf 80' lang='lat' dir='ltr'><strong>quidem.</strong></span> <span class='ocrx_word' id='word_1_431' title='bbox 1780 883 1809 905; x_wconf 94' lang='lat' dir='ltr'><strong>ut</strong></span> <span class='ocrx_word' id='word_1_432' title='bbox 1822 877 1881 905; x_wconf 77' lang='lat' dir='ltr'><strong>exi-</strong></span> 
     </span>
    </p>
   </div>
   <div class='ocr_carea' id='block_1_62' title="bbox 1100 925 1879 960">
    <p class='ocr_par' dir='ltr' id='par_1_62' title="bbox 1100 925 1879 960">
     <span class='ocr_line' id='line_1_62' title="bbox 1100 925 1879 960; baseline -0.001 -8"><span class='ocrx_word' id='word_1_433' title='bbox 1100 925 1234 957; x_wconf 86' lang='lat' dir='ltr'><strong>stimatur,</strong></span> <span class='ocrx_word' id='word_1_434' title='bbox 1256 925 1311 952; x_wconf 87' lang='lat' dir='ltr'><strong>into</strong></span> <span class='ocrx_word' id='word_1_435' title='bbox 1325 933 1388 953; x_wconf 83' lang='lat' dir='ltr'><strong>vero</strong></span> <span class='ocrx_word' id='word_1_436' title='bbox 1409 925 1517 959; x_wconf 90' lang='lat' dir='ltr'><strong>planum</strong></span> <span class='ocrx_word' id='word_1_437' title='bbox 1539 925 1654 955; x_wconf 84' lang='lat' dir='ltr'><strong>videtur.</strong></span> <span class='ocrx_word' id='word_1_438' title='bbox 1670 925 1836 960; x_wconf 77' lang='lat' dir='ltr'><strong>approbante</strong></span> <span class='ocrx_word' id='word_1_439' title='bbox 1851 930 1879 952; x_wconf 88' lang='lat' dir='ltr'><strong>et</strong></span> 
     </span>
    </p>
   </div>
   <div class='ocr_carea' id='block_1_63' title="bbox 1099 970 1878 1006">
    <p class='ocr_par' dir='ltr' id='par_1_63' title="bbox 1099 970 1878 1006">
     <span class='ocr_line' id='line_1_63' title="bbox 1099 970 1878 1006; baseline -0.001 -8"><span class='ocrx_word' id='word_1_440' title='bbox 1099 970 1229 998; x_wconf 88' lang='lat' dir='ltr'><strong>suadente</strong></span> <span class='ocrx_word' id='word_1_441' title='bbox 1253 971 1367 998; x_wconf 84' lang='lat' dir='ltr'><strong>Eusebio</strong></span> <span class='ocrx_word' id='word_1_442' title='bbox 1389 971 1586 998; x_wconf 85' lang='lat' dir='ltr'><strong>Nicomediensi</strong></span> <span class='ocrx_word' id='word_1_443' title='bbox 1601 991 1608 1003; x_wconf 84' lang='grc'><em>,</em></span> <span class='ocrx_word' id='word_1_444' title='bbox 1625 978 1706 1006; x_wconf 80' lang='lat' dir='ltr'><strong>penes</strong></span> <span class='ocrx_word' id='word_1_445' title='bbox 1722 979 1800 1006; x_wconf 87' lang='lat' dir='ltr'><strong>quem</strong></span> <span class='ocrx_word' id='word_1_446' title='bbox 1824 975 1878 998; x_wconf 94' lang='lat' dir='ltr'><strong>tum</strong></span> 
     </span>
    </p>
   </div>
   <div class='ocr_carea' id='block_1_64' title="bbox 1099 1017 1879 1052">
    <p class='ocr_par' dir='ltr' id='par_1_64' title="bbox 1099 1017 1879 1052">
     <span class='ocr_line' id='line_1_64' title="bbox 1099 1017 1879 1052; baseline 0 -8"><span class='ocrx_word' id='word_1_447' title='bbox 1099 1018 1213 1051; x_wconf 75' lang='lat' dir='ltr'><strong>agebant</strong></span> <span class='ocrx_word' id='word_1_448' title='bbox 1227 1017 1347 1044; x_wconf 81' lang='lat' dir='ltr'><strong>?Annon</strong></span> <span class='ocrx_word' id='word_1_449' title='bbox 1372 1018 1433 1045; x_wconf 84' lang='lat' dir='ltr'><strong>item</strong></span> <span class='ocrx_word' id='word_1_450' title='bbox 1456 1018 1616 1051; x_wconf 77' lang='lat' dir='ltr'><strong>Athanasio,</strong></span> <span class='ocrx_word' id='word_1_451' title='bbox 1641 1025 1720 1052; x_wconf 86' lang='lat' dir='ltr'><strong>quem</strong></span> <span class='ocrx_word' id='word_1_452' title='bbox 1747 1017 1879 1045; x_wconf 86' lang='lat' dir='ltr'><strong>infensum</strong></span> 
     </span>
    </p>
   </div>
   <div class='ocr_carea' id='block_1_65' title="bbox 1099 1063 1881 1098">
    <p class='ocr_par' dir='ltr' id='par_1_65' title="bbox 1099 1063 1881 1098">
     <span class='ocr_line' id='line_1_65' title="bbox 1099 1063 1881 1098; baseline -0.001 -8"><span class='ocrx_word' id='word_1_453' title='bbox 1099 1064 1148 1091; x_wconf 84' lang='lat' dir='ltr'><strong>sibi</strong></span> <span class='ocrx_word' id='word_1_454' title='bbox 1164 1068 1242 1090; x_wconf 86' lang='lat' dir='ltr'><strong>norat</strong></span> <span class='ocrx_word' id='word_1_455' title='bbox 1256 1063 1396 1097; x_wconf 81' lang='lat' dir='ltr'><strong>Eusebius,</strong></span> <span class='ocrx_word' id='word_1_456' title='bbox 1407 1071 1455 1098; x_wconf 90' lang='lat' dir='ltr'><strong>pro</strong></span> <span class='ocrx_word' id='word_1_457' title='bbox 1467 1064 1530 1091; x_wconf 89' lang='lat' dir='ltr'><strong>Ario</strong></span> <span class='ocrx_word' id='word_1_458' title='bbox 1546 1069 1637 1098; x_wconf 87' lang='lat' dir='ltr'><strong>postea</strong></span> <span class='ocrx_word' id='word_1_459' title='bbox 1652 1063 1790 1097; x_wconf 73' lang='lat' dir='ltr'><strong>rescripsit</strong></span> <span class='ocrx_word' id='word_1_460' title='bbox 1803 1063 1881 1097; x_wconf 81' lang='lat' dir='ltr'><strong>?Quo</strong></span> 
     </span>
    </p>
   </div>
   <div class='ocr_carea' id='block_1_66' title="bbox 1099 1108 1878 1140">
    <p class='ocr_par' dir='ltr' id='par_1_66' title="bbox 1099 1108 1878 1140">
     <span class='ocr_line' id='line_1_66' title="bbox 1099 1108 1878 1140; baseline -0.001 -5"><span class='ocrx_word' id='word_1_461' title='bbox 1099 1109 1215 1135; x_wconf 84' lang='lat' dir='ltr'><strong>deducta</strong></span> <span class='ocrx_word' id='word_1_462' title='bbox 1232 1116 1275 1136; x_wconf 90' lang='lat' dir='ltr'><strong>res</strong></span> <span class='ocrx_word' id='word_1_463' title='bbox 1287 1108 1468 1136; x_wconf 85' lang='lat' dir='ltr'><strong>ecclesiastica</strong></span> <span class='ocrx_word' id='word_1_464' title='bbox 1488 1109 1555 1140; x_wconf 86' lang='lat' dir='ltr'><strong>erit,</strong></span> <span class='ocrx_word' id='word_1_465' title='bbox 1571 1108 1592 1135; x_wconf 90' lang='lat' dir='ltr'><strong>si</strong></span> <span class='ocrx_word' id='word_1_466' title='bbox 1608 1115 1642 1136; x_wconf 77' lang='lat' dir='ltr'><strong>ex</strong></span> <span class='ocrx_word' id='word_1_467' title='bbox 1664 1108 1806 1135; x_wconf 77' lang='lat' dir='ltr'><strong>levissimis</strong></span> <span class='ocrx_word' id='word_1_468' title='bbox 1828 1108 1878 1134; x_wconf 85' lang='lat' dir='ltr'><strong>hu-</strong></span> 
     </span>
    </p>
   </div>
   <div class='ocr_carea' id='block_1_67' title="bbox 1095 1153 1878 1188">
    <p class='ocr_par' dir='ltr' id='par_1_67' title="bbox 1095 1153 1878 1188">
     <span class='ocr_line' id='line_1_67' title="bbox 1095 1153 1878 1188; baseline 0.001 -10"><span class='ocrx_word' id='word_1_469' title='bbox 1095 1153 1210 1187; x_wconf 84' lang='lat' dir='ltr'><strong>jusmodi</strong></span> <span class='ocrx_word' id='word_1_470' title='bbox 1228 1153 1520 1186; x_wconf 72' lang='lat' dir='ltr'><strong>conjecturisbistorite</strong></span> <span class='ocrx_word' id='word_1_471' title='bbox 1537 1157 1564 1180; x_wconf 86' lang='lat' dir='ltr'><strong>et</strong></span> <span class='ocrx_word' id='word_1_472' title='bbox 1585 1157 1692 1180; x_wconf 84' lang='lat' dir='ltr'><strong>actuum</strong></span> <span class='ocrx_word' id='word_1_473' title='bbox 1710 1153 1878 1188; x_wconf 80' lang='lat' dir='ltr'><strong>synodalium</strong></span> 
     </span>
    </p>
   </div>
   <div class='ocr_carea' id='block_1_68' title="bbox 1097 1198 1483 1226">
    <p class='ocr_par' dir='ltr' id='par_1_68' title="bbox 1097 1198 1483 1226">
     <span class='ocr_line' id='line_1_68' title="bbox 1097 1198 1483 1226; baseline 0 -2"><span class='ocrx_word' id='word_1_474' title='bbox 1097 1198 1217 1226; x_wconf 85' lang='lat' dir='ltr'><strong>ordinem</strong></span> <span class='ocrx_word' id='word_1_475' title='bbox 1234 1199 1366 1225; x_wconf 87' lang='lat' dir='ltr'><strong>invertere</strong></span> <span class='ocrx_word' id='word_1_476' title='bbox 1382 1198 1483 1225; x_wconf 78' lang='lat' dir='ltr'><strong>liceat?</strong></span> 
     </span>
    </p>
   </div>
   <div class='ocr_carea' id='block_1_69' title="bbox 1132 1241 1879 1279">
    <p class='ocr_par' dir='ltr' id='par_1_69' title="bbox 1132 1241 1879 1279">
     <span class='ocr_line' id='line_1_69' title="bbox 1132 1241 1879 1279; baseline 0.001 -9"><span class='ocrx_word' id='word_1_477' title='bbox 1132 1241 1265 1270; x_wconf 65' lang='lat' dir='ltr'><strong>Caeterum</strong></span> <span class='ocrx_word' id='word_1_478' title='bbox 1287 1243 1358 1278; x_wconf 88' lang='lat' dir='ltr'><strong>quod</strong></span> <span class='ocrx_word' id='word_1_479' title='bbox 1375 1243 1455 1270; x_wconf 84' lang='lat' dir='ltr'><strong>habet</strong></span> <span class='ocrx_word' id='word_1_480' title='bbox 1476 1243 1672 1277; x_wconf 88' lang='lat' dir='ltr'><strong>Tillemontius,</strong></span> <span class='ocrx_word' id='word_1_481' title='bbox 1687 1251 1747 1271; x_wconf 89' lang='lat' dir='ltr'><strong>cum</strong></span> <span class='ocrx_word' id='word_1_482' title='bbox 1767 1243 1879 1279; x_wconf 87' lang='lat' dir='ltr'><strong>epistola</strong></span> 
     </span>
    </p>
   </div>
   <div class='ocr_carea' id='block_1_70' title="bbox 1097 1289 1882 1325">
    <p class='ocr_par' dir='ltr' id='par_1_70' title="bbox 1097 1289 1882 1325">
     <span class='ocr_line' id='line_1_70' title="bbox 1097 1289 1882 1325; baseline 0.003 -10"><span class='ocrx_word' id='word_1_483' title='bbox 1097 1289 1232 1323; x_wconf 85' lang='lat' dir='ltr'><strong>encyclica</strong></span> <span class='ocrx_word' id='word_1_484' title='bbox 1250 1289 1395 1316; x_wconf 81' lang='lat' dir='ltr'><strong>Alexandri</strong></span> <span class='ocrx_word' id='word_1_485' title='bbox 1412 1289 1566 1323; x_wconf 80' lang='lat' dir='ltr'><strong>conscripta</strong></span> <span class='ocrx_word' id='word_1_486' title='bbox 1587 1289 1644 1321; x_wconf 84' lang='lat' dir='ltr'><strong>fuit.</strong></span> <span class='ocrx_word' id='word_1_487' title='bbox 1659 1289 1715 1325; x_wconf 84' lang='lat' dir='ltr'><strong>jam</strong></span> <span class='ocrx_word' id='word_1_488' title='bbox 1737 1291 1830 1317; x_wconf 90' lang='lat' dir='ltr'><strong>Arium</strong></span> <span class='ocrx_word' id='word_1_489' title='bbox 1852 1294 1882 1317; x_wconf 87' lang='lat' dir='ltr'><strong>et</strong></span> 
     </span>
    </p>
   </div>
   <div class='ocr_carea' id='block_1_71' title="bbox 1097 1334 1880 1369">
    <p class='ocr_par' dir='ltr' id='par_1_71' title="bbox 1097 1334 1880 1369">
     <span class='ocr_line' id='line_1_71' title="bbox 1097 1334 1880 1369; baseline 0.003 -8"><span class='ocrx_word' id='word_1_490' title='bbox 1097 1335 1186 1362; x_wconf 88' lang='lat' dir='ltr'><strong>socios</strong></span> <span class='ocrx_word' id='word_1_491' title='bbox 1211 1334 1390 1361; x_wconf 77' lang='lat' dir='ltr'><strong>Nicomediam</strong></span> <span class='ocrx_word' id='word_1_492' title='bbox 1415 1334 1599 1369; x_wconf 75' lang='lat' dir='ltr'><strong>demigrasse;</strong></span> <span class='ocrx_word' id='word_1_493' title='bbox 1620 1335 1657 1366; x_wconf 87' lang='lat' dir='ltr'><strong>id,</strong></span> <span class='ocrx_word' id='word_1_494' title='bbox 1683 1336 1810 1369; x_wconf 82' lang='lat' dir='ltr'><strong>inquam,</strong></span> <span class='ocrx_word' id='word_1_495' title='bbox 1830 1343 1880 1363; x_wconf 79' lang='lat' dir='ltr'><strong>suo</strong></span> 
     </span>
    </p>
   </div>
   <div class='ocr_carea' id='block_1_72' title="bbox 1098 1380 1878 1415">
    <p class='ocr_par' dir='ltr' id='par_1_72' title="bbox 1098 1380 1878 1415">
     <span class='ocr_line' id='line_1_72' title="bbox 1098 1380 1878 1415; baseline 0.001 -9"><span class='ocrx_word' id='word_1_496' title='bbox 1098 1385 1183 1407; x_wconf 88' lang='lat' dir='ltr'><strong>marte</strong></span> <span class='ocrx_word' id='word_1_497' title='bbox 1196 1380 1315 1415; x_wconf 89' lang='lat' dir='ltr'><strong>protulit,</strong></span> <span class='ocrx_word' id='word_1_498' title='bbox 1334 1387 1383 1407; x_wconf 89' lang='lat' dir='ltr'><strong>nec</strong></span> <span class='ocrx_word' id='word_1_499' title='bbox 1406 1380 1512 1407; x_wconf 86' lang='lat' dir='ltr'><strong>videtur</strong></span> <span class='ocrx_word' id='word_1_500' title='bbox 1532 1387 1592 1407; x_wconf 88' lang='lat' dir='ltr'><strong>cum</strong></span> <span class='ocrx_word' id='word_1_501' title='bbox 1621 1381 1677 1414; x_wconf 87' lang='lat' dir='ltr'><strong>ipsa</strong></span> <span class='ocrx_word' id='word_1_502' title='bbox 1694 1381 1806 1414; x_wconf 88' lang='lat' dir='ltr'><strong>epistola</strong></span> <span class='ocrx_word' id='word_1_503' title='bbox 1829 1388 1878 1408; x_wconf 89' lang='lat' dir='ltr'><strong>en-</strong></span> 
     </span>
    </p>
   </div>
   <div class='ocr_carea' id='block_1_73' title="bbox 1097 1425 1880 1461">
    <p class='ocr_par' dir='ltr' id='par_1_73' title="bbox 1097 1425 1880 1461">
     <span class='ocr_line' id='line_1_73' title="bbox 1097 1425 1880 1461; baseline 0.001 -8"><span class='ocrx_word' id='word_1_504' title='bbox 1097 1426 1199 1461; x_wconf 82' lang='lat' dir='ltr'><strong>cyclica</strong></span> <span class='ocrx_word' id='word_1_505' title='bbox 1226 1425 1391 1453; x_wconf 87' lang='lat' dir='ltr'><strong>consentire.</strong></span> <span class='ocrx_word' id='word_1_506' title='bbox 1414 1426 1481 1453; x_wconf 80' lang='lat' dir='ltr'><strong>Nam</strong></span> <span class='ocrx_word' id='word_1_507' title='bbox 1506 1426 1556 1453; x_wconf 87' lang='lat' dir='ltr'><strong>sub</strong></span> <span class='ocrx_word' id='word_1_508' title='bbox 1575 1426 1680 1453; x_wconf 90' lang='lat' dir='ltr'><strong>initium</strong></span> <span class='ocrx_word' id='word_1_509' title='bbox 1702 1427 1823 1461; x_wconf 86' lang='lat' dir='ltr'><strong>epistolae</strong></span> <span class='ocrx_word' id='word_1_510' title='bbox 1840 1428 1880 1454; x_wconf 87' lang='lat' dir='ltr'><strong>sic</strong></span> 
     </span>
    </p>
   </div>
   <div class='ocr_carea' id='block_1_74' title="bbox 1096 1471 1879 1507">
    <p class='ocr_par' dir='ltr' id='par_1_74' title="bbox 1096 1471 1879 1507">
     <span class='ocr_line' id='line_1_74' title="bbox 1096 1471 1879 1507; baseline 0 -7"><span class='ocrx_word' id='word_1_511' title='bbox 1096 1471 1364 1506; x_wconf 80' lang='lat' dir='ltr'><strong>habetur:Equidem</strong></span> <span class='ocrx_word' id='word_1_512' title='bbox 1377 1471 1492 1499; x_wconf 75' lang='lat' dir='ltr'><strong>uolebam</strong></span> <span class='ocrx_word' id='word_1_513' title='bbox 1510 1480 1565 1499; x_wconf 89' lang='lat' dir='ltr'><strong>rem</strong></span> <span class='ocrx_word' id='word_1_514' title='bbox 1577 1472 1679 1499; x_wconf 80' lang='lat' dir='ltr'><strong>silentio</strong></span> <span class='ocrx_word' id='word_1_515' title='bbox 1693 1478 1786 1507; x_wconf 79' lang='lat' dir='ltr'><strong>tegere,</strong></span> <span class='ocrx_word' id='word_1_516' title='bbox 1804 1477 1831 1500; x_wconf 84' lang='lat' dir='ltr'><strong>ut</strong></span> <span class='ocrx_word' id='word_1_517' title='bbox 1852 1474 1879 1500; x_wconf 87' lang='lat' dir='ltr'><strong>in</strong></span> 
     </span>
    </p>
   </div>
   <div class='ocr_carea' id='block_1_75' title="bbox 1097 1517 1879 1553">
    <p class='ocr_par' dir='ltr' id='par_1_75' title="bbox 1097 1517 1879 1553">
     <span class='ocr_line' id='line_1_75' title="bbox 1097 1517 1879 1553; baseline 0.001 -9"><span class='ocrx_word' id='word_1_518' title='bbox 1097 1517 1159 1544; x_wconf 88' lang='lat' dir='ltr'><strong>solis</strong></span> <span class='ocrx_word' id='word_1_519' title='bbox 1181 1517 1286 1544; x_wconf 59' lang='lat' dir='ltr'><strong>heresis</strong></span> <span class='ocrx_word' id='word_1_520' title='bbox 1310 1517 1442 1553; x_wconf 76' lang='lat' dir='ltr'><strong>prtefcctis</strong></span> <span class='ocrx_word' id='word_1_521' title='bbox 1464 1518 1563 1544; x_wconf 84' lang='lat' dir='ltr'><strong>malum</strong></span> <span class='ocrx_word' id='word_1_522' title='bbox 1587 1518 1774 1551; x_wconf 78' lang='lat' dir='ltr'><strong>absumeretur,</strong></span> <span class='ocrx_word' id='word_1_523' title='bbox 1798 1527 1829 1545; x_wconf 88' lang='lat' dir='ltr'><strong>ne</strong></span> <span class='ocrx_word' id='word_1_524' title='bbox 1852 1519 1879 1546; x_wconf 84' lang='lat' dir='ltr'><strong>in</strong></span> 
     </span>
    </p>
   </div>
   <div class='ocr_carea' id='block_1_76' title="bbox 1098 1563 1880 1598">
    <p class='ocr_par' dir='ltr' id='par_1_76' title="bbox 1098 1563 1880 1598">
     <span class='ocr_line' id='line_1_76' title="bbox 1098 1563 1880 1598; baseline 0.003 -9"><span class='ocrx_word' id='word_1_525' title='bbox 1098 1568 1191 1589; x_wconf 81' lang='lat' dir='ltr'><strong>ctetera</strong></span> <span class='ocrx_word' id='word_1_526' title='bbox 1223 1563 1280 1589; x_wconf 88' lang='lat' dir='ltr'><strong>loca</strong></span> <span class='ocrx_word' id='word_1_527' title='bbox 1308 1563 1472 1597; x_wconf 74' lang='lat' dir='ltr'><strong>prtrvadens,</strong></span> <span class='ocrx_word' id='word_1_528' title='bbox 1499 1563 1685 1596; x_wconf 85' lang='lat' dir='ltr'><strong>simpliciorum</strong></span> <span class='ocrx_word' id='word_1_529' title='bbox 1706 1564 1880 1598; x_wconf 85' lang='lat' dir='ltr'><strong>quorumdam</strong></span> 
     </span>
    </p>
   </div>
   <div class='ocr_carea' id='block_1_77' title="bbox 1096 1609 1880 1644">
    <p class='ocr_par' dir='ltr' id='par_1_77' title="bbox 1096 1609 1880 1644">
     <span class='ocr_line' id='line_1_77' title="bbox 1096 1609 1880 1644; baseline 0.004 -10"><span class='ocrx_word' id='word_1_530' title='bbox 1096 1617 1172 1635; x_wconf 82' lang='lat' dir='ltr'><strong>aures</strong></span> <span class='ocrx_word' id='word_1_531' title='bbox 1187 1609 1387 1636; x_wconf 79' lang='lat' dir='ltr'><strong>contaminaret.</strong></span> <span class='ocrx_word' id='word_1_532' title='bbox 1403 1609 1436 1635; x_wconf 85' lang='lat' dir='ltr'><strong>At</strong></span> <span class='ocrx_word' id='word_1_533' title='bbox 1461 1617 1520 1636; x_wconf 86' lang='lat' dir='ltr'><strong>cum</strong></span> <span class='ocrx_word' id='word_1_534' title='bbox 1535 1609 1663 1636; x_wconf 83' lang='lat' dir='ltr'><strong>Eusebius</strong></span> <span class='ocrx_word' id='word_1_535' title='bbox 1672 1609 1730 1644; x_wconf 85' lang='lat' dir='ltr'><strong>jam</strong></span> <span class='ocrx_word' id='word_1_536' title='bbox 1755 1610 1880 1637; x_wconf 83' lang='lat' dir='ltr'><strong>Nicome-</strong></span> 
     </span>
    </p>
   </div>
   <div class='ocr_carea' id='block_1_78' title="bbox 1095 1655 1879 1690">
    <p class='ocr_par' dir='ltr' id='par_1_78' title="bbox 1095 1655 1879 1690">
     <span class='ocr_line' id='line_1_78' title="bbox 1095 1655 1879 1690; baseline 0.001 -8"><span class='ocrx_word' id='word_1_537' title='bbox 1095 1655 1147 1682; x_wconf 71' lang='grc' dir='ltr'><strong>ἀίω</strong></span> <span class='ocrx_word' id='word_1_538' title='bbox 1157 1657 1303 1690; x_wconf 83' lang='lat' dir='ltr'><strong>episcopus,</strong></span> <span class='ocrx_word' id='word_1_539' title='bbox 1324 1660 1398 1683; x_wconf 86' lang='lat' dir='ltr'><strong>ratus</strong></span> <span class='ocrx_word' id='word_1_540' title='bbox 1419 1663 1496 1690; x_wconf 86' lang='lat' dir='ltr'><strong>penes</strong></span> <span class='ocrx_word' id='word_1_541' title='bbox 1516 1664 1542 1683; x_wconf 83' lang='lat' dir='ltr'><strong>se</strong></span> <span class='ocrx_word' id='word_1_542' title='bbox 1555 1657 1607 1683; x_wconf 85' lang='lat' dir='ltr'><strong>sita</strong></span> <span class='ocrx_word' id='word_1_543' title='bbox 1628 1665 1683 1683; x_wconf 83' lang='lat' dir='ltr'><strong>esse</strong></span> <span class='ocrx_word' id='word_1_544' title='bbox 1701 1656 1879 1683; x_wconf 79' lang='lat' dir='ltr'><strong>ecclesiastica</strong></span> 
     </span>
    </p>
   </div>
   <div class='ocr_carea' id='block_1_79' title="bbox 1095 1702 1879 1736">
    <p class='ocr_par' dir='ltr' id='par_1_79' title="bbox 1095 1702 1879 1736">
     <span class='ocr_line' id='line_1_79' title="bbox 1095 1702 1879 1736; baseline 0.003 -8"><span class='ocrx_word' id='word_1_545' title='bbox 1095 1702 1242 1729; x_wconf 86' lang='lat' dir='ltr'><strong>omnia.....</strong></span> <span class='ocrx_word' id='word_1_546' title='bbox 1264 1707 1447 1736; x_wconf 86' lang='lat' dir='ltr'><strong>apostatarum</strong></span> <span class='ocrx_word' id='word_1_547' title='bbox 1467 1703 1578 1729; x_wconf 88' lang='lat' dir='ltr'><strong>istorum</strong></span> <span class='ocrx_word' id='word_1_548' title='bbox 1600 1703 1776 1735; x_wconf 85' lang='lat' dir='ltr'><strong>patrocinium</strong></span> <span class='ocrx_word' id='word_1_549' title='bbox 1792 1710 1879 1730; x_wconf 83' lang='lat' dir='ltr'><strong>susce-</strong></span> 
     </span>
    </p>
   </div>
   <div class='ocr_carea' id='block_1_80' title="bbox 1094 1749 1879 1784">
    <p class='ocr_par' dir='ltr' id='par_1_80' title="bbox 1094 1749 1879 1784">
     <span class='ocr_line' id='line_1_80' title="bbox 1094 1749 1879 1784; baseline 0 -8"><span class='ocrx_word' id='word_1_550' title='bbox 1094 1750 1172 1784; x_wconf 84' lang='lat' dir='ltr'><strong>perit,</strong></span> <span class='ocrx_word' id='word_1_551' title='bbox 1191 1749 1341 1784; x_wconf 81' lang='lat' dir='ltr'><strong>litterasque</strong></span> <span class='ocrx_word' id='word_1_552' title='bbox 1354 1757 1402 1782; x_wconf 88' lang='lat' dir='ltr'><strong>pro</strong></span> <span class='ocrx_word' id='word_1_553' title='bbox 1413 1749 1446 1776; x_wconf 84' lang='lat' dir='ltr'><strong>iis</strong></span> <span class='ocrx_word' id='word_1_554' title='bbox 1461 1749 1686 1776; x_wconf 84' lang='lat' dir='ltr'><strong>commendatitias</strong></span> <span class='ocrx_word' id='word_1_555' title='bbox 1702 1749 1794 1784; x_wconf 87' lang='lat' dir='ltr'><strong>ubique</strong></span> <span class='ocrx_word' id='word_1_556' title='bbox 1812 1750 1879 1776; x_wconf 86' lang='lat' dir='ltr'><strong>scri-</strong></span> 
     </span>
    </p>
   </div>
   <div class='ocr_carea' id='block_1_81' title="bbox 1095 1794 1878 1830">
    <p class='ocr_par' dir='ltr' id='par_1_81' title="bbox 1095 1794 1878 1830">
     <span class='ocr_line' id='line_1_81' title="bbox 1095 1794 1878 1830; baseline 0 -8"><span class='ocrx_word' id='word_1_557' title='bbox 1095 1795 1152 1822; x_wconf 83' lang='lat' dir='ltr'><strong>bere</strong></span> <span class='ocrx_word' id='word_1_558' title='bbox 1169 1803 1304 1830; x_wconf 81' lang='lat' dir='ltr'><strong>aggressus</strong></span> <span class='ocrx_word' id='word_1_559' title='bbox 1326 1795 1376 1826; x_wconf 88' lang='lat' dir='ltr'><strong>sit,</strong></span> <span class='ocrx_word' id='word_1_560' title='bbox 1392 1799 1420 1821; x_wconf 89' lang='lat' dir='ltr'><strong>ut</strong></span> <span class='ocrx_word' id='word_1_561' title='bbox 1446 1794 1572 1829; x_wconf 79' lang='lat' dir='ltr'><strong>quosdam</strong></span> <span class='ocrx_word' id='word_1_562' title='bbox 1588 1794 1625 1821; x_wconf 83' lang='lat' dir='ltr'><strong>rei</strong></span> <span class='ocrx_word' id='word_1_563' title='bbox 1643 1795 1747 1829; x_wconf 84' lang='lat' dir='ltr'><strong>ignaros</strong></span> <span class='ocrx_word' id='word_1_564' title='bbox 1771 1795 1797 1821; x_wconf 85' lang='lat' dir='ltr'><strong>in</strong></span> <span class='ocrx_word' id='word_1_565' title='bbox 1812 1795 1878 1822; x_wconf 82' lang='lat' dir='ltr'><strong>hanc</strong></span> 
     </span>
    </p>
   </div>
   <div class='ocr_carea' id='block_1_82' title="bbox 1094 1839 1877 1876">
    <p class='ocr_par' dir='ltr' id='par_1_82' title="bbox 1094 1839 1877 1876">
     <span class='ocr_line' id='line_1_82' title="bbox 1094 1839 1877 1876; baseline -0.003 -8"><span class='ocrx_word' id='word_1_566' title='bbox 1094 1841 1273 1876; x_wconf 83' lang='lat' dir='ltr'><strong>turpissimam</strong></span> <span class='ocrx_word' id='word_1_567' title='bbox 1288 1839 1436 1874; x_wconf 86' lang='lat' dir='ltr'><strong>Christique</strong></span> <span class='ocrx_word' id='word_1_568' title='bbox 1451 1840 1660 1874; x_wconf 83' lang='lat' dir='ltr'><strong>oppugnatricem</strong></span> <span class='ocrx_word' id='word_1_569' title='bbox 1675 1839 1811 1873; x_wconf 81' lang='lat' dir='ltr'><strong>pertraltat</strong></span> <span class='ocrx_word' id='word_1_570' title='bbox 1822 1840 1877 1866; x_wconf 81' lang='lat' dir='ltr'><strong>lue-</strong></span> 
     </span>
    </p>
   </div>
   <div class='ocr_carea' id='block_1_83' title="bbox 1094 1885 1879 1920">
    <p class='ocr_par' dir='ltr' id='par_1_83' title="bbox 1094 1885 1879 1920">
     <span class='ocr_line' id='line_1_83' title="bbox 1094 1885 1879 1920; baseline 0 -8"><span class='ocrx_word' id='word_1_571' title='bbox 1094 1887 1170 1913; x_wconf 80' lang='lat' dir='ltr'><strong>resim</strong></span> <span class='ocrx_word' id='word_1_572' title='bbox 1183 1894 1193 1913; x_wconf 90' lang='lat'><strong><em>:</em></strong></span> <span class='ocrx_word' id='word_1_573' title='bbox 1206 1895 1308 1913; x_wconf 77' lang='lat' dir='ltr'><strong>necesse</strong></span> <span class='ocrx_word' id='word_1_574' title='bbox 1321 1886 1383 1912; x_wconf 83' lang='lat' dir='ltr'><strong>mihi</strong></span> <span class='ocrx_word' id='word_1_575' title='bbox 1399 1886 1460 1920; x_wconf 71' lang='lat' dir='ltr'><strong>fuit,</strong></span> <span class='ocrx_word' id='word_1_576' title='bbox 1470 1886 1541 1912; x_wconf 82' lang='lat' dir='ltr'><strong>haud</strong></span> <span class='ocrx_word' id='word_1_577' title='bbox 1553 1886 1684 1919; x_wconf 80' lang='lat' dir='ltr'><strong>ignoranti</strong></span> <span class='ocrx_word' id='word_1_578' title='bbox 1698 1886 1761 1920; x_wconf 79' lang='lat' dir='ltr'><strong>quid</strong></span> <span class='ocrx_word' id='word_1_579' title='bbox 1781 1886 1809 1912; x_wconf 86' lang='lat' dir='ltr'><strong>in</strong></span> <span class='ocrx_word' id='word_1_580' title='bbox 1823 1885 1879 1920; x_wconf 75' lang='lat' dir='ltr'><strong>lege</strong></span> 
     </span>
    </p>
   </div>
   <div class='ocr_carea' id='block_1_84' title="bbox 1093 1933 1877 1968">
    <p class='ocr_par' dir='ltr' id='par_1_84' title="bbox 1093 1933 1877 1968">
     <span class='ocr_line' id='line_1_84' title="bbox 1093 1933 1877 1968; baseline 0.001 -7"><span class='ocrx_word' id='word_1_581' title='bbox 1093 1935 1219 1968; x_wconf 81' lang='lat' dir='ltr'><strong>scriptum</strong></span> <span class='ocrx_word' id='word_1_582' title='bbox 1246 1935 1288 1966; x_wconf 87' lang='lat' dir='ltr'><strong>sit,</strong></span> <span class='ocrx_word' id='word_1_583' title='bbox 1313 1943 1363 1960; x_wconf 86' lang='lat' dir='ltr'><strong>non</strong></span> <span class='ocrx_word' id='word_1_584' title='bbox 1389 1934 1458 1960; x_wconf 90' lang='lat' dir='ltr'><strong>ultra</strong></span> <span class='ocrx_word' id='word_1_585' title='bbox 1478 1941 1531 1960; x_wconf 86' lang='lat' dir='ltr'><strong>rem</strong></span> <span class='ocrx_word' id='word_1_586' title='bbox 1551 1933 1655 1960; x_wconf 81' lang='lat' dir='ltr'><strong>silentio</strong></span> <span class='ocrx_word' id='word_1_587' title='bbox 1671 1941 1797 1967; x_wconf 84' lang='lat' dir='ltr'><strong>premere.</strong></span> <span class='ocrx_word' id='word_1_588' title='bbox 1815 1934 1877 1962; x_wconf 57' lang='lat' dir='ltr'><strong>Haec</strong></span> 
     </span>
    </p>
   </div>
   <div class='ocr_carea' id='block_1_85' title="bbox 1093 1978 1876 2014">
    <p class='ocr_par' dir='ltr' id='par_1_85' title="bbox 1093 1978 1876 2014">
     <span class='ocr_line' id='line_1_85' title="bbox 1093 1978 1876 2014; baseline -0.003 -7"><span class='ocrx_word' id='word_1_589' title='bbox 1093 1988 1159 2007; x_wconf 86' lang='lat' dir='ltr'><strong>sane</strong></span> <span class='ocrx_word' id='word_1_590' title='bbox 1177 1981 1284 2014; x_wconf 84' lang='lat' dir='ltr'><strong>cuique,</strong></span> <span class='ocrx_word' id='word_1_591' title='bbox 1309 1987 1398 2014; x_wconf 86' lang='lat' dir='ltr'><strong>spero,</strong></span> <span class='ocrx_word' id='word_1_592' title='bbox 1422 1979 1521 2014; x_wconf 88' lang='lat' dir='ltr'><strong>scripta</strong></span> <span class='ocrx_word' id='word_1_593' title='bbox 1549 1978 1711 2006; x_wconf 86' lang='lat' dir='ltr'><strong>videbuntur</strong></span> <span class='ocrx_word' id='word_1_594' title='bbox 1733 1984 1876 2014; x_wconf 79' lang='lat' dir='ltr'><strong>antequam</strong></span> 
     </span>
    </p>
   </div>
   <div class='ocr_carea' id='block_1_86' title="bbox 1092 2023 1875 2059">
    <p class='ocr_par' dir='ltr' id='par_1_86' title="bbox 1092 2023 1875 2059">
     <span class='ocr_line' id='line_1_86' title="bbox 1092 2023 1875 2059; baseline -0.001 -7"><span class='ocrx_word' id='word_1_595' title='bbox 1092 2025 1172 2052; x_wconf 86' lang='lat' dir='ltr'><strong>Arius</strong></span> <span class='ocrx_word' id='word_1_596' title='bbox 1185 2025 1286 2052; x_wconf 83' lang='lat' dir='ltr'><strong>Achilla</strong></span> <span class='ocrx_word' id='word_1_597' title='bbox 1299 2026 1399 2051; x_wconf 87' lang='lat' dir='ltr'><strong>comite</strong></span> <span class='ocrx_word' id='word_1_598' title='bbox 1408 2024 1570 2059; x_wconf 84' lang='lat' dir='ltr'><strong>demigraret</strong></span> <span class='ocrx_word' id='word_1_599' title='bbox 1579 2024 1603 2050; x_wconf 91' lang='lat' dir='ltr'><strong>in</strong></span> <span class='ocrx_word' id='word_1_600' title='bbox 1617 2023 1784 2050; x_wconf 69' lang='lat' dir='ltr'><strong>Paltestinam</strong></span> <span class='ocrx_word' id='word_1_601' title='bbox 1796 2033 1802 2051; x_wconf 94' lang='lat'>:</span> <span class='ocrx_word' id='word_1_602' title='bbox 1815 2032 1875 2051; x_wconf 88' lang='lat' dir='ltr'><strong>nam</strong></span> 
     </span>
    </p>
   </div>
   <div class='ocr_carea' id='block_1_87' title="bbox 1092 2070 1875 2105">
    <p class='ocr_par' dir='ltr' id='par_1_87' title="bbox 1092 2070 1875 2105">
     <span class='ocr_line' id='line_1_87' title="bbox 1092 2070 1875 2105; baseline -0.001 -7"><span class='ocrx_word' id='word_1_603' title='bbox 1092 2071 1252 2098; x_wconf 79' lang='lat' dir='ltr'><strong>Alexandria</strong></span> <span class='ocrx_word' id='word_1_604' title='bbox 1270 2071 1413 2102; x_wconf 83' lang='lat' dir='ltr'><strong>decedens,</strong></span> <span class='ocrx_word' id='word_1_605' title='bbox 1437 2078 1470 2097; x_wconf 92' lang='lat' dir='ltr'><strong>eo</strong></span> <span class='ocrx_word' id='word_1_606' title='bbox 1487 2070 1561 2105; x_wconf 88' lang='lat' dir='ltr'><strong>prius</strong></span> <span class='ocrx_word' id='word_1_607' title='bbox 1578 2070 1714 2105; x_wconf 86' lang='lat' dir='ltr'><strong>profectus</strong></span> <span class='ocrx_word' id='word_1_608' title='bbox 1727 2070 1783 2103; x_wconf 76' lang='lat' dir='ltr'><strong>est,‘</strong></span> <span class='ocrx_word' id='word_1_609' title='bbox 1795 2078 1875 2104; x_wconf 82' lang='lat' dir='ltr'><strong>quam</strong></span> 
     </span>
    </p>
   </div>
   <div class='ocr_carea' id='block_1_88' title="bbox 1092 2115 1877 2151">
    <p class='ocr_par' dir='ltr' id='par_1_88' title="bbox 1092 2115 1877 2151">
     <span class='ocr_line' id='line_1_88' title="bbox 1092 2115 1877 2151; baseline 0.003 -9"><span class='ocrx_word' id='word_1_610' title='bbox 1092 2115 1274 2143; x_wconf 83' lang='lat' dir='ltr'><strong>Nicomediam</strong></span> <span class='ocrx_word' id='word_1_611' title='bbox 1295 2117 1390 2143; x_wconf 88' lang='lat' dir='ltr'><strong>adiret.</strong></span> <span class='ocrx_word' id='word_1_612' title='bbox 1410 2116 1514 2143; x_wconf 82' lang='lat' dir='ltr'><strong>Etenim</strong></span> <span class='ocrx_word' id='word_1_613' title='bbox 1531 2116 1595 2151; x_wconf 89' lang='lat' dir='ltr'><strong>quid</strong></span> <span class='ocrx_word' id='word_1_614' title='bbox 1618 2123 1706 2143; x_wconf 66' lang='lat' dir='ltr'><strong>causa:</strong></span> <span class='ocrx_word' id='word_1_615' title='bbox 1726 2116 1820 2143; x_wconf 89' lang='lat' dir='ltr'><strong>fuisset</strong></span> <span class='ocrx_word' id='word_1_616' title='bbox 1846 2122 1877 2144; x_wconf 86' lang='lat' dir='ltr'><strong>ut</strong></span> 
     </span>
    </p>
   </div>
   <div class='ocr_carea' id='block_1_89' title="bbox 1093 2161 1874 2196">
    <p class='ocr_par' dir='ltr' id='par_1_89' title="bbox 1093 2161 1874 2196">
     <span class='ocr_line' id='line_1_89' title="bbox 1093 2161 1874 2196; baseline 0 -8"><span class='ocrx_word' id='word_1_617' title='bbox 1093 2169 1149 2189; x_wconf 87' lang='lat' dir='ltr'><strong>rem</strong></span> <span class='ocrx_word' id='word_1_618' title='bbox 1164 2162 1270 2189; x_wconf 89' lang='lat' dir='ltr'><strong>silentio</strong></span> <span class='ocrx_word' id='word_1_619' title='bbox 1282 2163 1408 2196; x_wconf 79' lang='lat' dir='ltr'><strong>obtegere</strong></span> <span class='ocrx_word' id='word_1_620' title='bbox 1423 2161 1514 2193; x_wconf 86' lang='lat' dir='ltr'><strong>vellet,</strong></span> <span class='ocrx_word' id='word_1_621' title='bbox 1530 2169 1562 2188; x_wconf 86' lang='lat' dir='ltr'><strong>ne</strong></span> <span class='ocrx_word' id='word_1_622' title='bbox 1575 2169 1626 2195; x_wconf 83' lang='lat' dir='ltr'><strong>qua</strong></span> <span class='ocrx_word' id='word_1_623' title='bbox 1638 2166 1758 2195; x_wconf 87' lang='lat' dir='ltr'><strong>serperet</strong></span> <span class='ocrx_word' id='word_1_624' title='bbox 1776 2162 1874 2188; x_wconf 86' lang='lat' dir='ltr'><strong>malum</strong></span> 
     </span>
    </p>
   </div>
   <div class='ocr_carea' id='block_1_90' title="bbox 255 2201 1045 2242">
    <p class='ocr_par' dir='ltr' id='par_1_90' title="bbox 255 2201 1041 2236">
     <span class='ocr_line' id='line_1_90' title="bbox 255 2201 1041 2236; baseline -0.004 -5"><span class='ocrx_word' id='word_1_625' title='bbox 255 2203 473 2231; x_wconf 76' lang='lat' dir='ltr'><strong>animadvertetis</strong></span> <span class='ocrx_word' id='word_1_626' title='bbox 488 2211 528 2235; x_wconf 82' lang='lat' dir='ltr'><strong>se.</strong></span> <span class='ocrx_word' id='word_1_627' title='bbox 549 2210 600 2230; x_wconf 92' lang='lat' dir='ltr'><strong>non</strong></span> <span class='ocrx_word' id='word_1_628' title='bbox 621 2202 699 2229; x_wconf 92' lang='lat' dir='ltr'><strong>modo</strong></span> <span class='ocrx_word' id='word_1_629' title='bbox 714 2210 774 2229; x_wconf 87' lang='lat' dir='ltr'><strong>cum</strong></span> <span class='ocrx_word' id='word_1_630' title='bbox 799 2201 912 2236; x_wconf 80' lang='lat' dir='ltr'><strong>epistola</strong></span> <span class='ocrx_word' id='word_1_631' title='bbox 927 2202 1041 2229; x_wconf 82' lang='lat' dir='ltr'><strong>Alexan-</strong></span> 
     </span>
    </p>
   </div>
   <div class='ocr_carea' id='block_1_91' title="bbox 1095 2201 1876 2242">
    <p class='ocr_par' dir='ltr' id='par_1_91' title="bbox 1095 2207 1876 2242">
     <span class='ocr_line' id='line_1_91' title="bbox 1095 2207 1876 2242; baseline -0.001 -7"><span class='ocrx_word' id='word_1_632' title='bbox 1095 2209 1125 2235; x_wconf 87' lang='lat' dir='ltr'><strong>ad</strong></span> <span class='ocrx_word' id='word_1_633' title='bbox 1139 2208 1214 2241; x_wconf 83' lang='lat' dir='ltr'><strong>alios,</strong></span> <span class='ocrx_word' id='word_1_634' title='bbox 1227 2209 1250 2234; x_wconf 88' lang='lat' dir='ltr'><strong>si</strong></span> <span class='ocrx_word' id='word_1_635' title='bbox 1269 2208 1323 2242; x_wconf 85' lang='lat' dir='ltr'><strong>jam</strong></span> <span class='ocrx_word' id='word_1_636' title='bbox 1340 2208 1421 2234; x_wconf 89' lang='lat' dir='ltr'><strong>Arius</strong></span> <span class='ocrx_word' id='word_1_637' title='bbox 1436 2207 1606 2234; x_wconf 62' lang='lat' dir='ltr'><strong>Palaestinam</strong></span> <span class='ocrx_word' id='word_1_638' title='bbox 1621 2208 1752 2242; x_wconf 84' lang='lat' dir='ltr'><strong>petiisset,</strong></span> <span class='ocrx_word' id='word_1_639' title='bbox 1768 2213 1797 2235; x_wconf 89' lang='lat' dir='ltr'><strong>ut</strong></span> <span class='ocrx_word' id='word_1_640' title='bbox 1808 2215 1876 2234; x_wconf 90' lang='lat' dir='ltr'><strong>con-</strong></span> 
     </span>
    </p>
   </div>
   <div class='ocr_carea' id='block_1_92' title="bbox 257 2249 1039 2284">
    <p class='ocr_par' dir='ltr' id='par_1_92' title="bbox 257 2249 1039 2284">
     <span class='ocr_line' id='line_1_92' title="bbox 257 2249 1039 2284; baseline -0.003 -6"><span class='ocrx_word' id='word_1_641' title='bbox 257 2251 298 2278; x_wconf 81' lang='lat' dir='ltr'><strong>tlri</strong></span> <span class='ocrx_word' id='word_1_642' title='bbox 310 2251 343 2278; x_wconf 86' lang='lat' dir='ltr'><strong>ad</strong></span> <span class='ocrx_word' id='word_1_643' title='bbox 358 2250 470 2282; x_wconf 85' lang='lat' dir='ltr'><strong>clerum,</strong></span> <span class='ocrx_word' id='word_1_644' title='bbox 481 2255 508 2276; x_wconf 88' lang='lat' dir='ltr'><strong>et</strong></span> <span class='ocrx_word' id='word_1_645' title='bbox 530 2257 590 2276; x_wconf 83' lang='lat' dir='ltr'><strong>cum</strong></span> <span class='ocrx_word' id='word_1_646' title='bbox 607 2249 718 2283; x_wconf 85' lang='lat' dir='ltr'><strong>epistola</strong></span> <span class='ocrx_word' id='word_1_647' title='bbox 735 2249 870 2284; x_wconf 84' lang='lat' dir='ltr'><strong>encyclica</strong></span> <span class='ocrx_word' id='word_1_648' title='bbox 882 2257 888 2282; x_wconf 92' lang='lat'>;</span> <span class='ocrx_word' id='word_1_649' title='bbox 899 2249 945 2276; x_wconf 92' lang='lat' dir='ltr'><strong>sed</strong></span> <span class='ocrx_word' id='word_1_650' title='bbox 959 2249 1039 2277; x_wconf 82' lang='lat' dir='ltr'><strong>etiam</strong></span> 
     </span>
    </p>
   </div>
   <div class='ocr_carea' id='block_1_93' title="bbox 255 2295 1040 2330">
    <p class='ocr_par' dir='ltr' id='par_1_93' title="bbox 255 2295 1040 2330">
     <span class='ocr_line' id='line_1_93' title="bbox 255 2295 1040 2330; baseline -0.004 -5"><span class='ocrx_word' id='word_1_651' title='bbox 255 2298 446 2325; x_wconf 67' lang='lat' dir='ltr'><strong>ecclesiastica:</strong></span> <span class='ocrx_word' id='word_1_652' title='bbox 461 2297 579 2324; x_wconf 73' lang='lat' dir='ltr'><strong>historia:</strong></span> <span class='ocrx_word' id='word_1_653' title='bbox 603 2296 780 2330; x_wconf 82' lang='lat' dir='ltr'><strong>scriptoribus</strong></span> <span class='ocrx_word' id='word_1_654' title='bbox 795 2303 924 2330; x_wconf 81' lang='lat' dir='ltr'><strong>pugnare.</strong></span> <span class='ocrx_word' id='word_1_655' title='bbox 942 2295 1040 2322; x_wconf 86' lang='lat' dir='ltr'><strong>Socra-</strong></span> 
     </span>
    </p>
   </div>
   <div class='ocr_carea' id='block_1_94' title="bbox 257 2340 1040 2376">
    <p class='ocr_par' dir='ltr' id='par_1_94' title="bbox 257 2340 1040 2376">
     <span class='ocr_line' id='line_1_94' title="bbox 257 2340 1040 2376; baseline -0.003 -6"><span class='ocrx_word' id='word_1_656' title='bbox 257 2348 298 2371; x_wconf 82' lang='lat' dir='ltr'><strong>tes</strong></span> <span class='ocrx_word' id='word_1_657' title='bbox 310 2343 381 2370; x_wconf 89' lang='lat' dir='ltr'><strong>enim</strong></span> <span class='ocrx_word' id='word_1_658' title='bbox 397 2343 414 2369; x_wconf 96' lang='lat' dir='ltr'><strong>l.</strong></span> <span class='ocrx_word' id='word_1_659' title='bbox 426 2351 445 2374; x_wconf 86' lang='grc' dir='ltr'><strong>ι.</strong></span> <span class='ocrx_word' id='word_1_660' title='bbox 463 2350 488 2370; x_wconf 92' lang='lat' dir='ltr'><strong>c.</strong></span> <span class='ocrx_word' id='word_1_661' title='bbox 500 2342 528 2373; x_wconf 79' lang='grc' dir='ltr'><strong>ϐ.</strong></span> <span class='ocrx_word' id='word_1_662' title='bbox 549 2342 605 2368; x_wconf 64' lang='lat' dir='ltr'><strong>haec</strong></span> <span class='ocrx_word' id='word_1_663' title='bbox 623 2345 681 2376; x_wconf 87' lang='lat' dir='ltr'><strong>post</strong></span> <span class='ocrx_word' id='word_1_664' title='bbox 695 2341 804 2367; x_wconf 88' lang='lat' dir='ltr'><strong>allatam</strong></span> <span class='ocrx_word' id='word_1_665' title='bbox 825 2340 969 2368; x_wconf 80' lang='lat' dir='ltr'><strong>Alexandri</strong></span> <span class='ocrx_word' id='word_1_666' title='bbox 984 2341 1040 2374; x_wconf 87' lang='lat' dir='ltr'><strong>epi-</strong></span> 
     </span>
    </p>
   </div>
   <div class='ocr_carea' id='block_1_95' title="bbox 256 2384 1040 2422">
    <p class='ocr_par' dir='ltr' id='par_1_95' title="bbox 256 2384 1040 2422">
     <span class='ocr_line' id='line_1_95' title="bbox 256 2384 1040 2422; baseline -0.006 -6"><span class='ocrx_word' id='word_1_667' title='bbox 256 2389 351 2416; x_wconf 82' lang='lat' dir='ltr'><strong>stolam</strong></span> <span class='ocrx_word' id='word_1_668' title='bbox 369 2393 478 2416; x_wconf 80' lang='lat' dir='ltr'><strong>enarrat</strong></span> <span class='ocrx_word' id='word_1_669' title='bbox 494 2396 502 2414; x_wconf 89' lang='lat'><strong>:</strong></span> <span class='ocrx_word' id='word_1_670' title='bbox 518 2386 678 2422; x_wconf 78' lang='lat' dir='ltr'><strong>Ilujusmadi</strong></span> <span class='ocrx_word' id='word_1_671' title='bbox 689 2386 784 2412; x_wconf 84' lang='lat' dir='ltr'><strong>litteris</strong></span> <span class='ocrx_word' id='word_1_672' title='bbox 797 2384 831 2412; x_wconf 82' lang='lat' dir='ltr'><strong>ad</strong></span> <span class='ocrx_word' id='word_1_673' title='bbox 845 2394 931 2412; x_wconf 88' lang='lat' dir='ltr'><strong>omnes</strong></span> <span class='ocrx_word' id='word_1_674' title='bbox 944 2385 1040 2419; x_wconf 81' lang='lat' dir='ltr'><strong>episco-</strong></span> 
     </span>
    </p>
   </div>
   <div class='ocr_carea' id='block_1_96' title="bbox 255 2432 1037 2470">
    <p class='ocr_par' dir='ltr' id='par_1_96' title="bbox 255 2432 1037 2470">
     <span class='ocr_line' id='line_1_96' title="bbox 255 2432 1037 2470; baseline -0.006 -8"><span class='ocrx_word' id='word_1_675' title='bbox 255 2444 302 2470; x_wconf 85' lang='lat' dir='ltr'><strong>pos</strong></span> <span class='ocrx_word' id='word_1_676' title='bbox 317 2444 362 2469; x_wconf 85' lang='lat' dir='ltr'><strong>per</strong></span> <span class='ocrx_word' id='word_1_677' title='bbox 386 2436 502 2470; x_wconf 77' lang='lat' dir='ltr'><strong>singulas</strong></span> <span class='ocrx_word' id='word_1_678' title='bbox 527 2436 601 2461; x_wconf 83' lang='lat' dir='ltr'><strong>urbes</strong></span> <span class='ocrx_word' id='word_1_679' title='bbox 618 2436 649 2460; x_wconf 87' lang='lat' dir='ltr'><strong>ab</strong></span> <span class='ocrx_word' id='word_1_680' title='bbox 675 2433 824 2460; x_wconf 69' lang='lat' dir='ltr'><strong>Alexandro</strong></span> <span class='ocrx_word' id='word_1_681' title='bbox 842 2432 921 2464; x_wconf 84' lang='lat' dir='ltr'><strong>datis,</strong></span> <span class='ocrx_word' id='word_1_682' title='bbox 937 2432 1037 2458; x_wconf 85' lang='lat' dir='ltr'><strong>malum</strong></span> 
     </span>
    </p>
   </div>
   <div class='ocr_carea' id='block_1_97' title="bbox 255 2479 1037 2516">
    <p class='ocr_par' dir='ltr' id='par_1_97' title="bbox 255 2479 1037 2516">
     <span class='ocr_line' id='line_1_97' title="bbox 255 2479 1037 2516; baseline -0.006 -8"><span class='ocrx_word' id='word_1_683' title='bbox 255 2484 283 2508; x_wconf 89' lang='lat' dir='ltr'><strong>in</strong></span> <span class='ocrx_word' id='word_1_684' title='bbox 297 2482 410 2508; x_wconf 82' lang='lat' dir='ltr'><strong>deterius</strong></span> <span class='ocrx_word' id='word_1_685' title='bbox 424 2481 547 2516; x_wconf 75' lang='lat' dir='ltr'><strong>profecit.</strong></span> <span class='ocrx_word' id='word_1_686' title='bbox 564 2488 621 2506; x_wconf 79' lang='lat' dir='ltr'><strong>cum</strong></span> <span class='ocrx_word' id='word_1_687' title='bbox 640 2480 674 2512; x_wconf 85' lang='lat' dir='ltr'><strong>ii,</strong></span> <span class='ocrx_word' id='word_1_688' title='bbox 693 2480 737 2512; x_wconf 86' lang='lat' dir='ltr'><strong>qui</strong></span> <span class='ocrx_word' id='word_1_689' title='bbox 754 2479 855 2504; x_wconf 75' lang='lat' dir='ltr'><strong>litteras</strong></span> <span class='ocrx_word' id='word_1_690' title='bbox 874 2483 1037 2512; x_wconf 64' lang='lat' dir='ltr'><strong>ttccrpernnt,</strong></span> 
     </span>
    </p>
   </div>
   <div class='ocr_carea' id='block_1_98' title="bbox 257 2523 1036 2559">
    <p class='ocr_par' dir='ltr' id='par_1_98' title="bbox 257 2523 1036 2559">
     <span class='ocr_line' id='line_1_98' title="bbox 257 2523 1036 2559; baseline -0.006 -5"><span class='ocrx_word' id='word_1_691' title='bbox 257 2529 291 2554; x_wconf 82' lang='lat' dir='ltr'><strong>ad</strong></span> <span class='ocrx_word' id='word_1_692' title='bbox 307 2528 494 2555; x_wconf 80' lang='lat' dir='ltr'><strong>contentionem</strong></span> <span class='ocrx_word' id='word_1_693' title='bbox 513 2527 698 2552; x_wconf 68' lang='lat' dir='ltr'><strong>excitarentur.</strong></span> <span class='ocrx_word' id='word_1_694' title='bbox 713 2523 746 2550; x_wconf 79' lang='lat' dir='ltr'><strong>Et</strong></span> <span class='ocrx_word' id='word_1_695' title='bbox 765 2524 812 2550; x_wconf 87' lang='lat' dir='ltr'><strong>alii</strong></span> <span class='ocrx_word' id='word_1_696' title='bbox 826 2525 929 2559; x_wconf 87' lang='lat' dir='ltr'><strong>quidem</strong></span> <span class='ocrx_word' id='word_1_697' title='bbox 944 2523 1036 2549; x_wconf 79' lang='lat' dir='ltr'><strong>litteris</strong></span> 
     </span>
    </p>
   </div>
   <div class='ocr_carea' id='block_1_99' title="bbox 256 2569 1037 2604">
    <p class='ocr_par' dir='ltr' id='par_1_99' title="bbox 256 2569 1037 2604">
     <span class='ocr_line' id='line_1_99' title="bbox 256 2569 1037 2604; baseline -0.009 -3"><span class='ocrx_word' id='word_1_698' title='bbox 256 2575 454 2604; x_wconf 78' lang='lat' dir='ltr'><strong>consentientes,</strong></span> <span class='ocrx_word' id='word_1_699' title='bbox 472 2573 563 2599; x_wconf 74' lang='lat' dir='ltr'><strong>iisdem</strong></span> <span class='ocrx_word' id='word_1_700' title='bbox 581 2572 658 2598; x_wconf 86' lang='lat' dir='ltr'><strong>etiam</strong></span> <span class='ocrx_word' id='word_1_701' title='bbox 673 2571 878 2604; x_wconf 83' lang='lat' dir='ltr'><strong>subscripserunt</strong></span> <span class='ocrx_word' id='word_1_702' title='bbox 892 2577 901 2596; x_wconf 85' lang='lat'><strong>.&#39;</strong></span> <span class='ocrx_word' id='word_1_703' title='bbox 914 2569 960 2595; x_wconf 86' lang='lat' dir='ltr'><strong>alii</strong></span> <span class='ocrx_word' id='word_1_704' title='bbox 980 2577 1037 2595; x_wconf 73' lang='lat' dir='ltr'><strong>vero</strong></span> 
     </span>
    </p>
   </div>
   <div class='ocr_carea' id='block_1_100' title="bbox 256 2613 1036 2653">
    <p class='ocr_par' dir='ltr' id='par_1_100' title="bbox 256 2613 1036 2653">
     <span class='ocr_line' id='line_1_100' title="bbox 256 2613 1036 2653; baseline -0.008 -7"><span class='ocrx_word' id='word_1_705' title='bbox 256 2621 417 2647; x_wconf 81' lang='lat' dir='ltr'><strong>contrarium</strong></span> <span class='ocrx_word' id='word_1_706' title='bbox 446 2619 537 2653; x_wconf 72' lang='lat' dir='ltr'><strong>fecere.</strong></span> <span class='ocrx_word' id='word_1_707' title='bbox 558 2617 609 2643; x_wconf 75' lang='lat' dir='ltr'><strong>Sed</strong></span> <span class='ocrx_word' id='word_1_708' title='bbox 629 2618 741 2642; x_wconf 69' lang='lat' dir='ltr'><strong>maxime</strong></span> <span class='ocrx_word' id='word_1_709' title='bbox 765 2616 880 2642; x_wconf 87' lang='lat' dir='ltr'><strong>omnium</strong></span> <span class='ocrx_word' id='word_1_710' title='bbox 909 2613 1036 2640; x_wconf 74' lang='lat' dir='ltr'><strong>Eusebius</strong></span> 
     </span>
    </p>
   </div>
   <div class='ocr_carea' id='block_1_101' title="bbox 257 2661 1038 2699">
    <p class='ocr_par' dir='ltr' id='par_1_101' title="bbox 257 2661 1038 2699">
     <span class='ocr_line' id='line_1_101' title="bbox 257 2661 1038 2699; baseline -0.01 -5"><span class='ocrx_word' id='word_1_711' title='bbox 257 2667 464 2694; x_wconf 70' lang='lat' dir='ltr'><strong>Nicomediensis</strong></span> <span class='ocrx_word' id='word_1_712' title='bbox 485 2667 618 2699; x_wconf 75' lang='lat' dir='ltr'><strong>episcopus</strong></span> <span class='ocrx_word' id='word_1_713' title='bbox 633 2664 666 2689; x_wconf 83' lang='lat' dir='ltr'><strong>ad</strong></span> <span class='ocrx_word' id='word_1_714' title='bbox 682 2664 885 2690; x_wconf 81' lang='lat' dir='ltr'><strong>dissentiendum</strong></span> <span class='ocrx_word' id='word_1_715' title='bbox 911 2661 1038 2694; x_wconf 81' lang='lat' dir='ltr'><strong>impulsus</strong></span> 
     </span>
    </p>
   </div>
   <div class='ocr_carea' id='block_1_102' title="bbox 255 2706 1035 2746">
    <p class='ocr_par' dir='ltr' id='par_1_102' title="bbox 255 2706 1035 2746">
     <span class='ocr_line' id='line_1_102' title="bbox 255 2706 1035 2746; baseline -0.013 -7"><span class='ocrx_word' id='word_1_716' title='bbox 255 2717 305 2743; x_wconf 79' lang='lat' dir='ltr'><strong>est,</strong></span> <span class='ocrx_word' id='word_1_717' title='bbox 324 2721 353 2738; x_wconf 85' lang='lat' dir='ltr'><strong>eo</strong></span> <span class='ocrx_word' id='word_1_718' title='bbox 376 2711 445 2746; x_wconf 83' lang='lat' dir='ltr'><strong>quod</strong></span> <span class='ocrx_word' id='word_1_719' title='bbox 471 2711 618 2737; x_wconf 58' lang='lat' dir='ltr'><strong>Alexander</strong></span> <span class='ocrx_word' id='word_1_720' title='bbox 636 2710 662 2735; x_wconf 87' lang='lat' dir='ltr'><strong>in</strong></span> <span class='ocrx_word' id='word_1_721' title='bbox 686 2709 740 2735; x_wconf 84' lang='lat' dir='ltr'><strong>suis</strong></span> <span class='ocrx_word' id='word_1_722' title='bbox 768 2707 859 2733; x_wconf 78' lang='lat' dir='ltr'><strong>litteris</strong></span> <span class='ocrx_word' id='word_1_723' title='bbox 883 2706 1035 2732; x_wconf 75' lang='lat' dir='ltr'><strong>nominatim</strong></span> 
     </span>
    </p>
   </div>
   <div class='ocr_carea' id='block_1_103' title="bbox 255 2750 1036 2792">
    <p class='ocr_par' dir='ltr' id='par_1_103' title="bbox 255 2750 1036 2792">
     <span class='ocr_line' id='line_1_103' title="bbox 255 2750 1036 2792; baseline -0.013 -7"><span class='ocrx_word' id='word_1_724' title='bbox 255 2759 342 2792; x_wconf 82' lang='lat' dir='ltr'><strong>ipsum</strong></span> <span class='ocrx_word' id='word_1_725' title='bbox 365 2757 568 2791; x_wconf 70' lang='lat' dir='ltr'><strong>perslrittIisxel.</strong></span> <span class='ocrx_word' id='word_1_726' title='bbox 593 2754 752 2781; x_wconf 55' lang='lat' dir='ltr'><strong>Porrodunc</strong></span> <span class='ocrx_word' id='word_1_727' title='bbox 772 2753 893 2786; x_wconf 86' lang='lat' dir='ltr'><strong>temporis</strong></span> <span class='ocrx_word' id='word_1_728' title='bbox 908 2750 1036 2777; x_wconf 72' lang='lat' dir='ltr'><strong>Eusebius</strong></span> 
     </span>
    </p>
   </div>
   <div class='ocr_carea' id='block_1_104' title="bbox 255 2797 1037 2838">
    <p class='ocr_par' dir='ltr' id='par_1_104' title="bbox 255 2797 1037 2838">
     <span class='ocr_line' id='line_1_104' title="bbox 255 2797 1037 2838; baseline -0.012 -8"><span class='ocrx_word' id='word_1_729' title='bbox 255 2805 396 2838; x_wconf 85' lang='lat' dir='ltr'><strong>plurimum</strong></span> <span class='ocrx_word' id='word_1_730' title='bbox 410 2807 519 2835; x_wconf 75' lang='lat' dir='ltr'><strong>poterat,</strong></span> <span class='ocrx_word' id='word_1_731' title='bbox 531 2806 665 2835; x_wconf 72' lang='lat' dir='ltr'><strong>propterea</strong></span> <span class='ocrx_word' id='word_1_732' title='bbox 681 2801 749 2834; x_wconf 81' lang='lat' dir='ltr'><strong>quod</strong></span> <span class='ocrx_word' id='word_1_733' title='bbox 765 2801 905 2832; x_wconf 83' lang='lat' dir='ltr'><strong>imperator</strong></span> <span class='ocrx_word' id='word_1_734' title='bbox 918 2797 1037 2823; x_wconf 79' lang='lat' dir='ltr'><strong>Nicome-</strong></span> 
     </span>
    </p>
   </div>
   <div class='ocr_carea' id='block_1_105' title="bbox 256 2843 1031 2882">
    <p class='ocr_par' dir='ltr' id='par_1_105' title="bbox 256 2843 1031 2882">
     <span class='ocr_line' id='line_1_105' title="bbox 256 2843 1031 2882; baseline -0.01 -6"><span class='ocrx_word' id='word_1_735' title='bbox 256 2851 307 2876; x_wconf 68' lang='lat' dir='ltr'><strong>dia</strong></span> <span class='ocrx_word' id='word_1_736' title='bbox 321 2849 425 2882; x_wconf 75' lang='lat' dir='ltr'><strong>degebat</strong></span> <span class='ocrx_word' id='word_1_737' title='bbox 442 2854 451 2872; x_wconf 88' lang='lat'><strong><em>:</em></strong></span> <span class='ocrx_word' id='word_1_738' title='bbox 469 2847 522 2872; x_wconf 73' lang='lat' dir='ltr'><strong>illic</strong></span> <span class='ocrx_word' id='word_1_739' title='bbox 538 2847 607 2873; x_wconf 82' lang='lat' dir='ltr'><strong>enim</strong></span> <span class='ocrx_word' id='word_1_740' title='bbox 621 2846 700 2881; x_wconf 85' lang='lat' dir='ltr'><strong>paulo</strong></span> <span class='ocrx_word' id='word_1_741' title='bbox 717 2849 777 2871; x_wconf 86' lang='lat' dir='ltr'><strong>ante</strong></span> <span class='ocrx_word' id='word_1_742' title='bbox 793 2843 971 2870; x_wconf 61' lang='lat' dir='ltr'><strong>Diocletianus</strong></span> <span class='ocrx_word' id='word_1_743' title='bbox 990 2851 1031 2869; x_wconf 83' lang='lat' dir='ltr'><strong>tm-</strong></span> 
     </span>
    </p>
   </div>
   <div class='ocr_carea' id='block_1_106' title="bbox 1092 2254 1874 2288">
    <p class='ocr_par' dir='ltr' id='par_1_106' title="bbox 1092 2254 1874 2288">
     <span class='ocr_line' id='line_1_106' title="bbox 1092 2254 1874 2288; baseline -0.001 -6"><span class='ocrx_word' id='word_1_744' title='bbox 1092 2260 1134 2282; x_wconf 89' lang='lat' dir='ltr'><strong>tra</strong></span> <span class='ocrx_word' id='word_1_745' title='bbox 1159 2256 1339 2282; x_wconf 80' lang='lat' dir='ltr'><strong>Alexandrum</strong></span> <span class='ocrx_word' id='word_1_746' title='bbox 1364 2254 1506 2282; x_wconf 86' lang='lat' dir='ltr'><strong>classicum</strong></span> <span class='ocrx_word' id='word_1_747' title='bbox 1528 2259 1640 2282; x_wconf 89' lang='lat' dir='ltr'><strong>caueret</strong></span> <span class='ocrx_word' id='word_1_748' title='bbox 1658 2254 1670 2281; x_wconf 73' lang='grc' dir='ltr'><strong><em>Ἰ</em></strong></span> <span class='ocrx_word' id='word_1_749' title='bbox 1685 2254 1756 2282; x_wconf 84' lang='lat' dir='ltr'><strong>Sane</strong></span> <span class='ocrx_word' id='word_1_750' title='bbox 1779 2255 1800 2282; x_wconf 86' lang='lat' dir='ltr'><strong>si</strong></span> <span class='ocrx_word' id='word_1_751' title='bbox 1817 2255 1874 2288; x_wconf 86' lang='lat' dir='ltr'><strong>jam</strong></span> 
     </span>
    </p>
   </div>
   <div class='ocr_carea' id='block_1_107' title="bbox 1091 2300 1876 2336">
    <p class='ocr_par' dir='ltr' id='par_1_107' title="bbox 1091 2300 1876 2336">
     <span class='ocr_line' id='line_1_107' title="bbox 1091 2300 1876 2336; baseline 0 -8"><span class='ocrx_word' id='word_1_752' title='bbox 1091 2301 1226 2336; x_wconf 88' lang='lat' dir='ltr'><strong>profectus</strong></span> <span class='ocrx_word' id='word_1_753' title='bbox 1240 2301 1334 2328; x_wconf 91' lang='lat' dir='ltr'><strong>fuisset</strong></span> <span class='ocrx_word' id='word_1_754' title='bbox 1347 2301 1429 2327; x_wconf 79' lang='lat' dir='ltr'><strong>Arius</strong></span> <span class='ocrx_word' id='word_1_755' title='bbox 1451 2308 1511 2327; x_wconf 90' lang='lat' dir='ltr'><strong>cum</strong></span> <span class='ocrx_word' id='word_1_756' title='bbox 1527 2301 1619 2333; x_wconf 87' lang='lat' dir='ltr'><strong>sociis,</strong></span> <span class='ocrx_word' id='word_1_757' title='bbox 1633 2309 1685 2327; x_wconf 92' lang='lat' dir='ltr'><strong>non</strong></span> <span class='ocrx_word' id='word_1_758' title='bbox 1700 2305 1801 2328; x_wconf 82' lang='lat' dir='ltr'><strong>taceret</strong></span> <span class='ocrx_word' id='word_1_759' title='bbox 1817 2300 1876 2328; x_wconf 83' lang='lat' dir='ltr'><strong>Ale-</strong></span> 
     </span>
    </p>
   </div>
   <div class='ocr_carea' id='block_1_108' title="bbox 1092 2347 1876 2383">
    <p class='ocr_par' dir='ltr' id='par_1_108' title="bbox 1092 2347 1876 2383">
     <span class='ocr_line' id='line_1_108' title="bbox 1092 2347 1876 2383; baseline -0.003 -8"><span class='ocrx_word' id='word_1_760' title='bbox 1092 2349 1193 2375; x_wconf 82' lang='lat' dir='ltr'><strong>xander</strong></span> <span class='ocrx_word' id='word_1_761' title='bbox 1212 2347 1389 2383; x_wconf 86' lang='lat' dir='ltr'><strong>lucifugarum</strong></span> <span class='ocrx_word' id='word_1_762' title='bbox 1405 2348 1555 2380; x_wconf 86' lang='lat' dir='ltr'><strong>decessum,</strong></span> <span class='ocrx_word' id='word_1_763' title='bbox 1570 2355 1683 2381; x_wconf 86' lang='lat' dir='ltr'><strong>quorum</strong></span> <span class='ocrx_word' id='word_1_764' title='bbox 1698 2347 1732 2374; x_wconf 90' lang='lat' dir='ltr'><strong>ad</strong></span> <span class='ocrx_word' id='word_1_765' title='bbox 1755 2347 1823 2374; x_wconf 86' lang='lat' dir='ltr'><strong>alias</strong></span> <span class='ocrx_word' id='word_1_766' title='bbox 1836 2355 1876 2373; x_wconf 89' lang='lat' dir='ltr'><strong>re-</strong></span> 
     </span>
    </p>
   </div>
   <div class='ocr_carea' id='block_1_109' title="bbox 1091 2392 1877 2429">
    <p class='ocr_par' dir='ltr' id='par_1_109' title="bbox 1091 2392 1877 2429">
     <span class='ocr_line' id='line_1_109' title="bbox 1091 2392 1877 2429; baseline -0.003 -9"><span class='ocrx_word' id='word_1_767' title='bbox 1091 2395 1183 2429; x_wconf 89' lang='lat' dir='ltr'><strong>giones</strong></span> <span class='ocrx_word' id='word_1_768' title='bbox 1205 2394 1292 2421; x_wconf 84' lang='lat' dir='ltr'><strong>aditus</strong></span> <span class='ocrx_word' id='word_1_769' title='bbox 1312 2393 1350 2420; x_wconf 85' lang='lat' dir='ltr'><strong>rei</strong></span> <span class='ocrx_word' id='word_1_770' title='bbox 1366 2393 1506 2422; x_wconf 68' lang='lat' dir='ltr'><strong>catholicae</strong></span> <span class='ocrx_word' id='word_1_771' title='bbox 1531 2400 1700 2426; x_wconf 89' lang='lat' dir='ltr'><strong>summopere</strong></span> <span class='ocrx_word' id='word_1_772' title='bbox 1723 2397 1782 2419; x_wconf 88' lang='lat' dir='ltr'><strong>erat</strong></span> <span class='ocrx_word' id='word_1_773' title='bbox 1796 2392 1877 2426; x_wconf 86' lang='lat' dir='ltr'><strong>perti-</strong></span> 
     </span>
    </p>
   </div>
   <div class='ocr_carea' id='block_1_110' title="bbox 1092 2438 1876 2468">
    <p class='ocr_par' dir='ltr' id='par_1_110' title="bbox 1092 2438 1876 2468">
     <span class='ocr_line' id='line_1_110' title="bbox 1092 2438 1876 2468; baseline -0.004 -1"><span class='ocrx_word' id='word_1_774' title='bbox 1092 2441 1260 2468; x_wconf 80' lang='lat' dir='ltr'><strong>mescendus.</strong></span> <span class='ocrx_word' id='word_1_775' title='bbox 1285 2439 1317 2466; x_wconf 85' lang='lat' dir='ltr'><strong>Et</strong></span> <span class='ocrx_word' id='word_1_776' title='bbox 1344 2447 1407 2466; x_wconf 83' lang='lat' dir='ltr'><strong>vero</strong></span> <span class='ocrx_word' id='word_1_777' title='bbox 1434 2439 1459 2466; x_wconf 90' lang='lat' dir='ltr'><strong>id</strong></span> <span class='ocrx_word' id='word_1_778' title='bbox 1486 2439 1630 2466; x_wconf 80' lang='lat' dir='ltr'><strong>formidare</strong></span> <span class='ocrx_word' id='word_1_779' title='bbox 1660 2446 1690 2465; x_wconf 88' lang='lat' dir='ltr'><strong>se</strong></span> <span class='ocrx_word' id='word_1_780' title='bbox 1716 2438 1876 2466; x_wconf 77' lang='lat' dir='ltr'><strong>testificatur</strong></span> 
     </span>
    </p>
   </div>
   <div class='ocr_carea' id='block_1_111' title="bbox 1091 2484 1874 2520">
    <p class='ocr_par' dir='ltr' id='par_1_111' title="bbox 1091 2484 1874 2520">
     <span class='ocr_line' id='line_1_111' title="bbox 1091 2484 1874 2520; baseline -0.004 -7"><span class='ocrx_word' id='word_1_781' title='bbox 1091 2487 1252 2519; x_wconf 75' lang='lat' dir='ltr'><strong>Alexander,</strong></span> <span class='ocrx_word' id='word_1_782' title='bbox 1269 2489 1331 2513; x_wconf 92' lang='lat' dir='ltr'><strong>dum</strong></span> <span class='ocrx_word' id='word_1_783' title='bbox 1357 2486 1408 2513; x_wconf 85' lang='lat' dir='ltr'><strong>sub</strong></span> <span class='ocrx_word' id='word_1_784' title='bbox 1432 2486 1512 2512; x_wconf 82' lang='lat' dir='ltr'><strong>finem</strong></span> <span class='ocrx_word' id='word_1_785' title='bbox 1534 2486 1655 2520; x_wconf 63' lang='lat' dir='ltr'><strong>epistulae</strong></span> <span class='ocrx_word' id='word_1_786' title='bbox 1679 2484 1822 2519; x_wconf 70' lang='lat' dir='ltr'><strong>cncyclicaz</strong></span> <span class='ocrx_word' id='word_1_787' title='bbox 1835 2484 1874 2510; x_wconf 91' lang='lat' dir='ltr'><strong>sic</strong></span> 
     </span>
    </p>
   </div>
   <div class='ocr_carea' id='block_1_112' title="bbox 1089 2531 1874 2566">
    <p class='ocr_par' dir='ltr' id='par_1_112' title="bbox 1089 2531 1874 2566">
     <span class='ocr_line' id='line_1_112' title="bbox 1089 2531 1874 2566; baseline -0.003 -8"><span class='ocrx_word' id='word_1_788' title='bbox 1089 2533 1228 2566; x_wconf 60' lang='lat' dir='ltr'><strong>episcopus</strong></span> <span class='ocrx_word' id='word_1_789' title='bbox 1242 2531 1339 2558; x_wconf 65' lang='lat' dir='ltr'><strong>affatur</strong></span> <span class='ocrx_word' id='word_1_790' title='bbox 1353 2540 1360 2558; x_wconf 88' lang='lat'><strong>:</strong></span> <span class='ocrx_word' id='word_1_791' title='bbox 1377 2531 1500 2566; x_wconf 72' lang='lat' dir='ltr'><strong>ﬂentque.</strong></span> <span class='ocrx_word' id='word_1_792' title='bbox 1512 2531 1658 2557; x_wconf 81' lang='lat' dir='ltr'><strong>charissimi</strong></span> <span class='ocrx_word' id='word_1_793' title='bbox 1669 2537 1745 2565; x_wconf 85' lang='lat' dir='ltr'><strong>atque</strong></span> <span class='ocrx_word' id='word_1_794' title='bbox 1757 2532 1874 2557; x_wconf 80' lang='lat' dir='ltr'><strong>honora-</strong></span> 
     </span>
    </p>
   </div>
   <div class='ocr_carea' id='block_1_113' title="bbox 1087 2576 1872 2610">
    <p class='ocr_par' dir='ltr' id='par_1_113' title="bbox 1087 2576 1872 2610">
     <span class='ocr_line' id='line_1_113' title="bbox 1087 2576 1872 2610; baseline -0.003 -7"><span class='ocrx_word' id='word_1_795' title='bbox 1087 2577 1179 2603; x_wconf 58' lang='grc' dir='ltr'><strong>εἰδείηιὶ</strong></span> <span class='ocrx_word' id='word_1_796' title='bbox 1197 2577 1367 2603; x_wconf 79' lang='lat' dir='ltr'><strong>comministri</strong></span> <span class='ocrx_word' id='word_1_797' title='bbox 1378 2595 1385 2608; x_wconf 83' lang='lat'><strong>,</strong></span> <span class='ocrx_word' id='word_1_798' title='bbox 1401 2576 1478 2602; x_wconf 78' lang='lat' dir='ltr'><strong>vestri</strong></span> <span class='ocrx_word' id='word_1_799' title='bbox 1497 2577 1614 2610; x_wconf 83' lang='lat' dir='ltr'><strong>religioni</strong></span> <span class='ocrx_word' id='word_1_800' title='bbox 1630 2576 1804 2602; x_wconf 82' lang='lat' dir='ltr'><strong>indicavimus</strong></span> <span class='ocrx_word' id='word_1_801' title='bbox 1819 2583 1828 2606; x_wconf 84' lang='lat'><strong><em>;</em></strong></span> <span class='ocrx_word' id='word_1_802' title='bbox 1844 2580 1872 2600; x_wconf 84' lang='lat' dir='ltr'><strong>ut</strong></span> 
     </span>
    </p>
   </div>
   <div class='ocr_carea' id='block_1_114' title="bbox 1088 2629 1873 2666">
    <p class='ocr_par' dir='ltr' id='par_1_114' title="bbox 1088 2629 1873 2666">
     <span class='ocr_line' id='line_1_114' title="bbox 1088 2629 1873 2666; baseline -0.003 -9"><span class='ocrx_word' id='word_1_803' title='bbox 1088 2639 1119 2658; x_wconf 84' lang='lat' dir='ltr'><strong>ne</strong></span> <span class='ocrx_word' id='word_1_804' title='bbox 1133 2631 1267 2666; x_wconf 82' lang='lat' dir='ltr'><strong>quospiam</strong></span> <span class='ocrx_word' id='word_1_805' title='bbox 1279 2638 1311 2657; x_wconf 69' lang='lat' dir='ltr'><strong>ea:</strong></span> <span class='ocrx_word' id='word_1_806' title='bbox 1322 2630 1374 2657; x_wconf 86' lang='lat' dir='ltr'><strong>illis</strong></span> <span class='ocrx_word' id='word_1_807' title='bbox 1383 2650 1391 2662; x_wconf 91' lang='lat'><strong>,</strong></span> <span class='ocrx_word' id='word_1_808' title='bbox 1404 2631 1427 2657; x_wconf 85' lang='lat' dir='ltr'><strong>si</strong></span> <span class='ocrx_word' id='word_1_809' title='bbox 1441 2630 1589 2665; x_wconf 84' lang='lat' dir='ltr'><strong>petulanter</strong></span> <span class='ocrx_word' id='word_1_810' title='bbox 1602 2638 1645 2657; x_wconf 81' lang='lat' dir='ltr'><strong>vos</strong></span> <span class='ocrx_word' id='word_1_811' title='bbox 1658 2630 1732 2656; x_wconf 84' lang='lat' dir='ltr'><strong>adire</strong></span> <span class='ocrx_word' id='word_1_812' title='bbox 1747 2630 1805 2656; x_wconf 83' lang='lat' dir='ltr'><strong>ausi</strong></span> <span class='ocrx_word' id='word_1_813' title='bbox 1815 2629 1873 2662; x_wconf 77' lang='lat' dir='ltr'><strong>[ue-</strong></span> 
     </span>
    </p>
   </div>
   <div class='ocr_carea' id='block_1_115' title="bbox 1090 2679 1870 2718">
    <p class='ocr_par' dir='ltr' id='par_1_115' title="bbox 1090 2679 1870 2718">
     <span class='ocr_line' id='line_1_115' title="bbox 1090 2679 1870 2718; baseline -0.004 -8"><span class='ocrx_word' id='word_1_814' title='bbox 1090 2679 1151 2716; x_wconf 43' lang='lat' dir='ltr'><strong>rint’.</strong></span> <span class='ocrx_word' id='word_1_815' title='bbox 1165 2683 1296 2718; x_wconf 82' lang='lat' dir='ltr'><strong>recipiatis</strong></span> <span class='ocrx_word' id='word_1_816' title='bbox 1308 2690 1318 2710; x_wconf 88' lang='lat'><strong><em>:</em></strong></span> <span class='ocrx_word' id='word_1_817' title='bbox 1333 2683 1409 2716; x_wconf 85' lang='lat' dir='ltr'><strong>queis</strong></span> <span class='ocrx_word' id='word_1_818' title='bbox 1426 2683 1489 2709; x_wconf 83' lang='lat' dir='ltr'><strong>item</strong></span> <span class='ocrx_word' id='word_1_819' title='bbox 1511 2683 1663 2709; x_wconf 75' lang='lat' dir='ltr'><strong>sultindicat</strong></span> <span class='ocrx_word' id='word_1_820' title='bbox 1681 2689 1728 2709; x_wconf 81' lang='lat' dir='ltr'><strong>cus</strong></span> <span class='ocrx_word' id='word_1_821' title='bbox 1751 2682 1870 2709; x_wconf 83' lang='lat' dir='ltr'><strong>nondum</strong></span> 
     </span>
    </p>
   </div>
   <div class='ocr_carea' id='block_1_116' title="bbox 1090 2733 1872 2770">
    <p class='ocr_par' dir='ltr' id='par_1_116' title="bbox 1090 2733 1872 2770">
     <span class='ocr_line' id='line_1_116' title="bbox 1090 2733 1872 2770; baseline -0.006 -7"><span class='ocrx_word' id='word_1_822' title='bbox 1090 2743 1121 2763; x_wconf 81' lang='lat' dir='ltr'><strong>ex</strong></span> <span class='ocrx_word' id='word_1_823' title='bbox 1137 2735 1252 2770; x_wconf 66' lang='lat' dir='ltr'><strong>Egypto</strong></span> <span class='ocrx_word' id='word_1_824' title='bbox 1263 2735 1438 2769; x_wconf 73' lang='lat' dir='ltr'><strong>demigrasse.</strong></span> <span class='ocrx_word' id='word_1_825' title='bbox 1453 2733 1545 2768; x_wconf 85' lang='lat' dir='ltr'><strong>Neque</strong></span> <span class='ocrx_word' id='word_1_826' title='bbox 1565 2742 1629 2761; x_wconf 78' lang='lat' dir='ltr'><strong>vero</strong></span> <span class='ocrx_word' id='word_1_827' title='bbox 1642 2733 1739 2767; x_wconf 86' lang='lat' dir='ltr'><strong>aliquis</strong></span> <span class='ocrx_word' id='word_1_828' title='bbox 1756 2733 1872 2767; x_wconf 78' lang='lat' dir='ltr'><strong>scripto-</strong></span> 
     </span>
    </p>
   </div>
   <div class='ocr_carea' id='block_1_117' title="bbox 1091 2788 1870 2823">
    <p class='ocr_par' dir='ltr' id='par_1_117' title="bbox 1091 2788 1870 2823">
     <span class='ocr_line' id='line_1_117' title="bbox 1091 2788 1870 2823; baseline -0.004 -8"><span class='ocrx_word' id='word_1_829' title='bbox 1091 2798 1148 2816; x_wconf 90' lang='lat' dir='ltr'><strong>rum</strong></span> <span class='ocrx_word' id='word_1_830' title='bbox 1166 2794 1285 2816; x_wconf 84' lang='lat' dir='ltr'><strong>veterum</strong></span> <span class='ocrx_word' id='word_1_831' title='bbox 1313 2794 1376 2816; x_wconf 89' lang='lat' dir='ltr'><strong>aute</strong></span> <span class='ocrx_word' id='word_1_832' title='bbox 1402 2788 1564 2823; x_wconf 83' lang='lat' dir='ltr'><strong>publicatam</strong></span> <span class='ocrx_word' id='word_1_833' title='bbox 1592 2789 1647 2815; x_wconf 89' lang='lat' dir='ltr'><strong>Arii</strong></span> <span class='ocrx_word' id='word_1_834' title='bbox 1668 2788 1870 2815; x_wconf 75' lang='lat' dir='ltr'><strong>damnationem</strong></span> 
     </span>
    </p>
   </div>
   <div class='ocr_carea' id='block_1_118' title="bbox 1089 2837 1871 2876">
    <p class='ocr_par' dir='ltr' id='par_1_118' title="bbox 1089 2837 1871 2876">
     <span class='ocr_line' id='line_1_118' title="bbox 1089 2837 1871 2876; baseline -0.003 -7"><span class='ocrx_word' id='word_1_835' title='bbox 1089 2841 1147 2875; x_wconf 86' lang='lat' dir='ltr'><strong>ejus</strong></span> <span class='ocrx_word' id='word_1_836' title='bbox 1170 2849 1200 2868; x_wconf 86' lang='lat' dir='ltr'><strong>ex</strong></span> <span class='ocrx_word' id='word_1_837' title='bbox 1227 2841 1342 2876; x_wconf 64' lang='lat' dir='ltr'><strong>Egypto</strong></span> <span class='ocrx_word' id='word_1_838' title='bbox 1367 2841 1514 2871; x_wconf 86' lang='lat' dir='ltr'><strong>profectum</strong></span> <span class='ocrx_word' id='word_1_839' title='bbox 1541 2841 1678 2868; x_wconf 86' lang='lat' dir='ltr'><strong>constituit</strong></span> <span class='ocrx_word' id='word_1_840' title='bbox 1699 2848 1705 2866; x_wconf 88' lang='lat'>:</span> <span class='ocrx_word' id='word_1_841' title='bbox 1727 2839 1773 2867; x_wconf 85' lang='lat' dir='ltr'><strong>sed</strong></span> <span class='ocrx_word' id='word_1_842' title='bbox 1797 2837 1871 2873; x_wconf 58' lang='lat' dir='ltr'><strong>ptiar</strong></span> 
     </span>
    </p>
   </div>
  </div>
