2016 3046
636 167 680 194 DE
700 168 779 196 VITA
798 169 842 196 ET
863 169 1017 199 SCRIPTIS
1035 171 1063 199 S.
1083 171 1278 201 ATHANASII.

1690 185 1761 217 ειῐνγ

144 225 332 253 'l'illemontius
356 232 388 252 ex
413 224 589 261 pra-iudicata
610 226 746 262 opinione,
767 228 807 256 sic
832 236 875 258 res
901 234 928 257 et
942 215 1344 262 Arum-ﬁdemedidimuswtsi
1357 233 1434 261 titulo
1448 233 1526 262 ﬁdem
1539 234 1638 262 addere
1647 225 1761 275 necessef

145 275 265 305 tempora
282 270 428 298 ordinavit.

179 317 329 345 Aitdeinde
337 317 523 346 Tillemontius
531 317 603 346 credi
613 317 681 345 forte
696 325 787 353 posse,
796 318 889 346 Arium
898 319 925 347 in

145 362 190 390 illa
199 363 384 397 episcoporum
395 371 478 398 prope
486 369 594 391 centum
608 365 709 399 synodo
719 365 827 400 impiam
836 371 927 400 protu-

144 408 208 436 lisse
218 409 378 436 sententiam
389 418 396 435 :
409 416 469 437 cum
479 414 587 444 rogatus
598 417 612 437 a
622 411 748 445 quodam,
764 419 826 439 num
835 412 925 446 perin-

144 454 178 481 de
190 455 287 482 mutari
294 460 384 489 posset
392 455 439 483 Dei
448 454 577 488 Verbum,
586 461 666 491 atque
681 457 801 486 diabolus
809 463 925 486 mutatus

143 504 199 528 est:
213 499 284 528 Sane
291 506 389 536 potest,
402 501 540 536 respondit
552 502 606 529 ille.
618 502 668 530 Ubi
675 502 859 531 Tillemontius
868 511 924 531 rem

142 545 251 579 planam
264 550 291 572 et
305 551 425 580 apertam
445 546 471 573 in
484 546 595 582 ancipiti
609 546 668 574 vult
682 547 796 582 relinqui
810 555 817 574 :
833 548 860 575 in
872 548 925 582 epi-

143 591 212 618 stola
226 591 324 626 quippe
335 592 463 628 synodiea
472 592 624 620 Alexander
638 593 716 620 istius
737 593 832 628 synodi
847 593 922 628 prin-

141 643 205 671 ceps
228 636 341 671 idipsum
361 636 454 671 refert,
479 642 509 665 ut
525 638 622 672 cuique
647 638 770 673 superius
793 638 881 674 legere
895 639 922 666 in

141 686 246 715 prompt
252 689 267 708 ll
285 686 336 708 εει.

176 726 214 753 De
235 726 362 755 Collutho
389 727 569 756 Alexandrino
596 730 771 765 presbytero,
785 730 829 765 qui
848 730 922 765 prior

140 771 203 799 huic
215 772 335 807 epistolis
351 773 486 809 synodicae
510 775 681 811 subscripsit,
694 777 815 811 quaedam
832 777 921 804 exori-

139 823 183 844 tur
202 818 344 846 dillicultas
363 824 391 846 et.
406 819 528 853 quaestio,
541 828 620 854 quam
644 829 692 850 nos
718 823 743 849 in
762 822 920 850 Praefatione

137 863 172 889 ad
201 861 288 890 Vitam
310 864 448 891 Athanasii
474 872 523 900 pro
544 866 614 894 virili
641 868 819 903 expendimus
842 877 850 893 :
866 876 920 903 quo

978 275 1067 308 fuerit,
1088 277 1114 304 in
1136 277 1188 305 line
1209 278 1306 306 dicitur
1329 287 1336 304 :
1355 280 1409 306 Καὶ
1435 279 1503 315 μετὰ
1517 281 1548 307 τὸ
1565 278 1756 317 ’ἁποσταλῆναι

977 321 1237 359 ἀπὸᾌλεξανδρείας
1248 323 1293 350 τὸν
1301 325 1383 360 τόμον
1390 325 1484 352 τοῦτον
1493 334 1501 342 ·
1512 326 1538 353 id
1552 332 1604 359 est,
1615 326 1762 371 Postquam,

977 372 1062 393 autem
1073 367 1115 394 hic
1123 374 1206 395 tomus
1213 369 1373 397 Alexandria
1380 371 1474 398 missas
1484 377 1532 398 est.
1547 372 1574 398 ld
1584 379 1665 406 porro
1674 380 1758 407 genus

975 411 1146 446 epistularum
1167 414 1365 448 synodicarum,
1386 415 1446 444 ideo
1465 421 1551 444 tomus
1566 417 1672 449 dicitur,
1694 418 1757 452 quia

975 456 1066 490 paucis
1082 457 1123 484 edi
1135 457 1247 491 solebat,
1262 459 1400 495 συντόμως
1420 461 1656 497 ὑπηγορεύσοιμεν,
1667 464 1757 497 paucis

975 501 1143 535 dictauimus,
1157 507 1184 530 ut
1210 503 1324 532 habetur
1347 506 1445 534 ibidem
1464 508 1581 542 :quibus
1600 509 1698 536 accinit
1712 505 1761 552 Μή

974 547 1053 582 ceph.
1073 548 1241 582 patriarcha,
1264 550 1310 577 lib.
1334 559 1354 578 ll
1379 552 1509 580 Adversus
1528 553 1639 588 Niceph.
1659 553 1757 589 Gregoa

974 600 1051 619 ram:
1069 593 1131 628 quia
1154 594 1258 622 scilicet
1286 596 1323 623 ibi
1347 604 1390 625 res
1408 599 1642 635 συντετμημένως.
1665 601 1691 628 id
1713 605 1756 629 est

972 638 1076 672 paucis,
1092 639 1131 666 sic
1149 639 1202 673 ille,
1225 648 1396 670 enarrantur.
1412 643 1512 672 Eodem
1538 653 1586 673 usu
1607 654 1658 674 vox
1673 647 1754 682 τόμος

972 683 1089 711 occurrit
1116 685 1185 719 apud
1212 686 1390 721 Epiphanium
1415 688 1479 716 hair.
1510 690 1753 720 Photiniauorum:

971 729 1034 757 hinc
1051 731 1132 758 etiam
1146 731 1172 758 in
1189 731 1352 761 Collectione
1363 735 1548 770 conciliorum,
1559 741 1645 765 tomus
1656 738 1754 767 Leonis

972 775 1005 802 ad
1031 775 1197 804 Flavianum.
1213 777 1290 806 Unde
1309 780 1425 816 Ducang.
1446 782 1471 808 in
1491 781 1626 810 Glossario
1645 783 1691 812 Gr.
1713 786 1754 812 τό-

972 828 1030 854 μος,
1043 819 1170 854 Libellus,
1185 827 1245 848 acta
1257 826 1282 849 et
1299 823 1404 851 decreta
1425 825 1519 859 synodi
1532 831 1556 852 et
1576 831 1658 853 totum
1673 827 1752 860 illud,

969 866 1036 898 quod
1060 866 1123 900 ﬁdei
1148 868 1336 902 professionem
1358 874 1381 895 et
1404 871 1591 904 expositionem
1615 874 1750 907 continet,

136 908 266 936 lectorem
290 910 432 944 minimus,
453 918 515 938 nam
539 912 726 942 Tmemomius
751 922 785 942 ne
810 915 919 950 quidem
934 908 1151 945 Bcomplectens,
1168 913 1212 940 ubi
1227 913 1310 941 multa
1324 914 1381 942 loca
1397 916 1569 951 explicationi
1582 919 1643 946 huic
1653 927 1752 955 oppor-

135 953 236 989 legisse
255 954 370 983 videtur.

370 1012 630 1044 ANIMADVERSIO
651 1015 692 1043 Vl.

135 1055 208 1096 Quid
218 1057 253 1084 sit
270 1057 373 1096 τόμοςη
386 1058 438 1096 sive
462 1064 545 1096 tantus
567 1061 610 1088 ille
634 1069 709 1096 quem
729 1062 854 1096 episcopis
872 1069 918 1095 per

169 1091 254 1118 orbem
262 1092 474 1120 subscribendum
482 1094 629 1122 Alexander
635 1091 829 1124 Alexandrinus
836 1091 914 1124 misit.

168 1136 273 1165 Iamdiu
288 1139 384 1173 agitari
402 1144 520 1174 coeptum
532 1145 585 1174 est,
602 1142 665 1176 quid
676 1142 711 1169 sit
724 1142 769 1170 ille
785 1148 871 1170 tomus
883 1143 916 1171 de

131 1189 186 1216 quo
199 1182 226 1209 in
244 1182 356 1217 epistola
371 1185 406 1211 ad
421 1185 602 1214 Alexandrum
618 1187 788 1222 Byzantium,
798 1188 918 1216 Alexan-

131 1229 182 1254 der
192 1227 389 1258 Alexandrinus
407 1230 469 1258 talia
487 1231 559 1259 fatur
577 1233 630 1268 (a):
648 1233 764 1266 Τούτους
778 1234 916 1271 ἀποστρα-

130 1272 237 1307 φέντες,
252 1274 386 1311 ἀγαπητοὶ
411 1277 457 1303 καὶ
478 1277 609 1313 όμόψυχοι
630 1279 754 1314 ἀδελφοὶ,
774 1281 914 1317 σύμψηφοι

130 1319 237 1352 γίνεσθε
249 1320 318 1354 κατὰ
328 1322 376 1357 τῆς
387 1322 535 1357 μανιώδους
543 1323 631 1350 αὐτῶν
641 1325 750 1361 τόλμης,
757 1326 818 1353 καθ’
825 1327 915 1362 όμοιό-

129 1373 199 1399 vnto.
225 1366 277 1393 τῶν
306 1368 551 1404 ἀγανακτησάντων
577 1369 789 1406 συλλειτουργῶν
813 1373 911 1408 ἡμῶν,

130 1411 176 1437 καὶ
187 1412 395 1440 ἐπιστειλάντων
410 1423 454 1449 μοι
464 1416 523 1442 κατ’
531 1415 619 1442 αὐτῶν
634 1418 680 1443 καὶ
706 1417 744 1452 τῷ
753 1418 831 1452 τόμῳ
848 1426 911 1445 συν-

129 1457 344 1492 υπογραψάντων
355 1467 361 1474 ⁵
375 1459 393 1486 ἃ.
401 1461 447 1486 καὶ
462 1460 654 1497 διεπεμψάμην
663 1463 726 1498 ὑμῖν
739 1463 782 1490 διὰ
794 1463 840 1490 τοῦ
854 1463 911 1491 υίοῦ

130 1511 181 1536 μου
205 1503 333 1536 Ἀπίωνος
351 1505 398 1532 τοῦ
415 1506 553 1540 διακόνου,
566 1508 645 1535 τοῦτο
657 1509 705 1544 μὲν
723 1509 813 1545 πάσης
827 1510 911 1545 Αἰγύ-

127 1556 196 1575 πτου
207 1550 252 1576 καὶ
263 1550 392 1586 Θηϐαΐδος
404 1560 410 1566 ·
417 1552 495 1579 τοῦτο
505 1553 533 1579 δὲ
543 1554 644 1590 Λιϐύης
655 1555 701 1581 καὶ
708 1555 909 1589 Πενταπόλεως,

128 1594 174 1619 καί
186 1594 294 1630 Συρίας,
307 1597 354 1623 καὶ
364 1597 404 1624 ἐτι
425 1598 528 1630 Λυκίας
550 1601 597 1626 καὶ
608 1600 779 1636 Παμφυλίας,
806 1602 908 1634 Ἀσίας,

127 1640 335 1674 Καππαδοκίας,
347 1644 393 1670 καὶ
418 1644 471 1670 τῶν
489 1645 576 1672 ἄλλων
595 1646 755 1682 περιχώρων
769 1656 775 1662 ·
788 1644 825 1675 ὧν
849 1647 908 1675 καθ’

126 1686 273 1722 ὁμοιότητα
297 1689 343 1716 καὶ
367 1691 430 1726 παρ’
443 1691 518 1726 ὑμῶν
532 1692 656 1724 δέξασθαι
671 1694 797 1721 πέποιθα.
809 1694 838 1722 ld
850 1699 907 1722 est:

128 1730 186 1758 Hos
208 1739 364 1767 aversantes,
388 1735 536 1763 clrarissimi
558 1743 634 1772 atque
649 1740 784 1766 unanimes
800 1740 907 1774 fratres,

125 1775 283 1811 stt/fragium
298 1778 386 1805 addite
403 1785 515 1807 vestrum
526 1782 652 1809 adversus
666 1783 794 1817 furiarum
804 1784 908 1811 illorum

125 1822 279 1855 audaciam,
297 1825 404 1858 perinde
429 1834 460 1852 ac
474 1827 646 1855 comministri
663 1829 755 1862 nostri,
772 1829 817 1864 qui
839 1829 908 1856 indi-

125 1868 199 1902 gnati
210 1873 270 1895 sunt
283 1875 306 1896 et
321 1870 384 1897 mihi
393 1871 515 1905 epistolas
524 1873 683 1907 scripserant
696 1874 821 1901 adversus
834 1874 904 1908 illos,

125 1918 150 1940 et
167 1921 239 1942 'rorto
257 1915 482 1950 subscripserunt;
501 1926 558 1952 quis
571 1919 650 1946 etiam
669 1920 703 1946 ad
718 1928 761 1947 uos
781 1921 842 1947 misi
861 1929 907 1955 per

126 1958 211 1992 filium
240 1968 324 1987 meum
343 1960 467 1996 Apionem
489 1963 641 1997 diaconum,
663 1969 718 1991 tum
737 1973 769 1992 ea:
782 1964 864 2000 Libya
882 1970 907 1993 et

128 2003 282 2039 Pentapoli;
299 2010 354 2033 tum
369 2015 402 2034 ea:
416 2007 506 2043 Syria,
528 2008 609 2044 Lycia
619 2030 627 2042 ,
643 2009 809 2046 Pamphylia,
832 2012 904 2045 Asia,

126 2049 291 2084 Cappadocia
314 2052 424 2088 aliisque
447 2055 597 2087 provinciis.
613 2055 731 2089 Quorum
747 2056 862 2091 exemplo
889 2065 906 2084 α

124 2097 195 2123 vobis
209 2105 309 2132 quoque
321 2105 452 2134 acceptant
464 2100 497 2127 iri
511 2101 626 2135 conﬁdo.
642 2101 706 2129 Voci
722 2102 805 2137 τόμος
818 2102 905 2138 expli—

123 2142 217 2169 canda
232 2148 397 2177 opportunus
410 2150 449 2173 est
463 2146 506 2173 hic
517 2145 639 2181 Gregorii
657 2146 820 2175 Nazianzeni
837 2155 879 2183 ep.
889 2149 902 2175 1

121 2187 157 2214 ad
179 2188 335 2217 Cledonium
360 2190 443 2224 locus,
460 2191 580 2225 Δείξουσι
595 2192 622 2219 δὲ
644 2193 751 2226 πάντως
768 2195 784 2229 ἢ
804 2194 848 2221 διὰ
860 2195 905 2221 τό.

125 2242 175 2268 μου
202 2235 349 2267 συνοδικοῦ,
369 2236 385 2272 ἢ
409 2237 442 2263 δι’
462 2238 609 2265 ἐπιστολῶν
635 2239 797 2266 κοινωνικῶν
809 2238 901 2272 ὀὗτος
917 2254 939 2282 D

121 2280 177 2315 γὰρ
203 2279 257 2307 τῶν
281 2281 394 2308 συνόδων
412 2283 426 2309 ὁ
444 2283 533 2318 νόμος.
544 2283 572 2310 ld
600 2289 653 2317 est,
677 2284 788 2324 Omnino
813 2290 900 2313 autem

122 2326 256 2352 ostendent
276 2327 322 2360 (se
348 2327 451 2355 scilicet
476 2329 508 2356 ad
533 2330 747 2357 communionem
769 2330 900 2358 admissos

922 1580 946 1612 Ο

121 2370 191 2405 esse)
211 2371 251 2398 vel
274 2380 320 2406 per
340 2378 438 2399 tomum
459 2374 626 2408 synodalem,
650 2375 690 2401 vel
707 2383 751 2409 per
776 2376 898 2409 epistolas

120 2416 374 2444 communicatorias.
391 2417 462 2445 Nam
480 2420 521 2446 hic
533 2421 691 2454 synodorum
710 2429 764 2447 mos
783 2425 832 2448 est.
851 2420 900 2448 Hic

120 2462 202 2497 igitur
223 2470 280 2491 mos
295 2464 457 2499 synodorum
476 2469 534 2492 erat
547 2470 576 2492 ut
597 2473 645 2499 per
660 2470 746 2493 tomos
757 2466 899 2500 synodicos

119 2516 178 2543 quae
193 2509 295 2536 sancita
316 2514 396 2537 erant
415 2510 577 2538 emitterent.
598 2511 681 2546 Cujus
708 2512 745 2539 rei
763 2512 900 2545 apertissi-

118 2561 192 2581 mum
212 2555 393 2582 testimonium
425 2556 508 2584 habes
529 2556 556 2583 in
583 2557 695 2591 epistola
722 2557 816 2592 synodi
834 2557 897 2584 Ale-

117 2599 338 2635 xandrirtae_anni
358 2600 421 2633 362,
443 2602 476 2629 ad
496 2602 679 2632 Antiochenos
699 2602 732 2629 ab
748 2602 898 2630 Athanasio

118 2645 176 2678 ipso
192 2647 354 2681 conscripta,
371 2652 400 2673 ut
413 2647 504 2675 videre
515 2651 556 2675 est
567 2648 616 2675 sub
627 2648 717 2680 tinem,
739 2656 766 2682 p.
781 2647 843 2676 620.
859 2647 898 2675 Ea

117 2697 215 2724 nempe
237 2691 318 2726 τόμος
346 2692 502 2719 ’Λθανασίου
524 2693 735 2728 ἀρχιεπισκόπου
774 2692 898 2726 Ἀλεξαν-

116 2735 218 2771 δρείας,
227 2740 310 2764 tomus
318 2737 456 2766 Athanasii
469 2739 654 2773 archiepiscopi
667 2738 841 2766 Alexandrini
855 2740 897 2766 in-

116 2781 301 2814 scribitur;ut
315 2790 364 2810 nos
384 2783 418 2811 ad
431 2784 550 2811 omnium
570 2784 680 2812 omnino
701 2785 896 2819 manuscripto-

971 959 1033 982 tuna
1049 956 1314 992 colligit.Gretzerus
1328 960 1391 988 item
1409 962 1443 989 ad
1457 963 1750 998 Cantacuzenum,l.u,

969 1008 994 1028 c.
1010 1001 1055 1035 40,
1073 1003 1166 1038 τόμον,
1183 1004 1209 1031 in
1225 1006 1335 1040 synodis
1358 1007 1396 1035 ait
1417 1015 1477 1036 esse
1499 1009 1629 1043 libellum,
1641 1017 1701 1039 acta
1723 1018 1750 1039 et

968 1046 1076 1075 decreta
1090 1049 1159 1083 ejus,
1177 1054 1204 1077 et
1225 1055 1310 1078 totum
1321 1051 1384 1079 illud
1400 1054 1471 1088 quod
1484 1053 1545 1082 ﬁdei
1556 1056 1748 1089 professionem

967 1094 1217 1130 expositionemque
1241 1097 1372 1131 continet,
1396 1099 1632 1134 complectentem.
1657 1103 1750 1137 Itaque

968 1142 1055 1166 tomus
1082 1145 1178 1174 quarto
1201 1145 1349 1176 praesertim
1366 1145 1464 1172 seculo
1487 1153 1537 1180 pro
1552 1147 1664 1181 epistola
1686 1157 1749 1184 syn-

966 1183 1042 1211 odica
1060 1185 1218 1219 habebatur,
1230 1195 1290 1222 qua:
1299 1189 1417 1217 breviter
1434 1198 1477 1218 res
1489 1191 1516 1219 in
1531 1193 1633 1227 synodo
1647 1183 1747 1228 gestas,

965 1234 993 1256 et
1004 1229 1127 1266 dogmata
1143 1233 1310 1268 promulgata
1326 1241 1477 1271 enarraret,
1495 1237 1532 1264 uti
1546 1244 1579 1265 ex
1592 1238 1659 1267 locis
1677 1240 1746 1267 Gre-

965 1276 1033 1310 gorii
1061 1276 1139 1311 Naz.,
1168 1278 1311 1314 Nicephori
1336 1281 1513 1316 patriarcha,
1539 1291 1573 1316 ac
1595 1287 1746 1320 praesertim

963 1322 1085 1357 exemplo
1104 1324 1167 1351 tomi
1184 1324 1358 1355 Alexandrini
1378 1327 1412 1355 ab
1423 1329 1571 1359 Athanasio
1585 1334 1742 1369 conscripti,

964 1374 1199 1398 commonstratur.
1225 1370 1292 1399 Cum
1321 1373 1403 1409 igitur
1427 1375 1567 1410 epistolam
1591 1378 1746 1413 hujusmodi

963 1415 1117 1449 synodicam
1131 1417 1222 1451 paucis
1238 1419 1418 1453 conscriptam
1433 1422 1467 1449 ab
1482 1422 1637 1452 Alexandro
1655 1424 1752 1463 nomi-j

963 1467 996 1488 ne
1008 1461 1104 1496 synodi
1127 1468 1234 1490 centum
1255 1464 1363 1492 circiter
1386 1467 1573 1503 episcoporum
1596 1471 1684 1499 datam
1701 1473 1746 1500 ha-

961 1506 1081 1540 beamus,
1099 1507 1125 1534 in
1154 1516 1206 1543 qua
1233 1517 1294 1536 cum
1321 1510 1379 1538 Arii
1402 1512 1540 1542 damnatio
1569 1519 1626 1542 tum
1649 1518 1744 1552 synodi

961 1553 1093 1580 sententia
1107 1552 1264 1587 efferuntur,
1278 1562 1358 1589 quam
1374 1556 1455 1584 aliam
1479 1558 1626 1591 dixerimus
1642 1566 1744 1590 tomum

960 1598 1117 1632 nuncupari,
1132 1600 1184 1627 nisi
1197 1608 1256 1628 eam
1267 1609 1347 1637 quam
1356 1602 1388 1629 ad
1399 1610 1493 1631 omnes
1510 1605 1641 1633 universa:
1656 1607 1745 1635 Eccle-

959 1643 1006 1670 siae
1022 1643 1160 1672 catholica
1174 1646 1314 1682 episcopos
1327 1647 1409 1681 misit,
1426 1656 1560 1684 quamque
1572 1652 1696 1686 superius
1708 1660 1743 1680 ex

958 1694 1035 1723 parte
1051 1690 1209 1719 retulimus?
1220 1691 1286 1720 Eam
1302 1693 1433 1729 siquidem
1450 1694 1505 1730 jam
1529 1702 1544 1722 a
1561 1696 1683 1731 plurimis
1694 1706 1743 1732 per

958 1734 1049 1762 orbem
1074 1736 1206 1770 episcopis
1232 1738 1416 1773 subscriptam
1433 1745 1565 1768 memorat
1585 1742 1656 1769 idem
1679 1743 1742 1771 Ale-

958 1781 1058 1808 xander
1072 1781 1098 1808 in
1116 1782 1226 1816 epistola
1246 1791 1294 1810 sua
1311 1785 1343 1811 ad
1367 1785 1549 1814 Alexandrum
1570 1787 1739 1823 Byzantium.

957 1825 1025 1854 Huic
1051 1831 1139 1854 tamen
1165 1829 1305 1856 sententias
1332 1829 1520 1859 Tillemontius
1547 1833 1663 1868 obsistit,
1689 1835 1741 1863 hoc

957 1876 1116 1905 argumento
1132 1880 1197 1900 sane
1219 1873 1317 1908 frigido
1342 1879 1369 1902 et
1395 1875 1490 1904 nullo:
1507 1876 1564 1905 Non
1583 1879 1739 1912 verisimile.

956 1915 1060 1950 inquit,
1086 1922 1129 1945 est
1154 1919 1295 1953 episcopos
1322 1921 1406 1955 gestis
1434 1923 1639 1957 quamplurimis
1662 1925 1688 1952 in
1708 1934 1739 1954 ea

955 1962 1068 1998 epistola
1083 1965 1247 1999 memoratis,
1257 1973 1371 2001 quorum
1386 1971 1468 1995 testes
1477 1976 1538 1996 esse
1549 1977 1602 1997 non
1611 1978 1718 2006 possent
1729 1992 1738 2005 .

955 2007 1111 2045 suffragium
1128 2011 1242 2039 dedisse.
1263 2011 1420 2041 Sutliciebat
1434 2015 1506 2042 enim
1520 2021 1550 2043 ut
1572 2017 1738 2047 confessioni

956 2052 1017 2080 ﬁdei
1043 2055 1254 2090 subscriberent,
1271 2062 1298 2084 et
1321 2065 1351 2085 se
1366 2059 1482 2088 Arianos
1503 2068 1556 2089 non
1584 2069 1739 2098 recepturos

955 2099 988 2126 ad
1004 2101 1219 2129 communionem
1231 2111 1291 2131 esse
1301 2105 1494 2139 profiterentur
1507 2117 1513 2134 :
1527 2115 1615 2143 neque
1631 2110 1738 2138 videtur

955 2147 1042 2171 tomus
1066 2145 1137 2173 aliud
1165 2147 1301 2182 quidpiam
1329 2150 1485 2185 complexus
1501 2159 1574 2179 esse.
1591 2153 1653 2181 Hmc
1670 2155 1713 2182 ille
1728 2163 1735 2180 ε

954 2196 982 2217 at
992 2199 1044 2219 non
1057 2193 1178 2220 meminit
1196 2194 1279 2221 multa
1299 2195 1350 2222 hoc
1377 2196 1475 2224 saeculo
1490 2199 1613 2232 exempla
1635 2199 1736 2233 olferri,

953 2236 997 2264 ubi
1009 2237 1133 2265 absentes
1150 2239 1268 2274 episcopi
1285 2241 1363 2268 tomis
1376 2245 1403 2268 et
1416 2241 1535 2275 epistolis
1551 2244 1735 2277 synodalibus,

953 2283 1028 2317 queis
1039 2289 1113 2319 gesta
1124 2284 1192 2313 bene
1206 2286 1290 2313 multa
1314 2292 1485 2320 enarrantur,
1500 2288 1656 2324 suﬂ‘ragium
1671 2291 1737 2318 (lant

951 2333 978 2356 et
1002 2330 1184 2358 subscribunt.
1207 2331 1235 2358 In
1264 2338 1337 2360 torno
1368 2333 1466 2369 quippe
1486 2334 1627 2363 Athanasii
1654 2343 1734 2372 supra

951 2381 1110 2409 memorato,
1123 2377 1149 2404 in
1167 2385 1220 2412 quo
1234 2382 1310 2413 gesta
1334 2379 1428 2413 synodi
1450 2385 1576 2408 accurate
1591 2388 1735 2409 recensen-

951 2424 1006 2453 tur,
1019 2421 1179 2450 Antiocheni
1198 2423 1243 2457 qui
1264 2423 1347 2457 gestis
1367 2431 1421 2451 non
1449 2424 1629 2453 interfuerant
1647 2427 1735 2454 calcu-

951 2465 1004 2492 lum
1021 2466 1132 2492 addunt.
1147 2466 1193 2493 Sic
1207 2467 1281 2494 enim
1295 2467 1341 2499 ibi,
1355 2475 1380 2502 p.
1400 2468 1464 2500 620,
1476 2470 1532 2496 Καὶ
1549 2469 1617 2505 μετὰ
1627 2470 1658 2496 τὺ
1670 2471 1735 2498 ἀπο-

950 2511 1078 2546 σταλῆναι
1091 2511 1145 2538 ἀπὸ
1164 2512 1367 2548 Ἀλεξανδρείας
1380 2514 1426 2541 τὸν
1438 2515 1519 2550 τόμον
1540 2516 1647 2549 τοῦτον,
1664 2517 1733 2544 οὕτω

949 2557 1024 2592 παρὰ
1033 2558 1236 2592 προειρημένων
1249 2559 1503 2594 ὑπογεγραμμένον,
1514 2560 1584 2587 κατὰ
1591 2561 1676 2589 ταῦτα
1687 2563 1733 2590 καὶ

948 2602 1024 2628 αὐτοὶ
1051 2602 1226 2638 ὑπέγραψαν·
1243 2604 1270 2630 id
1291 2609 1349 2637 est,
1369 2603 1512 2639 Postquam
1535 2611 1621 2634 autem
1647 2611 1731 2634 tomus

948 2647 989 2674 hic
1009 2647 1170 2675 Alexandria
1183 2648 1277 2676 missus
1294 2654 1344 2681 est,
1356 2657 1372 2676 a
1385 2658 1464 2682 supra
1476 2651 1554 2678 dictis
1569 2652 1607 2679 ita
1618 2652 1732 2680 subscri-

950 2698 1022 2728 ptus,
1034 2698 1123 2728 postea
1136 2698 1160 2720 et
1174 2693 1225 2728 ipsi
1240 2702 1340 2729 quoque
1352 2695 1527 2731 (Antiocheni)
1539 2697 1730 2733 subscripsere:

951 2742 978 2765 et
990 2743 1081 2772 postea
1099 2738 1208 2766 aﬂertur
1230 2739 1332 2767 Paulini
1349 2740 1527 2775 subscriptio,
1542 2743 1588 2777 qui
1604 2750 1669 2771 sane
1684 2753 1730 2780 ge-

950 2784 998 2812 stis
1012 2785 1039 2812 in
1055 2788 1126 2814 tomo
1139 2786 1295 2814 memoratis
1313 2793 1366 2815 non
1385 2786 1554 2822 interfuerat.
1568 2795 1619 2817 nec
1635 2795 1729 2818 eorum

153 2881 189 2918 (a)
208 2880 327 2913 Tillem.,
339 2881 385 2908 γει
398 2883 430 2909 de
439 2881 468 2910 S.
481 2883 646 2918 Alexandre;
660 2885 820 2915 Theodoret.
840 2886 859 2915 ι.
872 2895 918 2920 t,c.
936 2887 962 2915 Δ.

253 2927 388 2960 ΡΑτιιοι..
404 2929 463 2959 Gl.
481 2929 580 2960 XXV.

1534 2940 1552 2970 ι,
1574 2955 1579 2957 _
