2016 3046
266 174 346 196 CL!“

925 156 1178 187 PROLEGOMENA
1185 178 1191 184 .

269 225 345 252 testis
360 231 420 252 esse
443 225 558 259 poterat.
584 221 618 249 Et
639 220 761 256 epistola:
783 219 926 255 encyclica:
953 218 1049 255 synodi
1062 219 1086 248 Α
1099 216 1234 244 lamitates
1255 214 1341 242 nullas
1361 216 1546 245 memoraret,
1571 215 1643 240 esset
1658 209 1889 245 hujusscripmris

269 269 452 302 Sardicensis,
470 269 515 296 ubi
541 267 654 295 historia
674 274 763 294 rerum
789 266 814 293 in
842 265 945 301 synodo
961 268 1051 300 gesta-

269 325 328 345 rum
343 319 507 346 recensctur,
523 312 642 347 episcopi
657 312 717 347 plus
733 311 861 343 ducenti,
876 310 922 346 qui
948 310 1052 346 synodo

270 371 322 390 non
339 358 524 392 interfuerant,
551 358 753 392 subscripsere,
769 357 816 392 qui
843 356 923 391 longo
947 356 1054 383 itineris

270 406 412 435 intervallo
428 405 669 440 di5siti,gestorum
682 408 765 431 testes
777 411 838 431 esse
851 409 903 430 n0n
917 406 1052 437 poterant.

272 453 370 479 Verum
377 459 429 478 non
436 451 511 486 quasi
521 458 611 478 rerum
619 449 646 477 in
655 449 756 485 synodo
764 454 899 483 gestarum
909 452 989 475 testes
996 447 1057 475 sub-

272 499 444 530 scribebant;
459 497 505 524 sed
516 497 653 532 dogmata,
665 496 849 529 anathemata,
866 493 1055 521 haereticorum

272 549 299 571 et
312 543 484 571 factiosorum
508 543 647 570 hominum
661 541 844 576 depositiones
865 539 993 575 suil‘ragio
1007 546 1056 566 suo

273 591 440 618 muniebant.
453 589 615 617 Tilletnontii
626 588 707 624 igitur
724 587 792 615 ratio
813 586 905 614 nulla:
923 592 1009 620 neque
1023 584 1059 611 fe

275 636 353 663 licius
364 635 485 663 Valesius
503 635 540 669 (a)
557 634 600 669 qui
611 637 687 668 putat
704 637 805 660 tomum
826 630 982 666 hujusmodi
995 637 1057 657 esse

274 682 414 718 epistolam
426 683 459 708 ad
477 681 659 708 Alexandrum
671 679 832 715 Byzantium
851 677 974 705 missam.
991 675 1058 703 Nam

276 736 308 755 ex
324 728 357 755 iis
372 734 431 762 quae
445 726 567 761 superius
580 725 718 753 attulimus
733 725 840 752 videtur
865 728 966 751 tomum
984 722 1058 749 illum

277 773 349 801 aliud
362 773 498 808 quidpiam
524 772 558 799 ab
578 771 695 806 epistola
716 778 786 798 esse.
812 769 914 797 Tomus
933 769 998 796 item
1016 767 1061 795 ille

277 821 309 847 ad
333 826 428 847 omnes
455 818 555 852 ubique
575 817 717 852 episcopos
743 816 842 843 missus
864 815 963 846 fuerat,
979 818 1009 841 ut
1027 821 1061 841 ex

278 863 434 893 memoratis
447 863 547 891 ibidem
560 861 802 896 subscriptionibus
814 860 916 894 liquet;
927 859 984 886 hate
997 865 1061 886 vero

279 909 391 944 epistola
408 910 443 936 ad
473 915 555 935 unum
570 907 752 934 Alexandrum
780 906 862 932 missa
885 909 939 932 est.
953 903 992 931 Ad
1007 904 1064 931 haec
1078 899 1100 926 Β

279 959 370 981 autem
390 953 505 989 epistola
521 952 554 980 ad
572 951 753 979 Alexandrum
776 950 908 986 prolixior
921 953 973 982 est,
985 955 1065 984 quam

280 1007 340 1034 quae
354 999 439 1034 possit
449 998 531 1033 τόμος
545 997 635 1025 vocari
648 1006 656 1025 :
670 1004 743 1031 nam,
760 1001 790 1023 ut
805 1004 886 1031 supra
903 996 1066 1028 notavimus,

281 1051 370 1074 tomus
390 1045 489 1073 dicitur
508 1045 534 1071 in
547 1051 602 1079 quo
617 1042 845 1079 συντετμημένως
862 1049 896 1070 ac
915 1041 1065 1076 συντόμως,

281 1092 338 1118 sive
350 1090 515 1126 perbreviter
525 1097 569 1117 res
584 1093 760 1122 enarrantur;
773 1089 817 1116 hic
831 1095 895 1116 vero
910 1088 968 1115 fuse
979 1089 1069 1115 admo-

285 1138 348 1164 dum
367 1141 553 1168 recensentur,
569 1143 629 1163 nam
643 1136 688 1162 vix
704 1135 834 1163 tredecim
851 1133 1069 1170 quatuordecim-

284 1191 317 1212 ve
328 1183 434 1220 paginis
449 1182 560 1219 epistola
577 1182 619 1209 illa
632 1181 807 1217 persolvitur.

507 1236 766 1266 ANIMADVERSIO
783 1235 839 1265 VII.

320 1285 378 1319 Quo
394 1289 507 1320 tempore
519 1284 677 1320 Athanasius
694 1284 723 1310 in
736 1282 893 1320 Thebaidem
905 1281 1035 1317 profectus

537 1319 708 1346 Patr/tomum
721 1319 819 1346 vitarit.

319 1366 421 1394 Auctor
442 1365 511 1393 Viue
525 1365 555 1392 S.
569 1364 708 1391 Pachomii
727 1363 776 1399 (b),
794 1363 840 1398 qui
853 1367 951 1398 quarto
975 1360 1073 1389 saeculo

286 1412 408 1446 scripsit,
422 1416 518 1439 narrat
538 1410 718 1438 Athanasium
736 1409 814 1437 initio
836 1409 1009 1444 episcopatus
1030 1407 1073 1435 sui

288 1459 433 1486 Thebaidis
455 1457 590 1486 Ecclesias
607 1457 810 1485 Meletianorum
832 1455 943 1482 dissidio
959 1453 1075 1481 Ariano-

286 1511 400 1540 rumque
428 1504 548 1532 motibus
577 1502 759 1537 deﬂagrantes
785 1500 968 1537 perlustrasse
983 1518 992 1532 ,
1017 1505 1071 1533 quo

288 1550 449 1578 vacillantes
461 1549 619 1584 debilesque
629 1548 737 1576 animos
751 1550 887 1574 recrearet
902 1550 930 1573 et
951 1544 1074 1571 ﬁrmaret

288 1596 316 1623 in
336 1602 400 1624 vera
431 1595 496 1622 ﬁde.
512 1594 542 1621 '0
562 1593 592 1621 δὲ
615 1592 767 1627 ἁγιώτατος
786 1590 1000 1627 ἀρχιεπισκοπος
1025 1590 1074 1625 τῆς

294 1640 494 1676 ’Δλεξανδρείας
507 1638 541 1676 ἦν
556 1639 627 1666 κατὰ
639 1638 684 1665 τὸν
695 1637 789 1673 καιρὸν
802 1636 952 1672 ἀρχόμενος
962 1635 1011 1671 τῆς
1019 1634 1077 1660 ἑπιρ

288 1687 403 1722 σκοπῆς·
422 1687 449 1714 id
460 1690 511 1719 est,
532 1685 719 1713 Sanctissimus
736 1683 946 1719 archiepiscopus
960 1682 1077 1709 Alexan-

289 1734 381 1760 drinus
397 1737 459 1759 tunc
483 1732 607 1767 temporis
629 1732 810 1766 episcopatum
825 1730 919 1757 inibat.
936 1728 1005 1756 Hinc
1026 1735 1076 1756 nos

289 1779 317 1806 in
335 1787 436 1807 annum
451 1779 560 1806 circiter
581 1778 632 1805 527
662 1778 736 1806 hunc
760 1776 911 1812 profectum
933 1777 1076 1811 consigna-

291 1834 362 1854 mus.
383 1825 517 1854 Nimirum
541 1825 706 1853 Athanasius
729 1829 874 1858 vertente,
897 1828 927 1851 ut
946 1823 1077 1851 diximus:

291 1879 363 1900 anno
375 1871 438 1904 326,
455 1871 481 1898 in
497 1871 653 1906 episcopum
672 1870 886 1898 Alexandrinum
902 1869 1014 1896 allectus
1026 1868 1076 1904 (ο),

291 1921 423 1951 sequente
434 1916 485 1943 hoc
501 1915 552 1943 iter
565 1915 723 1943 instituerit.
741 1915 768 1942 ld
785 1919 874 1942 tamen
892 1914 1018 1949 scriptori
1030 1921 1078 1941 no-

292 1967 350 1989 stro
372 1969 424 1988 non
438 1961 537 1996 placet,
548 1961 594 1996 qui
609 1961 636 1988 in
653 1968 753 1987 annum
768 1960 821 1988 333
832 1960 999 1988 Thebaicum
1026 1960 1079 1988 iter

292 2006 486 2034 conferendum
502 2006 628 2034 testimat.
641 2005 675 2033 Et
687 2005 751 2040 quia
765 2013 827 2033 cum
841 2006 947 2033 ratione
958 2012 1079 2040 pugnare

293 2052 402 2079 videtur
413 2055 442 2078 ut
453 2051 487 2083 is,
498 2051 543 2085 qui
555 2058 625 2078 anno
639 2051 692 2078 526
706 2051 849 2086 episcopus
871 2057 934 2078 esse
948 2050 1073 2085 cteperit,

293 2105 366 2125 anno
378 2097 431 2125 353
453 2097 639 2132 episcopatum
655 2096 725 2124 inire
740 2097 857 2130 dicatur,
869 2103 920 2123 nec
938 2095 992 2123 nisi
1006 2096 1078 2132 ἀμη-

294 2143 389 2180 χανίας
400 2150 465 2179 ergo
479 2147 568 2178 potest
580 2142 641 2170 talis
656 2142 811 2176 conjectura
823 2133 951 2177 proferri,
969 2142 1080 2170 validis-

294 2190 374 2222 sima,
387 2193 415 2216 ut
429 2193 506 2224 putat
525 2188 581 2221 ille,
596 2191 755 2221 argumenta
774 2187 917 2214 adversum
932 2191 1006 2214 stare
1030 2194 1080 2221 pu-

1106 262 1289 291 testimonium
1305 261 1339 288 ad
1352 266 1409 287 rem
1420 259 1540 294 alioquin
1555 257 1798 294 probabilissitnam
1813 263 1885 283 asse-

1107 310 1217 336 rendam
1232 307 1300 335 satis
1313 315 1320 334 :
1332 311 1476 341 conspecto
1499 311 1615 339 namque
1638 302 1793 330 turbulento
1810 301 1884 327 Aria-

1107 361 1203 388 norum,
1211 353 1467 386 Melelianorumque
1484 351 1584 382 animo,
1597 349 1639 377 vel
1657 347 1809 376 tacentibus
1819 346 1884 374 scri-

1107 400 1240 436 ptoribus,
1258 398 1340 426 multa
1358 398 1430 433 ipsos
1445 398 1471 424 in
1491 395 1632 423 Athanasii
1647 394 1793 430 perniciem
1810 392 1886 420 moli-

1109 450 1151 473 tos
1165 444 1311 472 verisimile
1324 449 1406 472 esset.
1429 443 1465 470 At
1478 443 1557 477 longe
1580 448 1658 468 secus
1683 447 1726 467 res
1752 447 1781 467 se
1798 439 1886 466 habet.

1109 492 1176 520 Nam
1200 491 1363 519 Athanasius
1386 490 1444 524 ipse
1469 489 1524 522 ait,
1552 488 1733 517 Arianorum,
1750 489 1889 520 postquam

1109 536 1197 571 primo
1211 535 1329 563 datunati
1348 535 1465 566 fuerant,
1478 532 1582 561 scilicet
1598 539 1668 559 anno
1683 531 1745 562 52L
1765 530 1890 564 impetum

1111 582 1138 609 in
1156 589 1186 610 se
1200 581 1365 617 prorupisse,
1377 581 1493 615 hincque
1508 580 1616 606 eosdem
1642 581 1786 611 conspecta
1808 583 1854 603 sua
1865 574 1891 601 in

1110 628 1218 655 Nicmna
1237 627 1341 663 synodo
1353 634 1402 662 pro
1414 626 1466 654 [ide
1481 626 1579 653 tuenda
1605 623 1734 651 firmitate
1758 623 1785 650 in
1810 621 1893 655 majus

1111 673 1153 702 sui
1173 673 1264 701 odium
1287 673 1439 700 exarsisse:
1455 671 1481 699 in
1509 671 1620 706 epistola
1648 674 1737 696 autem
1759 665 1894 694 Ammonii

1112 719 1259 748 Athanasio
1273 719 1394 754 a‘qualis,
1409 718 1494 745 fertur
1509 716 1697 748 Athanasium,
1713 714 1804 742 statim
1816 717 1893 747 atque

1112 766 1253 794 ordinatus
1270 765 1367 797 fuerat,
1381 772 1395 791 a
1412 763 1551 791 sceleratis
1565 760 1724 797 quibusdam
1739 758 1895 786 lacessitum

1113 811 1364 844 fuissecalumniis;
1381 809 1460 845 quasi
1477 809 1580 837 scilicet
1590 807 1680 842 junior
1694 813 1742 841 pro
1756 808 1831 831 tanto
1842 810 1898 830 mu-

1116 866 1181 887 nere
1195 862 1337 893 cooptatus
1353 857 1459 888 fuisset,
1478 855 1641 888 eosdemque
1658 851 1795 887 improbos
1808 848 1899 877 Eccle-

1115 904 1182 932 siam
1199 903 1246 931 Dei
1258 902 1380 930 scindere
1393 901 1466 929 nisos
1484 907 1544 928 esse
1554 903 1679 927 narratur
1692 897 1727 932 (ρ)
1742 904 1748 922 :
1764 895 1862 929 Ἔλεγε
1872 893 1899 921 δὲ

1115 951 1181 986 ἡμῖν
1194 950 1260 976 πᾶσι
1271 947 1428 983 Παχούμιος
1443 946 1492 981 (sic
1505 943 1685 979 Ammonius),
1701 943 1759 978 ἃμα
1773 941 1805 968 τὺ
1821 948 1901 968 κατα-

1116 996 1245 1031 σταθῆναι
1262 994 1418 1022 Ἀθανάσιον
1437 993 1604 1024 ἐπίσκοπον,
1629 990 1679 1017 οὐκ
1695 989 1794 1024 ἀγαθοὶ
1811 987 1901 1022 ἄνδρες

1119 1041 1259 1069 αἰτιῶνται
1286 1040 1317 1067 τὸ
1343 1040 1430 1076 κρίμα
1451 1039 1497 1065 τοῦ
1516 1037 1583 1064 Θεοῦ
1609 1037 1659 1064 ὄπ’
1688 1035 1762 1070 αὐτῷ
1792 1034 1903 1070 γενόμε-

1116 1094 1178 1119 νον,
1205 1085 1419 1121 προϐαλλόμενοι
1446 1084 1495 1120 τῆς
1526 1083 1634 1119 ἡλικίας
1661 1081 1743 1108 αὑτοῦ
1772 1081 1805 1107 τὸ
1835 1079 1902 1112 νέον,

1117 1133 1164 1160 καὶ
1185 1133 1274 1168 σχίσαι
1296 1132 1345 1168 τὴν
1372 1130 1534 1166 Ἐκκλησίαν
1557 1129 1605 1156 τοῦ
1638 1127 1706 1155 Θεοῦ
1734 1125 1904 1158 σπουδάζον-

1118 1188 1173 1211 τες.
1191 1179 1240 1206 Cui
1267 1178 1431 1212 suffragatur
1444 1175 1608 1211 Epiphanius
1619 1174 1665 1210 (ι’),
1675 1174 1737 1201 dum
1752 1173 1904 1201 ordinatttm

1119 1229 1181 1261 post
1205 1224 1352 1252 Alexandri
1375 1221 1552 1250 Alexandrini
1576 1225 1690 1248 mortem
1717 1227 1732 1247 a
1756 1216 1906 1245 Meletiauis

1121 1270 1260 1298 Theonam
1283 1269 1428 1304 quemdam
1450 1267 1618 1298 testificatur,
1631 1266 1678 1301 qui
1693 1264 1904 1292 Alexandrinam

1121 1317 1222 1348 sedem,
1240 1315 1416 1350 conspirante
1428 1314 1609 1349 lucifugarum
1623 1312 1710 1344 turba,
1726 1311 1816 1338 tribus
1831 1317 1905 1337 men-

1122 1362 1196 1390 sibus
1218 1361 1346 1389 tenuerit.
1373 1361 1468 1396 Itaque
1495 1359 1559 1387 licet
1584 1358 1744 1394 parcissime
1766 1364 1814 1384 res
1838 1355 1908 1384 illius

1124 1408 1255 1443 temporis
1270 1411 1382 1442 tangant
1392 1406 1549 1441 scriptores,
1561 1412 1674 1440 magnas
1690 1409 1778 1432 tamen
1791 1403 1909 1430 Athana-v

1123 1455 1164 1483 sio
1182 1460 1237 1482 tum
1253 1454 1373 1489 obiectas
1391 1453 1555 1481 tentationes
1584 1450 1737 1486 significant
1760 1457 1767 1475 :
1794 1453 1909 1477 certum-

1124 1507 1177 1537 que
1202 1501 1313 1535 insuper
1335 1503 1378 1527 est
1391 1498 1484 1526 multo
1498 1498 1572 1533 plura
1588 1495 1810 1531 prattertnisisse,
1832 1499 1909 1528 quam

1124 1547 1305 1575 narraverint.
1325 1545 1364 1572 Ex
1393 1544 1487 1571 leviori
1513 1550 1579 1578 ergo
1603 1542 1758 1577 conjectura
1784 1547 1842 1568 rem
1869 1537 1911 1566 ille

1125 1593 1234 1629 planam
1245 1597 1272 1620 et
1285 1591 1402 1619 dilucide
1421 1594 1558 1617 narratam
1571 1589 1681 1615 evertit.
1692 1587 1726 1614 Et
1740 1593 1808 1614 vero
1823 1585 1910 1620 perin-

1125 1640 1160 1668 de
1184 1639 1248 1667 mihl
1263 1638 1395 1666 absonum
1417 1636 1521 1663 videtur
1535 1635 1600 1668 dici,
1615 1634 1765 1670 ἀρχόμενο;
1780 1632 1830 1668 τῆς
1850 1633 1909 1658 ὲπι-

1127 1685 1241 1721 σκοπῆς,
1259 1685 1305 1720 qui
1317 1683 1459 1719 septimum
1472 1681 1515 1710 vel
1525 1686 1649 1709 octavum
1665 1680 1838 1715 episcopatus
1862 1685 1909 1704 an-

1127 1741 1190 1761 num
1211 1732 1274 1767 agit,
1292 1738 1324 1758 ac
1334 1730 1356 1758 si
1368 1729 1429 1765 quis
1449 1728 1514 1756 illud
1528 1727 1623 1761 Lucae,
1634 1725 1667 1763 ἦν
1678 1726 1831 1762 ἀρχόμενος
1847 1722 1910 1751 ὡσεὶ

1127 1778 1195 1806 ἑτῶν
1210 1777 1367 1814 τριάκοντα,
1384 1777 1424 1805 sic
1441 1775 1600 1811 explicaret,
1618 1778 1648 1801 ut
1665 1771 1758 1800 Iesum
1785 1777 1840 1800 tum
1863 1769 1910 1797 tri-

1127 1823 1258 1851 cesimum
1275 1823 1417 1858 septimum
1443 1821 1486 1849 vel
1511 1819 1677 1848 tricesimum
1700 1822 1828 1845 octavum
1852 1815 1910 1843 vita

1127 1876 1226 1896 annum
1238 1870 1325 1904 egisse
1335 1871 1477 1896 statueret.
1494 1866 1537 1894 Ad
1557 1866 1627 1898 haec,
1645 1868 1857 1892 consentaneum
1871 1866 1911 1888 est

1127 1913 1306 1942 Athanasium
1322 1914 1381 1950 ipso
1395 1914 1564 1948 episcopatus
1586 1911 1664 1939 initio
1681 1910 1740 1937 loca
1755 1908 1911 1940 remotiora,

1129 1960 1331 1988 lleletianorum
1343 1958 1560 1993 Arianorumque
1571 1955 1712 1984 fraudibus
1726 1958 1840 1985 tentata,
1854 1952 1911 1980 adi—

1129 2007 1194 2039 isse,
1208 2013 1257 2034 nec
1268 2005 1294 2033 in
1309 2004 1400 2040 plures
1417 2011 1504 2032 annos
1518 2002 1657 2031 remisisse
1676 2007 1786 2028 munus.
1804 2000 1837 2027 Et
1849 1998 1913 2026 alio-

1129 2053 1194 2087 quin
1209 2059 1281 2079 anno
1295 2051 1358 2085 355,
1373 2057 1467 2078 mense
1489 2049 1600 2077 circiter
1617 2046 1713 2074 Martio
1739 2053 1796 2081 quo
1822 2050 1913 2073 susce-

1129 2101 1205 2132 ptum
1231 2097 1266 2125 ab
1287 2095 1436 2123 Athanasio
1457 2094 1510 2122 iter
1531 2093 1589 2121 vult
1616 2090 1824 2124 Tillemontius,
1851 2088 1913 2116 dum

1129 2143 1200 2171 bello
1211 2142 1350 2170 ferverent
1373 2141 1476 2174 omnia,
1491 2144 1520 2168 et
1537 2139 1593 2174 jam
1608 2137 1735 2166 ardentes
1748 2136 1853 2165 scelere
1868 2134 1913 2162 ad-

1131 2188 1241 2216 versarii
1255 2191 1376 2215 extrema
1393 2186 1444 2222 ipsi
1460 2185 1662 2221 portenderent,
1684 2190 1738 2210 non
1759 2186 1804 2210 sat
1827 2181 1874 2210 otii
1890 2184 1916 2207 et

294 2235 558 2271 gnat.Nam,inquit,
566 2234 661 2262 eadem
670 2232 761 2261 inVita
768 2237 894 2260 narratur
901 2233 1078 2261 Athanasium
1093 2240 1118 2270 ι)
1131 2233 1211 2269 spatii
1229 2233 1356 2260 habuisse
1368 2232 1486 2265 videtur,
1506 2235 1535 2258 ut
1550 2228 1731 2258 remotissima
1742 2228 1787 2255 illa
1798 2228 1856 2256 loca
1870 2233 1916 2261 pe-

292 2282 346 2316 jam
362 2287 411 2316 pro
425 2280 477 2308 fide
487 2279 587 2307 Christi
600 2279 675 2306 varia
686 2286 843 2315 perpessum
853 2286 914 2307 esse
929 2279 982 2314 (ά),
999 2279 1076 2315 μάλι-

294 2335 346 2354 στα
357 2326 463 2353 ἁκούων
477 2326 541 2357 τοὺς
553 2325 691 2357 ποικίλους
705 2325 875 2361 πειρασμοὺς
886 2324 933 2357 οὓς
948 2325 1079 2360 ὑπέμεινε

293 2373 364 2400 κατὰ
381 2373 412 2399 τὸ
426 2371 590 2407 Εὐαγγέλιον
611 2372 658 2398 καὶ
678 2371 748 2399 κατὰ
761 2371 810 2408 τὴν
826 2371 908 2407 ὀρθὴν
930 2371 1031 2404 πίστιν,
1047 2368 1081 2407 ἦς

293 2419 386 2446 ἕνεκεν
397 2419 443 2445 καὶ
463 2418 532 2454 μετὰ
544 2418 630 2445 ταῦτα
641 2419 767 2454 ἔπασχεν.
789 2417 858 2446 Hinc
867 2426 931 2446 vero
945 2418 1084 2453 consequi-

296 2470 350 2497 tur,
368 2466 456 2500 pergit
478 2465 543 2498 ille,
565 2471 627 2500 post
642 2471 744 2500 coeptas
766 2465 799 2492 de
815 2465 900 2492 calice
924 2464 1029 2496 fracto,
1048 2464 1082 2492 de

298 2519 390 2538 mensa
403 2512 543 2545 subversa,
556 2516 583 2539 et
595 2512 628 2538 de
651 2511 758 2539 Arsenii
781 2518 847 2539 nece
859 2511 1077 2544 criminationes,

297 2563 379 2591 atque
392 2558 461 2586 adeo
473 2558 582 2586 circiter
597 2565 696 2585 annum
711 2558 773 2591 555,
798 2559 849 2586 hoc
867 2558 917 2586 iter
927 2558 1079 2592 suscepisse

299 2604 489 2638 Athanasium,
518 2612 580 2631 nam
597 2611 668 2632 anno
688 2604 739 2631 527
763 2604 883 2632 nondum
897 2604 1025 2639 periculis
1053 2608 1081 2632 et

299 2649 426 2678 :erumnis
446 2650 603 2685 perfunctus
616 2655 684 2678 erat.
702 2649 800 2677 Verum
818 2650 871 2678 etsi
891 2650 984 2685 jejuna
1000 2649 1081 2677 nimis

300 2696 428 2724 horumce
442 2699 594 2731 temporum
610 2695 725 2724 historia
750 2695 853 2724 oblatas
874 2696 1024 2723 Athanasio
1037 2702 1082 2722 ca-

336 2784 374 2817 (a)
385 2785 415 2812 ln
427 2785 497 2812 notis
512 2785 545 2812 ad
561 2785 580 2813 l.
597 2792 619 2817 ι,
630 2793 654 2812 c.
671 2785 697 2817 4,
713 2784 888 2812 Theodoreti.

337 2820 373 2853 (b)
387 2820 452 2846 Acta
468 2818 529 2853 SS.,
548 2820 610 2847 Maii
628 2825 691 2847 tom.
704 2819 748 2853 lll,
761 2827 835 2846 num.
846 2820 892 2846 20.
902 2843 908 2854 ,

303 2849 561 2917 Μξῗδίᾶίιιθωοιὶι,
589 2854 635 2883 Vie
648 2855 680 2883 de
706 2849 747 2883 SC
762 2849 915 2889 Athanase',
930 2859 982 2883 art.
997 2855 1029 2883 Η
1054 2858 1082 2883 et

1133 2285 1211 2308 teret.
1225 2280 1273 2308 Illo
1290 2280 1388 2315 quippe
1404 2286 1492 2312 anno,
1515 2278 1676 2306 Eusebianis
1693 2276 1878 2307 molientibus,
1889 2273 1916 2302 in

1131 2326 1279 2362 perniciem
1295 2326 1438 2354 Athanasii
1455 2325 1587 2354 Caesareae
1604 2326 1630 2353 in
1646 2324 1792 2352 Palaestina
1818 2321 1915 2349 indicta

1134 2373 1253 2408 synodus
1265 2377 1324 2405 est;
1336 2376 1365 2400 ut
1376 2371 1518 2399 calumnia
1531 2371 1564 2399 de
1572 2370 1656 2399 calice
1668 2370 1766 2402 fracto,
1782 2369 1817 2396 de
1828 2372 1915 2395 mensa

1135 2419 1277 2452 subversa,
1288 2418 1360 2446 etde
1373 2418 1481 2446 Arsenil
1494 2424 1560 2445 nece
1576 2417 1610 2444 ab
1624 2416 1692 2451 ipsis
1708 2412 1916 2450 conspirationis

1135 2464 1291 2492 auctoribus
1303 2464 1527 2500 disquirerentur.
1546 2463 1628 2497 Quod
1642 2462 1742 2490 malum
1758 2466 1789 2489 ut
1803 2465 1917 2496 praever-

1136 2515 1205 2539 teret
1218 2510 1398 2544 Athanasius,
1415 2510 1527 2538 detectae
1543 2509 1728 2545 sycophantias
1744 2510 1915 2536 monumenta

1136 2557 1292 2592 imperatori
1317 2557 1444 2589 remisit,
1467 2564 1520 2592 quo
1537 2555 1636 2583 factum
1648 2560 1678 2583 ut
1691 2555 1736 2583 ille
1752 2553 1917 2582 Eusebianos

1136 2603 1164 2631 in
1189 2603 1360 2630 Palmstinam
1383 2606 1562 2638 properantes
1576 2605 1737 2634 revocaret,
1750 2605 1780 2628 et
1794 2607 1809 2626 a
1826 2597 1917 2633 emptis

1135 2648 1309 2684 perficiundis
1321 2652 1436 2675 arceret.
1450 2647 1559 2682 Aliquot
1577 2652 1666 2675 autem
1679 2645 1757 2674 annis
1774 2649 1915 2672 anteanam

1136 2694 1254 2730 synodus
1265 2693 1441 2722 Catsariensis
1454 2693 1628 2728 indiceretur,
1643 2691 1777 2721 Meletiani
1793 2688 1917 2718 Eusebia-

1171 2785 1209 2820 (τι)
1221 2784 1292 2812 Ibid.

1170 2819 1206 2854 (e)
1221 2819 1302 2854 lbid.,
1315 2827 1341 2854 p.
1357 2820 1404 2847 65.

1171 2855 1204 2891 (Ι)
1225 2855 1294 2884 Hier.
1310 2862 1407 2883 vattt.
