2016 3046
659 180 702 206 DE
720 179 799 207 VlTA
819 180 862 207 ET
884 179 1036 208 SCRIPTIS
1055 181 1084 209 S.
1102 181 1297 210 ATllANASlI.

1693 191 1783 213 CLXVII

166 243 263 264 norum
280 243 361 264 suasu
387 237 501 266 crimina
530 237 556 264 in
577 237 758 264 Athanasium
784 240 950 272 commenti,
966 243 988 270 Α
1002 239 1064 274 quia
1079 240 1182 268 scilicet
1202 240 1385 274 Hieronymus
1407 240 1457 268 sub
1476 240 1556 268 linem
1583 241 1690 276 imperii
1713 242 1785 270 Cnn-

166 282 259 309 turbas
279 289 327 316 per
350 281 495 318 Egyptnm
519 287 678 316 moverant,
696 282 729 309 ad
757 283 950 318 imperatorem

165 327 296 355 conﬁctas
320 330 507 356 accusationes
526 329 697 362 detulerant,
717 330 894 358 Athanasium
918 339 951 358 eo

163 372 341 405 deduxerant,
357 378 386 401 nt
408 374 448 402 sui
464 374 595 409 purgandi
620 382 701 403 causa
716 375 898 404 Nicomediam
917 379 949 404 ad

163 418 355 453 imperatorem
381 427 410 447 se
433 420 589 448 conferret:
607 422 697 448 omnia
721 423 835 450 tumultu
861 424 949 457 reple-

161 469 268 492 verant.
293 465 348 492 Nec
377 466 481 493 videtur
511 466 537 493 iit
567 466 632 494 illud
664 472 768 502 tempus
799 474 949 504 opportune

162 516 243 544 posse
257 510 398 538 Athanasii
424 511 450 538 in
472 512 638 540 Thebaidem
664 515 859 548 profestionem
883 524 948 545 con-

161 554 239 585 ferri.

382 603 642 636 ANIMADVERSIO
659 608 726 636 Vill.

226 646 284 681 Quo
300 655 414 684 tempore
428 651 557 679 Antonius
577 653 764 681 Alexandriam
778 655 882 682 venerit.

196 691 301 727 Ariani,
314 696 466 723 rumoribus
482 697 508 724 in
522 703 602 725 secta:
616 707 671 726 sua:
683 700 797 734 gratiam
813 708 945 735 spargen-

159 737 202 765 dis
214 740 369 774 pervigiles,
385 742 530 768 Antonium
558 744 750 772 monachorum
773 750 877 779 patretn
899 745 946 772 do-

159 785 254 812 ctrina:
273 785 366 814 favere
380 794 435 814 suae
456 795 518 815 cum
533 787 673 816 eﬁutirent
685 811 692 823 ,
707 790 841 817 Antonius
854 790 944 825 suspi-

159 828 230 856 cioni
253 829 380 863 levandae,
405 833 561 867 rogantibus
586 835 736 869 episcopis,
753 836 943 863 Alexandriam

159 879 297 909 properat.
312 875 359 903 Ubi
374 876 462 911 palam
472 886 501 905 se
510 879 625 906 Arianos
642 880 769 908 detestari
787 880 924 915 professus
935 901 942 912 ,

1003 286 1093 313 stantii
1110 293 1138 313 se
1150 286 1278 314 infantem
1295 286 1379 314 fuisse
1395 286 1461 314 dicit
1477 295 1484 313 :
1501 293 1560 320 qna:
1574 286 1700 321 loquendi
1715 289 1785 316 ratio

1002 331 1071 366 apud
1084 331 1276 368 Hieronymum
1291 332 1430 368 frequens,
1446 333 1479 360 de
1491 334 1637 360 tricenario
1655 341 1785 368 expressa

1001 383 1192 410 nonnunquam
1209 379 1279 412 apud
1305 378 1430 404 eumdem
1455 377 1616 412 scriptorem
1636 378 1786 412 deprehen-

1000 421 1092 454 ditur;
1108 427 1136 449 ut
1150 422 1272 456 pluribus
1287 430 1344 449 rem
1362 423 1549 457 comprobahit
1566 423 1596 450 D.
1613 423 1784 451 Martianazas

999 472 1091 495 noster
1104 468 1129 495 in
1153 468 1215 496 Vita
1229 468 1396 504 Hieronymi.
1413 469 1479 496 Cum
1495 469 1587 504 itaque
1602 469 1783 505 Hieronymus

998 521 1069 541 anno
1083 514 1136 542 4‘20
1166 515 1246 543 ﬁnem
1262 515 1369 542 vivendi
1388 515 1500 547 fecerit,
1525 516 1707 550 nonagenario
1723 523 1783 550 pro-

998 560 1108 592 ximus,
1133 560 1191 588 sive
1217 565 1247 588 ut
1268 565 1346 588 vetus
1367 561 1434 588 Vita:
1459 561 1519 596 ejus
1543 561 1660 596 scriptor
1687 566 1780 588 narrat

997 612 1117 633 Lxxxvnt
1135 613 1268 633 annorum
1286 614 1388 642 sexque
1402 607 1548 639 mensium,
1562 614 1621 641 quae
1635 607 1700 634 item
1713 606 1780 633 Era-

996 652 1047 678 smi
1059 652 1192 679 sententia
1211 652 1277 685 fuit,
1293 659 1365 679 anno
1378 660 1443 679 xxxi
1456 652 1499 679 vel
1510 660 1584 679 xxxtt
1597 656 1684 679 ortutn
1698 653 1782 679 duxe-

997 697 1041 724 rit.
1055 697 1135 725 Aliud
1151 699 1183 725 de
1199 699 1313 734 Didymo
1331 698 1474 726 admodum
1493 699 1550 726 leve
1562 703 1604 726 est
1619 707 1626 724 :
1642 706 1704 725 nam
1724 698 1781 726 sive

996 752 1126 772 annorum
1149 753 1212 772 xxvt
1236 753 1296 773 cum
1311 745 1445 772 Antonius
1467 745 1659 773 Alexandriam
1675 745 1777 780 migra-

996 795 1046 822 ret,
1061 790 1118 818 sive
1138 791 1220 818 etiam
1236 791 1404 825 aliquantum
1423 791 1517 825 junior
1534 791 1639 823 fuisset,
1665 798 1717 818 non
1731 791 1779 817 im-

995 841 1100 864 mature
1123 837 1230 864 dicatur
1252 838 1307 872 jam
1333 838 1379 865 illa
1399 841 1479 865 aetate
1494 846 1555 865 eum
1572 838 1721 872 disciplinis
1738 838 1780 865 in-

994 888 1128 910 structum
1147 888 1275 919 tantaqtte
1288 885 1491 919 Scripturarum
1514 885 1691 920 intelligentia
1713 892 1780 919 prte-

159 919 282 947 ltzeresitn
295 921 365 948 illam
381 922 541 950 Antichristi
560 924 733 959 prodromunt
748 932 809 952 esse
820 926 942 954 declara-
960 919 980 947 Β
995 928 1079 956 ditum
1101 929 1185 957 fuisse
1198 951 1205 963 ,
1221 935 1249 957 ut
1269 931 1353 957 mirer
1371 931 1452 958 talem
1477 919 1620 958 adversum
1644 930 1777 959 rationem

158 965 208 992 vit.
227 965 301 994 Hunc
312 967 421 995 Antonii
439 968 590 1003 profectum
611 978 659 998 nos
674 971 701 998 in
719 978 817 998 annum
833 972 943 1000 circiter

156 1011 210 1039 554
233 1011 274 1039 his
299 1012 332 1040 de
355 1013 445 1041 causis
469 1013 654 1049 coniecimus,
684 1016 755 1050 quod
780 1016 942 1045 Athanasius

155 1057 203 1092 qui
219 1057 244 1085 in
266 1056 325 1085 Vita
348 1058 457 1086 Antonii
481 1061 610 1095 temporis
622 1061 744 1089 ordinem
761 1062 882 1097 apprime
897 1070 941 1090 se-

155 1107 257 1136 ctatur,
280 1109 343 1131 ante
364 1105 463 1132 missas
480 1113 495 1132 a
520 1105 698 1134 Constantino
721 1107 882 1142 imperatore
907 1109 941 1135 ad

154 1148 303 1177 Antonium
317 1151 424 1179 litteras
436 1171 443 1184 ,
458 1152 527 1179 hanc
543 1160 599 1180 rem
624 1153 728 1188 scripto
744 1154 894 1189 consignet.
909 1154 942 1182 Et

153 1201 222 1222 sane
237 1203 269 1223 ea
286 1197 458 1225 aceuratione
477 1197 522 1224 ille
534 1198 645 1226 Antonii
660 1204 736 1234 gesta
757 1205 890 1233 recenset,
912 1203 942 1227 ut

156 1247 191 1268 ne
204 1241 247 1268 vel
271 1249 350 1268 unam
376 1249 432 1270 rem
449 1248 550 1278 gestam
572 1250 739 1279 praepostere
756 1252 870 1273 narrare
891 1245 939 1273 de-

157 1287 319 1322 prehendas.
345 1286 385 1315 Ne
399 1293 489 1315 autem
506 1293 568 1324 post
592 1297 692 1316 annum
708 1289 762 1317 555
795 1290 821 1317 id
845 1290 939 1326 reponi

156 1339 237 1367 posse
264 1339 389 1368 putemus
410 1339 485 1362 vetat
510 1335 688 1370 Athanasius,
704 1337 749 1371 qui
766 1336 804 1363 ait
826 1343 855 1363 se
878 1343 940 1364 cum

154 1377 288 1405 Antonius
309 1379 445 1411 accessit,
460 1379 630 1407 Alexandria:
644 1379 737 1408 fuisse.
763 1381 797 1407 At
819 1382 853 1408 ab
868 1387 940 1408 anno

152 1423 206 1452 555
218 1444 226 1458 ,
249 1426 312 1453 dum
328 1426 430 1453 viveret
449 1425 643 1454 Constantinus
655 1447 662 1460 ,
678 1427 870 1454 Alexandriam
886 1435 939 1455 non

153 1472 221 1499 vidit
241 1471 306 1505 ille,
324 1473 369 1506 qui
397 1477 454 1500 toto
476 1473 603 1509 deinceps
625 1474 796 1502 Constantini
819 1479 940 1509 tempore

152 1517 273 1545 Treviris
289 1518 442 1546 exsulabat.
468 1519 501 1546 Et
516 1524 604 1547 tamen
630 1527 665 1547 ex
687 1520 830 1547 Athanasii
856 1521 937 1552 serie,

152 1562 330 1592 Constantino
355 1565 506 1599 imperante
520 1565 667 1593 Antoniunt
682 1565 872 1593 Alexandriam
893 1573 939 1593 ve-

154 1608 227 1636 nisse
251 1616 362 1636 necesse
385 1614 437 1637 est.
454 1608 511 1636 Huc
532 1609 638 1637 accedit
652 1609 798 1637 Antonium
822 1610 850 1638 in
878 1599 975 1646 ετξ-ια

153 1653 220 1681 tiam
237 1654 379 1682 Athanasii
393 1655 496 1683 exsulis
506 1655 540 1682 ad
551 1654 760 1682 Constantinum
776 1655 917 1691 Scripsisse
931 1676 938 1689 ,

151 1700 301 1729 secundum
314 1707 382 1735 quas
394 1701 471 1728 datas
491 1699 606 1733 litteras,
622 1701 669 1736 qui
689 1701 824 1734 potuerint
843 1701 939 1728 Ariani

151 1746 279 1779 effutire,
294 1754 326 1774 ac
350 1746 455 1782 populis
481 1747 598 1774 suadere
620 1747 769 1774 Antonium
793 1753 826 1774 ex
851 1747 939 1781 parti-

151 1792 203 1820 bus
223 1797 297 1820 stare
323 1793 400 1826 suis;
425 1794 462 1819 ita
492 1796 521 1819 ut
547 1792 626 1828 hujus
652 1792 773 1819 levandae
800 1791 938 1826 opinionis

151 1846 216 1876 ergo
233 1846 344 1867 necesse
367 1838 450 1866 fuerit
469 1838 617 1866 Antonium
632 1838 826 1868 Alexandriam
847 1846 938 1869 arces-

150 1892 222 1913 sere.

188 1930 286 1958 Verum
317 1930 398 1958 annis
423 1937 508 1969 prope
534 1930 630 1965 viginti
656 1931 762 1959 tardius
789 1933 938 1962 Tillemon-

152 1977 205 2004 tius
216 1976 253 2013 (α)
265 1977 338 2004 hunc
359 1976 508 2012 profectum
526 1977 636 2004 Antonii
652 1979 748 2006 statuit
762 1979 805 2007 his
821 1980 853 2009 de
871 1989 936 2008 cau-

151 2023 205 2050 sis:
218 2023 305 2057 primo
313 2022 376 2058 quia
399 2021 578 2058 Hieronymus
591 2023 750 2051 testiﬁcatur
764 2032 793 2052 se
806 2025 936 2054 infantem

151 2067 237 2095 fuisse
254 2075 315 2095 cum
332 2069 467 2095 Antonius
482 2068 676 2096 Alexandriam
699 2071 794 2098 venit:
811 2079 872 2099 cum
889 2081 937 2100 au-

152 2117 206 2139 tem
221 2112 401 2148 Hieronymus
420 2117 490 2139 anno
505 2112 559 2139 542
577 2112 618 2140 vel
638 2113 691 2140 545
704 2118 782 2141 natus
800 2115 871 2150 apud
885 2115 936 2142 Ba-

151 2158 259 2185 ronium
287 2157 400 2190 feratur,
424 2164 478 2184 non
501 2162 590 2192 potest
617 2163 739 2193 tempore
763 2159 935 2188 Constantini

150 2204 259 2231 venisse
273 2203 464 2231 Alexandriam
476 2223 484 2236 .
497 2212 559 2231 nam
574 2204 722 2239 imperator
738 2205 782 2233 ille
802 2213 872 2232 anno
883 2205 935 2233 557

150 2250 235 2284 obiit,
250 2250 351 2285 aliquot
362 2250 465 2278 scilicet
479 2250 558 2278 annis
569 2254 634 2278 ante
652 2250 812 2287 Hieronymi
832 2256 932 2279 ortum.
951 2268 974 2298 υ

149 2296 191 2324 Ad
217 2297 275 2324 haec
289 2296 417 2331 Didymus
431 2315 438 2328 ,
464 2300 532 2323 teste
558 2296 724 2333 Hieronymo
738 2317 747 2330 ,
762 2297 799 2325 ita
822 2297 936 2326 ﬂorebat

149 2350 213 2370 cum
226 2342 358 2369 Antonius
372 2341 565 2369 Alexandriam
576 2344 662 2376 venit,
680 2347 710 2370 ut
720 2342 792 2370 fama
807 2343 858 2371 viri
873 2351 935 2378 per-

150 2393 243 2416 motus
253 2389 298 2416 ille
312 2388 399 2423 ipsum
418 2387 537 2415 adierit:
553 2392 581 2415 at
595 2388 618 2415 is
632 2395 694 2416 cum
711 2395 783 2416 anno
796 2389 859 2421 592,
879 2396 935 2424 quo

150 2434 328 2469 Hieronymus
363 2434 462 2461 librum
490 2433 530 2461 De
553 2433 722 2468 scriptoribus
749 2433 933 2461 ecclesiasticis

150 2481 310 2512 adornavit,
326 2487 428 2507 Lxxxnt
443 2487 575 2507 annorum
593 2480 674 2507 fuerit
697 2484 727 2507 ut
750 2480 821 2508 idem
838 2479 934 2508 Hiero-

150 2533 249 2562 nymus
264 2526 426 2554 testiﬁcatur
438 2546 446 2559 ,
463 2534 534 2554 anno
558 2526 610 2554 554
625 2526 668 2553 vel
689 2526 741 2553 555
755 2533 818 2553 xxvt
845 2533 934 2553 anno-

151 2579 212 2599 rum
227 2571 310 2599 fuerit
325 2581 332 2599 :
349 2580 402 2607 qua
419 2576 498 2600 aetate
514 2579 566 2600 non
586 2576 669 2599 tantm
692 2571 776 2599 fuerit
791 2572 934 2599 existima-

152 2618 245 2651 tionis,
269 2622 299 2646 ut
324 2619 450 2646 homines
472 2618 508 2646 ad
530 2618 572 2646 sui
597 2619 781 2654 spectaculum
799 2618 932 2646 evocarit.

151 2663 214 2691 Haec
230 2664 283 2692 ille.
301 2665 335 2692 Et
353 2672 418 2692 sane
440 2665 463 2692 si
482 2673 547 2692 vere
566 2672 637 2693 anno
657 2664 710 2692 542
722 2664 764 2693 vel
776 2665 827 2692 545
854 2670 934 2692 natus

151 2708 335 2745 Hieronymus
357 2716 448 2744 esset,
463 2716 492 2738 ut
507 2711 588 2739 habet
605 2711 755 2744 Baronius,
776 2711 866 2746 magni
883 2711 933 2738 ha-

150 2755 237 2783 benda
252 2757 321 2784 ratio
335 2763 407 2785 esset
424 2767 431 2785 :
447 2765 541 2786 verum
561 2760 619 2786 hate
641 2759 732 2793 opinio
747 2767 807 2794 qua:
822 2758 935 2786 Mariani

149 2801 216 2830 item
232 2801 363 2831 Victorini
377 2808 429 2839 est,
445 2811 479 2832 ex
504 2804 678 2840 praeiudicata
694 2805 821 2840 opinione
835 2805 934 2840 oritur,

186 2900 225 2936 (α)
244 2899 290 2929 Vie
309 2901 341 2930 de
353 2901 383 2930 S.
399 2902 543 2939 Athana“,
554 2907 606 2932 art.
619 2902 653 2931 66
663 2907 690 2933 ct
702 2907 758 2933 not.
773 2902 818 2932 69.

995 974 1092 1002 adduci
1111 975 1137 1002 in
1150 976 1276 1003 medium.
1290 976 1379 1010 Quare
1391 977 1459 1004 nihil
1472 977 1506 1004 ad
1525 977 1622 1004 seriem
1635 976 1778 1003 Athanasii
1827 970 1831 975 ’

994 1020 1225 1048 inter‘turbandam
1250 1023 1379 1050 momenti
1403 1022 1519 1050 aﬁ'erunt
1547 1027 1706 1057 argumenta
1732 1021 1779 1049 illa

994 1073 1025 1094 ex
1043 1067 1146 1103 Didymi
1166 1072 1194 1095 et
1214 1067 1372 1104 Hieronymi
1394 1074 1474 1096 :etate
1496 1069 1590 1103 petita.
1609 1068 1684 1095 Addo
1705 1067 1778 1094 nullo

995 1113 1075 1140 modo
1088 1118 1161 1140 stare
1178 1121 1258 1149 posse
1272 1114 1438 1141 Tillentontii
1454 1114 1631 1145 sententiam,
1649 1120 1701 1148 qua
1718 1112 1777 1146 ejus

993 1159 1186 1186 Alexandriam
1203 1160 1254 1186 iter
1271 1159 1296 1186 in
1312 1167 1412 1186 annum
1433 1158 1540 1187 confert
1562 1158 1626 1192 552,
1644 1159 1669 1185 id
1684 1163 1727 1185 est
1748 1159 1776 1185 in

994 1204 1076 1232 finem
1090 1205 1150 1232 vita
1169 1204 1252 1232 illius.
1271 1204 1312 1232 Me
1335 1204 1432 1239 quippe
1446 1204 1514 1239 fugit
1540 1211 1600 1239 quae
1614 1210 1694 1231 causa
1713 1208 1777 1230 tune

993 1254 1053 1277 erat
1074 1254 1104 1277 ut
1117 1249 1253 1277 Antonius
1279 1250 1438 1277 imminente
1456 1249 1513 1283 jam
1533 1249 1608 1276 obitu
1626 1255 1655 1276 se
1669 1248 1777 1275 Arianis

993 1303 1047 1323 non
1070 1296 1161 1323 favere
1187 1295 1387 1329 testiﬁcaretur,
1411 1295 1456 1330 qui
1481 1303 1513 1322 ex
1541 1303 1595 1330 quo
1617 1294 1774 1329 pervulgata

992 1340 1077 1374 pestis
1097 1339 1141 1367 illa
1158 1339 1217 1372 fuit,
1232 1339 1374 1367 classicum
1393 1339 1419 1366 in
1432 1339 1567 1367 Thebaide
1579 1341 1694 1368 canebat
1707 1347 1774 1367 con-

995 1390 1035 1412 tra
1055 1386 1195 1413 haereticos
1208 1405 1216 1419 ,
1231 1385 1276 1420 qui
1293 1386 1326 1412 ad
1356 1386 1544 1420 imperatorem
1569 1385 1775 1413 Constantinum

991 1431 1134 1458 Athanasii
1148 1430 1248 1458 exsulis
1264 1429 1406 1457 revocandi
1424 1430 1511 1465 gratia
1532 1430 1636 1457 litteras
1652 1430 1774 1462 miserat,

992 1475 1039 1511 qui
1064 1474 1184 1510 Balacio,
1202 1474 1262 1502 duci
1281 1474 1389 1501 Arianis
1408 1475 1506 1507 amico,
1521 1473 1669 1501 Catholicis
1685 1472 1774 1499 infen-

992 1521 1113 1554 sissimo,
1136 1526 1249 1548 mortem
1273 1528 1345 1547 anno
1356 1520 1405 1546 5M
1424 1520 1482 1555 ejus
1505 1520 1542 1547 rei
1554 1526 1635 1547 causa
1651 1519 1774 1546 intermi-

992 1570 1082 1599 ttatur,
1096 1574 1155 1601 qua:
1168 1573 1216 1594 nec
1235 1566 1280 1594 diu
1299 1570 1392 1600 postea
1409 1566 1552 1592 subsecuta
1572 1569 1625 1597 est,
1640 1565 1684 1599 qui
1695 1564 1774 1590 Aria-

991 1619 1040 1640 uos
1061 1619 1177 1647 semper,
1199 1617 1229 1639 ut
1244 1611 1410 1639 Athanasius
1427 1612 1516 1643 habet,
1529 1618 1579 1638 ceu
1594 1617 1676 1637 canes
1690 1609 1774 1644 pelle—

989 1658 1037 1686 bat
1051 1666 1059 1685 :
1075 1666 1108 1685 an
1134 1658 1286 1692 huiusmodi
1308 1657 1359 1684 viri
1373 1657 1453 1684 dubia
1469 1658 1501 1683 ad
1514 1656 1594 1683 ﬁnem
1610 1663 1695 1690 usque
1711 1655 1773 1682 vine

989 1704 1022 1731 de
1036 1704 1145 1731 Arianis
1159 1703 1315 1732 sententia?
1327 1702 1373 1736 At,
1387 1703 1453 1730 dicit
1472 1701 1670 1735 Tilletnontius,
1685 1702 1773 1735 impu-

989 1750 1142 1778 dentissimi
1167 1749 1290 1777 h0mines
1313 1753 1390 1776 erant
1405 1747 1511 1780 Ariani,
1529 1748 1574 1782 qui
1590 1747 1632 1774 vel
1649 1748 1676 1774 in
1693 1754 1772 1781 aper-

989 1796 1102 1824 tissimis
1125 1796 1204 1824 rebus
1215 1815 1222 1828 ,
1237 1796 1259 1823 si
1273 1803 1290 1823 e
1301 1802 1344 1826 _re
1368 1793 1425 1822 fore
1441 1802 1487 1821 sua
1504 1798 1655 1828 sperarent,
1671 1794 1771 1820 menti-

989 1847 1092 1870 rentur.
1106 1841 1206 1870 Verum
1228 1841 1265 1868 illi
1288 1839 1426 1876 patefacto
1446 1841 1582 1867 sexcentis
1604 1840 1772 1873 argumentis

987 1888 1096 1915 Antonii
1112 1895 1174 1922 erga
1189 1895 1218 1915 se
1237 1887 1309 1920 odio,
1325 1893 1387 1914 eum
1411 1885 1486 1913 nihili
1508 1885 1641 1912 faciebant
1662 1892 1693 1912 ac
1709 1885 1770 1911 vili-

988 1933 1157 1969 pendebant,
1179 1933 1276 1960 nedum
1302 1935 1331 1959 ut
1355 1938 1411 1958 sum
1436 1934 1516 1958 sectae
1544 1931 1677 1958 hominem
1699 1937 1770 1965 prae-

987 1979 1120 2006 dicarent.
1138 1976 1184 2004 Sic
1208 1971 1355 2012 Gregorius
1370 1975 1487 2002 Arianns
1502 1976 1562 2010 ejus
1581 1975 1685 2002 litteras
1708 1982 1770 2003 cum

987 2023 1132 2059 ignominia
1148 2028 1175 2050 et
1190 2023 1247 2050 risu
1263 2021 1378 2057 excepit,
1390 2025 1540 2056 auctorque
1554 2021 1662 2049 Balacio
1678 2021 1728 2048 fuit
1741 2027 1772 2048 ut

987 2070 1014 2097 in
1030 2077 1075 2097 eas
1092 2069 1165 2096 humi
1190 2069 1325 2104 proiectas
1346 2068 1516 2095 contumeliae
1533 2075 1615 2095 causa
1639 2075 1771 2102 conspue-

987 2120 1039 2148 ret,
1053 2115 1195 2150 idquejam
1207 2115 1240 2141 ab
1254 2122 1324 2141 anno
1339 2113 1388 2141 5H
1401 2113 1516 2140 εΕἵποτε
1527 2111 1582 2144 οὖν,
1598 2114 1638 2141 sic
1651 2114 1770 2140 Athana-

986 2162 1042 2189 sius
1053 2161 1100 2197 (l1),
1127 2162 1141 2187 ὁ
1154 2160 1247 2196 Πατὴρ
1264 2159 1414 2192 Ἀντώνιος,
1433 2160 1465 2186 ἐκ
1482 2158 1529 2185 τοῦ
1547 2159 1626 2194 ὅρους
1641 2159 1769 2193 ἔγραφεν,

986 2206 1080 2242 ὥσπερ
1092 2206 1230 2241 βδέλυγμα
1250 2204 1403 2241 ἁμαρτωλῷ
1417 2204 1555 2231 οεοσέὸεια
1567 2224 1574 2236 ,
1590 2203 1675 2235 οὕτως
1696 2204 1771 2230 ἐϐδε-

987 2253 1100 2279 λύσσετο
1117 2252 1151 2279 τὰ
1162 2252 1209 2278 τοῦ
1227 2252 1306 2286 ἁγίου
1329 2251 1496 2287 γράμματα·
1511 2250 1541 2277 Si
1560 2250 1665 2284 quando
1688 2250 1771 2284 igitur

988 2299 1070 2327 Peter
1088 2298 1217 2324 Anlonius
1237 2298 1279 2324 illi
1293 2304 1326 2324 ea;
1345 2300 1431 2323 monte
1456 2295 1588 2327 scriberet,
1603 2295 1672 2321 sicut
1687 2295 1770 2329 piatas

987 2353 1049 2380 erga
1063 2344 1147 2372 Deum
1161 2343 1292 2379 peccatori
1311 2341 1473 2369 abominatio
1489 2345 1546 2372 est,
1569 2341 1606 2367 sic
1620 2340 1663 2366 ille
1685 2342 1770 2367 sancti

987 2389 1036 2417 viri
1055 2389 1158 2416 litteras
1177 2388 1385 2416 exsecrabatur:
1399 2391 1426 2413 et
1447 2386 1525 2420 paulo
1541 2390 1613 2420 post,
1638 2386 1769 2413 Antonius

987 2444 1046 2463 vero
1054 2444 1112 2462 cum
1126 2435 1269 2469 aliquando
1285 2434 1443 2468 scripsisset,
1461 2438 1553 2459 auctor
1566 2432 1616 2466 fuit
1629 2431 1673 2458 ille
1693 2431 1771 2467 (Gre-

987 2481 1086 2517 gorius)
1106 2486 1132 2508 ut
1148 2481 1272 2507 Balacins
1289 2480 1343 2506 dum
1357 2480 1384 2506 in
1396 2479 1533 2513 epistolam
1551 2483 1665 2512 spueret,
1681 2477 1770 2505 illam-

988 2536 1036 2562 que
1050 2526 1185 2561 projiceret
1200 2533 1209 2552 :
1222 2528 1266 2553 δια
1280 2534 1333 2552 rem
1348 2525 1419 2552 haud
1435 2525 1547 2552 inultam
1564 2525 1668 2558 reliquit
1682 2525 1770 2552 diuina

987 2572 1118 2604 vindicta;
1133 2572 1261 2606 siquidem
1287 2580 1338 2599 non
1360 2572 1407 2598 diu
1422 2576 1511 2605 postea
1534 2579 1598 2605 equo
1613 2571 1770 2598 insidentem

987 2618 1091 2649 ducem,
1102 2622 1126 2643 et
1142 2617 1176 2643 ad
1188 2617 1335 2650 proximam
1345 2616 1506 2643 mansionem
1519 2616 1568 2642 iter
1580 2615 1768 2649 instituentem,

986 2671 1123 2690 conversus
1144 2671 1225 2698 equus
1243 2663 1271 2689 in
1295 2663 1393 2697 femore
1416 2662 1454 2688 ita
1475 2663 1630 2694 momordit,
1643 2665 1672 2689 ut
1696 2661 1770 2689 humi

986 2710 1119 2744 dejiceret,
1130 2711 1250 2744 intraque
1262 2710 1381 2736 triduum
1400 2708 1444 2735 ille
1456 2708 1550 2735 obiret.
1574 2708 1635 2736 llaec
1650 2709 1770 2736 Athana-

986 2757 1054 2788 sius,
1082 2761 1224 2791 postquam
1253 2760 1316 2783 ante
1344 2756 1466 2789 dixerat,
1489 2755 1516 2782 in
1542 2755 1586 2783 illa
1605 2756 1767 2783 Arianorum

987 2802 1140 2838 irruptione
1154 2802 1302 2831 monachos
1315 2802 1374 2831 dire
1388 2806 1501 2831 vexatos
1514 2807 1541 2830 et
1557 2801 1642 2838 plagis
1654 2801 1768 2830 laniatos

1023 2902 1059 2939 (b)
1071 2901 1101 2931 Ρ.
1120 2902 1183 2931 278.
