2016 3046
267 179 364 200 CLXVIII

933 162 1195 191 PROLEGOMENA.

267 230 360 265 fuisse.
374 227 435 254 llaec
448 233 517 253 anno
532 225 580 252 541
599 229 625 251 et
639 223 700 250 ὅθ.
720 223 759 249 An
772 221 867 249 eximie
881 228 947 255 Opus
959 220 1039 247 fuerit
1054 222 1074 250 Α
1090 218 1270 253 sycophantae
1283 219 1408 242 auctores
1421 213 1482 241 falsi
1496 213 1522 240 in
1535 212 1639 247 synodo
1649 215 1796 247 arguuntur
1809 220 1816 238 :
1828 209 1862 246 in

268 280 297 302 ut
323 273 451 301 Antonius
473 270 660 298 Alexandriam
684 269 807 300 veniret,
837 275 891 302 quo
919 275 947 294 se
978 273 1038 293 cum

267 320 374 348 Asianis
388 326 440 346 non
457 317 609 345 consentire
632 315 801 347 declararet,
825 314 870 348 qui
894 313 949 348 jam
970 319 1040 338 anno

267 366 319 394 355
335 365 510 392 Constantino
528 363 554 390 in
574 362 687 398 gratiam
701 361 839 388 Athanasii
856 359 1039 393 rescripserat,

268 413 314 446 qui
331 418 401 438 anno
418 410 479 443 539,
492 409 569 444 paulo
585 413 645 443 post
661 407 774 435 reditum
792 406 931 433 Athanasii
948 405 982 432 ab
995 411 1042 430 ex-

267 458 339 489 silio,
351 456 476 483 divinitus
490 454 633 482 revelatam
649 453 699 480 sibi
716 452 868 487 proximam
879 451 1041 478 Arianorum

268 503 454 537 irruptionem,
480 508 540 528 cum
561 499 738 527 detestatione
759 497 915 525 earumdem
942 496 1042 529 ubique

266 547 437 583 pervulgarat
449 555 455 573 :
467 552 555 573 annon
570 544 612 572 vel
630 549 692 571 tunc
707 542 818 570 Antonii
839 548 902 575 erga
925 541 1042 568 Arianos

267 594 373 621 animus
383 592 507 620 omnibus
521 594 676 626 perspectus
686 594 713 617 et
723 595 801 616 notus
818 588 896 615 erat?
911 587 978 614 Num
990 587 1042 615 sibi

266 639 382 666 amicum
405 638 485 665 talem
499 636 592 664 Ariani
608 635 650 663 vel
668 640 731 662 tunc
741 634 879 670 temporis,
891 633 933 661 vel
954 633 1043 661 subse-

267 685 410 720 quentibus
421 683 498 711 annis
507 682 691 718 jactitassent,
708 685 748 708 tot
759 680 830 708 datis
840 679 910 707 ultro
920 679 1042 712 citroque

267 730 357 758 infesti
381 729 462 756 animi
481 728 584 763 signis?
602 727 672 755 Sane
687 735 720 754 ex
736 726 780 759 iis,
798 733 857 760 quat
873 732 953 760 supra
973 723 1043 751 dixi-

266 784 338 809 mus,
354 775 438 810 liquet
451 774 562 801 Antonii
572 773 764 800 Alexandriam
778 771 970 807 profectionem
980 773 1044 797 ante

267 824 384 858 primunt
409 821 549 849 Athanasii
562 820 685 857 exsilium
702 820 758 847 sive
781 823 845 846 ante
864 825 963 845 annum
991 817 1043 844 535

267 869 421 903 contigisse.
438 867 524 895 Unum
546 872 588 894 est
603 866 673 900 quod
689 865 823 900 negotium
842 864 976 892 facessere
997 870 1043 890 va-

269 914 341 942 leat:
359 913 541 940 Theodoretus
565 912 612 938 lib.
640 919 676 943 tv.
701 917 727 938 c.
745 910 791 942 ‘27,
818 910 874 942 ait,
895 909 1041 936 Antonium

268 959 417 987 Constantii
438 958 602 992 temporibus
616 956 806 984 Alexandriam
818 956 934 988 venisse,
947 956 975 981 ἐν
988 955 1043 986 τοῖς

270 1005 456 1033 Κωνσταντιου
479 1005 604 1038 καιροῖς,
630 1003 675 1037 qui
703 1002 876 1030 Constantius
902 1000 1043 1035 imperium

270 1052 331 1079 iniit
355 1057 426 1078 anno
451 1049 513 1076 537.
528 1048 586 1076 Non
611 1051 699 1083 potest
721 1047 804 1082 igitur
826 1047 853 1074 in
871 1053 970 1073 annuat
991 1045 1044 1072 534

269 1097 377 1125 Antonii
392 1095 583 1123 Alexandriam
606 1093 744 1129 profectus
766 1091 930 1127 consignari.
945 1090 1043 1118 Verum

270 1142 433 1170 Theodoreti
448 1141 569 1168 narratio
583 1147 631 1167 nos
656 1147 670 1166 a
692 1139 824 1167 sententia
838 1138 948 1165 minime
963 1137 1046 1165 dimo-

270 1193 332 1216 veat
348 1196 355 1214 :
374 1194 435 1214 nam
454 1186 490 1214 ibi
507 1185 695 1213 Theodoretus
707 1186 738 1210 ὲκ
755 1184 892 1219 παρέργου
915 1183 1042 1218 loquitur,

269 1233 315 1261 ubi
341 1240 386 1260 res
409 1232 550 1267 Ephesium
577 1230 673 1266 synodi
697 1234 819 1257 recenset
842 1238 847 1256 :
876 1233 903 1256 et
925 1228 1044 1262 alioquin

268 1278 407 1306 Athanasii
428 1277 505 1304 nobis
528 1276 675 1303 auctoritas
689 1295 696 1307 ,
717 1279 745 1302 et
768 1279 864 1302 extera
880 1280 938 1308 quae
952 1272 1045 1300 attuli-

269 1332 341 1357 mus,
356 1323 518 1350 Theodoreti
543 1321 696 1349 testimonio
720 1321 824 1355 potiora
852 1323 954 1348 essent.
976 1318 1043 1346 Nam

270 1370 455 1397 Theodoretus
471 1367 628 1402 plerumque
642 1367 670 1393 in
690 1371 841 1400 temporum
857 1365 962 1392 calculo
981 1364 1045 1392 labi-

270 1420 331 1448 tur;
346 1420 376 1441 ut
390 1421 449 1441 cum
464 1413 520 1448 ipse
531 1411 726 1444 Tillemontius,
737 1415 792 1438 tum
804 1411 912 1445 alii,qui
926 1410 1045 1438 historiae

270 1458 460 1487 ecclesiasticae
482 1461 582 1485 navant
595 1463 716 1491 operam,
731 1456 879 1490 saepissime
895 1455 1045 1489 deprehen-

269 1507 346 1534 dunL

494 1558 750 1586 ANIMADVERSIO
770 1557 816 1585 IX.

269 1594 321 1634 An.
335 1614 394 1633 vera
417 1606 526 1632 historia
542 1605 716 1636 mulierculis,
728 1612 786 1639 quae
810 1604 984 1631 Athanasium
1014 1603 1042 1630 in

329 1641 428 1676 synodo
447 1641 526 1675 Tyria
541 1641 610 1667 illati
623 1640 672 1667 sibi
686 1639 770 1674 stupri
787 1638 984 1666 insimulaoeril.

306 1687 411 1715 Veteris
418 1686 552 1721 opinionis
562 1685 787 1714 retinentissimus
798 1685 983 1712 Tillemontius
993 1683 1042 1720 (ιι),

269 1741 340 1768 aegre
355 1732 413 1760 tulit
430 1739 445 1759 a
459 1732 536 1759 nobis
548 1736 579 1758 ut
598 1735 752 1765 suspectam
768 1730 931 1758 mulierculae
952 1729 1045 1757 violati

269 1777 382 1812 pudoris
404 1777 433 1803 in
459 1776 562 1810 synodo
587 1776 668 1811 Tyria
692 1775 868 1802 Athanasium
892 1773 1045 1802 accusantis

269 1823 408 1850 historiam
431 1822 531 1850 alferri.
552 1821 651 1849 Verum
673 1828 705 1848 ea
730 1820 757 1848 in
773 1828 802 1847 re
821 1819 957 1855 vulgarem
977 1819 1045 1847 aesti-

270 1868 360 1895 mandi
384 1874 486 1894 morem
511 1871 655 1894 sectamur.
681 1866 860 1893 Subornalam
886 1865 919 1892 ab
939 1864 1045 1892 Arianis

271 1913 421 1944 mulierem,
436 1919 495 1946 qua:
507 1911 654 1939 Athanasio
668 1911 772 1938 crimen
783 1909 904 1942 offerret,
918 1909 955 1936 ait
972 1909 1046 1935 Ruﬁ-

270 1967 331 1990 nus,
346 1959 460 1993 idipsum
471 1965 485 1984 a
504 1957 600 1985 Ruﬁno
612 1957 726 1984 mutuati
739 1961 850 1984 narrant
861 1956 1045 1983 Theodoretus

270 2010 298 2032 ct
317 2003 546 2037 Sozomenus(b);
564 2002 610 2029 sed
626 2002 670 2029 hic
692 2006 861 2036 postremus,
879 2001 970 2028 addita
985 2007 1047 2027 cau-

270 2051 366 2081 tione,
391 2055 446 2075 rem
474 2048 500 2075 in
523 2048 591 2075 actis
613 2054 665 2074 non
690 2046 802 2081 reperiri
820 2045 893 2073 dicit.
909 2046 1044 2077 Socrates,

271 2096 361 2123 ltulini
376 2094 562 2130 pedissequus,
584 2097 736 2127 suspectam
748 2099 803 2119 rem
817 2091 923 2124 habuit,
933 2090 1047 2126 ideoque

271 2139 454 2176 pra‘tennisit.
474 2139 533 2166 Jam
555 2138 618 2165 hinc
644 2137 770 2165 vacillare
794 2137 900 2164 videtur
928 2136 1047 2163 historiae

270 2189 336 2215 fides
355 2198 361 2214 :
378 2193 470 2213 verum
487 2185 593 2212 nutabit
615 2183 736 2215 omnino,
756 2187 783 2210 et
800 2183 915 2210 fortasse
928 2186 1044 2214 corruet,

270 2233 292 2259 si
308 2231 509 2258 animadvertas
532 2228 720 2259 Athanasium,
732 2227 776 2262 qui
790 2231 819 2254 ut
836 2234 895 2254 sesc
907 2231 1045 2261 purgaret,

268 2283 296 2306 ct
310 2277 511 2305 utArianorum
535 2274 683 2308 nequitiatn
709 2273 968 2308 sycophantiamque
984 2280 1046 2306 pro-

268 2326 356 2357 deret,
373 2330 416 2349 res
434 2321 530 2356 Tyrias
543 2320 583 2347 bis
604 2324 679 2346 terve
693 2317 753 2345 fuse
767 2318 910 2350 recensuit,
924 2325 955 2345 ea
972 2318 1004 2344 de
1017 2325 1045 2345 re

268 2370 376 2397 siluisse
390 2379 396 2396 :
409 2367 582 2402 synodosque
606 2364 815 2391 Alexandrinam
828 2384 836 2396 ,
854 2364 1002 2391 Romanam
1019 2368 1046 2391 et

268 2415 482 2445 Sardicensem,
517 2413 542 2439 in
574 2419 688 2446 quarum
723 2410 844 2445 epistolis
870 2409 1044 2445 synodalibus

268 2459 433 2487 Athanasius
448 2457 603 2492 singulatim
621 2457 654 2484 ab
668 2455 780 2490 objectis
802 2455 866 2490 Tyri
887 2454 1045 2481 criminibus

269 2509 408 2540 purgatur,
425 2505 483 2538 pari
495 2503 604 2530 silentio
620 2503 668 2530 uti.
684 2503 779 2529 Annon
795 2500 947 2535 hujusmoili
964 2500 1045 2527 silen-

268 2551 335 2577 tium
350 2549 455 2576 nutanti
465 2548 519 2584 jam
531 2549 650 2576 historia:
666 2547 744 2574 ﬁdem
761 2545 890 2581 deroget?
901 2546 941 2572 Au
955 2545 1046 2579 hujus-

269 2596 340 2622 inodi
360 2596 464 2623 crimen
483 2599 543 2626 est,
558 2594 629 2628 quod
655 2593 738 2620 taceri
756 2592 842 2628 possit
856 2599 870 2618 a
888 2591 1025 2626 judicibus
1037 2609 1045 2622 ,

267 2641 312 2675 qui
331 2639 471 2667 recensitis
485 2639 625 2666 calumniis
640 2636 801 2664 sententiam
819 2635 908 2662 ferunt
923 2634 949 2660 in
965 2641 1044 2668 syco-

267 2684 404 2718 phantas,
418 2688 447 2711 ut
469 2683 618 2718 praestitere
640 2681 815 2709 Sardicenses
842 2679 952 2706 Patres?
974 2678 1046 2705 Reus

268 2730 354 2764 agitur
369 2730 522 2765 episcopus,
538 2729 609 2764 quod
621 2726 805 2756 mulierculam
816 2725 974 2754 violaverit:
990 2724 1046 2759 ejus

301 2795 338 2829 (ο)
356 2795 403 2823 Vie
415 2797 447 2823 dc
459 2794 489 2823 S.
502 2797 644 2827 Albuneae,
659 2800 710 2822 art.
726 2795 772 2822 20.

269 2864 278 2893 1
461 2831 478 2857 l.
494 2839 523 2865 ιι,
537 2839 561 2859 c.
578 2831 621 2864 i7;
637 2826 744 2860 Sozam.
759 2830 777 2857 I.
792 2835 822 2862 ιι,
836 2835 860 2856 c.
877 2827 922 2860 25;
940 2826 1041 2857 Tbeod.

1091 268 1177 297 potest
1204 267 1258 288 tam
1286 265 1363 287 atrox
1389 259 1518 293 ﬂagitium
1533 259 1566 285 ab
1581 257 1740 289 Athanasio,
1755 256 1801 292 qui
1823 257 1865 284 bis

1089 317 1132 336 res
1143 307 1239 343 Tyrias
1250 307 1308 334 fuse
1321 305 1503 340 prosequitur,
1527 311 1542 330 a
1558 303 1763 331 Sardicensibus
1780 302 1866 330 Patri-

1091 355 1151 386 bus,
1168 353 1214 388 qui
1231 352 1374 380 recensitis
1388 350 1532 378 calumniis
1551 349 1712 376 sententiam
1734 348 1762 375 ir.
1786 348 1866 376 male-

1090 400 1164 428 dicos
1189 398 1329 434 proferunt
1353 397 1473 428 reticeri,
1496 395 1520 423 si
1543 401 1607 423 vere
1630 398 1735 428 gestum
1761 393 1866 421 fuerit?

1091 445 1159 478 Quid
1173 452 1207 472 ex
1228 442 1380 478 hujusmodi
1401 441 1509 469 silentio
1521 445 1662 474 arguatur,
1677 437 1729 466 nisi
1748 446 1805 466 rem
1817 445 1867 466 nec

1091 497 1181 518 notam
1195 497 1244 517 nec
1258 493 1361 524 gestam
1376 494 1494 522 unquam
1519 485 1623 513 fuisse?
1643 485 1710 512 Nam
1723 484 1812 512 Ruﬁni
1830 489 1868 512 te-

1091 536 1247 563 stimonium
1260 534 1413 569 huiusmodi
1426 532 1536 560 silentio
1552 531 1687 559 obruitur.
1704 531 1736 558 Et
1749 530 1867 564 alioquin

1092 583 1148 609 ha-c
1169 580 1284 608 historia
1301 579 1430 614 ﬁngentis
1444 578 1534 614 potius
1550 577 1705 608 artiﬁcium,
1719 583 1799 610 quam
1811 582 1868 602 rem

1091 635 1154 654 vere
1175 630 1278 662 gestam
1302 625 1430 653 subolet:
1447 623 1509 658 quis
1538 622 1632 650 credat
1659 621 1732 649 enim
1753 621 1869 648 Arianos

1092 678 1145 700 tam
1174 672 1284 706 supinos
1310 676 1365 698 tam
1392 670 1505 698 stolidos
1531 669 1634 701 fuisse,
1657 673 1687 695 ut
1717 667 1871 695 subornata:

1091 718 1267 750 mulierculze,
1282 724 1342 751 quae
1354 716 1531 743 Athanasium
1548 715 1581 742 de
1595 714 1665 742 facie
1679 721 1730 741 non
1744 717 1869 745 noverat,

1092 770 1145 790 non
1160 762 1311 789 indicarent
1326 761 1386 796 quis
1403 759 1570 787 Athanasius
1592 761 1675 791 esset,
1691 765 1770 793 quem
1780 757 1807 785 in
1825 757 1871 792 ju-

1091 809 1162 836 dicio
1172 807 1354 836 accusandum
1373 805 1531 840 oporteret?

1327 851 1583 880 ANIMADVERSIO
1602 850 1637 879 Χ.

1270 897 1308 926 οι
1323 899 1471 933 signiﬁcatu
1485 899 1551 926 vocis
1569 899 1694 934 ὲργσεσια.

1127 945 1291 973 Putabamus
1303 945 1367 973 olim
1384 945 1454 972 hunc
1463 944 1602 972 Athanasii
1619 945 1706 972 locum
1723 944 1798 978 Apol.
1810 952 1874 970 cott-

1094 997 1137 1018 tra
1163 990 1286 1023 Arianae,
1311 997 1339 1024 p.
1358 989 1420 1021 107,
1441 989 1565 1024 ἐργασίαι
1586 997 1616 1015 τε
1639 988 1699 1015 κατ’
1717 988 1804 1015 αὐτῶν
1823 988 1873 1013 ὲπ-

1093 1037 1220 1068 εσειοντο,
1232 1036 1279 1062 καὶ
1292 1035 1392 1062 ἐθνικοὶ
1402 1035 1481 1070 δῆμοι
1494 1035 1561 1070 πρὸς
1573 1035 1603 1061 τὺ
1611 1035 1739 1070 γυμνοῦν,
1751 1034 1873 1066 τύπτειν,

1092 1084 1132 1110 sic
1151 1082 1338 1117 exponendum
1352 1089 1435 1109 esse:
1455 1080 1525 1108 Hinc
1546 1082 1648 1116 ﬂagitia
1663 1082 1786 1108 adversus
1811 1081 1874 1107 illa:

1093 1129 1247 1164 (virgines)
1262 1128 1378 1154 admissa
1391 1135 1400 1154 :
1418 1126 1507 1161 populi
1521 1135 1611 1160 nempe
1625 1127 1719 1153 ethnici
1739 1127 1809 1160 ipsa:
1824 1133 1874 1152 nu-

1093 1176 1200 1208 dabant,
1212 1175 1393 1206 verberabant,
1408 1179 1462 1201 etc.
1476 1173 1532 1200 Sub
1542 1174 1600 1200 haec
1614 1178 1705 1200 autem
1718 1173 1745 1200 in
1757 1172 1873 1199 Onoma-

1093 1222 1157 1248 rtico
1182 1221 1346 1253 monuimus,
1373 1219 1417 1247 hic
1437 1219 1567 1255 ἐργασίας
1587 1218 1753 1246 oﬁicinarum
1776 1224 1874 1252 operas

1093 1266 1259 1294 commodius
1275 1266 1437 1300 exprimere.
1462 1265 1511 1293 Cui
1536 1263 1753 1299 interpretationi
1774 1263 1873 1290 suﬁ‘ra-

1094 1316 1171 1346 gatur
1187 1311 1327 1346 inscriptio
1344 1319 1359 1341 a
1376 1311 1476 1346 Sponio
1488 1315 1565 1338 eruta
1578 1310 1624 1346 (c),
1641 1309 1724 1336 Τοῦτο
1737 1309 1768 1336 τὸ
1782 1308 1870 1344 ἡρῷον

1095 1358 1220 1391 στεφανοῖ
1231 1359 1248 1393 ἡ
1265 1356 1381 1392 ἐργασία
1395 1356 1449 1383 τῶν
1463 1355 1587 1391 βαφέων·
1605 1355 1656 1383 hoc
1675 1360 1716 1383 est
1727 1374 1735 1387 ,
1752 1354 1809 1381 Hoc
1828 1354 1873 1380 lte-

1094 1411 1167 1430 roum
1189 1403 1335 1437 sepulcrum
1352 1411 1447 1430 corona
1467 1406 1593 1429 (ποι-ηοω
1612 1409 1697 1436 opera:
1718 1401 1872 1427 tinctoram.

1094 1448 1143 1476 Hic
1159 1449 1241 1483 igitur
1254 1448 1391 1476 Athanasii
1405 1449 1479 1476 locus
1492 1448 1531 1475 sic
1543 1446 1734 1482 explicandus:
1752 1445 1874 1480 οθῑεὶηα-

1093 1502 1152 1521 rum
1170 1502 1266 1529 operte,
1280 1495 1418 1529 populique
1436 1494 1533 1521 ethnici
1549 1494 1673 1521 adversus
1685 1492 1745 1519 illa;
1761 1492 1875 1519 concita-

1058 1555 1079 1584 ο
1096 1540 1198 1575 bantur,
1216 1545 1243 1567 ut
1256 1548 1299 1567 ea:
1316 1541 1458 1572 nudarent,
1472 1539 1648 1570 verberarem,
1664 1543 1718 1565 etc.

1325 1584 1578 1612 ANIMADVERSIU
1597 1584 1641 1611 XI.

1177 1631 1217 1658 Ad
1234 1638 1309 1665 quem
1324 1630 1404 1657 missa
1420 1629 1506 1657 Flavii
1525 1629 1643 1657 [Ismarii
1655 1630 1778 1664 epistola.

1131 1676 1256 1711 ischyrae,
1272 1675 1348 1709 cujus
1369 1675 1520 1702 ministerio
1536 1675 1576 1702 usi
1598 1675 1743 1702 Eusebiani
1761 1675 1875 1709 insidias

1097 1723 1124 1750 in
1140 1721 1316 1750 Athanasium
1337 1725 1505 1753 struxerant,
1522 1720 1663 1748 ecclesiam
1679 1721 1876 1755 episcopatum-

1097 1774 1149 1802 que
1169 1766 1287 1794 excitare
1311 1772 1448 1799 curantes,
1477 1773 1531 1801 quo
1554 1766 1737 1801 sycophantae
1760 1766 1876 1801 gratiam

1097 1817 1250 1847 pensarent,
1272 1813 1427 1847 imperatori
1446 1817 1571 1840 auctores
1589 1811 1709 1845 fuerunt,
1726 1817 1756 1839 ut
1776 1812 1876 1841 litteris
1900 1816 1909 1822 '

1057 896 1078 923 Β

1097 1857 1131 1885 ad
1154 1857 1327 1890 catholicum,
1349 1856 1406 1884 sive
1428 1856 1624 1884 thesaurarium
1646 1856 1746 1890 misais,
1768 1854 1876 1902 iuberet

1097 1903 1237 1930 ecclesiam
1254 1902 1369 1938 lschyrae
1380 1902 1509 1929 aediﬁcari
1524 1902 1551 1929 in
1563 1901 1621 1929 loco
1632 1901 1688 1928 Pax
1699 1901 1874 1929 Secontaruri

1098 1949 1170 1976 dicto
1183 1957 1190 1975 :
1209 1955 1259 1976 nec
1273 1952 1361 1975 tamen
1375 1947 1418 1974 ille
1431 1947 1571 1982 qutesitam
1587 1946 1689 1975 scelere
1703 1946 1875 1981 episcopatus

1098 1995 1219 2022 umbram
1242 1994 1360 2030 nancisci
1383 1993 1480 2029 potuit.
1502 1993 1531 2019 ln
1548 1993 1675 2028 Apologia
1699 2000 1763 2020 vero
1784 1998 1875 2019 contra

1098 2041 1209 2068 Arianae
1228 2044 1315 2067 exstat
1329 2039 1366 2075 (d)
1380 2040 1492 2074 epistola
1511 2039 1595 2066 Flavii
1613 2038 1728 2066 Hemerii
1740 2037 1876 2070 catholici,

1099 2087 1174 2122 cujus
1203 2086 1295 2114 titulus
1322 2087 1348 2113 in
1372 2086 1447 2121 prius
1473 2085 1552 2112 editis
1573 2085 1639 2112 vitio
1661 2084 1814 2116 laborabat;
1839 2083 1875 2110 ita

1099 2133 1196 2168 quippe
1216 2132 1364 2167 legebatur,
1389 2131 1516 2166 ἐπιστολὴ
1536 2130 1576 2166 τῷ
1599 2129 1755 2165 Κολλούοῳ·
1778 2129 1876 2157 deinde

1099 2186 1174 2210 vero,
1193 2177 1307 2210 Φλαύιος
1324 2177 1435 2213 ὴμέριος
1458 2177 1570 2212 ἔξαρχος
1583 2175 1743 2211 Μαρεώτου.
1762 2174 1810 2202 Ubi
1828 2182 1877 2202 nos

1060 2230 1085 2260 ι)
1098 2232 1129 2252 ex
1148 2224 1231 2259 Regio
1246 2223 1393 2258 exemplari
1420 2222 1516 2250 decimi
1535 2222 1645 2249 circiter
1665 2221 1753 2249 saeculi
1770 2221 1877 2255 optima:

1099 2276 1168 2298 notae
1185 2271 1224 2298 sic
1249 2271 1426 2302 rcstituimus,
1444 2268 1570 2304 ἐπιστολὴ
1595 2267 1640 2294 τοῦ
1656 2267 1821 2294 Καθολικοῦ·
1845 2275 1877 2294 ac

1098 2321 1189 2351 postea
1203 2316 1314 2347 Φλαύιος
1335 2315 1463 2352 Ἡμέριος
1476 2315 1600 2349 ὲξάκτορι
1613 2312 1760 2348 Μαρεώτου
1772 2321 1779 2327 -
1797 2319 1877 2346 quam

1099 2361 1240 2389 lectionem
1257 2361 1358 2395 optime
1373 2360 1474 2386 habere
1491 2366 1524 2385 ex
1548 2356 1761 2392 praecedentibus
1783 2356 1876 2390 liquet,

1099 2415 1160 2434 nam
1186 2407 1264 2441 paulo
1278 2406 1400 2440 superius
1414 2405 1450 2432 ita
1473 2404 1571 2438 legitur
1585 2413 1591 2430 :
1609 2403 1656 2429 καὶ
1676 2402 1749 2437 ὅμως
1763 2402 1876 2436 πεποιή-

1098 2461 1161 2478 κασι
1177 2453 1223 2479 καὶ
1238 2451 1348 2487 βασιλέα
1370 2451 1473 2487 γράψαι
1497 2449 1535 2485 τῷ
1552 2448 1696 2484 καθολικῷ,
1714 2448 1802 2474 πάντα
1824 2446 1878 2481 γὰρ

1095 2500 1188 2530 αὐτοῖς
1202 2498 1319 2531 ἔξεστιν,
1334 2496 1481 2532 ἐκκλησίαν
1495 2495 1568 2530 αὺτῷ
1580 2492 1761 2528 γενέσθαι,ἴνα
1776 2491 1877 2526 ταύτην

1096 2544 1174 2579 ἔχων,
1192 2543 1347 2576 ἀξιόπιστος
1365 2542 1493 2578 φαίνηται
1516 2541 1580 2576 περὶ
1599 2539 1726 2575 ποτηρίου
1745 2538 1792 2565 καὶ
1812 2545 1878 2572 τρα-

1096 2590 1182 2624 πέζης
1195 2589 1290 2623 λέγων.
1306 2588 1356 2616 Ubi
1371 2589 1445 2623 prius
1465 2587 1529 2614 editi
1543 2590 1638 2613 contra
1662 2585 1740 2612 fidem
1756 2584 1876 2611 codicum

1097 2635 1228 2666 omnium,
1247 2635 1287 2661 sic
1304 2634 1414 2666 habent,
1431 2633 1478 2660 καὶ
1506 2631 1618 2667 βασιλέα
1634 2629 1737 2665 γράψαι
1758 2628 1796 2664 τῷ
1809 2627 1878 2654 Κολ-

1097 2680 1194 2715 λούθῳ.
1212 2680 1334 2707 Editores
1343 2680 1440 2714 quippe
1452 2687 1484 2707 ex
1496 2677 1668 2712 subscquenti
1682 2676 1775 2702 vitiato
1790 2673 1876 2705 titulo,

1099 2726 1225 2760 ἐπιστολὴ
1241 2724 1279 2758 τῷ
1296 2725 1449 2759 Κολλούθῳ,
1471 2725 1514 2752 hic
1535 2725 1616 2753 etiam
1639 2721 1781 2757 Κολλούθῳ
1800 2727 1877 2754 νδρο-

1105 2819 1110 2822 ,
1132 2794 1167 2828 (c)
1188 2793 1301 2828 Voyage,
1322 2798 1341 2820 t.
1357 2793 1403 2824 lli,
1421 2800 1447 2827 p.
1468 2792 1528 2828 150.

1131 2830 1170 2865 (tl)
1195 2827 1290 2856 Athan.
1310 2836 1334 2863 p.
1360 2828 1406 2857 l58
1421 2833 1447 2856 et
1464 2827 1524 2855 I59.
