2016 3046
252 163 322 189 eux

935 156 1187 186 PROLEGOMENA
1193 179 1200 186 .

253 215 292 241 ait
309 214 397 248 primo
411 207 621 240 Felcltmantium
639 212 716 241 lateri
730 214 769 250 (ιι)
787 215 814 242 in
823 211 950 243 omnibus
961 214 1036 242 codi-
1050 217 1073 245 Α
1087 223 1146 243 esse
1160 220 1246 250 putat,
1261 216 1379 252 ellingit;
1400 215 1479 251 quale
1496 221 1537 245 est
1549 216 1624 249 illud,
1641 216 1716 244 Unde
1732 216 1870 245 Parmen—

254 261 343 292 cibus,
356 267 408 286 uno
421 263 532 293 excepto
543 259 694 293 Basiliensi,
708 261 802 287 adesse
825 260 968 288 lectionem
986 261 1037 287 ὑπ-

255 305 345 339 έταξε,
363 305 546 340 majoremque
562 305 683 332 codicum
698 313 838 333 numerum
856 306 924 334 hanc
944 306 1038 334 lectio-

256 359 316 379 nem
336 350 472 386 praeferre,
495 358 549 377 non
566 356 691 378 accurate
707 352 819 384 dictum,
832 353 962 385 siquidem
979 352 1038 380 Fel-

237 399 402 426 ickmannus
418 398 484 424 duos
505 397 589 424 solum
608 398 640 424 ile
668 397 784 425 decretis
808 397 923 425 Niezcnis
943 399 1038 425 adesse

254 445 304 472 sibi
331 444 438 471 codices
462 443 641 477 testiﬁcatur;
661 443 788 470 nimirum
815 443 989 472 Basiliensem
1012 449 1038 472 et

254 497 314 517 eum
330 497 409 524 quem
435 497 473 516 vtt
499 493 586 517 notat.
612 489 719 516 Primus
738 495 839 522 autem,
857 490 963 518 scilicet
988 490 1039 517 Ba-

254 536 383 569 siliensis,
404 535 526 563 omnium
552 535 756 568 antiquissimus
781 540 808 562 et
838 536 966 568 optimus,
983 536 1036 563 ὑπ-

254 581 337 613 έταξα
357 581 448 612 habet,
463 581 505 608 cui
518 581 600 608 addas
611 581 722 616 Regium
737 581 833 608 decimi
843 581 932 608 seculi
946 589 1037 608 exem-

255 627 314 661 plar
330 627 444 661 egregiae
462 631 542 654 noue.
557 626 624 654 Cum
640 634 704 661 ergo
718 627 771 654 duo
789 627 966 662 manuscripti
990 635 1038 654 co-

255 673 339 704 dices,
358 672 431 706 iique
450 672 652 706 praestantiores
676 677 702 699 et
727 673 902 708 antiquiores,
918 677 1039 701 nostram

255 718 398 745 lectionem
421 718 577 752 pmferant,
603 726 726 752 unusque
752 723 856 746 tantum
876 724 904 748 et
931 721 1039 754 quidem

256 763 393 791 interioris
418 769 489 791 notae
503 769 530 791 et
545 764 577 790 ad
599 763 757 792 Basiliensis
781 765 860 792 tidem
876 765 1038 800 descriptus,

256 813 286 836 ut
299 810 338 836 ait
358 809 558 837 Felckmannus
581 810 606 836 in
627 810 699 837 notis
718 817 744 844 p.
760 809 806 844 55,
829 818 906 838 secus
928 811 1038 844 habeat,

257 863 306 882 cur
319 855 396 882 nobis
412 855 608 890 exemplarium
630 855 770 890 penuriam
794 860 924 891 perpetuo
940 857 1039 884 decan-

258 900 315 928 tat?
332 900 398 928 Nam
415 902 485 936 qttod
499 902 537 928 ait
550 901 604 933 ille,
622 909 670 929 nec
682 901 889 929 Felckmannum
903 903 1039 931 monuisse

257 946 334 980 cuius
350 947 491 974 vetustatis
506 951 578 974 esset
594 947 750 974 Basiliensis
762 948 857 979 codex,
874 955 925 976 nec
944 956 993 976 nos
1006 948 1039 976 de

258 994 418 1028 antiquitate
432 995 532 1021 codicis
551 994 626 1029 Regii
644 994 745 1021 dixisse
764 994 911 1029 quidpiam,
929 995 1040 1029 perinde

257 1039 367 1072 falsum,
381 1045 409 1066 et
421 1047 454 1067 ne
467 1039 566 1070 dicam.
576 1039 654 1067 mala:
666 1039 736 1073 ﬁdei,
749 1047 861 1069 summa:
871 1041 964 1067 saltem
974 1040 1041 1067 osci-

260 1085 351 1112 tantis!
363 1089 425 1112 est:
444 1093 505 1112 nam
522 1085 548 1112 in
569 1085 730 1113 Prmlatione
745 1085 778 1112 ad
794 1085 938 1113 editionem
959 1086 1040 1113 Com-

259 1131 444 1163 melinianam,
459 1131 502 1158 ctti
518 1136 595 1158 notas
609 1138 672 1158 suas
683 1131 819 1165 subjunin
832 1131 1038 1164 Felckmannus,

258 1177 315 1204 ltzec
337 1176 470 1204 habentur
490 1184 497 1202 :
524 1176 628 1204 Primus
651 1178 734 1204 codex
757 1177 829 1212 isque
846 1177 1038 1204 uetustissimus

259 1223 385 1257 (ideoque
396 1222 464 1249 lectu
478 1223 647 1259 perdifﬁcilis)
664 1224 789 1257 optimus,
804 1227 828 1250 et
851 1223 896 1258 qui
909 1223 985 1258 plura
1001 1232 1040 1251 re.

258 1267 337 1302 iiquis
357 1268 476 1294 omnibus
492 1267 579 1300 habet,
594 1273 631 1295 est
647 1268 790 1295 academia:
805 1263 994 1296 Basiliensis...
1013 1273 1041 1296 et

259 1318 364 1348 postea.
374 1314 400 1340 in
413 1313 556 1348 exemplari
567 1313 718 1348 Basiliensi,
731 1315 800 1349 quod
811 1315 912 1342 cwteris
922 1316 1040 1342 omnibus

255 1359 318 1393 jure
332 1359 507 1393 pra’ferimus,
522 1364 575 1387 etc.
600 1360 637 1387 De
657 1360 740 1395 Regio
755 1365 844 1387 autem
864 1360 957 1388 codice
972 1360 1041 1388 dixi-

260 1413 321 1432 mus
334 1412 384 1432 nos
398 1405 424 1432 in
439 1405 600 1433 Prtel'atione
615 1415 620 1432 :
640 1406 779 1433 Basiliensi
795 1407 879 1433 codici
891 1407 962 1433 haud
974 1407 1042 1433 mul-

262 1454 317 1475 tum
337 1450 476 1477 concedere
494 1456 603 1485 putatur
627 1451 732 1486 Regius,
758 1459 829 1478 num.
847 1450 928 1483 2284,
944 1453 1042 1486 septin-

260 1499 397 1528 gentorum
416 1495 519 1522 circiter
535 1503 676 1527 annorum,
699 1496 807 1530 egregiae
828 1500 906 1528 notia,
930 1500 982 1523 etc.
1011 1495 1042 1524 Et

261 1546 355 1574 postea
378 1541 404 1567 in
423 1541 527 1576 syllaho
548 1541 671 1569 codicum
688 1541 806 1569 diximus
821 1550 869 1569 nos
884 1543 979 1570 eodem
995 1550 1042 1570 co-

260 1587 321 1614 dice
338 1587 421 1621 Regio
439 1587 518 1620 2284,
537 1588 569 1615 ad
585 1588 724 1623 epistolam
741 1589 775 1616 dc
791 1588 908 1617 Nicmnis
927 1590 1043 1618 decretis

262 1639 326 1659 usos
339 1639 409 1664 esse,
424 1632 482 1660 init.
495 1637 514 1660 t.
530 1631 550 1659 Ι.
565 1633 657 1668 Itaque
669 1640 702 1660 ex
719 1633 892 1661 Felckmanni
908 1638 935 1662 et
948 1642 980 1662 ex
996 1643 1045 1662 no-

259 1684 318 1705 stra
336 1685 413 1712 parte
429 1683 502 1705 stant
519 1678 571 1706 duo
589 1678 766 1706 vetustissimi
784 1680 904 1707 otnnium
920 1681 1042 1715 codices;

260 1734 296 1755 ex
313 1726 397 1754 altera
411 1727 463 1754 duo
476 1727 550 1759 item.
568 1728 613 1755 sed
628 1727 707 1762 longe
718 1728 884 1756 recentiores
897 1733 924 1756 et
939 1728 1045 1758 inferio-

261 1773 301 1800 ris
320 1777 400 1801 notae.
420 1772 453 1801 Et
475 1772 583 1800 aliunde
599 1774 680 1801 lectio
695 1773 815 1806 ὑπέταξα
836 1774 874 1801 ita
900 1774 959 1802 loco
979 1782 1045 1802 con-

262 1826 363 1851 gruens
377 1824 430 1851 est,
448 1824 479 1846 ut
498 1819 519 1845 si
538 1818 654 1852 ὑπέταξε
677 1819 761 1854 legas,
777 1824 867 1854 aptam
884 1821 1043 1849 sententiam

261 1864 364 1891 frustra
376 1871 494 1899 quaeras,
511 1870 541 1892 ut
554 1865 667 1892 inferius
683 1865 757 1893 clare
769 1866 970 1901 comprobatur.
986 1866 1044 1894 Non

261 1909 353 1936 verius
370 1909 487 1944 loquitur
502 1918 564 1937 cum
583 1911 631 1942 ait,
645 1910 852 1938 Felcltmannum
878 1919 970 1939 vocem
995 1912 1046 1939 ὐπ-

263 1954 343 1986 έταξε
359 1955 385 1982 in
405 1955 526 1987 ὑπέταξα
537 1960 703 1983 commutare
719 1964 771 1984 non
784 1964 876 1984 ausum
888 1965 947 1985 esse
961 1966 968 1985 :
984 1965 1044 1986 nam

262 1999 324 2026 ideo
334 2007 386 2026 non
400 2000 561 2032 etnendavit,
574 2001 636 2035 quia
649 2001 752 2035 lapsum
766 2010 824 2028 sero
838 2002 916 2029 nimis
929 2003 1046 2030 animad-

261 2046 346 2072 vertit
365 2054 372 2072 :
394 2050 421 2073 et
441 2046 612 2080 incogitantia
638 2047 702 2074 item
727 2048 853 2076 evenisse
876 2049 1044 2083 testiﬁcatur,

262 2088 334 2122 quod
357 2089 469 2123 epistola
490 2089 597 2118 Eusebii
620 2091 646 2118 in
663 2092 782 2118 secundo
805 2097 876 2120 tonio
892 2101 966 2127 cusa,
986 2094 1045 2128 epi-

262 2135 338 2162 stolae
351 2135 385 2163 de
399 2135 515 2164 decretis
529 2137 646 2166 Nicaanis
657 2139 799 2173 subjuncta
814 2147 868 2167 non
883 2140 977 2169 fuerit.
994 2143 1047 2170 Do-

262 2180 335 2207 lehat
349 2182 449 2216 quippe
466 2189 558 2210 veram
580 2183 722 2211 lectionem
742 2193 795 2212 non
814 2186 978 2220 restitutam,
995 2195 1045 2215 nec

1087 269 1127 288 se:
1141 261 1253 288 editores
1264 269 1334 288 anno
1349 261 1430 294 1627,
1443 262 1560 296 quamvis
1573 262 1600 288 in
1615 263 1716 290 emeris
1730 263 1869 290 editionem

1087 306 1321 334 Commelinianam
1336 316 1424 342 preuo
1435 308 1498 341 pede
1508 308 1691 343 sequebantur,
1704 307 1772 334 hanc
1783 313 1870 336 tamen

1091 352 1226 387 epistolam
1252 352 1427 380 excluserunt.
1454 353 1489 380 At
1515 360 1605 380 secum
1633 357 1758 387 reputare
1778 353 1870 381 debuit

1087 397 1234 424 editionem
1249 397 1320 424 illam
1340 397 1518 426 Parisiensem
1531 398 1652 425 omnium
1671 399 1719 425 teri
1733 399 1868 431 matribus,

1088 449 1138 470 nec
1155 450 1234 477 posse
1251 442 1304 470 tale
1318 447 1499 471 comtnentum
1526 443 1635 478 impune
1661 444 1787 479 proferri.
1806 444 1870 472 Eili-

1089 493 1162 516 tores
1179 489 1276 523 quippe
1291 488 1394 516 inﬁnita
1415 489 1606 524 propemodum
1621 490 1808 522 immutarunt,
1820 490 1870 517 ali-

1088 535 1197 569 quando
1218 533 1297 567 bene,
1313 533 1469 569 frequenter
1485 542 1574 566 secus.
1592 535 1715 562 ordinem
1738 543 1791 563 non
1808 543 1871 564 raro

1089 580 1257 607 inverterunt
1270 588 1277 607 :
1292 587 1344 606 non
1366 579 1447 607 modo
1469 580 1610 614 epistolam
1630 580 1750 612 Eusebii,
1774 581 1820 608 sed
1843 586 1871 609 et

1089 625 1140 652 alia
1158 625 1240 652 multa
1252 629 1438 658 resecuerunt,
1455 629 1484 652 ut
1497 626 1576 660 epist.
1591 626 1721 653 minorem
1730 627 1870 654 Athanasii

1090 671 1122 698 ad
1138 671 1296 704 monachos,
1308 671 1400 699 varias
1414 670 1544 699 lectiones
1558 679 1666 704 omnes,
1679 676 1745 704 etc.,
1761 677 1791 699 ut
1813 672 1872 707 ple-

1090 715 1166 749 rique
1185 716 1325 751 conquesti
1340 720 1417 748 sunt;
1439 715 1523 743 multa
1541 717 1634 751 spuria
1659 722 1787 752 tanquam
1811 726 1873 752 ger-

1090 767 1170 787 mana
1195 760 1375 795 adjecerunt:
1389 768 1451 787 num
1477 760 1567 788 dicere
1583 766 1675 795 postea
1690 761 1775 794 ausis,
1788 761 1874 789 edito-

1091 813 1134 834 res
1153 805 1322 834 Parisienses
1343 807 1410 834 edit.
1430 806 1673 834 Commelinianam
1699 814 1792 841 presso
1805 808 1874 843 pede

1093 857 1201 880 secutos
1217 853 1299 880 esse?
1311 853 1403 888 itaque
1419 853 1460 880 vir
1472 853 1594 881 eruditus
1608 853 1702 881 isthtec
1711 854 1798 881 obiter
1811 861 1874 888 per-

1093 898 1230 931 tractavit,
1250 899 1296 933 qui
1316 905 1366 926 nec
1393 906 1454 934 qua:
1472 898 1585 934 legenda
1601 903 1680 926 erant.
1701 898 1807 934 legerit,
1824 907 1875 927 nec

1092 944 1125 971 iis
1147 951 1208 978 quae
1230 944 1297 980 legit
1309 944 1376 972 satis
1393 945 1556 978 attenderit;
1574 944 1601 971 id
1619 949 1709 971 autem
1724 949 1816 980 aperte
1840 945 1875 973 li-

1092 994 1165 1024 quet,
1184 990 1211 1017 in
1233 997 1265 1017 ea
1285 998 1366 1025 quam
1382 998 1416 1018 ex
1434 990 1539 1018 Nannio
1566 990 1658 1018 attulit
1682 990 1746 1023 loci,
1770 999 1824 1025 quo
1841 991 1875 1018 de

1092 1036 1192 1070 agitur,
1222 1036 1445 1071 interpretatione
1461 1036 1538 1064 :baec
1561 1035 1657 1064 Gmca
1684 1036 1764 1063 verba
1793 1041 1876 1069 sunt,

1092 1083 1147 1112 Καὶ
1161 1082 1239 1110 τοῦτο
1257 1081 1311 1110 οἶδε
1323 1083 1516 1116 .xal'Axa'otwq,
1535 1083 1567 1110 ἂν
1582 1082 1619 1118 μὴ
1633 1083 1680 1109 καὶ
1696 1082 1775 1114 αὐτὸς
1792 1082 1877 1119 φοϐη-

1093 1128 1150 1160 θεὶς
1161 1128 1208 1155 νῦν
1223 1129 1266 1155 διὰ
1283 1129 1329 1155 τὸν
1341 1129 1445 1165 καιρὸν,
1463 1129 1642 1164 ὑποκρίνηται
1659 1129 1705 1155 καὶ
1725 1128 1876 1164 ἀρνήσηται

1093 1175 1285 1210 τὴνάλήθειαν.
1300 1174 1436 1207 ’Υπέταξα
1444 1174 1509 1209 γοῦν
1519 1175 1597 1208 (alius
1612 1175 1694 1202 codex
1711 1173 1839 1209 ὑπέταξε)
1847 1175 1877 1201 ὲν

1092 1221 1132 1255 τῷ
1143 1219 1215 1246 τέλει
1227 1220 1275 1255 τὴν
1286 1220 1428 1256 ἐπιστολὴν
1443 1220 1582 1254 Εὐσεϐίου,
1596 1220 1639 1247 ἵνα
1650 1220 1682 1247 ὲκ
1693 1219 1794 1255 ταύτης
1805 1219 1877 1255 γνῷς

1092 1266 1146 1293 τῶν
1163 1275 1192 1292 τε
1208 1266 1407 1302 χριστομάχων,
1430 1266 1476 1294 καὶ
1501 1267 1571 1294 κατὰ
1588 1266 1711 1302 περιττὸν
1725 1266 1774 1301 τὴν
1794 1266 1877 1293 ’Δια-

1094 1311 1163 1344 κίου,
1181 1311 1249 1348 πρὸς
1262 1313 1324 1344 τοὺς
1350 1312 1453 1339 ἑαυτῶν
1473 1312 1647 1344 διδασκάλους
1669 1311 1877 1354 ἀῖνωμοσῦνην,

1094 1365 1207 1392 quorum
1227 1365 1323 1385 sensus
1338 1359 1408 1385 haud
1425 1359 1507 1386 dubie
1522 1359 1567 1386 hic
1579 1363 1639 1386 est:
1653 1358 1729 1391 Quod
1751 1366 1814 1385 sane
1825 1366 1878 1385 non

1094 1405 1198 1438 ignorat
1216 1404 1326 1430 Aeacius
1350 1403 1392 1439 (id
1408 1408 1459 1437 est,
1479 1403 1624 1431 Eusebium
1645 1403 1673 1430 in
1689 1403 1802 1438 epistola
1828 1411 1877 1430 sua

1094 1449 1129 1476 ad
1147 1449 1328 1476 Caesarienses
1339 1448 1519 1484 τὺὸμοούσιον
1533 1449 1699 1483 admisisse),
1714 1450 1766 1476 nisi
1779 1454 1803 1476 et
1822 1450 1878 1485 ipse

1095 1502 1163 1521 nunc
1187 1495 1323 1529 presenti:
1341 1495 1464 1528 temporis
1493 1503 1585 1528 causa,
1601 1495 1701 1528 factum
1728 1503 1783 1529 prw
1808 1500 1878 1522 metu

1094 1541 1250 1572 dissimulet,
1276 1542 1460 1576 veritatemque
1482 1546 1566 1576 neget.
1592 1541 1686 1576 Itaque
1704 1541 1730 1568 in
1747 1541 1800 1575 ﬁne
1815 1541 1878 1569 sub-

1090 1586 1143 1620 jeci
1158 1585 1264 1613 Eusebii
1287 1586 1434 1620 epistolam,
1456 1591 1482 1613 ut
1500 1585 1597 1614 Christi
1612 1587 1737 1619 hostium,
1755 1595 1787 1613 ac
1810 1595 1880 1621 prte-

1093 1633 1167 1666 cipue
1182 1632 1272 1659 Acacii
1289 1632 1316 1659 in
1327 1641 1387 1659 suo:
1402 1633 1540 1666 magistros
1553 1632 1691 1667 perﬁdiam
1706 1632 1769 1668 (sive
1786 1633 1877 1667 ingra-

1093 1683 1147 1704 tum
1156 1678 1282 1713 animum)
1291 1686 1323 1705 ea:
1337 1686 1367 1705 ea
1381 1677 1480 1712 liquido
1490 1686 1642 1712 cognoscas.
1657 1678 1789 1706 Nimirum
1799 1679 1880 1706 Alba-

1093 1724 1236 1752 nasiushic
1245 1725 1370 1752 Acacium
1380 1725 1525 1752 etArianos
1532 1723 1680 1759 periidiaet
1693 1724 1878 1759 ingrati-animi

1094 1775 1213 1803 accusat,
1239 1770 1301 1805 quia
1330 1770 1361 1801 τὸ
1386 1771 1538 1806 ὁμοούσιον,
1554 1771 1624 1807 quod
1649 1771 1675 1798 in
1698 1772 1811 1806 epistola
1829 1779 1878 1800 sua

1094 1816 1227 1844 Eusebius
1250 1817 1426 1844 Caesariensis
1446 1817 1566 1852 ipsorum
1592 1817 1720 1853 magister
1739 1818 1880 1845 confessus

1093 1866 1164 1896 erat,
1187 1863 1237 1898 ipsi
1260 1868 1391 1898 negarent
1410 1868 1438 1890 et
1456 1865 1660 1899 impugnarent;
1682 1869 1764 1898 utque
1787 1871 1832 1891 res
1845 1865 1879 1891 ad

1095 1910 1163 1944 ejus,
1180 1910 1223 1937 cui
1235 1909 1340 1937 litteras
1354 1910 1447 1942 mittit,
1466 1910 1546 1937 amici
1560 1910 1680 1937 notitiam
1693 1911 1792 1943 veniat,
1805 1909 1878 1937 ilam

1095 1962 1125 1982 se
1140 1955 1249 1983 Eusebii
1266 1956 1407 1990 epistolam
1428 1956 1455 1983 in
1470 1956 1524 1984 line
1539 1957 1720 1984 subnexurutn
1735 1957 1783 1984 ait.
1807 1956 1879 1984 Con-

1096 2007 1136 2029 tra
1153 2009 1219 2030 vero
1236 2002 1258 2030 si
1276 2001 1393 2034 ὑπέταξε
1415 2001 1523 2038 legeris,
1539 2007 1567 2030 et
1594 2002 1629 2030 ab
1654 2002 1753 2029 Acacio
1767 2001 1880 2037 subjun—

1095 2053 1165 2075 ctam
1178 2048 1319 2083 epistolam
1327 2048 1442 2081 dixeris,
1458 2053 1547 2083 aptam
1565 2049 1725 2076 sententiam
1740 2056 1878 2083 nunquam

1095 2093 1195 2121 etl‘tcias
1211 2104 1217 2121 :
1235 2101 1298 2120 nam
1316 2094 1359 2121 cui
1373 2095 1447 2128 operi
1463 2095 1533 2122 hanc
1559 2094 1728 2129 subjunxerit
1749 2095 1878 2128 Aeacius,

1097 2140 1220 2174 nuspiam
1237 2140 1359 2168 meminit
1370 2140 1548 2174 Athanasius;
1569 2141 1623 2169 imo
1647 2149 1696 2168 nec
1709 2141 1812 2175 Acacii,
1827 2148 1878 2169 nec

1096 2187 1188 2221 operis
1203 2186 1352 2220 cujuspiam
1366 2187 1399 2214 ab
1420 2194 1454 2214 eo
1467 2187 1543 2219 editi,
1558 2195 1674 2222 unquam
1691 2191 1768 2214 antea
1782 2187 1808 2213 in
1827 2186 1878 2214 hac

261 2227 403 2260 epistolam
422 2228 448 2254 in
463 2228 526 2255 sede
539 2229 646 2262 propria
660 2230 777 2257 locatam
793 2231 887 2266 fuisse,
899 2237 928 2259 ut
940 2241 973 2260 ex
985 2235 1043 2269 ejus
1059 2235 1081 2262 ι)
1098 2232 1212 2267 epistola
1226 2232 1307 2259 verba
1325 2232 1400 2259 fecit.
1422 2232 1455 2259 Et
1477 2240 1589 2266 prorsus
1614 2232 1822 2268 ἀπροσδιόνυσον
1835 2237 1879 2259 est

261 2273 351 2300 verbis
375 2274 509 2308 arguitur.
529 2275 633 2302 Etenim
659 2277 777 2304 secundo
802 2281 875 2305 tomo
898 2278 1045 2307 Commeli-

261 2320 348 2346 niante
367 2319 493 2346 editionis
517 2321 575 2348 haec
592 2326 667 2348 notat
684 2321 879 2350 Felckmannus
902 2329 967 2351 ante
987 2325 1045 2359 epi-

261 2364 358 2391 stolam
383 2364 491 2393 Eusebii
517 2367 550 2392 ad
575 2365 765 2401 Cusarienses,
786 2376 812 2403 p.
836 2369 889 2395 47:
907 2369 1044 2404 Sequenti;

260 2410 377 2444 epistola:
392 2419 451 2438 cum
473 2420 542 2446 crepa
559 2412 720 2440 Athanasius
742 2415 897 2442 mentionem
914 2415 1043 2450 [aciat....

260 2453 296 2481 Et
314 2464 374 2483 vero
389 2456 466 2483 etiam
481 2456 527 2483 lib.
543 2457 582 2484 De
596 2458 713 2486 decretis
722 2457 840 2487 Nicantis
856 2461 927 2487 dicat
941 2469 968 2488 se
986 2469 1043 2488 eam

259 2500 300 2527 illi
317 2502 388 2535 operi
402 2503 603 2537 subjuncturum
617 2503 667 2538 (ita
678 2505 746 2531 enim
760 2510 844 2532 textus
864 2507 900 2532 ibi
921 2506 1043 2542 legendus

259 2546 320 2579 est),
331 2549 548 2582 quemadmodum
560 2550 639 2576 etiam
658 2551 685 2577 in
704 2551 764 2578 cad.
779 2559 828 2580 ms.
841 2550 933 2579 Gnate
947 2553 1044 2580 Acade-

259 2593 321 2619 mia:
337 2593 493 2621 Basiliensia
507 2600 566 2629 post
588 2595 616 2622 id
629 2596 714 2630 posita
731 2602 767 2623 est
781 2605 790 2624 :
807 2597 903 2624 idcirco
921 2606 978 2625 eam
995 2599 1043 2626 hoc

260 2640 316 2666 loco
331 2645 389 2674 post
404 2641 543 2669 Athanasii
557 2642 680 2676 epistolas
697 2644 825 2678 subjicere
836 2645 962 2672 ualuimus
975 2645 1042 2672 bona

259 2685 310 2718 ﬁde
323 2694 355 2712 ex
368 2687 438 2714 dicto
452 2696 501 2715 ms.
525 2687 609 2715 Basil.
626 2689 798 2725 descriptam,
812 2699 872 2717 cum
886 2698 916 2717 ea
933 2699 990 2718 sero
1002 2692 1042 2717 ni-

259 2730 308 2756 mis
324 2732 505 2760 animadversa
520 2742 567 2760 suo
583 2734 640 2761 loco
654 2736 743 2769 reponi
754 2735 809 2769 jam
821 2744 873 2762 non
887 2741 982 2770 posset.
997 2736 1042 2763 Sic

259 2782 355 2804 censor
369 2777 414 2805 ille
430 2786 473 2806 res
489 2787 542 2807 non
557 2781 595 2807 uti
603 2788 642 2815 _se
652 2781 764 2815 habent,
780 2782 827 2810 sed
842 2782 881 2810 uti
896 2790 944 2811 sua
957 2782 1041 2811 inter-

295 2879 331 2915 (a)
354 2878 382 2906 γ.
403 2880 466 2909 edit.
482 2880 597 2908 Felcitm.
615 2886 677 2909 tom.
694 2882 725 2909 ll.

1096 2278 1187 2306 dicere
1210 2278 1338 2305 Acacium
1356 2278 1417 2305 ideo
1433 2278 1505 2305 illam
1528 2277 1670 2312 epistolam
1687 2277 1875 2312 subjunxisse,

1097 2328 1127 2350 ut
1142 2323 1187 2350 ille
1206 2324 1309 2351 amicus
1325 2323 1479 2356 Athanasii,
1497 2324 1539 2351 cui
1560 2323 1702 2358 epistolam
1719 2323 1817 2356 mittit,
1834 2329 1878 2350 co-

1095 2370 1410 2405 gnosceretArianorum
1423 2375 1449 2398 et
1461 2371 1545 2405 ipsius
1560 2370 1653 2397 Acacii
1674 2369 1825 2404 perﬁdiam.
1844 2369 1876 2396 Et

1095 2421 1185 2444 tamen
1203 2417 1259 2444 haec
1271 2421 1313 2443 est
1330 2417 1379 2443 loci
1394 2418 1538 2447 sententia.
1552 2417 1573 2443 si
1592 2421 1643 2444 stet
1658 2415 1738 2443 lectio
1756 2420 1876 2443 veterum

1095 2462 1238 2494 editorum,
1257 2461 1388 2494 Ὑπέταξε
1404 2461 1470 2495 γοῦν
1485 2462 1513 2488 ὲν
1531 2461 1569 2496 τῷ
1581 2461 1652 2487 τέλει
1668 2460 1716 2497 τὴν
1734 2460 1875 2496 ἐπιστολὴν

1092 2508 1232 2541 Εὑσεῢίου,
1249 2508 1292 2535 ἶνα
1315 2509 1346 2535 ὲκ
1359 2508 1460 2543 ταύτης
1475 2507 1546 2543 γνῷς
1559 2508 1612 2535 τῶν
1634 2516 1663 2534 τε
1686 2507 1874 2544 χριστομάχων

1092 2554 1138 2581 καὶ
1153 2554 1223 2581 κατὰ
1245 2554 1369 2590 περιττὸν
1394 2554 1442 2590 τὴν
1464 2554 1590 2581 Ἀκακίου
1607 2554 1675 2590 πρὸς
1691 2554 1754 2586 τοὺς
1770 2553 1874 2580 ἑαυτῶν

1092 2600 1266 2631 διδασκάλους
1281 2599 1486 2635 ἀγνωμοσύνην.
1504 2600 1682 2633 Quamobrem
1701 2598 1822 2626 Nannius
1837 2605 1871 2625 ex

1095 2647 1189 2674 vitiata
1215 2646 1330 2674 lectione
1355 2647 1394 2679 sl;
1417 2647 1571 2682 ἀμηχανίαν
1587 2652 1678 2678 actus.
1706 2652 1765 2672 eam
1792 2651 1873 2679 quam

1095 2699 1175 2726 supra
1201 2691 1339 2718 attulimus
1361 2692 1445 2719 edidit
1468 2692 1616 2718 versionem
1632 2699 1638 2716 :
1656 2689 1730 2717 Certe
1745 2690 1766 2716 ir
1779 2689 1806 2715 iv
1822 2688 1870 2716 ‘15

1094 2737 1229 2772 aubjunxit
1254 2737 1389 2772 epistolam
1407 2737 1524 2764 Eusebii.
1549 2737 1614 2770 Quae
1634 2740 1697 2763 sunt
1723 2734 1874 2765 ἁσύστατα,

1094 2791 1156 2812 nam
1173 2791 1261 2819 neque
1277 2783 1439 2812 Athanasius
1456 2783 1583 2817 Acacium
1596 2787 1744 2815 antea,ncc
1756 2786 1873 2815 unquam
