2016 3046
630 173 674 200 DE
694 172 776 200 Vl’l‘A
794 171 838 199 ET
860 169 1013 198 SCRIPTIS
1031 169 1060 197 Β.
1080 166 1302 210 ATHANASll."

156 243 224 276 opus
237 236 373 273 quoddam
393 235 464 263 illius
483 230 623 266 iudicavit,
646 232 690 260 cui
716 230 857 266 epistolam
886 229 935 256 Eo-
949 230 972 258 Α

157 286 224 315 sebii
240 283 430 318 subjungeret;
448 279 579 316 particula
595 283 684 306 autem
704 277 770 312 γοῦν
784 277 830 304 hic
845 280 937 310 aperte

156 329 342 360 Concludentis
365 332 416 359 est,
435 330 462 353 et
484 325 572 361 itaque
584 324 724 356 vertenda,
738 328 768 350 ut
789 330 821 349 ex
844 321 937 348 ordine

156 377 290 406 sermonis
304 375 407 402 videas.
424 372 487 406 Quae
503 375 651 405 sequuntur
676 373 765 397 autem
789 368 816 394 in
839 366 936 394 Nannii

155 423 281 450 versione
300 420 367 447 vitio
393 419 517 445 laborant
534 416 628 444 :Unde
653 423 697 443 eos
712 419 735 442 et
757 413 856 441 Christi
877 420 937 447 per-

156 468 255 496 duelles
281 467 378 498 videas,
397 470 422 492 et
437 464 465 491 in
488 464 580 496 primis
597 462 688 489 Acarii
702 460 825 487 adversus
841 465 938 492 prazce-

157 521 243 551 plores
267 521 328 540 suos
353 511 524 539 stoliditatem
545 507 732 543 deprehendas.
759 505 825 532 Nam
849 509 880 531 ut.
897 502 938 530 vel

158 550 331 589 mediocriter
355 557 443 593 perito
468 555 598 590 liqttidum
621 558 674 586 est,
688 553 727 580 sic
754 550 894 586 legendum
910 552 938 576 et

157 606 313 635 vertendum
330 608 391 631 est:
409 602 502 637 Itaque
520 602 546 627 in
565 601 617 635 ﬁne
639 598 738 633 subjeci
757 596 865 624 Eusebii
885 595 938 629 epi-

158 652 264 684 stolam,
289 656 317 678 ut
341 649 439 677 Christi
465 647 579 674 hostium
605 654 636 672 ac
657 644 787 678 pra'cipue
806 642 895 670 Acacii
910 641 938 668 in

158 707 220 726 suos
239 697 377 732 magistros
390 694 526 729 perﬁdiam
543 692 599 728 (seu
620 692 752 726 ingratum
767 687 894 723 animum)
906 693 939 714 ea:

158 750 190 769 ea
207 731 307 772 liquido
322 746 473 774 cognoscas.
487 737 520 764 Et
536 742 600 764 sane
613 742 674 763 cum
689 734 743 761 duo
758 731 938 767 antiquissimi

157 786 279 814 omnium
306 784 414 811 codices
436 783 464 810 in
492 782 545 809 fine
564 781 626 809 libri
648 780 686 807 De
697 779 807 806 decretis
821 777 939 805 Nictenis

157 831 300 867 epistolam
315 829 422 857 Eusebii
438 829 606 862 subiunctum
634 826 761 857 habeant,
777 824 840 851 hinc
865 830 940 850 com-

158 883 327 907 monstratur
338 877 370 904 ab
380 877 437 911 ipso
445 874 592 903 Athanasio
604 880 667 900 vere
679 872 825 899 subnexam
835 868 936 896 fuisse:

158 931 297 959 nunquam
314 923 385 950 enim
406 921 550 956 cogitasset
576 918 750 947 amsnuensis
772 917 857 951 ipsam
874 913 937 941 huic

158 970 234 1006 operi
260 968 469 997 subnectendam
494 965 646 1000 exquirere,
672 964 694 991 si
722 969 774 990 non
797 960 937 988 adfuisset.

158 1017 227 1044 Nam
251 1015 321 1051 quod
351 1014 419 1042 alius
444 1011 604 1049 posterioris
629 1010 679 1038 aevi
705 1013 733 1037 et
749 1009 846 1037 inﬁmae
867 1011 938 1035 notia

140 1063 244 1090 -codex
271 1062 354 1096 ipsam
372 1068 425 1088 non
450 1058 633 1090 circumferat,
650 1056 717 1084 nihil
733 1055 830 1083 mirum
848 1062 855 1080 :
874 1053 938 1088 quia

156 1113 188 1136 ut
201 1115 320 1143 persaepe
333 1107 360 1134 in
378 1105 518 1134 Athanasii
534 1104 606 1132 edito
618 1102 939 1134 monuimus,amanuen-

159 1161 213 1185 ses,
228 1161 288 1180 cum
304 1152 412 1179 levandi
426 1150 538 1183 laboris,
554 1154 609 1177 tum
621 1152 741 1183 quastus
751 1153 841 1177 causa,
855 1144 939 1172 multa

159 1199 240 1225 etiam
274 1197 426 1225 necessaria
456 1195 715 1231 pmtermittebant,
742 1197 772 1220 ut
796 1191 885 1227 majus
905 1198 939 1218 ex

159 1250 241 1278 opera
264 1247 290 1270 et
314 1242 408 1268 labore
436 1248 485 1268 suo
501 1240 605 1267 lucrum
630 1238 780 1266 accederet.
796 1237 858 1264 Haec
874 1236 939 1263 satis

160 1296 291 1324 superque
306 1294 394 1315 sunto.
410 1287 549 1321 Siquidem
566 1286 673 1314 etiamsi
695 1284 837 1319 epistolam
855 1283 939 1310 Euse-

160 1334 199 1362 bii
227 1341 282 1362 non
307 1334 491 1368 subjunxisset
508 1331 683 1365 Athanasius,
698 1331 770 1365 quod
792 1334 881 1357 tamen
899 1328 940 1356 fe-

158 1379 230 1406 cisse
246 1379 319 1405 illum
337 1379 516 1405 certissimum
541 1381 595 1410 est,
610 1376 675 1412 quid
696 1375 760 1403 mali
787 1374 940 1402 admisisse—

159 1432 229 1456 mus,
246 1431 305 1451 eam
333 1424 526 1457 subnectendo,
546 1424 579 1451 de
601 1430 654 1457 Qua
678 1422 786 1449 scilicet
817 1420 940 1456 pluribus

159 1470 213 1505 agit
228 1469 271 1497 ille
285 1469 311 1497 in
327 1469 395 1497 libro
412 1469 451 1496 De
464 1468 579 1496 Nicwnis
594 1467 726 1495 decretis?

194 1526 326 1554 Caeterum
340 1527 411 1561 quod
427 1526 470 1554 ille
484 1526 599 1561 scriptor
614 1525 737 1554 eruditus
748 1524 892 1552 Eusebium
908 1523 941 1551 ab

159 1571 317 1599 Arianismo
335 1580 450 1606 purgare
479 1572 592 1604 nitatur,
606 1572 657 1599 etsi
674 1571 732 1607 pari
747 1576 829 1606 atque
843 1575 939 1597 caetera
954 1578 975 1608 α

159 1617 287 1654 ἀκριϐείᾳ
303 1618 328 1644 id
351 1618 510 1650 tentaverit;
537 1617 603 1644 nihil
627 1625 703 1644 curo.
721 1616 789 1650 Quid
815 1623 846 1643 ea
863 1616 896 1643 de
911 1623 940 1643 re

160 1663 275 1691 sentiam
293 1671 325 1690 ex
356 1663 420 1697 ipsis
443 1662 553 1690 Eusebii
583 1662 701 1697 scriptis,
731 1661 863 1689 submotis
892 1668 941 1696 pro

160 1716 236 1735 more
253 1708 483 1740 altercationibus,
509 1707 643 1735 declaravi
666 1708 691 1734 in
711 1707 942 1735 Praeliminaribus

160 1753 195 1781 ad
218 1753 413 1781 Commentario
436 1753 542 1780 Eusebii
567 1753 594 1780 in
614 1752 744 1780 Psalmos.
760 1753 835 1786 Quod
851 1757 941 1779 autem

162 1799 255 1833 adjicit
269 1799 340 1826 idem
356 1807 364 1825 ε
381 1798 413 1825 Et
424 1799 526 1833 quidem
540 1806 632 1832 parum
648 1798 695 1824 hac
706 1799 732 1824 in
745 1803 818 1832 parte
831 1798 941 1824 audien-

161 1846 189 1872 di
213 1850 273 1872 sunt
297 1845 436 1878 scriptores
453 1844 580 1878 pontiﬁcii
609 1843 659 1878 (sic
674 1843 830 1870 Catltolicos
845 1850 943 1871 vocare

161 1891 358 1926 libuit),jurati
376 1896 463 1925 utpote
475 1889 582 1917 Eusebii
593 1890 688 1922 hostes,
702 1897 809 1916 causam
824 1897 875 1916 non
888 1890 944 1916 dis-

161 1937 300 1964 simulante
316 1935 452 1968 Baronio;
469 1937 494 1963 id
523 1944 574 1964 non
601 1944 663 1964 vere
692 1936 791 1963 dicitur
805 1945 812 1963 :
829 1943 880 1963 non
896 1936 943 1963 de-

162 1987 225 2009 sunt
248 1983 319 2009 enim
346 1982 418 2017 apud
446 1982 617 2014 Catholicos,
641 1982 687 2017 qui
718 1981 826 2009 Eusebii
853 1986 944 2017 partes

163 2033 307 2062 tueantur;
330 2033 358 2055 et
383 2028 490 2063 quidem
516 2028 676 2063 prohibente
699 2028 816 2055 nemine.
831 2028 908 2060 Quod
921 2028 944 2055 si

163 2074 249 2101 multo
269 2074 360 2108 plures
374 2073 399 2100 in
418 2073 562 2101 Eusebium
577 2074 737 2101 sententiam
765 2074 865 2108 dicant,
880 2073 944 2108 quid

164 2119 229 2147 inde
261 2127 367 2154 arguas,
393 2120 443 2147 nisi
471 2119 614 2147 Eusebium
642 2120 709 2146 adeo
735 2118 892 2154 frequentes
918 2123 946 2146 et

162 2163 320 2199 perspicuas
338 2163 483 2191 Ariauismi
502 2168 580 2191 notas
599 2169 653 2190 tttm
668 2164 751 2199 gestis
765 2171 819 2191 tum
835 2163 945 2198 scriptis

163 2209 222 2237 suis
238 2209 352 2243 dedisse,
370 2215 395 2236 ut
414 2209 570 2244 paucissimi
596 2218 644 2245 pro
660 2210 716 2243 illo,
735 2210 869 2237 innumeri
884 2217 945 2237 con-

162 2258 207 2282 tra
228 2262 333 2288 semper
349 2255 491 2282 steterint?

199 2303 286 2335 Adde,
304 2303 455 2335 Erasmum,
476 2303 521 2337 qui
539 2303 613 2338 prior
638 2303 709 2329 illam
734 2302 874 2330 Athanasii
889 2302 946 2338 epi-

164 2348 263 2376 stolam
281 2348 377 2375 Latine
390 2349 481 2381 vertit,
499 2356 557 2376 eam
575 2349 671 2383 ipsam,
689 2356 769 2384 quam
785 2357 843 2382 nos,
856 2349 948 2376 lectio-

164 2401 226 2421 nem
254 2393 375 2421 Gnecam
392 2400 514 2421 secutum
531 2401 601 2422 esse.
628 2394 715 2422 Locus
743 2394 884 2422 Athanasii
907 2395 946 2422 sic

163 2440 253 2468 habet.
270 2441 323 2467 Καὶ
339 2440 418 2467 τοῦτο
434 2438 487 2467 οἵδε
499 2441 545 2467 καὶ
559 2441 693 2473 Ἀκάκιος,
708 2440 740 2467 ἂν
753 2441 788 2477 μὴ
807 2441 853 2467 καὶ
866 2440 945 2472 αὐτὸς

163 2486 291 2522 φοϐηθεὶς
304 2486 351 2514 νῦν
368 2487 410 2513 διὰ
423 2487 467 2513 τὸν
482 2487 576 2523 καιρὸν
595 2487 774 2523 ὑποκρίνηται
796 2487 843 2513 καὶ
861 2487 945 2522 ἀρνή-

165 2541 244 2567 σηται
261 2533 310 2568 τὴν
332 2532 470 2568 ἀλήθειαν.
491 2531 625 2564 Ὑπέταξα
639 2532 703 2566 γοῦν
720 2533 748 2558 ὲν
761 2532 801 2567 τῷ
814 2533 884 2559 τέλει
898 2532 946 2568 τὴν

163 2577 308 2612 ἐπιστολὴν
321 2577 461 2608 Εὐσεὸἱου,
476 2577 518 2603 ἵνα
539 2578 571 2603 ὲκ
586 2577 685 2612 ταύτης
698 2577 768 2612 γνῷς
779 2577 832 2603 τῶν
845 2586 874 2604 τε
889 2586 948 2613 χρι-

166 2623 320 2658 στομάχων,
330 2623 377 2649 καὶ
393 2623 462 2649 καιὰ
473 2623 597 2659 περιττὸν
611 2623 793 2658 τὴνἋκακίου
807 2624 874 2659 πρὸς
884 2625 946 2656 τοὺς

163 2669 269 2696 ὲαυτῶν
287 2669 461 2700 διδασκάλους
474 2669 678 2704 ἀγνωμοσύνην·
695 2678 753 2704 qua“
768 2671 806 2698 sic
820 2671 947 2698 Erasmus

163 2715 303 2742 transtulit.
318 2723 325 2741 :
342 2715 421 2742 Novi:
437 2715 484 2741 hoc
502 2720 526 2741 et
551 2715 674 2747 Aeacius,
688 2716 738 2742 nisi
761 2724 829 2742 nunc
849 2722 872 2743 et
893 2717 947 2750 ipse

163 2766 233 2788 metu
256 2761 390 2794 perculsus
406 2769 453 2795 pro
475 2765 589 2795 tempore
604 2761 723 2794 simulat,
740 2767 863 2797 negatque
878 2762 944 2789 veri-

199 2860 239 2894 (α)
255 2859 321 2886 Note
334 2859 378 2887 58.

1686 164 1766 186 CLXXI

986 231 1075 254 tatem.
1090 225 1221 260 Subjunsi
1240 224 1320 259 igitur
1342 221 1370 248 in
1390 221 1442 256 ﬁne
1454 217 1591 254 epistolam
1609 216 1727 248 Eusebii,
1739 221 1766 242 ut

986 281 1018 300 ea:
1043 273 1093 299 hac
1118 271 1220 299 abunde
1247 275 1399 305 cognoscas,
1414 271 1438 294 et
1457 266 1566 293 istorum
1592 263 1636 299 qui
1662 262 1766 290 Christo

987 318 1125 350 rebellant,
1147 324 1179 343 ac
1195 316 1284 343 Acacii
1301 314 1426 341 adversus
1449 319 1510 340 suos
1533 311 1662 342 doctores,
1677 309 1767 343 ingra-

986 364 1136 390 titudinem.
1151 362 1202 390 Ubi
1218 361 1293 389 vides
1306 360 1447 388 Erasmum
1473 355 1595 389 ὑπέταξα
1619 354 1725 396 legisse,
1738 357 1767 379 ut

986 416 1081 437 omnes
1097 409 1199 440 antiqui
1222 408 1328 435 codices
1356 405 1466 437 habent,
1499 410 1531 430 ac
1549 401 1691 429 lectionem
1716 400 1767 425 ὑπ-

988 455 1067 489 έταξε
1083 462 1142 489 quae
1159 454 1185 481 in
1197 453 1254 481 solo
1266 451 1429 481 Gobleriano
1441 448 1534 476 codice
1549 447 1581 474 ad
1604 446 1681 473 fidem
1693 443 1767 470 Basi—

987 502 1080 530 liensis
1093 501 1243 534 exscripto,
1257 499 1344 531 adest,
1356 494 1529 523 amanuensis
1544 492 1670 520 mendum
1686 497 1744 516 esse
1759 497 1766 516 :

987 555 1048 575 nam
1077 545 1234 573 Basiliensis
1260 548 1288 571 et
1313 542 1424 577 Regius,
1451 544 1481 567 ut
1503 538 1630 569 diximus,
1648 534 1766 566 ὑπέταξα

987 590 1095 617 habent.
1114 588 1178 617 Bmc
1192 594 1272 622 porro
1292 585 1398 614 Erasmi
1414 583 1503 612 versio
1522 590 1588 611 cusa
1605 584 1648 609 est
1663 580 1690 607 in
1711 579 1768 606 edi-

989 636 1059 663 tione
1076 635 1172 662 Latina
1188 632 1330 661 Athanasii
1346 629 1520 666 Lugdunensi
1539 637 1583 656 an.
1601 626 1687 661 1552;
1707 625 1768 652 vide

987 679 1034 708 fol.
1052 679 1115 707 265.

1215 719 1472 750 ANIMADVERSIO
1490 719 1560 747 Xlll.
1769 752 1771 756 γ

989 771 1046 805 Quo
1068 778 1138 799 anno
1160 770 1275 806 synodus
1302 767 1484 806 Alexandriaa
1515 764 1645 793 celebrata
1675 762 1766 797 fuerit,

1253 812 1287 831 an
1305 803 1356 831 559
1375 810 1409 829 an
1428 801 1480 829 540

1024 861 1092 896 Quia
1109 868 1164 889 non
1178 860 1216 888 ita
1244 858 1361 886 feliciter
1374 855 1507 885 calculum
1523 855 1612 890 posuit
1624 853 1768 881 Tillemon-

954 899 976 927 Β
991 906 1047 935 tius
1058 905 1109 942 (α),
1127 905 1190 932 dum
1218 902 1359 938 epistolam
1386 900 1449 928 Julii
1472 906 1547 935 papae
1571 897 1725 933 synodicam
1742 897 1766 922 in

991 959 1089 980 annum
1104 950 1155 977 3M
1172 948 1297 981 contulit,
1312 953 1373 982 quae
1388 950 1476 973 tamen
1491 944 1599 972 nonnisi
1623 942 1672 970 sub
1689 942 1768 968 tinem

990 995 1054 1024 anni
1071 994 1125 1022 542
1138 994 1200 1022 data
1221 993 1303 1020 fuisse
1325 995 1429 1026 potest;
1447 990 1508 1017 hinc
1527 996 1570 1016 res
1587 993 1649 1015 ante
1668 986 1768 1014 Roma-

990 1046 1053 1067 nam
1079 1038 1211 1073 synodum
1228 1041 1319 1072 gestas
1342 1034 1457 1062 mirilice
1483 1039 1589 1061 arctare
1616 1031 1770 1066 compulsus

991 1089 1043 1117 est.
1060 1084 1127 1112 Nam
1144 1081 1449 1117 Constantinopolitanae
1470 1080 1541 1108 sedis
1557 1078 1721 1106 invasionem
1737 1077 1770 1103 ab

991 1131 1107 1159 Eusebio
1134 1130 1244 1162 factam,
1262 1129 1289 1155 in
1313 1129 1394 1155 finem
1422 1127 1485 1154 anni
1509 1126 1572 1160 538,
1594 1129 1640 1152 aut
1665 1123 1770 1151 initium

991 1175 1181 1211 subsequentis
1194 1174 1321 1209 conjicit;
1335 1173 1466 1210 synodum
1483 1179 1548 1199 vero
1563 1169 1771 1198 Alexandrinam

992 1221 1019 1249 in
1045 1221 1135 1249 medio
1160 1220 1222 1247 anni
1245 1219 1296 1247 559
1322 1219 1483 1246 celebratam
1502 1220 1598 1252 putat:
1614 1223 1674 1243 cum
1698 1213 1771 1241 enim

992 1266 1159 1295 invasionem
1172 1265 1278 1292 Eusebii
1294 1271 1325 1291 ea
1342 1263 1460 1299 synodus
1471 1265 1611 1293 memoret,
1628 1264 1687 1295 post
1700 1259 1771 1287 illam

992 1316 1099 1341 coacta‘
1114 1312 1150 1340 sit
1176 1316 1293 1347 oportet.
1307 1311 1343 1339 Ut
1359 1315 1448 1338 autem
1464 1309 1557 1337 liberis
1572 1308 1664 1343 spatiis
1680 1314 1771 1335 veram

993 1363 1145 1392 temporum
1171 1357 1270 1385 seriem
1299 1360 1449 1389 teneamus,
1475 1362 1490 1381 a
1519 1354 1605 1382 reditu
1631 1352 1772 1380 Athanasii

992 1404 1060 1436 orsi,
1078 1404 1118 1431 sic
1134 1402 1225 1430 omnia
1252 1402 1284 1429 ad
1315 1408 1407 1429 vermn
1441 1400 1561 1428 ordinem
1587 1399 1670 1434 redigi
1693 1405 1773 1433 posse

994 1456 1143 1476 censemus.
1161 1447 1325 1475 Athanasius
1337 1446 1455 1474 Treviris
1468 1445 1554 1478 exsul,
1567 1452 1582 1472 a
1597 1444 1772 1472 Constantino

991 1494 1099 1529 iuniore
1125 1493 1288 1528 remigrandi
1307 1493 1412 1520 veniam
1427 1492 1540 1526 accepit,
1558 1491 1628 1518 datis
1654 1491 1688 1518 ad
1713 1498 1772 1517 cam

994 1548 1050 1568 rem
1069 1548 1124 1567 xvn
1139 1539 1209 1567 Junii
1225 1538 1323 1566 litteris
1334 1538 1388 1572 (b);
1404 1538 1483 1572 idque
1498 1544 1578 1569 anno,
1592 1541 1621 1564 ut
1635 1535 1773 1563 nobiscum

992 1590 1083 1613 censet
1096 1584 1294 1616 Tillctnontius,
1309 1584 1372 1611 558.
1390 1583 1444 1611 Sub
1460 1583 1538 1610 ﬁnem
1553 1581 1624 1610 Junii
1640 1580 1775 1616 profectus

993 1631 1168 1663 Athanasius,
1185 1630 1327 1658 Viminacii
1355 1629 1388 1656 ad
1414 1629 1563 1656 Danubium
1589 1626 1774 1655 Constantium

994 1677 1075 1710 adiit;
1095 1676 1156 1704 inde
1172 1675 1433 1709 Constantinopolim
1458 1673 1536 1709 petiit
1552 1681 1559 1700 ι
1576 1677 1657 1707 atque
1682 1670 1775 1698 crimi-

993 1721 1096 1748 nationi
1110 1728 1190 1755 quam
1205 1719 1378 1747 Macedonius
1396 1718 1521 1754 episcopo
1538 1724 1586 1744 suo
1600 1715 1682 1743 Paulo
1697 1715 1775 1743 obtu-

993 1766 1025 1794 lit
1052 1774 1172 1800 praesens
1201 1765 1270 1793 fuit:
1290 1765 1336 1793 sed
1365 1769 1458 1800 postea
1483 1763 1659 1791 reconciliata
1689 1761 1776 1796 gratia

994 1811 1167 1840 Macedonius
1180 1811 1264 1838 Paulo
1274 1810 1395 1845 junctus,
1408 1810 1488 1837 solito
1499 1808 1649 1844 presbyteri
1664 1813 1777 1834 munere

995 1858 1166 1893 fungebatur.
1185 1857 1242 1884 Sub
1271 1859 1328 1884 tunc
1351 1861 1441 1883 autem
1459 1855 1642 1887 Constantius,
1659 1852 1721 1879 dum
1747 1851 1777 1879 in

994 1903 1133 1931 Orientem
1161 1907 1255 1930 contra
1284 1901 1381 1929 Persas
1405 1900 1573 1932 concederet,
1600 1897 1775 1925 Athanasium

996 1949 1090 1977 eodem
1118 1948 1215 1976 itinere
1244 1948 1358 1983 patriam
1390 1950 1556 1981 repetentem
1584 1944 1714 1972 Caesareae
1746 1944 1776 1970 in

995 1994 1164 2029 Cappadocia
1189 1994 1286 2021 iterum
1310 1993 1377 2020 vidit
1402 1997 1428 2019 et
1452 1990 1587 2026 allocutus
1614 1994 1666 2022 est,
1684 1995 1778 2016 mense

996 2037 1149 2071 Septembri
1166 2046 1173 2064 :
1190 2045 1251 2064 nam
1267 2035 1443 2064 Constantius
1464 2035 1520 2070 jam
1543 2034 1715 2062 Antiochiam
1732 2041 1778 2060 vc-

996 2089 1073 2111 nerat
1085 2091 1178 2111 mense
1195 2083 1304 2111 Octobri
1319 2090 1326 2109 :
1344 2082 1442 2117 quippe
1464 2082 1509 2116 qui
1537 2089 1553 2106 v
1574 2081 1636 2108 ldus
1654 2080 1778 2108 Octobris

996 2129 1082 2164 legem
1106 2129 1255 2156 Antiochiae
1287 2128 1387 2156 dederit
1414 2128 1451 2155 De
1471 2126 1667 2158 decurionibus,
1692 2130 1720 2152 ut
1739 2126 1778 2152 vi-

998 2174 1063 2202 deas
1079 2174 1106 2201 in
1126 2174 1218 2201 codice
1232 2173 1429 2201 Theodosiano.
1448 2171 1546 2199 Contra
1575 2171 1671 2198 Persas
1697 2170 1778 2204 igitur

996 2225 1146 2254 properans
1162 2218 1335 2246 Antiochiatn
1359 2216 1443 2243 venit.
1470 2215 1534 2242 lude
1552 2213 1660 2242 Octobri
1685 2220 1778 2239 mense

960 2261 983 2289 Ι)
997 2265 1133 2297 Emesam,
1149 2264 1194 2291 ubi
1221 2265 1284 2291 data
1301 2262 1343 2289 lex
1360 2254 1403 2288 est
1426 2261 1465 2287 De
1478 2259 1673 2291 decurionibus,
1688 2265 1704 2284 v
1717 2257 1776 2285 Kal.

996 2308 1143 2336 Novembr.
1159 2308 1243 2335 Paulo
1264 2312 1323 2340 post
1346 2307 1379 2333 ad
1396 2305 1539 2333 Persarum
1555 2303 1671 2331 conﬁnia
1686 2308 1779 2330 vectus

998 2354 1024 2381 in
1045 2354 1279 2388 Mesopotamiam,
1296 2352 1405 2379 Edessa!
1430 2350 1563 2381 consedit,
1581 2354 1610 2376 ut
1635 2349 1673 2375 ait
1696 2347 1778 2374 Liba-

996 2398 1059 2425 nius
1082 2398 1205 2425 oratione
1232 2397 1266 2423 ad
1289 2395 1469 2423 Theodosium
1483 2415 1491 2427 ,
1511 2395 1555 2422 ubi
1584 2399 1673 2421 tamen
1704 2393 1779 2427 lapsu

999 2443 1128 2479 graphico
1142 2443 1265 2470 Emesam
1283 2442 1394 2475 legitur;
1411 2440 1458 2468 sed
1474 2440 1544 2467 haud
1558 2438 1636 2466 dubie
1651 2438 1779 2466 Edessam

999 2489 1150 2524 legendum,
1167 2493 1197 2515 ut
1216 2492 1243 2514 et
1262 2487 1324 2514 alibi
1341 2496 1348 2514 :
1366 2494 1426 2521 quae
1446 2490 1581 2520 postrema
1596 2484 1660 2511 urbs
1678 2483 1704 2510 in
1725 2482 1780 2510 Me-

999 2533 1148 2568 sopotamia
1174 2537 1244 2560 erat.
1270 2532 1333 2559 Inde
1356 2538 1481 2558 reversus
1498 2529 1779 2563 Antiochiam,legetn

1001 2579 1075 2606 dedit
1090 2579 1122 2606 ad
1138 2578 1307 2613 Acyndinutn
1331 2577 1486 2612 prtefectum
1514 2574 1640 2610 prattorio
1657 2573 1693 2600 De
1717 2579 1781 2600 tem-

1000 2632 1094 2658 porum
1115 2631 1205 2655 cursu,
1222 2628 1344 2650 vertente
1372 2630 1444 2649 anno
1458 2621 1520 2653 558,
1547 2621 1651 2647 scilicet
1666 2628 1694 2647 vt
1720 2619 1779 2646 Kal.

982 2674 985 2677 '
1001 2669 1133 2697 Januarii.
1151 2669 1262 2696 Ineunte
1287 2676 1358 2696 anno
1375 2668 1439 2701 559,
1459 2675 1520 2694 cum
1533 2666 1559 2694 in
1579 2665 1658 2702 Syria
1673 2666 1781 2700 degeret

1000 2714 1184 2747 Constantius,
1203 2713 1342 2741 Laodiceae
1364 2713 1425 2740 data
1450 2711 1492 2739 lex
1524 2716 1567 2738 cst
1586 2711 1624 2738 De
1646 2712 1780 2738 verborum

999 2760 1124 2799 formulis
1152 2761 1190 2795 (in
1216 2760 1309 2787 codice
1337 2758 1447 2794 Justin.)
1481 2757 1594 2785 Kalend.
1629 2755 1781 2785 Februarii.

200 2891 239 2930 (tv)
257 2896 332 2929 Apol.
351 2899 441 2922 contra
456 2894 580 2930 Arianoi,
596 2902 621 2930 p.
641 2895 709 2929 152;
731 2894 807 2931 Apol.
825 2896 859 2923 ad
875 2894 1021 2930 Constattt.,
1038 2902 1063 2929 p.
1075 2894 1145 2928 236;
1161 2893 1231 2922 Hist.
1246 2893 1338 2922 Arion.
1352 2895 1385 2920 ad
1397 2892 1546 2927 monachos,
1560 2900 1585 2926 p.
1603 2891 1666 2920 “2.75.
