2016 3046
257 159 347 180 CLXXII

934 156 1117 181 PHULLbUM
1123 156 1199 180 ENA.

256 210 340 238 Paulo
356 213 416 245 Post
430 209 498 238 idem
522 209 668 244 imperator
697 209 828 245 HeliopoIi
852 211 878 237 iu
902 210 1031 239 Pituanice
1048 215 1072 242 Α
1085 211 1249 239 iuvasionem
1262 211 1296 238 ab
1315 211 1431 240 Eusebio
1444 215 1472 240 et
1484 212 1565 241 sociis
1580 217 1745 248 perpetrata.
1765 214 1866 243 Verum

257 257 330 291 leges
345 256 428 288 dedit,
446 257 532 290 pridie
549 256 610 284 Idus
632 256 752 289 Martias,
767 257 870 285 scilicet
895 262 1033 292 quartam,

257 302 296 329 De
315 303 440 329 maternis
454 302 537 336 bonis,
555 307 583 330 et
596 307 731 336 octavam,
750 303 803 336 Qui
825 303 930 330 admitti
940 303 975 330 ad
987 303 1034 330 bo-

255 357 348 374 norum
359 356 469 382 possess.
478 347 578 375 Eodem
587 356 679 377 mense
693 349 788 376 Martio
801 356 926 377 reversus
934 353 974 377 est
982 350 1036 376 An-

257 395 383 422 tiochiam
395 404 401 422 :
415 395 569 430 ibidemque
584 396 646 423 data
661 401 702 424 est
716 396 760 423 Iex
774 396 872 431 prima.
884 396 922 423 De
933 397 1035 424 incestis

255 442 364 475 nuptiis,
381 441 466 476 pridie
480 441 539 468 Kal.
552 442 661 477 Aprilis.
677 441 743 469 Hinc
756 442 892 477 profectus
905 442 1037 470 Constan-

257 487 394 521 tinopolim
410 487 595 520 Constantius,
613 488 702 516 Idibus
723 489 835 522 Augusti
848 488 933 523 legem
950 496 969 515 tt
987 489 1034 516 de-

256 532 294 558 dit
309 540 315 557 :
333 532 374 559 Ne
387 532 566 560 Christianum
579 534 748 567 mancipium.
763 534 818 561 Hoc
834 535 934 569 posito.
949 542 1035 569 eoque

255 578 407 605 certissimo
425 586 516 606 rerum
541 580 651 613 ordine,
671 580 809 615 propalam
831 585 874 607 est
901 580 1035 608 Constan-

256 625 332 657 tium,
353 625 441 652 medio
457 625 566 653 circiter
582 633 654 654 anno
669 626 722 654 558
738 631 834 654 contra
857 626 954 655 Persas
972 635 1035 662 pro-

255 670 365 702 fectum,
379 678 432 698 non
458 675 521 699 ante
544 672 661 699 medium
688 673 751 699 anni
775 673 827 700 559
844 673 1034 701 Constantino—

255 716 337 749 polim
367 717 520 745 revertisse.
548 717 586 745 lbi
612 725 697 749 vero,
725 718 869 753 instigante
897 718 1033 752 Eusebio,

254 761 385 795 synodum
414 762 511 797 coegit,
540 763 566 789 in
594 770 658 797 qua,
681 763 1035 793 accusationem,redinte-

254 811 348 840 grante
367 805 534 839 Macedonio,
560 807 660 836 Paulus
690 809 836 841 depositus,
852 808 1035 843 Eusebiusque

253 853 313 887 ejus
329 852 354 878 in
370 852 458 880 locum
479 854 642 888 subrogatus
655 858 706 881 est.
720 853 788 881 Hinc
804 861 869 881 vero
891 853 1035 882 manifeste

1089 264 1121 284 ex
1135 257 1249 291 repetito
1267 264 1358 284 rerum
1374 262 1511 292 gestorum
1528 258 1622 286 ordine
1637 259 1664 286 id
1686 259 1866 294 exploratum.

1088 307 1118 329 ut
1134 309 1224 336 spero,
1243 303 1341 338 cuique
1353 303 1415 331 erit.
1439 304 1606 332 Athanasius
1619 304 1749 332 Caesarea
1760 305 1786 332 in
1801 305 1869 341 Cap-

1088 348 1200 383 padocia
1212 348 1399 376 Constantium
1412 348 1558 383 allocutus,
1569 349 1631 377 inde
1641 350 1756 384 pedestri
1771 351 1869 378 itinere

1088 401 1136 428 per
1152 392 1258 428 Syriam
1276 398 1302 421 et
1329 393 1498 422 Palaestinam
1517 395 1707 422 Alexandriam
1723 396 1800 430 petiit
1818 396 1869 423 sub

1089 440 1169 466 tinem
1184 439 1248 466 anni
1264 439 1326 468 558.
1340 439 1486 474 Aliquanto
1499 445 1559 474 post
1574 445 1695 476 tempore
1714 441 1868 473 Eusebiani,

1089 491 1202 519 quorum
1219 485 1245 512 in
1261 485 1441 513 Athanasium
1454 486 1515 513 odia
1534 486 1653 513 nondum
1668 486 1867 519 detumueraut,

1089 529 1116 557 in
1129 537 1211 556 unum
1225 530 1309 557 coacti
1319 530 1433 558 Arianos
1448 534 1616 565 receperunt,
1627 530 1729 558 l‘istum
1739 531 1868 559 Ariannm

1088 575 1258 603 Alexandria:
1282 576 1435 611 episcopum
1465 577 1674 611 constituerunt,
1689 577 1790 613 legatos
1812 578 1868 605 Ma-

1089 621 1204 653 carium,
1220 621 1377 656 Martyrium
1403 626 1431 649 et
1449 622 1610 658 Hesychium
1630 625 1664 650 ad
1690 622 1789 650 Iulium
1819 631 1868 658 pa—

1088 673 1166 701 pam;
1181 666 1214 693 ad
1225 671 1278 694 tres
1293 667 1357 694 item
1372 667 1563 702 imperatores,
1581 673 1643 696 tunc
1658 669 1740 696 variis
1755 669 1782 696 in
1795 670 1868 696 orbis

1088 712 1209 747 partibus
1222 717 1371 745 versantes,
1380 713 1486 741 litteras
1502 714 1649 742 miserunt:
1661 715 1738 750 queis
1750 715 1870 742 Athana-

1089 758 1170 790 sium,
1187 762 1216 785 ttt
1233 759 1344 786 caedium
1367 763 1395 786 et
1413 759 1583 792 exsiliorum,
1602 764 1741 795 postquam
1753 760 1869 787 Alexan-

1089 802 1175 830 driam
1195 803 1401 839 remigraverat,
1431 812 1507 832 reum
1534 806 1649 840 agebant
1664 806 1795 841 :ejusque
1818 813 1868 833 no-

1088 855 1149 875 men
1165 849 1235 884 apud
1249 848 1440 876 Constantium
1465 850 1634 883 deferebant,
1652 852 1722 886 quod
1747 852 1868 880 frumen-

255 899 309 924 ι-ιιίι
333 897 377 924 illa
405 898 499 933 nuperi
527 899 669 933 scriptoris
690 899 868 933 computatio,
889 906 943 932 qua
971 906 1036 933 syn-
1051 889 1074 919 Β
1089 897 1144 920 tum
1164 901 1179 921 3
1196 894 1375 922 Constantino
1398 900 1475 929 patre
1491 896 1578 924 viduis
1595 897 1698 924 alendis
1711 899 1867 932 deputatum

253 944 334 970 odum
348 943 560 970 Alexandrinam
577 949 683 971 centum
699 944 887 979 episcoporum
904 943 930 970 in
947 944 1036 971 medio

253 997 326 1015 anno
338 989 390 1016 559
404 988 569 1016 celebratam
586 994 664 1024 putat
682 999 688 1016 :
706 997 768 1016 nam
792 997 853 1017 cum
869 996 900 1016 ea
916 989 1036 1024 synodus

253 1033 362 1061 Eusebii
374 1034 561 1067 intrusionem,
571 1031 708 1070 multaque
720 1035 771 1062 alia
785 1036 881 1063 deinde
896 1040 970 1070 gesta
981 1035 1036 1062 Eu-

252 1080 422 1107 sebianorum
440 1085 643 1114 commemoret,
654 1087 715 1116 post
724 1081 796 1108 illam
805 1086 898 1109 coacta
907 1082 942 1109 sit
954 1089 1036 1117 opor-

253 1131 302 1153 tet.
309 1125 384 1161 Pauli
394 1133 467 1158 vcro,
477 1127 519 1153 cui
528 1127 687 1162 subrogatus
693 1128 826 1155 Eusebius
833 1132 884 1160 est,
893 1128 1034 1163 depositio,

252 1177 397 1200 accusante
422 1172 579 1200 Macedonio
600 1178 709 1208 peracta
722 1178 764 1201 est
781 1183 787 1201 :
801 1173 934 1208 siquidem
948 1173 1036 1200 Mace-

253 1218 359 1250 donius,
375 1219 432 1253 qui,
447 1219 485 1246 uti
509 1227 590 1254 supra
605 1219 735 1251 diximus,
749 1226 810 1246 cum
827 1219 941 1254 patriam
959 1226 1036 1253 repe-

254 1268 315 1291 tens
338 1264 502 1293 Athanasius
521 1265 781 1300 Constantinopolim
808 1265 972 1296 advenisset,
991 1264 1036 1292 illo

251 1314 394 1343 prasente,
408 1309 518 1337 Paulum
535 1318 609 1338 reum
623 1315 734 1345 egerat,
746 1310 842 1337 deinde
861 1309 1036 1337 reconciliata

252 1355 350 1389 gratia,
370 1363 385 1382 a
400 1360 491 1389 empto
508 1356 622 1383 destitit.
639 1357 674 1383 At
687 1356 796 1383 vixdum
815 1355 905 1390 elapso
920 1363 934 1383 a
948 1356 1036 1389 prima

253 1400 424 1428 accusatione
440 1408 521 1435 anno,
538 1401 682 1436 instigante
700 1401 827 1432 Eusebio.
849 1401 963 1429 antistiti
987 1410 1036 1430 stto

253 1445 351 1472 iterum
365 1446 468 1473 crimen
484 1447 590 1480 obtulit,
606 1448 677 1475 unde
691 1447 768 1475 Pauli
787 1447 919 1475 abdicatio
935 1452 962 1474 et
985 1447 1037 1477 Eu-

253 1491 320 1519 sebii
336 1492 439 1519 invasio
450 1497 602 1520 consecutae
618 1497 691 1520 sunt.

287 1536 338 1565 IIic
352 1545 417 1565 vero
439 1537 625 1566 Tillemontius
643 1539 678 1566 iis
689 1538 740 1574 (α),
754 1546 822 1574 quos
836 1539 892 1574 ipse
913 1538 964 1566 sibi
985 1546 1034 1566 ne-

251 1582 324 1610 mine
341 1588 453 1610 auctore
465 1583 680 1618 praescripserat,
697 1588 817 1611 arctatus
832 1583 962 1610 limitibus
973 1603 981 1615 ,
1000 1590 1034 1610 ne

251 1627 402 1655 Macedonii
429 1628 629 1656 accusationem
660 1629 732 1656 illam
759 1629 876 1663 priorem
900 1629 949 1656 sub
964 1628 1036 1656 Con-

253 1674 353 1700 stantio
373 1674 447 1709 (nam
471 1674 521 1702 sub
535 1673 714 1702 Constantino
728 1674 822 1707 semel,
837 1675 887 1702 sub
900 1674 1035 1702 Constan-

252 1719 290 1746 tio
308 1719 349 1747 bis
363 1719 389 1746 in
405 1720 508 1746 crimen
530 1724 642 1747 vocatus
657 1720 720 1754 est),
737 1728 795 1755 qua:
817 1727 910 1748 mense
925 1720 1034 1747 circiter

250 1764 372 1799 Angusto
401 1764 462 1790 anni
479 1764 531 1791 558
559 1762 631 1791 facta
647 1764 682 1792 sit
698 1768 815 1800 oportet,
832 1764 1033 1792 reconciliatam

251 1809 377 1842 gratiam,
393 1809 517 1837 inducias
534 1809 595 1836 illas
607 1814 634 1836 et
646 1816 739 1844 pacem
757 1810 895 1845 aliquanto
914 1814 1035 1844 temp0re

250 1859 397 1887 servatam,
418 1854 746 1890 Constantinopolitauam
771 1857 914 1891 synodum,
932 1856 1033 1891 repeti-

251 1904 306 1926 tam
328 1900 528 1927 accusationem
545 1905 572 1927 et
586 1900 782 1928 abdicationem
800 1900 874 1929 Pauli
888 1910 895 1933 ;
911 1902 978 1934 hanc,
992 1901 1033 1928 in-

250 1952 343 1979 quam,
368 1945 459 1971 omnia
481 1950 597 1980 quatuor
620 1946 752 1973 mensium
784 1947 871 1981 spatio
896 1947 1035 1974 includere

250 1995 380 2026 cogatur;
398 1992 515 2026 priorem
531 1991 604 2018 illam
628 1992 677 2019 sub
692 1993 850 2020 Constantio
863 1993 897 2020 ab
916 1993 1034 2020 Athana-

250 2035 292 2063 sio
304 2041 479 2064 mentoratam
508 2037 708 2065 accusationem
724 2038 749 2064 in
762 2045 862 2065 annum
879 2038 932 2066 556
949 2039 1034 2074 conji-

250 2082 298 2114 cit,
316 2089 368 2109 non
382 2082 600 2109 animadvertetis
623 2090 653 2111 se
668 2084 828 2117 Athanasio,
844 2092 924 2119 quem
942 2089 1032 2112 tamen

250 2131 387 2155 auctorem
409 2127 497 2161 aﬂ‘ert,
518 2127 659 2156 manifeste
680 2136 830 2165 repugnare
848 2130 1031 2158 :accusationi

250 2181 367 2207 namque
380 2173 464 2207 priori
478 2173 528 2200 sub
549 2173 720 2207 Constantio,
736 2175 769 2202 de
790 2182 842 2210 qua
864 2175 947 2203 verba
969 2175 1033 2202 facit

1087 939 1243 967 divenderet
1255 947 1290 967 ac
1309 940 1446 975 propriam
1464 941 1491 968 in
1514 949 1570 969 rem
1587 948 1766 972 converteret.
1785 943 1868 971 Obla-

1088 987 1176 1011 torum
1191 984 1261 1019 apud
1272 985 1448 1019 imperatores
1460 986 1603 1013 criminum
1615 988 1738 1014 nuntiqu
1751 987 1868 1015 Alexan-

1086 1029 1173 1057 driam
1197 1030 1304 1058 devenit
1318 1039 1325 1058 :
1339 1032 1437 1067 quibus
1454 1032 1608 1067 conspectis
1622 1032 1765 1067 allatisque
1784 1033 1868 1060 Atha-

1086 1076 1178 1102 nasius
1201 1080 1310 1102 centum
1326 1077 1516 1112 episcoporum
1544 1077 1676 1113 synodum
1699 1078 1797 1112 coegit.
1823 1078 1866 1105 An

1087 1120 1211 1148 ferendus
1234 1121 1325 1156 itaque
1340 1121 1540 1156 Tillemontius,
1557 1123 1604 1158 qui
1628 1123 1654 1150 in
1672 1123 1787 1151 medium
1802 1125 1867 1151 anni

1086 1165 1138 1194 539
1163 1166 1233 1194 hanc
1254 1167 1385 1202 synodum
1398 1168 1565 1196 celebratam
1581 1168 1662 1196 velit?
1676 1169 1741 1196 Nam
1770 1175 1869 1204 praeter

1086 1211 1210 1246 superius
1224 1211 1315 1245 allata,
1325 1213 1424 1247 quibus
1439 1213 1532 1240 obsisti
1548 1213 1651 1247 nequit,
1665 1217 1692 1240 ut
1704 1220 1764 1240 cum
1780 1213 1869 1241 colore

1086 1256 1177 1291 aliquo
1191 1262 1304 1292 possent
1327 1257 1472 1285 Eusebiani
1489 1262 1638 1286 memorata
1661 1258 1772 1286 crimina
1797 1259 1867 1293 obji-

1086 1309 1165 1336 eere;
1179 1310 1274 1338 nempe
1288 1303 1376 1331 caades
1387 1308 1414 1331 et
1426 1304 1521 1331 exsilia
1535 1308 1595 1338 post
1608 1304 1724 1331 reditum
1737 1305 1867 1338 irrogata,

1087 1347 1250 1375 frumentum
1267 1349 1483 1377 distribuendum
1500 1350 1526 1377 in
1545 1350 1679 1384 propriam
1698 1357 1753 1376 rem
1767 1351 1868 1377 distra-

1086 1398 1175 1427 ctum;
1191 1401 1302 1422 necesse
1315 1395 1366 1422 fuit
1381 1395 1559 1423 Athanasium
1577 1395 1715 1431 aliquanto
1728 1395 1784 1430 jam
1799 1400 1867 1423 tem-

1085 1448 1151 1475 pore
1167 1440 1338 1469 Alexandriae
1363 1447 1571 1475 commoratum,
1595 1443 1773 1476 nuntiumque
1793 1450 1868 1469 com-

1086 1486 1271 1514 mentitiorum
1282 1486 1425 1514 criminum
1438 1487 1609 1520 Eusebianis,
1622 1488 1668 1522 qui
1687 1493 1743 1514 tum
1768 1488 1863 1522 procul

1087 1531 1214 1565 agebant,
1231 1532 1342 1559 missum
1370 1532 1453 1560 fuisse
1466 1540 1473 1558 :
1488 1533 1513 1559 in
1537 1533 1639 1568 synodo
1655 1532 1867 1561 Eusebianorum

1085 1584 1144 1610 quas
1167 1577 1337 1605 narravimus
1359 1577 1417 1613 geri
1447 1579 1579 1614 oportuit,
1609 1578 1679 1605 mitti
1705 1578 1813 1606 nuntios
1832 1579 1866 1604 ad

1085 1623 1278 1657 imperatores;
1304 1624 1394 1651 oblata
1422 1624 1494 1659 apud
1516 1628 1572 1651 tres
1596 1624 1732 1660 Augustos
1753 1624 1867 1651 critnina

1084 1668 1253 1696 Alexandria:
1264 1669 1426 1703 renuntiari,
1437 1669 1495 1705 cogi
1509 1669 1641 1705 synodum
1655 1669 1865 1696 Alexandrinam

1084 1719 1191 1742 centum
1219 1714 1418 1750 episcoporum.
1447 1714 1512 1748 Qua!
1534 1722 1599 1742 sane
1621 1715 1750 1742 cordatus
1776 1722 1866 1747 nemo,

1085 1759 1136 1786 nisi
1153 1759 1306 1787 volucribus
1329 1760 1429 1798 nuntiis
1454 1760 1494 1787 usi
1515 1760 1658 1787 Eusebiani
1683 1759 1793 1791 fuerint,
1812 1764 1866 1786 tam

1084 1805 1258 1840 pauculorum
1268 1806 1402 1834 mensium
1416 1807 1505 1840 spatio
1520 1806 1589 1834 facta
1603 1806 1785 1838 concesserit;
1796 1806 1867 1833 Con-

1086 1851 1221 1878 stantintts
1237 1852 1336 1886 quippe
1360 1852 1387 1878 in
1403 1851 1507 1884 Galliis,
1523 1850 1657 1879 Constans
1681 1851 1707 1878 in
1728 1851 1802 1878 Italia
1820 1851 1868 1878 de-

1085 1897 1174 1930 gebat.
1188 1897 1268 1924 Anno
1284 1897 1366 1931 igitur
1387 1897 1439 1924 540
1467 1897 1629 1924 celebratam
1653 1897 1864 1924 Alexandrinam

1086 1941 1217 1976 synodum
1235 1946 1379 1976 putamus:
1395 1942 1465 1977 quod
1481 1942 1564 1977 ipsius
1586 1942 1726 1969 Athanasii
1743 1942 1862 1978 testimo-

1086 1985 1131 2012 nio
1144 1985 1330 2013 conﬁrmatur.
1343 1985 1368 2013 Is
1383 1987 1456 2013 enim
1470 1993 1540 2014 anno
1558 1986 1606 2012 5M
1623 1985 1674 2013 sub
1688 1985 1768 2012 tinem
1784 1985 1867 2020 Apri-

1086 2031 1120 2059 lis
1134 2031 1182 2065 ait,
1194 2032 1292 2059 fratres
1304 2031 1424 2066 ejusdem
1435 2030 1531 2066 synodi
1546 2030 1735 2058 Alexandrinae
1751 2029 1866 2064 legatos,

1086 2078 1126 2104 uti
1144 2082 1246 2105 certum
1276 2082 1328 2110 est,
1356 2076 1449 2104 Romae
1475 2077 1606 2111 synodum
1629 2083 1700 2103 anno
1728 2075 1866 2110 praeterito

1085 2125 1184 2161 πέρυσι
1203 2124 1366 2159 postulasse,
1380 2123 1475 2157 legatis
1497 2123 1604 2151 Eusebii
1629 2130 1690 2149 cum
1704 2121 1866 2149 Athanasia-

1084 2172 1126 2198 nis
1142 2171 1256 2206 idipsum
1271 2170 1424 2205 petentibus
1438 2178 1446 2196 :
1462 2169 1603 2197 commode
1614 2175 1730 2203 namque
1741 2167 1864 2194 eumdem

249 2219 424 2251 Athanasius,
444 2220 502 2254 ipse
520 2227 640 2254 praesens
667 2219 798 2251 interfuit,
821 2220 972 2256 παρόντων,
990 2221 1031 2247 in-
1047 2223 1069 2251 1)
1085 2218 1112 2244 in
1125 2224 1225 2244 annum
1242 2216 1360 2251 synodus
1373 2215 1486 2250 ejusque
1501 2214 1598 2250 legatio
1610 2214 1786 2241 conferantur
1801 2213 1838 2248 (ὁ)
1856 2221 1862 2238 :

249 2266 318 2298 quit,
336 2264 412 2300 ὑμῶν
427 2264 498 2291 κατὰ
512 2265 560 2301 τὴν
577 2266 756 2301 κατηγορίαν.
771 2266 864 2301 Neque
887 2267 973 2301 potuit
987 2266 1032 2294 ille

249 2310 338 2342 alteri.
360 2311 445 2338 Paulo
473 2311 600 2346 episcopo
627 2311 732 2343 oblatae,
749 2311 932 2339 criminationi
961 2320 1031 2339 anno

248 2358 301 2387 556
334 2358 483 2389 interesse,
506 2357 686 2385 Constantino
715 2357 839 2384 videlicet
862 2358 1030 2392 imperante;

249 2404 348 2438 quippe
368 2403 412 2437 qui
431 2410 502 2429 anno
523 2402 585 2436 555,
604 2403 758 2429 Alexandro
786 2402 862 2429 Pauli
890 2403 1032 2431 decessore

248 2449 405 2484 superstite,
427 2449 453 2475 in
468 2448 571 2476 Gallias
584 2448 718 2484 relegatus
734 2448 780 2480 sit,
794 2452 821 2475 et
841 2456 912 2476 anno
927 2453 1031 2476 tantum

249 2495 312 2522 558.
327 2495 377 2522 sub
392 2494 471 2522 ﬁnem
487 2493 559 2521 Junii
578 2494 699 2521 Treviris
714 2495 852 2529 profectus
875 2494 910 2522 ab
922 2495 1031 2523 exsilio-

249 2549 301 2575 que
315 2542 398 2568 redux
414 2540 671 2576 Constantinopolim
688 2542 801 2569 venerit.

284 2587 323 2614 Ex
339 2587 502 2622 supradictis
516 2587 624 2621 planum
637 2591 678 2613 est
695 2595 748 2614 non
766 2594 844 2621 posse
857 2592 930 2614 stare
946 2587 1029 2615 Tille-

248 2631 342 2658 montii
357 2631 501 2664 calculum,
515 2632 560 2666 qui
584 2631 673 2659 medio
690 2639 763 2660 anno
787 2632 838 2660 559
865 2633 1026 2660 celebratam

247 2682 325 2713 putat
335 2677 542 2705 Alexandrinam
558 2678 701 2712 synodum,
714 2685 774 2710 cum
790 2679 907 2705 maxime
920 2678 963 2705 illa
976 2686 1028 2705 non

249 2724 424 2752 intrusionem
452 2723 560 2750 Eusebii
586 2724 677 2756 modo,
694 2723 741 2751 sed
755 2725 837 2751 etiam
854 2725 923 2751 bene
945 2725 1027 2751 multa

249 2769 299 2796 alia
319 2773 510 2796 commemoret
532 2773 592 2804 post
625 2769 699 2797 sedis
726 2769 1028 2805 Coustautinopolitana:

285 2859 323 2895 (tt)
336 2859 402 2887 Vide
417 2858 491 2893 ΤΗΙ..
503 2867 548 2886 aur
562 2859 590 2888 S.
605 2859 672 2887 Paul
687 2860 718 2887 de
732 2858 786 2886 ΕΡ.

1082 2264 1152 2298 quod
1165 2264 1228 2290 item
1245 2271 1278 2289 ex
1293 2262 1507 2297 pracedentibus
1523 2260 1660 2295 propalam
1675 2267 1735 2287 esse
1749 2259 1865 2290 videtur,

1082 2310 1126 2336 vix
1138 2309 1223 2340 enim,
1241 2315 1272 2335 ac
1286 2315 1320 2336 ne
1336 2308 1381 2334 vix
1398 2308 1506 2342 quidem
1520 2314 1579 2341 quae
1592 2314 1607 2333 a
1624 2306 1710 2333 reditu
1725 2304 1864 2332 Athanasii

1082 2359 1157 2388 gesta
1175 2353 1298 2381 feruntur
1310 2361 1380 2381 anno
1402 2353 1505 2388 integro
1519 2352 1641 2380 accidere
1656 2355 1808 2386 potuerunt.
1831 2350 1866 2376 Et

1083 2401 1156 2432 ideo,
1173 2404 1202 2427 ut
1216 2399 1344 2432 diximus,
1359 2399 1547 2427 Tillemontius
1565 2403 1668 2425 tanttttn
1684 2398 1741 2425 haec
1760 2401 1865 2425 arctare

1085 2447 1239 2481 compulsus
1254 2451 1311 2478 est,
1329 2446 1393 2481 quia
1414 2445 1507 2481 synodi
1531 2445 1658 2473 Romamre
1673 2449 1777 2479 tempus
1793 2451 1864 2471 anno

1085 2499 1138 2518 uno
1154 2491 1338 2526 praeverterit:
1348 2492 1418 2526 quod
1435 2499 1495 2518 mox
1508 2498 1587 2525 spero
1596 2490 1862 2518 commonstrabitur.

1084 2537 1123 2564 Ad
1136 2537 1193 2564 haec
1209 2544 1274 2564 vero
1290 2544 1350 2564 cum
1373 2536 1594 2571 pseudosynodus
1609 2536 1654 2562 illa
1670 2535 1863 2562 Constantino-

1082 2585 1210 2621 politana,
1229 2591 1283 2618 qua
1300 2584 1420 2611 intrusus
1436 2584 1462 2610 in
1485 2582 1804 2616 Constatttinopolitanam
1821 2589 1864 2608 sc-

1081 2631 1141 2658 dem
1157 2630 1288 2657 Eusebius
1302 2629 1362 2661 fuit,
1381 2634 1442 2664 post
1463 2629 1607 2656 adventurm
1631 2628 1781 2656 Constantii
1798 2627 1865 2655 Con-

1082 2677 1292 2711 stantinopolim,
1309 2676 1354 2710 qui
1378 2676 1429 2703 sub
1448 2676 1526 2702 tinem
1541 2675 1604 2703 Julii
1621 2675 1683 2701 antti
1698 2675 1750 2702 559
1765 2673 1864 2701 certis-

1082 2724 1149 2750 sime
1161 2722 1270 2751 accidit.
1282 2726 1444 2756 congregata
1468 2721 1560 2754 fuerit,
1580 2725 1641 2756 post
1663 2720 1725 2748 anni
1744 2719 1863 2746 medium

1082 2769 1218 2797 celebrata
1233 2767 1276 2794 illa
1294 2767 1355 2794 fuit.
1366 2767 1432 2795 Cutn
1446 2773 1535 2796 autetn
1550 2767 1666 2802 synodus
1681 2765 1863 2794 Alexandrina

1118 2857 1155 2896 (ὁ)
1166 2858 1277 2893 Athan,
1292 2866 1318 2894 p.
1331 2857 1365 2886 95
1379 2862 1404 2886 et
1419 2857 1476 2886 ΗΞ.
