2016 3046
621 157 664 186 DE
685 157 764 185 VITA
786 157 830 184 ET
851 155 1007 184 SCRIP'HS
1027 156 1056 183 S.
1075 154 1268 182 ATIIANASH.

1662 163 1762 183 CLXXIII

150 223 259 247 centum
276 217 475 253 episcoporum,
492 223 545 244 non
561 216 738 244 intrttsionem
753 216 860 244 Eusebii
877 223 932 243 mo-
944 217 969 247 Α
984 215 1017 241 ad
1031 213 1137 241 latium
1160 213 1309 240 Romanum
1330 211 1501 246 rpiteopum.’
1520 211 1603 239 Porro
1622 211 1762 239 Eusebiani

150 266 195 298 do,
210 264 258 292 sed
271 265 354 291 etiam
372 263 455 290 multa
471 262 523 290 alia
545 262 617 289 illam
642 267 787 290 consecuta
811 269 931 289 comme-

149 317 247 344 moret.
261 318 430 346 nequaquam
443 313 531 346 potest
550 309 594 337 illa
615 314 678 337 ante
690 316 790 336 annum
804 309 856 336 340
869 316 930 336 coa-

149 363 193 385 cta
209 358 301 386 fuisse.

185 402 243 430 Non
259 403 346 437 placet
369 401 570 429 Tilletnontium
588 400 626 436 (α)
647 401 719 436 quod
739 401 865 434 diximus,
882 399 928 427 Pi-

148 452 219 475 stum
233 447 267 474 ab
282 447 440 474 Eusebianis
454 447 479 474 in
492 447 647 481 episcopum
661 449 814 480 cooptatum
827 446 852 472 in
864 453 929 480 syn-

147 495 202 521 odo
227 493 319 520 fuisse.
339 493 395 526 Ego
413 499 476 519 vero
499 492 597 523 fateor,
619 492 692 519 illum
717 491 926 519 Eusebianorum

148 543 320 570 conventum,
337 538 371 565 ab
381 536 596 572 Athanasio,qui
607 537 680 564 solus
691 537 725 564 de
739 536 803 563 Pisti
818 537 927 563 ordina-

149 583 223 610 tione
240 583 370 617 loquitur.
387 582 518 617 synodum
543 590 676 617 nusquam
699 582 801 609 vocari.
826 581 926 609 Verum

147 635 182 655 an
200 632 285 655 coetus
302 627 346 654 ille
360 627 585 659 Eusebianorum,
600 627 625 654 in
635 634 688 661 quo
701 627 796 654 Ariani
810 627 843 653 ad
856 633 927 653 com-

148 672 303 699 tnunionem
325 672 446 705 admissi,
483 671 572 700 Pistus
600 672 726 704 allectus,
760 671 925 699 Athanasius

147 717 315 751 repudiatus,
341 721 395 744 tres
409 717 488 752 legali
508 717 541 744 ad
555 716 654 744 Julium
672 716 746 743 missi
767 720 838 748 sunt,
859 723 924 752 syn-

145 764 212 790 odus
238 763 386 798 nuncupari
409 763 526 796 debeat,
560 762 585 790 id
613 763 782 790 eruditorum
807 762 922 789 examini

145 808 313 842 permittam.
341 808 403 836 Scio
425 812 512 835 tamen
527 808 554 835 in
570 814 643 834 more
655 815 725 839 esse,
741 813 770 834 ut
786 806 845 833 talis
859 813 923 833 con-

145 859 238 879 sessus
250 852 367 887 synodus
381 852 538 887 appelletur.
553 851 609 879 Nec
626 852 684 879 sine
700 859 781 878 causa
799 851 922 886 queritur

144 897 311 926 Athanasius
335 898 451 934 synodos
485 898 631 933 quotannis
653 897 688 924 ab
710 897 823 924 Arianis
850 896 920 924 cele-

145 942 229 969 bra".
362 985 618 1014 ANIHADYERSIO
638 985 707 1014 XIV.

147 1031 282 1059 Probatur
304 1033 440 1067 epistolam
462 1033 615 1067 synodalem
638 1032 793 1064 Romanam,
811 1038 826 1059 α
845 1032 919 1060 Julio

246 1076 314 1101 papa
336 1069 438 1100 datam,
462 1068 586 1101 scriptam
603 1075 657 1094 esse
669 1075 738 1093 anno
753 1067 814 1094 542.

176 1112 231 1140 Etsi
248 1113 420 1147 perspicuum
438 1117 563 1147 putemus
579 1112 742 1139 celebratam
765 1112 837 1139 illam
854 1120 919 1147 syn-

142 1158 233 1190 odum,
242 1163 268 1185 et
281 1159 369 1186 datam
377 1157 440 1185 Julii
450 1157 591 1193 epistolam
608 1158 690 1185 fuisse
699 1165 770 1185 anno
782 1157 844 1190 542,
857 1159 919 1192 quia

144 1207 233 1229 tamen
258 1210 272 1229 a
296 1203 362 1230 viris
388 1204 547 1238 insignibus,
573 1203 698 1236 Baronio,
721 1203 877 1231 Hermantio
893 1209 919 1232 et

142 1246 324 1281 Tillemontio,
341 1256 390 1284 pro
406 1250 519 1276 adversa
545 1249 672 1284 opinione
689 1249 793 1277 naviter
815 1257 919 1286 pugna-

142 1297 200 1321 tum
222 1298 283 1327 est;
309 1303 365 1322 rem
390 1295 478 1330 qualis
501 1296 527 1322 in
550 1296 690 1323 Athanasii
711 1296 820 1331 scriptis
842 1301 870 1323 et
892 1297 918 1323 in

141 1340 205 1368 Julii
228 1348 303 1375 papze
329 1340 443 1375 epistola
467 1341 624 1368 enuntiatur
640 1341 706 1376 ipsis
720 1342 810 1368 verbis
823 1341 918 1369 all'ere-

141 1392 216 1412 mns:
234 1392 296 1412 nam
306 1385 401 1412 horum
415 1385 573 1418 auctoritas,
590 1392 724 1414 annuente
737 1386 916 1419 Tillemontio,

141 1430 262 1458 Socratis
280 1435 309 1458 et
326 1430 483 1464 Sozomeni,
498 1431 544 1466 qni
557 1431 715 1466 plerumque
739 1439 782 1459 res
805 1433 918 1460 miscue-

141 1479 215 1507 runt.
231 1475 387 1504 testimonio
411 1475 488 1511 longe
502 1478 700 1512 anteponenda.
722 1477 846 1512 Synodus
868 1478 918 1504 An-

141 1521 276 1554 tiocltena,
291 1521 451 1549 Constantio
467 1522 588 1556 Augusto
610 1527 754 1557 praesente,
779 1529 850 1549 anno
864 1522 913 1550 5M

141 1566 278 1594 celebrata
295 1571 353 1594 est:
369 1567 413 1594 ubi
427 1567 642 1595 Eusebianorum
670 1575 752 1603 opera
771 1567 916 1603 Gregorius

140 1611 286 1647 Cappadox
306 1611 498 1639 Alexandriam
519 1612 662 1648 episcopus
683 1614 781 1641 missus
800 1619 851 1647 est,
872 1614 916 1648 qui

139 1658 316 1685 Athanasium
331 1658 499 1686 deturbaret.
512 1657 653 1686 Praemisso
667 1664 755 1686 autem
769 1659 915 1695 Philagrio,

139 1707 170 1729 ιιι
197 1703 324 1730 allectum
344 1703 504 1738 Gregorium
520 1704 667 1737 nttntiaret,
691 1704 748 1739 ipse
769 1704 917 1740 Gregorius

139 1750 233 1783 paucis
248 1754 307 1784 post
320 1749 446 1785 Philagrii
470 1751 615 1778 adventum
642 1751 736 1778 diebus
758 1751 918 1779 Alexandri-

139 1804 201 1822 nam
218 1796 318 1823 invasit
337 1798 438 1823 sedem.
464 1797 632 1824 Athanasins
649 1805 713 1824 vero
733 1803 793 1832 post
815 1799 918 1834 ingres-

139 1849 198 1868 sum
211 1841 347 1877 Gregorii,
370 1850 431 1870 cum
457 1843 608 1877 proximum
624 1844 773 1878 periculum
787 1850 870 1878 esset,
887 1849 916 1871 ut

138 1888 317 1915 sr-rntantium
338 1888 460 1916 eluderet
477 1896 572 1917 manus
582 1889 760 1917 Pascltalibus
775 1890 840 1925 ipsis
861 1890 918 1918 die-

140 1934 190 1960 hus
207 1940 236 1961 se
255 1933 394 1967 subduxit,
412 1938 440 1962 et
464 1934 577 1962 Romam
594 1935 744 1970 navigavit.
768 1936 915 1970 Hactenus,

138 1979 291 2014 refragante
315 1980 432 2014 nemine,
455 1981 494 2008 sic
525 1988 555 2008 se
580 1988 623 2008 res
659 1981 821 2009 habuerunt.
849 1981 917 2015 Quid

137 2032 202 2052 vero
215 2026 248 2053 de
263 2034 352 2054 rerum
380 2031 443 2061 post
457 2031 593 2061 gestarant
615 2027 685 2054 serie
708 2028 870 2055 Athanasius
890 2032 917 2055 et

137 2069 223 2098 Julius
237 2077 359 2104 narrent,
370 2072 425 2107 jam
439 2073 591 2107 expendere
605 2073 683 2101 libet.
697 2072 760 2101 Post
770 2074 916 2100 adventum

136 2115 279 2144 Athanasii
302 2116 416 2144 Romam
440 2116 527 2145 Julius
544 2125 612 2152 papa
636 2117 740 2152 legatos
756 2119 829 2146 misit
844 2112 917 2153 Elpi-

137 2160 212 2187 dium
226 2165 254 2188 et
269 2161 447 2189 Philoxenum
462 2161 634 2189 Antiochiam
650 2164 683 2189 ad
697 2163 874 2197 Eusebianos,
887 2169 918 2192 ut

981 268 1082 294 quoque
1093 259 1128 286 ad
1144 258 1246 285 Iulium
1264 257 1390 291 scripsere
1402 264 1412 282 :
1432 265 1463 283 ac
1491 261 1622 290 sperantes
1641 265 1668 284 se
1689 257 1761 283 nobis

981 310 1106 331 terrorem
1130 304 1294 332 ineussuros,
1312 301 1439 336 rogabant
1462 306 1490 328 ut
1508 301 1622 336 synodus
1642 309 1761 329 convom-

980 354 1063 381 retur,
1082 354 1106 376 et
1122 349 1177 382 ipse
1195 347 1285 374 Julius
1302 347 1324 373 si
1339 346 1425 378 uellet,
1442 345 1527 379 judea;
1541 350 1617 372 esset.
1632 344 1697 371 Cum
1711 345 1761 379 igi-

980 400 1023 422 tur
1043 394 1155 421 Romam
1175 393 1377 424 advenissemus,
1397 390 1498 423 Julius,
1512 396 1540 417 ut
1557 395 1759 417 consentaneum

978 445 1053 471 erat,
1074 439 1175 466 litteras
1186 437 1292 473 scripsit
1307 437 1341 464 ad
1357 437 1530 468 Eusebianos,
1552 436 1673 470 misitque
1693 438 1758 462 duos

977 493 991 511 e
1005 483 1161 518 presbyteris
1176 483 1231 509 suis
1245 481 1378 512 Elpidium
1397 486 1420 508 et
1438 481 1623 507 Philoxenum.
1639 480 1685 507 Illi
1699 489 1757 507 vero

977 534 1004 556 ut
1024 528 1056 555 de
1082 527 1194 554 adventu
1220 532 1309 554 nostra
1332 527 1486 558 audierunt,
1503 526 1756 560 consternati,quod

976 573 1127 600 nullatenus
1151 577 1328 605 exspectarent
1343 580 1388 598 nos
1402 572 1466 598 illuc
1482 576 1615 604 venturos,
1632 572 1757 598 accedere

975 623 1125 650 renuerunt,
1141 618 1270 644 absurdas
1286 625 1379 644 causas
1397 617 1542 644 commenti.
1556 617 1605 644 Hic
1630 617 1702 644 vides
1716 617 1755 644 Ie-

974 669 1053 700 gatos
1072 664 1203 698 Elpidium
1215 669 1242 691 et
1253 663 1428 690 Philoxenum
1443 667 1501 697 post
1512 663 1653 690 adventum
1668 663 1754 690 Atha-

973 709 1042 738 nasii
1060 711 1171 737 Romam
1185 717 1199 736 a
1215 709 1286 736 Julio
1304 716 1371 743 papa
1390 709 1496 736 missos.
1511 708 1546 735 Ut
1561 713 1650 736 autem
1666 708 1753 743 palam

973 756 1008 783 sit
1033 763 1093 783 cum
1116 756 1258 783 adventum
1288 755 1362 782 illum
1384 754 1524 781 Athanasii
1550 754 1675 787 Romam,
1698 758 1753 780 tutn

973 802 1146 837 legationem,
1171 806 1232 836 post
1254 801 1376 836 Gregorii
1398 801 1574 834 invasionem,
1598 807 1659 834 quas
1683 807 1753 827 anno

972 849 1022 876 541
1044 849 1070 876 in
1087 848 1219 876 Paschate
1235 847 1304 874 facta
1320 852 1370 880 est,
1390 847 1547 882 contigisse,
1565 846 1651 873 locum
1666 846 1753 873 Atha~

974 895 1041 921 nasii
1057 901 1089 921 ex
1104 894 1216 921 hist0ria
1235 893 1267 920 ad
1292 893 1437 920 monachos
1466 891 1662 926 longiusculum
1687 891 1752 918 licet

971 940 1118 968 aﬂerimus.
1133 940 1236 974 Γράφει
1251 939 1351 969 τοίνυν,
1364 938 1424 965 τότε
1433 938 1634 969 Κωνστάντιος,
1649 937 1752 968 πάντας

970 986 998 1014 δὲ
1012 986 1114 1018 διώκει,
1126 986 1173 1013 καὶ
1187 986 1289 1021 πέμπει
1302 985 1445 1021 Φιλάγριον
1459 985 1588 1020 ἔπαρχον,
1601 984 1752 1019 καὶἊρσά-

970 1031 1028 1058 κιόν
1048 1039 1108 1057 τινα
1126 1030 1252 1065 εὐνοῦχον
1262 1039 1268 1045 ·
1284 1030 1386 1065 πέμπει
1406 1029 1434 1055 δὲ
1461 1029 1507 1055 καὶ
1521 1028 1668 1064 Γρηγόριον
1683 1027 1750 1063 μετὰ

970 1077 1166 1113 στρατιωτικῆς
1179 1075 1313 1108 ἔξουσίας,
1326 1076 1372 1102 καὶ
1387 1074 1499 1101 τοιαῦτα
1516 1075 1625 1109 γέγονεν
1644 1071 1687 1100 οἷα
1704 1074 1751 1100 καὶ

970 1123 1117 1158 πρότερον,
1136 1120 1339 1155 Ξυναγαγόντες
1360 1121 1414 1156 γὰρ
1433 1120 1533 1156 πλῆθος
1555 1120 1687 1155 βουκόλων
1705 1119 1751 1146 καὶ

969 1168 1104 1203 ποιμένων
1126 1167 1172 1193 καὶ
1191 1167 1278 1194 ἄλλων
1294 1175 1323 1193 τε
1345 1166 1481 1202 ἀγοραίων
1494 1166 1539 1192 καὶ
1551 1165 1672 1198 ἀσελγῶν
1685 1174 1751 1191 νεω-

967 1214 1054 1249 τέρων
1072 1213 1139 1248 μετὰ
1155 1212 1238 1248 ξιφῶν
1254 1212 1300 1239 καὶ
1317 1212 1451 1247 ῥοπάλων,
1467 1211 1582 1247 ἐπῆλθον
1597 1211 1701 1246 ἀθρόως
1717 1212 1749 1246 τῇ

968 1259 1099 1294 ἐκκλησίᾳ
1124 1260 1156 1294 τῇ
1176 1257 1329 1293 καλουμένῃ
1355 1258 1495 1293 Κυρίνου·
1530 1257 1577 1283 καὶ
1607 1257 1671 1287 τοὺς
1701 1256 1750 1290 μὲν

968 1305 1141 1336 ἀπέκτειναν,
1155 1304 1219 1335 τοὺς
1228 1304 1256 1330 δὲ
1270 1303 1472 1338 κατεπάτησαν,
1482 1303 1576 1333 ἄλλους
1589 1310 1618 1328 τε
1634 1302 1750 1336 πληγαῖς

968 1351 1171 1385 κατακόψαντες
1197 1350 1236 1381 είς
1255 1349 1438 1385 δεσμωτήριον
1464 1348 1598 1379 ἐνέὄαλον,
1618 1348 1666 1374 καὶ
1685 1346 1750 1380 ἐξώ-

969 1397 1058 1434 ριζον.
1078 1397 1180 1429 Πολλάς
1191 1406 1220 1423 τε
1234 1397 1366 1431 γυναῖκας
1379 1395 1588 1431 κατασύροντες,
1605 1391 1694 1420 εἷλκον
1710 1395 1750 1425 εἰς

966 1445 997 1471 τὸ
1021 1445 1194 1479 δικαστήριον
1213 1443 1341 1479 δημοσίᾳ,
1365 1443 1412 1469 καὶ
1433 1442 1487 1469 τῶν
1512 1442 1613 1478 τριχῶν
1627 1441 1750 1473 ἕλκοντες

968 1488 1076 1526 ὕϐριζον
1086 1497 1092 1503 ·
1113 1489 1209 1520 ἄλλους
1221 1489 1362 1524 ὲδήμευον,
1375 1488 1461 1514 ἄλλων
1474 1488 1572 1524 ἄρτους
1585 1487 1748 1524 ἀφῃροῦντο,

966 1535 998 1561 δι’
1009 1534 1084 1561 οὐδὲν
1098 1534 1190 1569 ἓτερον
1204 1534 1220 1569 ἢ
1232 1534 1274 1560 ἵνα
1286 1534 1497 1569 τοῖςἈρειανοῖς
1511 1533 1689 1569 προσθῶνται,
1703 1532 1750 1559 καὶ

967 1580 1115 1616 Γρηγόριον
1129 1579 1257 1613 δέξωνται
1272 1579 1318 1606 τὸν
1333 1579 1386 1606 ἀπὸ
1403 1579 1533 1615 βασιλέως
1553 1579 1748 1606 ἀποσταλέντα.

974 1624 1131 1656 Ἀθανάσιος
1146 1625 1194 1659 μὲν
1211 1622 1256 1651 οὖν
1270 1625 1334 1660 πρὶν
1348 1624 1473 1659 γενέσθαι
1489 1624 1583 1655 ταῦτα,
1600 1624 1647 1650 καὶ
1671 1623 1750 1658 μόνον

967 1669 1096 1701 ἀκούσας,
1111 1669 1240 1696 ἔπλευσεν
1258 1671 1297 1701 εἰς
1310 1669 1358 1705 τὴν
1372 1669 1490 1704 Ῥώμην,
1506 1669 1582 1700 εἰδώς
1592 1678 1622 1696 τε
1638 1669 1683 1695 τὸν
1703 1669 1749 1695 θυ-

969 1716 1018 1751 μὸν
1033 1715 1088 1742 τῶν
1108 1715 1264 1751 αἰρετικῶν,
1288 1716 1334 1742 καὶ
1351 1715 1405 1748 ἵνα,
1427 1715 1464 1747 ὡς
1485 1716 1591 1750 ἤρεσεν,
1610 1715 1626 1750 ἡ
1642 1714 1750 1746 σύνοδος

967 1761 1078 1796 γένηται
1089 1769 1096 1776 ’
1114 1761 1128 1787 ὁ
1139 1761 1166 1786 δὲ
1185 1760 1294 1792 Ἰούλιος
1309 1761 1420 1796 γράφει,
1443 1761 1490 1787 καὶ
1506 1760 1610 1795 πέμπει
1634 1759 1750 1795 πρεσϐυ-

967 1806 1062 1841 τέρους
1080 1805 1214 1832 Ἐλπίδιον
1228 1806 1275 1832 καὶ
1287 1805 1436 1838 Φιλόξενον,
1453 1806 1547 1841 ὁρίσας
1568 1806 1614 1832 καὶ
1633 1805 1749 1841 προθεσ-

969 1853 1044 1888 μίαν,
1060 1852 1103 1878 ἵνα
1122 1851 1234 1879 ἔλθωσιν
1252 1860 1258 1866 ·
1283 1851 1308 1878 id
1329 1856 1369 1878 est
1385 1860 1392 1878 :
1410 1851 1522 1878 Litteras
1546 1852 1634 1886 itaque
1658 1851 1748 1878 scribit

967 1897 1147 1928 Constantius,
1163 1905 1193 1923 ac
1208 1897 1236 1924 in
1250 1905 1338 1924 omnes
1353 1902 1435 1923 movet
1447 1897 1662 1930 persecutionem,
1682 1896 1749 1922 ΙἸιί-

967 1944 1132 1979 lagriumque
1147 1943 1225 1970 mittit
1239 1948 1262 1969 et
1274 1943 1410 1970 Arsacium
1433 1943 1571 1977 quemdam
1592 1943 1748 1970 eunuchum.

967 1989 1052 2016 Mittit
1071 1990 1132 2016 item
1148 1988 1304 2024 Gregorium
1319 1996 1377 2015 cum
1399 1987 1511 2014 militari
1524 1995 1603 2014 manu
1622 1995 1631 2015 :
1661 1996 1751 2023 resque

967 2034 1146 2067 superioribus
1167 2033 1264 2060 similes
1287 2038 1366 2067 gesta:
1391 2037 1462 2061 sunt.
1485 2032 1581 2059 Coacta
1601 2032 1693 2067 quippe
1710 2032 1750 2058 illi

969 2079 1150 2111 bubulcorum,
1174 2078 1314 2111 upilionum
1328 2097 1336 2109 ,
1353 2077 1466 2104 aliorum
1483 2076 1625 2111 [orensium
1651 2085 1682 2103 ac
1705 2085 1749 2111 pe-

970 2125 1111 2152 tulantiam
1119 2125 1245 2159 juvenum
1258 2124 1437 2156 multitudine,
1454 2131 1512 2150 cum
1526 2123 1621 2158 gladiis
1635 2127 1659 2149 et
1669 2123 1749 2150 clavis

967 2172 995 2197 in
1017 2171 1153 2198 ecclesiam
1181 2169 1272 2205 Cyrini
1297 2170 1393 2196 dictam
1413 2170 1555 2203 irrupere:
1581 2169 1665 2202 ibique
1683 2168 1749 2194 otios

136 2205 302 2233 Athanasius
323 2211 384 2241 post
404 2206 513 2234 allatam
533 2207 723 2235 Alexandrinae
744 2209 840 2244 synodi
863 2210 917 2245 epi-

970 2216 1132 2248 occiderunt,
1151 2215 1218 2242 alios
1235 2215 1434 2246 conculcarunt,
1449 2214 1515 2241 alios
1533 2214 1619 2248 plagis
1634 2213 1749 2240 laniato:

136 2251 234 2278 stolam
250 2257 356 2278 enarrat
366 2251 409 2278 his
424 2252 513 2279 verbis
524 2252 560 2287 (ιι)
573 2261 579 2279 :
591 2252 683 2279 Ταῦτα
694 2254 742 2288 μὲν
761 2255 786 2280 ot
798 2255 852 2282 ἀπὸ
865 2255 914 2290 τῆς

135 2297 275 2331 Αἰγύπτου
293 2298 362 2334 πρὸς
381 2298 490 2326 Ἰούλιον
509 2299 554 2325 τὸν
567 2300 715 2326 ἐπίσκοπον
729 2301 778 2335 τῆς
796 2301 914 2337 Ῥώμης.

134 2343 192 2369 Καὶ
203 2343 228 2369 οἱ
244 2343 307 2377 περὶ
318 2342 446 2369 Εὑσέΰιον
464 2343 493 2369 δὲ
508 2344 576 2379 πρὸς
599 2344 708 2371 Ἰούλιον
721 2345 852 2381 ἔγραψαν,
869 2348 915 2374 καὶ

134 2387 290 2423 νομίζοντες
308 2389 381 2423 ἡμᾶς
399 2389 525 2423 ὲκφοὸεἰν
542 2389 660 2424 ἠξίωσαν
674 2391 781 2417 σύνοδον
794 2392 915 2427 καλέσαι,

134 2433 182 2460 καὶ
206 2432 287 2460 αὐτὸν
319 2433 437 2465 Ἰούλιον,
460 2435 484 2460 εί
506 2433 634 2468 βούλοιτο,
661 2436 756 2471 κριτὴν
782 2437 915 2470 γενέσθαι.

140 2477 233 2513 ’Πμῶν
253 2479 342 2504 τοίνυν
359 2478 522 2506 ἀνελθόντων
539 2479 578 2511 είς
593 2480 642 2515 τὴν
665 2480 783 2517 Ῥώμην,
799 2481 916 2517 ἔγραψεν

134 2523 248 2554 εἰκότως
274 2524 383 2556 Ἰούλιος
402 2525 448 2551 καὶ
464 2525 510 2551 ἐπὶ
532 2526 594 2557 τοὺς
615 2526 679 2560 περὶ
695 2527 832 2560 Εὑσέϐιον,
846 2529 916 2554 ἀπο-

134 2567 243 2599 στείλας
263 2568 310 2595 καὶ
325 2568 371 2595 δύο
391 2569 589 2606 πρεσϐυτέρους
608 2569 704 2596 ἑαυτοῦ
719 2571 851 2598 Ἑλπίδιον
870 2573 917 2600 καὶ

133 2613 282 2650 Φιλόξενον.
298 2614 412 2641 Ἐκεῖνοι
420 2614 448 2641 δὲ
458 2615 622 2648 ἀκούσαντες
634 2617 697 2651 περὶ
715 2617 803 2653 ἡμῶν,
813 2619 913 2655 ἐταρά-

134 2658 248 2695 χθησαν,
267 2660 298 2686 οὐ
323 2659 556 2695 προσδοκήσαντες
579 2662 652 2697 ἡμᾶς
676 2663 851 2699 ἀνέρχεσθαι’
869 2666 915 2692 καὶ

131 2705 337 2741 παρῃτήσαντο,
361 2707 511 2742 προφάσεις
534 2707 681 2740 ἀπιθάνους
710 2711 884 2746 πορισάμενοι
905 2721 911 2727 ·

131 2750 160 2779 id
171 2754 212 2777 est
223 2759 229 2776 :
241 2749 305 2777 Hice
321 2752 425 2787 quidem
445 2753 563 2788 {Egyptii
577 2755 611 2781 ad
635 2763 721 2782 omnes
743 2758 873 2792 episcopos
890 2762 913 2785 et

168 2848 207 2885 (a)
222 2848 288 2877 Note
299 2849 343 2877 δε.

965 2262 993 2289 in
1016 2270 1145 2288 carcerem
1170 2266 1313 2294 trusernnt,
1334 2261 1362 2288 in
1381 2260 1554 2293 exsiliantque
1578 2258 1748 2293 pepulerunt;

966 2307 1089 2334 mulieres
1103 2307 1231 2340 plurimas
1246 2307 1372 2333 abductas
1392 2306 1427 2332 ad
1447 2304 1562 2332 tribunal
1584 2304 1669 2338 palam
1694 2312 1750 2336 per-

969 2357 1120 2385 traxerunt,
1133 2352 1297 2386 crinibusque
1308 2357 1427 2386 raptatus
1441 2350 1605 2377 contumeliis
1616 2350 1724 2384 affecere
1737 2357 1747 2382 ,-

967 2397 1034 2424 alios
1057 2397 1242 2431 proscripsere,
1265 2396 1378 2423 aliorum
1394 2405 1473 2431 partes
1495 2395 1624 2422 abstulere
1638 2403 1648 2422 :
1671 2396 1748 2429 idque

968 2442 1041 2468 nulla
1057 2442 1110 2468 alia
1129 2442 1161 2468 de
1175 2450 1267 2474 causa,
1280 2449 1359 2476 quam
1372 2446 1398 2468 ut
1413 2449 1456 2468 eos
1473 2441 1580 2467 Arionis
1601 2441 1745 2474 adhwrere,

968 2486 1173 2521 Cregoriumque
1187 2487 1219 2513 ab
1233 2487 1390 2519 imperatore
1413 2486 1522 2512 missum
1541 2485 1653 2519 recipere
1674 2493 1747 2520 coge-

967 2536 1035 2558 rent.
1065 2532 1227 2559 Athanasius
1253 2540 1313 2558 tvero
1332 2537 1472 2567 antequam
1496 2532 1551 2557 lucc
1566 2531 1636 2564 facta
1650 2535 1745 2563 essent,

967 2578 1001 2603 ad
1014 2578 1127 2612 primum
1141 2579 1179 2604 rei
1194 2578 1316 2604 auditum
1333 2578 1442 2605 Romam
1458 2578 1599 2612 itavigauit,
1612 2578 1680 2612 quod
1693 2578 1747 2604 lito-

967 2624 1107 2649 reticorum
1133 2623 1249 2656 furorem
1266 2628 1426 2658 perspectum
1448 2623 1551 2649 haberet
1570 2629 1579 2653 ,‘
1598 2627 1625 2649 at
1649 2623 1741 2654 etiam,

967 2672 1044 2702 prout
1056 2667 1182 2701 placitum
1193 2673 1259 2702 erat,
1271 2668 1387 2703 synodus
1402 2668 1437 2694 ibi
1449 2667 1639 2694 celebraretur:
1653 2667 1743 2694 Julius

967 2717 1053 2739 autem
1069 2713 1235 2747 presbyteros
1261 2712 1395 2746 Elpidium
1422 2717 1445 2738 et
1462 2711 1633 2738 Philozenum
1655 2712 1744 2743 mittit,

968 2762 1118 2793 tempusque
1133 2757 1187 2785 illis
1206 2757 1388 2794 (Eusebianis)
1402 2757 1553 2792 prwstituit,
1569 2762 1597 2785 ut
1621 2759 1691 2785 intra
1712 2757 1745 2788 ἰ(-

998 2857 1034 2894 ςι)
1050 2857 1077 2884 r.
1094 2857 1157 2902 tto.
