2016 3046
282 167 382 190 εωιιν

1010 157 1276 186 PROLEGOMENA.

284 219 332 246 tua
355 217 463 245 Romam
492 225 520 244 se
542 216 701 250 conferrent.
726 215 768 242 Ex
793 214 838 243 his
859 214 987 242 omnibus
1011 213 1110 247 luceA
1125 215 1161 243 sit
1175 214 1264 242 virum
1281 213 1348 241 alias
1359 217 1515 242 accuratum
1530 217 1558 241 et
1581 214 1688 242 doctum
1702 214 1758 242 haec
1772 214 1814 242 vel
1827 216 1897 250 cogi-

285 264 387 291 clarins
409 268 460 294 est,
486 261 628 289 Athanasii
658 261 772 288 Romam
801 261 1011 296 profectionem,
1039 269 1071 289 ac

286 308 383 343 Elpidii
406 313 433 335 et
452 307 592 335 Philoxeni
617 307 794 342 legationem,
816 311 880 342 post
901 308 1071 335 invasionem

286 354 420 387 Gregorii,
435 361 494 387 qum
510 353 657 381 fatentibus
672 353 796 380 omnibus
817 353 843 380 in
862 353 995 381 Paschate
1008 355 1072 381 anni

284 402 333 429 5H
355 401 480 435 contigit,
501 401 600 427 factam
619 401 714 430 fuisse.
729 401 784 429 Nec
809 401 958 436 quispiam.
981 409 1071 436 spero,

286 448 403 481 negabit,
421 447 472 474 nisi
489 452 583 481 sponte
598 448 724 475 caecutire
744 448 819 474 velit.
845 447 905 475 Iam
928 448 959 475 ad
976 452 1072 475 czetera

286 500 443 528 pergamus.
462 493 607 520 Ensebiani
628 494 762 528 Elpidium
786 498 811 521 et
834 494 1010 521 Philoxennm
1036 493 1074 521 le-

285 545 363 574 gatos
390 546 475 574 usque
499 539 531 565 ad
554 538 712 566 Ianuarium
736 547 869 572 mensem,
892 547 987 575 nempe
1009 539 1071 567 anni

285 585 340 613 542
353 585 485 618 detinent,
502 589 570 611 etut
589 585 670 612 habet
687 586 864 618 Athanasius,
890 587 959 614 ultra
983 587 1074 614 condi-

286 637 358 658 ctum
372 639 386 657 a
402 630 473 658 Iulio
491 631 524 657 ad
548 631 735 658 celebrandam
758 633 887 667 synodum
905 638 1020 666 tempus,
1036 632 1073 665 ὡς

285 677 349 708 τοὺς
362 677 410 712 μὲν
426 677 629 713 πρεσϐυτέρους
640 679 786 713 κατασχεῖν
802 678 849 704 καὶ
865 678 932 712 μετὰ
946 679 995 714 τὴν
1009 688 1075 714 προ-

286 724 411 761 θεσμίαν.
429 725 515 752 Julius
529 728 617 751 atttem
634 725 690 752 haec
706 725 801 752 habet:
815 726 846 752 Οἱ
860 726 946 752 ἐλθεῖν
962 726 999 762 μὴ
1012 725 1076 764 βου-

286 770 395 805 λόμενοι
409 770 593 804 κατεσχήκασι
611 769 658 796 καὶ
672 770 735 802 τοὺς
749 771 948 807 πρεσϐυτέρους
970 771 1022 804 ἓως
1032 773 1077 799 αὺ-

287 816 335 842 τοῦ
347 816 394 842 τοῦ
416 817 581 852 Ἰανουαρίου
600 816 695 851 μηνός,
713 816 739 842 id
755 821 815 843 est:
835 816 882 843 Illi
894 817 987 851 quibus
1003 825 1077 844 acce-

288 861 348 888 dere
361 870 414 888 non
426 862 537 895 placuit,
552 863 717 896 presbyteros
735 870 840 897 quoque
853 871 934 898 usque
951 863 985 889 ad
1001 871 1075 890 men-

287 915 342 934 um
354 907 514 934 Ianuarium
530 908 713 934 detinuertmt.
730 907 774 940 Ex,
786 908 828 935 his
843 915 924 943 porro
934 908 1076 936 Athanasii

289 958 318 981 et
339 953 404 981 Jnlii
426 954 505 981 dictis
526 953 605 980 facile
630 953 764 980 calculum
791 962 886 989 ponas.
911 954 1079 983 Athanasius

289 998 454 1026 Alexandria
469 999 582 1026 Romam
607 999 792 1034 proﬁciscitur
813 1000 934 1035 paschali
956 1006 1079 1036 tempore

290 1045 353 1071 anni
369 1044 432 1076 5M,
448 1049 478 1071 ut
500 1045 718 1072 adversariorum
744 1045 864 1073 furorem
890 1047 1016 1081 prudenti
1031 1048 1079 1073 ab-

290 1090 378 1117 sentia
390 1089 506 1118 falleret.
526 1090 588 1118 Post
599 1090 660 1130 (ejus
675 1091 787 1118 Romam
806 1093 952 1120 adventum
974 1092 1078 1128 legatos

290 1134 378 1163 Julius
396 1136 568 1163 Antiochiam
586 1137 669 1165 mittit
692 1137 828 1172 Elpidium
841 1143 869 1166 et
881 1138 1078 1166 Pbiloxenum:

291 1180 318 1208 id
338 1189 389 1208 una
406 1182 477 1209 serie
493 1182 535 1209 bis
556 1183 718 1210 testiﬁcatur
731 1183 897 1212 Athanasius
918 1195 925 1213 :
947 1185 980 1212 ad
995 1193 1080 1221 usque

290 1224 450 1254 Ianuarium
473 1228 627 1262 proximum
655 1229 738 1263 (haud
757 1231 839 1258 dubie
866 1233 929 1258 anni
950 1231 1012 1267 552)
1041 1233 1079 1260 le-

290 1273 344 1308 gati
371 1274 522 1302 Antiochia:
546 1275 714 1303 detinentur.
737 1275 763 1302 Id
791 1275 878 1304 Julius
897 1282 1000 1306 narrat.
1026 1278 1080 1305 Re-

291 1319 361 1346 versi
381 1320 495 1347 Romam
514 1321 607 1356 legati,
628 1321 844 1350 Eusebianorum
873 1323 979 1350 litteras
1005 1323 1078 1352 Iulio

290 1364 417 1397 offerunt,
433 1373 502 1400 quas
517 1366 617 1399 Iulius,
638 1372 668 1395 ut
684 1368 847 1396 testiﬁcatur
863 1368 933 1404 ipse,
954 1369 1078 1404 aliquan-

293 1414 348 1438 tum
370 1412 499 1447 temporis
526 1420 608 1446 penes
625 1421 654 1440 se
672 1415 802 1446 servavit,
823 1422 874 1442 nec
900 1416 1005 1450 synodo
1021 1423 1081 1450 pro-

291 1457 362 1490 tulit,
386 1465 499 1492 sperans
519 1459 622 1493 aliquot
650 1467 743 1487 eorum
768 1466 871 1488 mutata
893 1462 1024 1488 sententia
1046 1462 1080 1489 ad

291 1498 446 1530 condictum
461 1509 604 1532 venturos.
618 1504 673 1540 Spe
688 1506 735 1532 tali
752 1506 892 1540 depulsus.
910 1506 1016 1534 litteras
1032 1508 1079 1534 de-

292 1556 365 1576 mum
382 1549 477 1576 recitat
489 1557 496 1582 ;
510 1550 687 1584 Athanasius,
702 1550 846 1578 Marcellus
857 1557 883 1579 et
895 1551 1022 1587 Asclepas
1040 1552 1078 1580 rei

292 1594 357 1628 acti,
373 1596 504 1624 discussis
519 1600 546 1623 et
562 1597 710 1624 confutatis
723 1598 895 1630 criminibus,
911 1598 944 1626 ad
961 1607 1080 1626 commu-

291 1641 400 1669 nionem
433 1643 640 1670 admittuntur:
672 1643 789 1679 denique
817 1650 952 1672 annuente
974 1646 1079 1681 synodo

292 1687 434 1721 epistolam
457 1687 545 1715 Julius
566 1687 661 1720 mittit,
690 1696 743 1723 qua
774 1689 841 1716 dicit
863 1690 1042 1717 Athanasium
1064 1697 1079 1718 a

292 1733 433 1760 mensibus
446 1733 595 1760 octodecim
616 1733 784 1762 Eusebianos
797 1735 890 1762 Romae
909 1741 1078 1771 exspectare.

293 1777 356 1806 Hmc
385 1784 482 1813 sponte
510 1779 613 1813 ﬂuunt,
632 1785 659 1807 et
684 1784 837 1816 temporum
862 1787 933 1809 nota
959 1783 1081 1817 apprime

292 1825 447 1859 quadrant:
463 1831 524 1851 nam
539 1825 561 1852 si
577 1825 680 1860 legatos
696 1831 757 1860 post
780 1827 869 1862 fugam
890 1827 1041 1860 Athanasii,
1054 1832 1081 1855 et

293 1869 354 1903 ejus
369 1869 482 1896 Romam
495 1870 650 1902 adventum,
666 1871 804 1904 profectos
818 1876 946 1905 statuas;
961 1873 984 1900 si
997 1881 1081 1908 usque

294 1914 328 1941 ad
355 1913 515 1942 Ianuarium
540 1924 661 1944 mensem
685 1916 838 1945 Antiochia:
852 1919 985 1951 detentus,
1001 1924 1082 1954 atque

294 1959 345 1986 sub
360 1959 418 1987 hrec
435 1961 597 1996 remigrasse
611 1962 701 1996 dicas;
718 1963 739 1990 si
755 1963 830 1995 Iulii.
847 1965 1080 1999 acceptislitteris,

296 2005 510 2038 cunctationem,
531 2006 647 2041 indeque
663 2008 756 2043 synodi
777 2008 999 2042 celebrationem,
1020 2018 1083 2044 pur-

296 2050 431 2085 gationem
445 2052 595 2085 Athanasii,
612 2052 739 2086 Marcelli,
756 2058 780 2081 et
791 2054 919 2089 Asclepzc,
930 2063 1082 2090 congruen-

297 2096 368 2124 tibus
395 2098 492 2131 spitiis
518 2099 631 2126 metiare
644 2119 651 2132 ,
672 2101 822 2127 octodecim
842 2109 948 2130 menses
976 2102 1003 2129 in
1024 2103 1081 2138 epi-

295 2143 365 2170 stola
381 2143 446 2171 Julii
463 2150 640 2177 memoratos,
660 2153 728 2180 quos
742 2147 909 2175 Athanasius
923 2147 1015 2175 Romae
1033 2157 1082 2177 ex-

297 2192 388 2228 egisse
409 2192 520 2224 dicitur,
539 2192 613 2220 nullo
632 2193 741 2227 negotio
760 2200 903 2220 enumeres
922 2201 929 2226 ;
955 2193 1082 2221 nimirum

295 2243 360 2266 octo
384 2245 536 2273 postremos
561 2239 625 2266 anni
647 2239 710 2273 ΒΗ,
735 2246 767 2266 ac
781 2238 872 2266 decem
900 2239 1006 2274 priores
1020 2241 1084 2268 anni

296 2286 361 2318 542,
385 2287 421 2314 ita
442 2292 471 2314 ut
492 2293 585 2314 mense
605 2286 716 2314 Octobri
737 2285 779 2313 vel
803 2284 947 2313 Novembri
971 2286 1083 2321 epistola

295 2331 361 2361 Julii
378 2333 440 2360 data
454 2333 545 2361 fuerit.

331 2379 390 2407 Iam
408 2387 471 2406 vero
487 2384 571 2408 restat
594 2385 623 2407 ut
653 2378 793 2406 videamus
812 2386 864 2412 qua
884 2383 953 2411 arte,
972 2378 1083 2413 quibus-

297 2434 350 2461 que
367 2427 500 2454 machinis
517 2427 709 2454 Tillemontius
737 2426 837 2453 Iulium
853 2431 880 2453 et
904 2425 1081 2453 Athanasium

297 2473 331 2500 ad
360 2473 523 2500 sententiam
547 2480 623 2500 suam
651 2473 811 2506 detorqueat
834 2471 891 2506 (a):
919 2478 992 2502 nam,
1014 2470 1085 2504 quod

296 2519 377 2553 plane
393 2521 501 2552 mirum,
520 2524 548 2547 ut
561 2519 694 2554 synodum
712 2518 862 2545 Romanam
881 2521 909 2543 et
931 2515 994 2543 Julii
1027 2515 1086 2550 epi-

297 2564 394 2590 stolam
407 2565 433 2591 in
445 2573 545 2591 annuat
559 2563 607 2591 5M
620 2563 759 2591 conferat:
773 2562 932 2589 auctoritate
944 2560 1083 2588 Athanasii

298 2614 324 2636 et
339 2608 412 2641 Julii,
425 2614 455 2636 ut
471 2615 558 2643 putat,
574 2610 645 2636 hanc
660 2617 750 2636 rerum
766 2614 972 2642 tempernmque
986 2606 1082 2633 seriem

299 2655 412 2682 inducit.
440 2655 556 2691 Legatos
574 2656 711 2690 Elpidium
731 2659 758 2682 et
774 2654 950 2681 I‘hiloxentnn
965 2653 1009 2679 diu
1024 2656 1087 2678 ante

298 2703 420 2737 Gregorii
438 2703 617 2735 invasioncm,
634 2709 705 2729 anno
720 2701 823 2728 scilicet
836 2700 899 2733 540,
915 2698 1085 2726 Antiochiam

300 2749 440 2784 profectos
456 2750 504 2780 ait,
523 2749 593 2783 quod
610 2749 645 2775 ita
660 2747 803 2775 manifeste
819 2746 846 2773 in
860 2746 927 2773 locis
945 2743 1085 2772 Athanasii

300 2795 425 2829 superius
450 2795 541 2823 allatis
564 2794 728 2829 exploditur,
751 2798 779 2820 ut
801 2791 956 2828 perquidem
987 2790 1084 2817 tnirum

337 2894 377 2930 (ιι)
401 2892 555 2929 Tillemont,
582 2898 642 2921 note
668 2894 711 2926 ιο,
735 2896 760 2922 et
784 2891 827 2919 Vie
847 2891 881 2918 du
904 2898 968 2925 papa
980 2888 1052 2922 Iule,
1072 2897 1097 2917 n.

1123 267 1204 289 tasse.
1218 261 1375 289 Ianuarium
1398 268 1518 289 mensem
1541 265 1634 289 contra
1656 261 1736 288 ﬁdem
1753 263 1898 289 manuscri-

1122 314 1229 343 ptorum
1248 313 1275 336 et
1299 307 1431 335 editorum
1450 308 1570 335 omnium
1585 307 1643 334 vult
1666 307 1693 334 in
1709 305 1815 334 Juninm
1830 314 1899 335 com-

1123 355 1224 382 mutari
1238 363 1245 381 :
1259 361 1312 389 qua
1331 353 1402 381 facta
1417 353 1578 386 mutatione,
1605 353 1630 380 id
1655 353 1799 380 absurdum
1814 353 1898 387 sequi-

1124 405 1180 432 tur,
1207 401 1279 435 quod
1305 399 1392 427 Julius
1409 403 1540 434 queratur
1558 399 1660 434 legatos
1679 406 1742 426 suos
1758 405 1855 431 mense,
1873 402 1900 425 ut

1125 446 1215 478 citius,
1230 445 1299 473 Maio
1313 445 1399 472 Roma
1418 445 1554 480 profectos
1570 445 1751 476 Antiochiam,
1771 444 1806 472 ibi
1822 452 1901 479 usque

1125 492 1159 518 ad
1174 491 1282 519 Iunium
1300 491 1421 524 ejusdem
1438 490 1501 517 anni
1517 490 1605 518 reditu
1631 489 1791 517 interclusos
1806 488 1898 516 fuisse:

1125 537 1171 572 qui
1187 541 1276 564 tamen
1294 536 1338 563 vix
1355 543 1447 563 mense
1461 535 1541 563 Iunio
1556 536 1649 563 eodem
1663 535 1803 570 pervenire
1814 538 1900 567 potue-

1125 584 1190 611 rint.
1217 583 1374 611 Octodecim
1397 589 1479 617 porro
1505 589 1613 608 menses
1638 589 1706 616 quos
1731 580 1900 608 Athanasium

1125 629 1298 657 Eusebianos
1315 631 1518 663 exspectantem
1538 627 1660 662 exegisse
1677 626 1769 654 Romae
1795 629 1903 653 testatur

1125 674 1211 702 Julius
1224 682 1302 709 papa,
1319 673 1356 701 ita
1371 672 1428 699 vult
1443 673 1488 700 ille
1506 671 1659 707 computari
1673 692 1680 703 ,
1695 676 1725 698 ιιι
1743 671 1821 706 hujus
1838 675 1901 697 tem-

1126 720 1200 755 poris
1214 727 1278 754 pars
1291 719 1324 746 ab
1338 726 1407 746 anno
1427 718 1491 751 540,
1510 725 1563 753 quo
1574 717 1680 745 venisse
1697 716 1810 744 Romam
1825 715 1904 743 Atha-

1126 766 1232 794 nasium
1246 765 1473 795 comminiscitur.
1488 765 1612 798 ineatur;
1631 764 1695 791 hinc
1717 761 1904 789 Alexandriam

1127 813 1242 841 rediisse
1258 816 1345 847 putet,
1361 816 1388 840 et
1403 812 1507 846 aliquot
1520 811 1557 838 ibi
1572 817 1679 837 menses
1693 813 1837 839 moratum,
1862 814 1903 834 re-

1127 860 1259 895 migrasse
1281 858 1406 891 Romam,
1434 862 1461 885 et
1487 858 1589 892 aliquot
1619 856 1718 884 iterum
1745 861 1847 882 menses
1870 853 1903 880 ibi

1128 906 1282 933 substitisse
1296 914 1303 932 ι
1321 911 1403 940 atque
1417 905 1454 932 ita
1471 903 1604 932 calculum
1617 902 1702 938 ponit,
1719 906 1750 928 ut
1762 899 1904 928 octodecim

1129 960 1238 981 menses
1251 952 1349 987 partim
1376 955 1439 978 ante
1459 950 1608 985 profectum
1630 948 1688 984 ejus
1708 946 1904 977 Alexandriam,

1128 1006 1155 1029 et
1179 1009 1270 1029 moras
1294 1000 1392 1028 ibidem
1412 1007 1420 1030 ;
1443 998 1540 1034 partim
1566 1001 1628 1032 post
1655 996 1774 1023 reditum
1799 995 1905 1021 Romam

1128 1046 1283 1074 constituat.
1307 1045 1346 1072 En
1373 1043 1436 1071 Julii
1464 1042 1563 1070 verba:
1580 1041 1635 1067 Καὶ
1656 1040 1709 1076 γὰρ
1727 1040 1797 1076 πρὸς
1810 1038 1907 1070 τούτοις

1129 1092 1206 1124 πᾶσι,
1225 1090 1390 1127 παρέμεινεν
1415 1087 1531 1116 ἐνταῦθα
1553 1086 1673 1114 ἐνιαυτὸν
1697 1086 1746 1112 καὶ
1766 1084 1796 1118 ἓξ
1816 1084 1906 1120 μῆνας,

1129 1137 1305 1173 ἐκδεχόμενος
1317 1135 1365 1172 τὴν
1379 1134 1528 1170 παρουσίαν
1542 1133 1557 1159 ὑ
1562 1132 1630 1168 μῶν,
1644 1132 1660 1168 ἢ
1672 1132 1727 1158 τῶν
1747 1130 1907 1167 βουλομένων

1129 1182 1225 1210 ἐλθεῖν·
1241 1184 1274 1218 τῇ
1286 1182 1315 1209 δὲ
1329 1180 1464 1216 παρουσίᾳ
1477 1178 1609 1206 ἐδυσώπει
1621 1179 1724 1210 πάντας
1734 1187 1741 1193 ·
1761 1178 1801 1204 ὅτι
1817 1176 1863 1203 οὐκ
1878 1176 1908 1201 ἂν

1130 1229 1231 1264 παρῆν,
1252 1228 1276 1254 ει
1297 1227 1334 1263 μὴ
1349 1226 1473 1262 ἐθάρρει·
1490 1225 1515 1252 id
1531 1230 1589 1252 est:
1607 1224 1711 1251 Etenim
1736 1227 1831 1259 prtem
1857 1223 1907 1248 Iuro

1129 1275 1228 1306 omnia,
1251 1282 1349 1300 armum
1370 1280 1452 1299 umtm
1475 1275 1498 1298 et
1525 1279 1572 1298 sex
1589 1278 1688 1297 menses
1710 1269 1755 1296 Itie
1778 1267 1907 1299 remansit,

1129 1326 1157 1348 ut
1180 1321 1319 1348 adventum
1341 1323 1469 1351 uestrum,
1487 1322 1533 1344 aut
1559 1325 1649 1344 eorum
1670 1316 1715 1352 qui
1737 1316 1788 1342 huc
1809 1322 1835 1342 se
1851 1320 1909 1340 can-

1129 1368 1198 1402 ferre
1218 1367 1300 1397 uellet,
1322 1369 1481 1401 exspectaret
1499 1372 1509 1397 ;
1536 1371 1634 1399 suaque
1662 1361 1804 1397 prasentia
1827 1366 1908 1387 omnes

1128 1414 1229 1448 pudore
1245 1411 1371 1448 afﬁciebat
1392 1419 1402 1439 :
1421 1419 1472 1438 non
1484 1410 1626 1444 adfuturus
1642 1408 1748 1443 quippe,
1767 1407 1817 1434 nisi
1829 1412 1910 1432 causa?

1129 1469 1184 1488 suae
1196 1459 1356 1493 conﬁdistet.
1373 1458 1444 1485 Sane
1460 1456 1512 1484 nisi
1531 1455 1595 1484 Iulii
1608 1455 1682 1482 dicto
1699 1453 1789 1489 palam
1812 1453 1851 1479 vis
1870 1452 1908 1478 in-

1130 1505 1245 1537 feratur,
1273 1505 1318 1532 hic
1343 1503 1493 1531 octodecim
1521 1501 1674 1532 continuos,
1701 1506 1753 1526 nec
1786 1497 1860 1530 longa
1886 1500 1909 1522 et

1094 1565 1115 1594 ο
1132 1551 1258 1579 diuturna
1274 1549 1490 1585 peregrinatione
1513 1548 1677 1580 interceptos
1696 1552 1805 1573 menses
1818 1543 1909 1571 intelli~

1131 1605 1180 1632 gas
1199 1601 1315 1632 Oportet.
1339 1595 1407 1622 Nam
1433 1594 1455 1622 si
1481 1601 1530 1628 per
1560 1593 1711 1621 Romanum
1744 1591 1827 1618 otium
1849 1595 1908 1616 xvttt

1131 1643 1264 1676 mensium
1294 1640 1460 1668 Athanasius
1483 1638 1611 1666 Tiburem
1635 1641 1680 1665 aut.
1710 1636 1856 1664 Tusculum
1883 1641 1910 1662 se

1131 1686 1287 1720 contulerit,
1305 1686 1421 1714 fatemur
1436 1685 1462 1712 id
1477 1683 1545 1711 nihil
1569 1683 1687 1716 ofﬁcere,
1714 1682 1857 1717 quominus
1869 1686 1910 1707 oc-

1132 1734 1247 1761 todecim
1288 1732 1425 1760 mensibus
1458 1730 1550 1757 Romae
1586 1733 1790 1763 exspectantem
1823 1732 1910 1754 consev

1131 1778 1204 1806 disse
1223 1778 1347 1810 dicatur;
1363 1784 1455 1804 verum
1472 1775 1494 1803 si
1515 1781 1585 1802 anno
1599 1774 1651 1801 540
1670 1774 1784 1801 Romam
1811 1768 1912 1799 commi-

1131 1825 1259 1859 graverit,
1288 1823 1380 1858 ibique
1405 1829 1501 1849 novem
1525 1827 1633 1848 menses
1651 1819 1791 1855 exegerit;
1821 1815 1910 1844 deinde

1131 1870 1322 1898 Alexandriam
1342 1875 1478 1900 reversus,
1494 1867 1596 1901 aliquot
1616 1865 1651 1892 ibi
1664 1872 1773 1893 menses
1789 1861 1911 1891 consede-

1133 1917 1178 1950 rit,
1196 1920 1252 1943 tum
1268 1915 1381 1942 Romam
1398 1912 1547 1948 repetierit,
1565 1916 1593 1939 et
1608 1917 1703 1938 novem
1730 1910 1826 1937 iterum
1838 1914 1908 1936 men-

1132 1970 1176 1990 ses
1195 1962 1231 1989 ibi
1248 1960 1397 1992 manserit;
1411 1959 1592 1993 nequidquam
1609 1958 1712 1986 dicatur
1725 1956 1759 1983 ab
1768 1952 1910 1983 octodecim

1133 2009 1271 2036 mensibus
1292 2015 1353 2035 eum
1380 2006 1545 2034 Eusebianos
1565 2005 1592 2032 in
1619 2003 1731 2031 Oriente
1752 2001 1853 2037 positos
1866 2005 1911 2026 ex-

1133 2059 1278 2089 spectasse.
1308 2053 1349 2080 Ad
1375 2053 1433 2080 hace
1451 2059 1525 2084 vero,
1544 2058 1578 2078 ne
1590 2049 1778 2077 Tillemontius
1798 2046 1910 2081 quidem,

1133 2108 1224 2128 rerum
1249 2105 1276 2128 et
1303 2103 1440 2134 gestorum
1455 2097 1524 2126 serie
1540 2097 1572 2123 ad
1596 2095 1738 2122 arbitrium
1755 2100 1831 2121 suum
1846 2089 1913 2117 ordi-

1133 2153 1208 2180 nata,
1229 2150 1318 2182 potest
1344 2144 1494 2172 octodecim
1520 2142 1579 2170 illos
1603 2147 1720 2172 menses,
1742 2146 1809 2174 (ιιιοε
1827 2137 1914 2185 Romae

1134 2192 1312 2220 Athanasium
1330 2191 1418 2225 egisse
1443 2193 1536 2216 narrat
1557 2187 1655 2218 Iulius,
1680 2184 1811 2220 reperire.
1830 2183 1913 2216 Siqui-

1101 2237 1122 2265 D
1137 2240 1198 2267 dem
1215 2239 1316 2265 fatetur
1340 2237 1397 2270 ipse
1414 2236 1517 2270 legatos
1541 2231 1682 2261 Athanasii
1701 2236 1728 2258 et
1743 2229 1838 2266 synodi
1858 2227 1913 2254 Alu-

1135 2284 1277 2312 xandrinaa
1290 2289 1361 2310 anno
1380 2280 1433 2308 540
1458 2288 1518 2308 cum
1534 2278 1628 2314 legatis
1637 2276 1847 2304 Eusebianorum
1863 2272 1913 2300 dis-

1136 2334 1260 2364 ceptasse
1274 2335 1365 2356 coram
1382 2325 1453 2354 Iulio
1472 2333 1551 2360 papa,
1571 2331 1631 2351 cum
1647 2323 1736 2349 adhuc
1755 2318 1913 2364 Athanasius

1135 2361 1313 2403 Alexandria).
1344 2372 1464 2407 degeret,
1485 2370 1565 2406 ἡνίκα
1587 2369 1634 2396 καὶ
1657 2367 1815 2398 Ἀθανάσιος
1832 2365 1846 2391 ὁ
1861 2361 1913 2388 ἐπί-

1138 2429 1239 2452 σκοπος
1265 2421 1293 2446 ὲν
1310 2417 1498 2453 Ἀλεξανδρείᾳ
1523 2414 1566 2451 ἦν,
1585 2415 1622 2441 ait
1636 2413 1734 2441 Julius.
1758 2408 1912 2440 Athanasius

1141 2475 1206 2494 vero
1230 2473 1282 2492 non
1309 2470 1372 2492 ante
1394 2464 1507 2491 Romam
1527 2461 1664 2497 profectus
1678 2465 1730 2492 est,
1747 2466 1825 2494 quam
1841 2453 1912 2490 legati

1139 2513 1268 2540 redirent.
1293 2510 1353 2538 Iam
1373 2517 1438 2536 vero
1461 2508 1590 2536 extremis
1615 2506 1703 2534 omnia
1726 2504 1803 2532 lineis
1820 2503 1843 2530 in
1857 2500 1913 2536 kra-

1138 2558 1202 2584 tiam
1230 2555 1442 2582 Tillemontiante
1462 2552 1594 2587 opinionis
1620 2558 1763 2585 ponamus,
1787 2549 1912 2575 dicamus-

1138 2611 1202 2638 que,
1218 2594 1366 2637 legatorum
1385 2599 1594 2634 disputationem
1611 2605 1702 2625 mense
1714 2594 1842 2623 Ianuario
1856 2597 1913 2640 cott-

1137 2649 1242 2683 tigisse,
1267 2647 1392 2682 ipsosque
1412 2653 1473 2672 mox
1495 2643 1632 2679 profectos
1658 2649 1751 2670 mense
1774 2640 1911 2683 Februarlo

1137 2682 1331 2723 Alexandriam
1346 2692 1497 2724 advenisse,
1522 2688 1700 2717 Athanasium
1715 2687 1805 2715 statim
1820 2682 1911 2731 adies-a-

1137 2747 1223 2769 torum
1242 2740 1328 2768 reditu
1346 2745 1495 2767 conscensa
1511 2736 1572 2764 navi
1589 2735 1703 2763 Romam
1718 2739 1809 2761 mense
1825 2729 1910 2774 Martio

1136 2787 1307 2820 adventasse,
1333 2786 1423 2820 ibique
1451 2783 1582 2812 mansisse
1605 2783 1637 2809 ad
1659 2781 1738 2808 ﬁnem
1760 2783 1841 2812 usque
1853 2777 1909 2801 3m”

1111 2887 1150 2924 t._
