2016 3046
594 138 639 164 DE
659 138 738 165 VlTA
757 138 801 165 ET
822 137 979 166 SCRIPTlS
998 139 1028 168 S.
1046 140 1245 177 ATIIANASll.

1657 146 1747 168 αξη

133 196 267 232 ejusdem.
283 196 351 230 lliuc
366 203 501 224 remeasse
525 196 733 232 Alexandriam,
747 196 803 229 ubi,
816 195 918 223 fatente
930 199 955 228 Α
969 197 1054 224 driam
1070 197 1144 225 Pisto
1156 198 1260 225 cuidam
1273 196 1485 232 pseudcpiscopo
1500 196 1606 225 litteras
1627 197 1748 224 mitteret

135 241 318 274 Tillemontio,
345 243 450 277 aliquot
478 248 584 270 menses
608 241 754 276 substitit;
774 242 916 269 invadente

135 287 277 323 Gregorio,
295 288 383 315 dettuo
412 286 548 322 aufugisse
575 287 698 319 Romam,
713 285 917 321 profectumque

135 332 186 360 sub
201 332 300 366 Aprilis
319 332 411 364 linem,
433 339 522 359 mense
535 331 604 358 Maio
617 332 757 359 advenisse
781 340 787 358 :
810 333 916 358 demum

135 377 276 411 epistolam
287 377 349 404 Julii
358 385 441 413 papze,
450 385 501 412 qua
510 377 757 404 dicitAthannsium
767 378 800 405 ab
807 378 917 405 octode‘

136 423 188 450 cim
199 423 334 450 mensibus
346 422 438 451 Romae
447 427 615 458 exspectare,
628 424 715 451 datam
728 423 810 450 fuisse
827 431 917 451 mense

136 469 259 503 Augusto
274 469 314 495 vel
329 469 480 504 Septembri
499 469 561 496 anni
583 469 646 502 '5“,
660 474 687 496 ut
703 469 758 496 vult
772 469 918 496 Tillcmon-

139 514 191 540 tius
211 515 249 549 (a)
275 522 282 541 :
310 515 349 542 sic
375 514 455 542 rebus
479 514 506 540 in
533 515 646 548 gratiam
670 515 810 542 sententiae
834 514 916 545 illius,

138 560 219 587 etiam
257 566 355 594 praeter
373 560 636 587 verisimilitudinem
661 561 829 595 compositis,
850 567 916 587 xvttt

139 605 270 631 mensium
292 612 432 631 numerum
454 612 508 632 non
531 605 669 638 conﬁcias,
688 613 748 632 nam
776 605 798 632 si
822 612 917 632 novem

139 651 201 676 anni
217 649 269 677 540
285 657 401 682 menses,
419 653 534 681 quatuor
554 650 613 677 aliis
633 649 659 684 (a
677 649 746 676 Maio
767 657 862 684 nempe
885 650 918 676 ad

140 702 223 729 usque
237 696 386 730 Augustum
416 695 457 722 vel
473 695 671 729 Septembrem)
697 695 838 730 adiungas,
861 698 916 721 tre-

126 739 225 766 .decim
246 744 292 766 aut
307 740 339 766 ad
352 746 485 766 summum
506 740 709 774 quatuordecim
728 741 859 775 reperias.
880 740 916 767 lla

140 785 213 813 omni
228 792 260 812 ex
281 789 356 820 parte
380 784 478 812 labitur
492 785 585 812 isthaec
599 786 699 819 opinio.
715 785 814 813 Omnes
829 786 919 820 itaque

141 830 270 864 temporis
284 834 362 857 notas
376 828 563 857 Tillemontius
576 830 655 857 elusit
667 839 674 857 :
690 835 716 858 et
731 836 805 858 certe
826 831 919 865 hujus-

141 875 214 902 modi
243 879 305 902 sunt
333 874 394 906 illae,
419 877 447 901 ut
468 875 491 902 si
516 875 558 902 vel
578 883 630 902 una
657 881 776 910 maneat,
793 882 846 903 tota
862 878 920 912 ejus

141 921 295 954 supputatio
307 921 418 947 subruat
432 929 439 947 :
474 929 536 948 nam
557 921 579 948 si
593 921 672 957 legati
689 921 751 950 Julii
767 927 825 958 post
840 923 919 951 inva—

140 966 245 994 sionem
265 966 385 1002 Gregorii
406 972 434 994 et
452 966 541 1002 fugam
560 967 700 996 Athanasii
724 969 837 1004 profecti
853 970 919 1002 sint,

142 1012 177 1039 ad
191 1016 308 1039 nostram
322 1012 435 1040 accedat
445 1012 607 1040 sententiam
631 1021 742 1041 necesse
758 1018 810 1046 est,
830 1014 922 1049 perin-

141 1058 228 1092 deque
252 1057 276 1084 si
297 1062 350 1085 stet
374 1058 454 1085 lectio
469 1059 711 1094 manuscriptorum
727 1064 754 1086 et
773 1060 919 1093 editorum,

140 1110 199 1138 qua:
212 1103 313 1138 legatos
328 1103 359 1130 ad
374 1102 532 1131 Ianuarium
547 1111 631 1139 usque
643 1111 763 1132 mensem
777 1105 863 1132 reditu
877 1105 920 1133 ia-

142 1140 272 1177 terclusos
295 1149 333 1176 ait
355 1158 362 1183 ;
389 1149 430 1176 vel
449 1149 471 1176 si
489 1150 637 1177 octodecim
653 1150 796 1178 continuos
815 1158 921 1179 menses

141 1195 235 1222 Romae
255 1195 387 1223 mansisse
416 1195 592 1223 Athanasium
621 1195 737 1229 dicatur,
770 1204 840 1223 anno
868 1197 920 1224 542

142 1240 256 1275 epistola
268 1240 328 1269 Julii
344 1242 406 1269 data
423 1242 458 1270 sit
470 1247 594 1276 oportet:
609 1243 679 1277 quod
698 1243 755 1277 ipse
775 1242 921 1270 Tillemon-

146 1286 199 1312 tius
220 1286 329 1314 fatetur.
349 1286 414 1314 Cum
437 1291 532 1315 contra
558 1288 580 1315 si
600 1295 664 1314 vera
679 1292 705 1315 et
721 1293 825 1315 asserta
843 1287 922 1315 lectio

143 1337 285 1365 servetur;
300 1333 322 1359 si
334 1333 404 1360 dicta
422 1332 485 1360 Julii
510 1338 538 1360 et
556 1334 696 1360 Athanasii
720 1341 786 1369 pura
803 1341 851 1361 nec
868 1334 922 1360 dis-

143 1381 213 1403 torta
244 1382 384 1412 maneant,
412 1386 456 1406 res
491 1379 582 1407 nativo
610 1380 704 1407 ordine
729 1387 777 1415 per
803 1387 833 1407 se
854 1387 922 1407 cort-

142 1423 230 1450 sistat.

179 1468 277 1496 Verum
296 1470 428 1497 obnititur
456 1470 644 1499 Tillemontius
670 1481 677 1499 :
704 1471 846 1499 Eusebiani
866 1472 921 1500 Ro-

966 243 1064 276 Julius,
1079 251 1131 277 quo
1154 248 1274 279 tempore
1291 243 1455 271 Athanasius
1480 242 1651 271 Alexandria:
1666 244 1746 278 dege-

966 289 1021 321 bat,
1043 289 1123 325 ήνίκςι
1148 290 1195 317 καὶ
1214 289 1370 322 ’Δθανάσιος
1385 290 1399 316 ὁ
1412 289 1560 321 ἐπίσκοπος
1578 291 1608 317 ὲν
1625 288 1749 322 Ἀλεξαν-

965 334 1041 370 δρείᾳ
1053 333 1097 370 ἦν.
1116 335 1181 362 Cum
1205 336 1374 362 advenissent
1395 341 1483 363 autem
1500 335 1638 362 Athanasii
1661 339 1749 362 orato-

966 387 1023 412 res,
1037 387 1088 407 nec
1101 379 1222 407 valerent
1234 380 1445 407 Eusebianorum
1463 379 1543 414 legati
1558 386 1652 407 eorum
1666 386 1748 413 argu-

967 425 1065 452 mentis
1087 425 1233 458 obsistere,
1260 426 1392 460 synodum
1417 425 1443 452 in
1464 432 1515 460 qua
1536 431 1580 451 res
1596 424 1748 451 accuratius

970 470 1141 505 indagaretur
1174 470 1342 504 postularunt
1368 479 1376 498 :
1404 478 1456 505 qua
1484 470 1648 504 impetrata,
1685 474 1749 495 tunc

968 516 1055 550 primo
1068 515 1230 543 Eusebiauis
1254 515 1384 551 synodum
1417 515 1573 542 indixerunt
1594 523 1601 542 :
1630 513 1668 541 illi
1685 520 1750 540 vero

968 562 1132 589 conscientia
1154 562 1285 588 scelerqu
1300 561 1445 596 perterriti,
1460 561 1486 588 in
1500 560 1667 587 Antiochena
1685 565 1749 593 syn-

968 607 1020 634 odo
1041 614 1111 633 anno
1124 607 1173 634 3“
1189 608 1298 634 ineunte
1321 606 1467 638 celebrata,
1498 605 1626 632 Romana:
1654 604 1749 640 synodi

968 652 1074 679 decreta
1100 656 1309 686 praevenerunt,
1335 651 1431 678 deinde
1449 650 1607 689 Gregorium
1636 649 1751 676 Alexan-

969 697 1055 724 driam
1071 697 1225 731 episcopum
1240 697 1371 723 miserunt
1399 696 1444 730 qui
1466 695 1644 722 Athanasium
1658 694 1751 721 detur~

974 741 1059 768 baret.
1074 741 1220 768 Athanasio
1235 746 1322 768 autent
1340 748 1411 767 anno
1438 741 1487 768 5M
1509 747 1569 767 sese
1584 739 1751 774 proripiente

969 791 995 814 et
1015 787 1126 813 Romam
1145 786 1276 822 profecto,
1295 791 1357 814 tunc
1381 787 1488 814 demum
1511 785 1603 813 Julius
1617 792 1665 820 per
1677 784 1751 819 lega-

970 838 1012 860 tos
1032 831 1168 866 Elpidium
1195 837 1222 859 et
1245 832 1419 859 Philoxenum
1439 831 1589 858 Romanam
1615 830 1749 864 synodum

971 879 1088 906 secundo
1104 879 1210 905 indixit.
1229 878 1268 905 Ex
1280 878 1369 905 allatis
1382 878 1481 912 quippe
1495 877 1598 904 duobus
1611 876 1678 904 locis
1689 883 1751 910 pro-

970 923 1058 959 palam
1082 927 1123 950 est
1150 927 1204 950 tum
1229 923 1317 958 primo
1335 923 1496 958 postulatam
1525 922 1751 957 impetratamque

970 969 1100 1004 synodum
1121 967 1214 1001 fuisse,
1229 976 1288 995 eum
1305 968 1470 995 Athanasius
1484 965 1662 994 Alexandria:
1683 972 1750 1000 age~

970 1020 1022 1048 ret,
1040 1019 1066 1042 et
1078 1020 1222 1049 antequam
1239 1014 1354 1041 Romam
1369 1014 1484 1041 veniret.
1499 1013 1566 1041 Cum
1581 1016 1670 1039 autem
1688 1019 1752 1046 per-

970 1059 1033 1088 inde
1061 1060 1163 1095 liquido
1179 1063 1294 1091 constet,
1323 1059 1426 1094 legatos
1447 1058 1582 1092 Elpidium
1607 1061 1635 1084 et
1658 1056 1752 1084 Philo-

970 1113 1080 1139 xenum,
1095 1105 1244 1132 Athanasio
1265 1105 1360 1132 Romae
1382 1109 1528 1140 praesente,
1546 1104 1644 1131 missos
1659 1102 1752 1134 fuisse.

970 1152 1016 1186 qui
1031 1151 1196 1179 Eusebianos
1210 1151 1241 1178 ad
1258 1151 1390 1187 synodum
1415 1154 1604 1186 provocarent,
1629 1150 1756 1183 diemque

972 1197 1037 1232 ipsis
1066 1196 1288 1231 praestituereut;
1315 1196 1423 1231 planum
1447 1200 1522 1223 certe
1548 1200 1590 1223 est
1621 1194 1753 1230 synodum

972 1242 1043 1270 illam
1061 1242 1207 1269 Romanam
1226 1242 1266 1269 bis
1277 1242 1404 1269 indictam
1423 1241 1506 1269 fuisse
1520 1250 1527 1268 :
1543 1245 1589 1276 atq
1600 1247 1633 1268 ue
1649 1241 1685 1267 ita
1702 1240 1756 1267 ruit

972 1292 1027 1315 tota
1043 1287 1185 1322 scriptoris
1199 1287 1294 1322 nuperi
1309 1287 1477 1322 conjectura.
1502 1287 1556 1315 Cur
1572 1291 1663 1314 autem
1680 1291 1754 1321 post-

972 1340 1052 1366 quam
1075 1339 1145 1359 anno
1166 1331 1218 1359 510
1236 1332 1335 1360 indicta
1359 1332 1456 1364 fuerat,
1472 1335 1575 1359 tantum
1598 1332 1677 1367 spatii
1697 1331 1754 1358 ela-

972 1385 1049 1412 psum
1061 1378 1105 1409 sit,
1115 1382 1144 1404 ut
1154 1377 1271 1405 secundo
1286 1377 1405 1404 indicere
1418 1385 1556 1404 necessum
1573 1376 1667 1410 fuerit,
1683 1376 1755 1404 haud

973 1421 1079 1449 dillicile
1093 1427 1134 1449 est
1149 1421 1275 1456 augurari
1289 1429 1296 1448 :
1309 1429 1368 1449 cum
1386 1422 1489 1449 videret
1501 1422 1571 1449 enim
1586 1421 1756 1448 Athanasius

974 1467 1024 1494 sub
1049 1467 1127 1494 linem
1152 1468 1214 1494 anni
1235 1467 1286 1494 540
1308 1467 1365 1502 (εοεί
1383 1467 1578 1495 Antiochenam
1610 1466 1754 1501 synodum,

144 1522 231 1542 mana:
255 1516 350 1551 synodi
372 1516 501 1550 judicium
533 1518 559 1544 in
582 1518 748 1545 Antiochena
760 1518 863 1553 synodo
882 1519 923 1546 iu-

975 1519 1032 1547 qua:
1048 1512 1122 1540 initio
1140 1513 1202 1540 anni
1217 1512 1265 1540 5M
1281 1513 1411 1541 celebrari
1429 1518 1515 1547 coepta
1533 1516 1596 1545 est;
1624 1519 1677 1539 non
1709 1518 1757 1538 ne-

143 1566 224 1588 eunte
243 1569 312 1589 anno
326 1562 375 1590 5H
396 1563 530 1591 celebrata
561 1564 771 1598 praevenerunt:
799 1573 853 1593 non
877 1573 924 1600 po-

146 1611 255 1633 tuerunt
281 1612 369 1634 autem
385 1614 556 1643 prmvertere,
570 1610 622 1637 nisi
647 1611 747 1638 indicta
766 1611 819 1639 illis
845 1616 924 1639 antea

145 1651 252 1685 luisset,
266 1653 366 1680 indicta
382 1662 445 1682 vero
458 1655 508 1682 fuit
524 1655 644 1683 Romana
655 1657 772 1692 synodus
789 1665 836 1692 per
851 1657 924 1692 lega-

145 1704 187 1726 tos
209 1699 341 1734 Elpidium
369 1706 397 1728 et
416 1701 612 1730 Philoxenum:
628 1704 697 1730 unde
713 1708 842 1739 sequatur
856 1703 926 1738 Elpi-

145 1746 218 1773 dium
243 1751 270 1774 et
289 1746 465 1775 Philoxenum
490 1753 552 1776 aute
574 1756 672 1776 annum
685 1749 733 1776 3M
755 1749 859 1776 venisse
871 1750 926 1776 Att-

145 1793 286 1826 tiochiam,
300 1799 329 1820 ut
342 1793 492 1821 Romanam
504 1795 633 1829 synodqu
648 1795 809 1823 indicerent.
826 1795 883 1829 Qua
899 1797 925 1823 in

146 1845 176 1865 re
191 1845 258 1865 sane
277 1839 319 1865 vir
341 1839 464 1866 eruditus
487 1847 516 1866 se
543 1840 683 1867 Athanasii
707 1845 733 1868 et
758 1840 821 1868 Julii
844 1841 926 1868 verba

147 1892 200 1911 non
230 1889 273 1911 sat
296 1885 459 1920 pouderasse
484 1885 654 1913 testiﬁcatur.
678 1885 744 1912 Nam
763 1885 927 1914 Athanasius

146 1930 266 1964 quidem,
291 1935 433 1965 postquam
457 1930 579 1965 Gregorii
604 1932 768 1959 carnilicinte
785 1940 815 1960 se
827 1933 928 1960 subdu-

146 1980 223 2002 xerat
244 1983 315 2002 anno
336 1975 398 2008 5H,
423 1976 600 2004 Paschalibus
612 1978 717 2012 diebus,
736 1978 792 2005 haec
814 1978 926 2005 scribit:

146 2021 201 2048 Καὶ
211 2022 324 2057 πέρυσιν
335 2021 554 2057 οἱκατὰῬώμην
577 2022 696 2057 ἀδελφοὶ,
723 2023 806 2058 μήπω
826 2023 927 2050 τούτων

147 2068 308 2105 γενομένων,
329 2067 385 2095 ἀλλ’
399 2068 480 2095 ἕνεκα
490 2068 543 2095 τῶν
552 2068 676 2103 πρώτων,
689 2068 796 2096 σύνοδον
807 2069 928 2105 ἔγραψαν

147 2113 282 2148 γενέσθαι,
298 2114 340 2140 ἵνα
351 2114 463 2140 κάκεῖνα
475 2114 601 2150 ἐκδικηθῇ
612 2123 619 2130 υ
637 2115 724 2150 ἥνπερ
737 2114 928 2151 εὐλαὸούμενοι

149 2159 174 2186 οῐ
187 2159 249 2194 περὶ
262 2159 399 2192 Εὑσέϐιον,
417 2159 567 2195 προῦλαϐον
579 2159 738 2196 διαταράξαι
756 2160 803 2196 τὴν
811 2160 928 2196 Ἐκκλη-

974 1559 1046 1585 scius
1063 1558 1088 1584 id
1112 1558 1139 1585 in
1159 1565 1234 1586 suam
1257 1559 1405 1593 perniciem
1422 1563 1449 1586 et
1461 1558 1648 1594 expulsionem
1668 1557 1757 1585 moliri

974 1604 1148 1636 Eusebianos,
1175 1611 1208 1631 ne
1232 1604 1345 1632 absente
1371 1611 1400 1631 se
1419 1605 1498 1639 quasi
1528 1611 1644 1631 vacuam
1665 1604 1756 1631 sedem

974 1657 1042 1677 novo
1062 1657 1076 1676 a
1103 1657 1132 1677 se
1145 1654 1237 1676 creato
1247 1650 1376 1685 episcopo
1394 1650 1543 1682 traderent,
1561 1650 1593 1676 ad
1611 1649 1756 1677 adventum

974 1703 1058 1730 usque
1073 1695 1196 1730 Gregorii
1209 1695 1382 1722 Alexandria:
1398 1697 1508 1723 resedit.

1009 1741 1083 1774 Quod
1098 1745 1186 1767 autem
1198 1741 1360 1768 Athanasius
1377 1745 1436 1775 post
1456 1741 1621 1768 invasionem
1634 1741 1758 1776 Gregorii

974 1787 1087 1814 Romam
1107 1786 1192 1821 primo
1209 1787 1312 1813 venerit
1336 1793 1407 1813 anno
1429 1786 1491 1820 5M,
1509 1793 1594 1820 neque
1612 1786 1665 1813 alia
1686 1793 1759 1813 anno

968 1833 1027 1860 540
1050 1832 1161 1867 Romam
1187 1832 1318 1867 profectio
1341 1832 1482 1859 statuenda
1511 1833 1563 1866 sit,
1589 1832 1760 1867 perspicuum

976 1887 1040 1908 sane
1058 1884 1116 1912 est,
1138 1887 1198 1907 cum
1222 1887 1254 1906 ex
1275 1879 1308 1906 iis
1323 1887 1382 1913 quae
1406 1879 1535 1907 hactenus
1559 1879 1684 1911 diximus,
1705 1883 1762 1905 tum

976 1927 1093 1954 maxime
1106 1934 1138 1953 ex
1156 1926 1253 1960 primo,
1271 1932 1349 1960 quem
1365 1932 1446 1959 supra
1462 1925 1610 1958 attulimus,
1632 1924 1701 1957 loco,
1715 1923 1761 1951 ubi

977 1973 1073 2001 dicitur
1092 1981 1098 1999 :
1118 1971 1202 1999 Porro
1225 1971 1368 1998 Eusebiani
1391 1979 1493 2006 quoque
1515 1970 1549 1998 ad
1575 1970 1679 1997 Julium
1697 1970 1764 1998 acri-

977 2023 1101 2054 paerunt:
1121 2027 1152 2045 ac
1168 2022 1300 2052 sperantes
1318 2026 1345 2044 re
1361 2017 1434 2044 nobis
1455 2022 1579 2044 terrorem
1598 2017 1760 2048 incuuuros.

977 2067 1103 2101 rogabant
1121 2070 1149 2092 ut
1164 2064 1278 2100 synodus
1298 2069 1496 2097 conuocaretur,
1512 2068 1536 2091 ct
1552 2065 1607 2099 ipse
1626 2063 1717 2091 Julius
1737 2064 1761 2090 si

977 2111 1050 2137 vellet
1063 2109 1146 2145 judea:
1160 2114 1235 2136 esset.
1249 2108 1317 2136 Cum
1339 2109 1419 2144 igitur
1434 2108 1545 2135 Romam
1558 2108 1761 2140 advenirsemus,

978 2156 1078 2188 Julius,
1099 2161 1127 2183 ut
1154 2160 1355 2183 consentaneum
1380 2159 1448 2186 erat.
1480 2154 1584 2181 litteras
1603 2154 1706 2188 scripsit
1727 2155 1761 2180 ad

150 2204 211 2231 σῐαν
222 2213 229 2220 ο
240 2205 290 2231 hoc
302 2209 358 2232 est:
376 2205 463 2231 Etiam
481 2214 550 2232 anno
568 2206 702 2240 prwlerito
725 2206 820 2240 fratrea
833 2207 926 2238 nostri,
944 2198 965 2226 D
980 2201 1150 2233 Eusebianos,
1166 2201 1287 2236 misitque
1308 2200 1373 2227 duos
1391 2208 1423 2226 ea:
1438 2199 1594 2235 presbyteris
1617 2199 1671 2226 suis
1688 2197 1764 2232 Elpla

148 2250 194 2285 qui
216 2249 305 2276 Romae
317 2255 387 2282 sunt,
402 2251 442 2277 Itis
456 2251 570 2277 nondum
585 2252 666 2284 actis,
692 2251 736 2278 aed
751 2257 856 2286 propter
874 2251 928 2278 alia

148 2304 207 2330 qua
219 2296 292 2330 prius
311 2297 483 2331 contigerant,
499 2297 628 2331 synodum
643 2297 783 2332 cogendam
797 2304 852 2323 esse
866 2297 930 2323 acri-

149 2346 267 2376 paerunt,
284 2346 310 2368 ut
322 2341 353 2368 de
363 2341 416 2368 illis
433 2341 497 2368 ultio
513 2347 659 2368 sumeretur
675 2349 685 2368 :
706 2350 784 2376 quam
806 2342 929 2376 reformi-

150 2390 242 2414 dantes
259 2386 388 2414 Eusebius
402 2392 424 2414 et
440 2387 515 2419 socii,
530 2386 674 2414 Ecclesium
689 2387 844 2414 conturbare
860 2396 929 2422 prtz-

149 2439 293 2460 ucrterunt.
322 2433 368 2460 llis
390 2433 450 2460 lucc
473 2433 573 2460 clarius
596 2437 648 2465 est,
670 2432 725 2467 jam
742 2440 812 2460 anno
827 2434 879 2460 540
896 2435 929 2461 de

151 2475 252 2511 synodo
261 2477 362 2510 agenda
372 2475 463 2504 Romae
476 2481 604 2503 statutum
618 2476 709 2511 luisse,
719 2478 859 2512 etquidem
868 2486 928 2505 cum

150 2523 267 2549 nondum
284 2522 448 2550 Athanasius
461 2522 574 2549 Romam
589 2523 722 2550 venisset:
738 2530 770 2549 ac.
788 2528 851 2550 tunc
867 2531 929 2559 syn‘

149 2569 228 2596 odum
245 2576 293 2603 per
312 2568 379 2596 alios
398 2576 478 2602 quam
504 2568 637 2602 Elpitlinm
652 2573 679 2595 et
692 2567 867 2595 Philoxenum
889 2568 931 2595 itt-

150 2614 249 2641 dictam
272 2621 332 2641 esse
346 2634 354 2646 ,
383 2618 412 2640 ut
432 2621 463 2641 ex
484 2613 545 2640 Julii
567 2613 647 2640 dictis
663 2613 765 2640 videas.
793 2613 838 2640 Ait
858 2613 929 2639 enim

150 2661 205 2691 ille,
235 2659 381 2687 Macarium
406 2660 606 2694 presbyterum,
635 2659 791 2693 Martyrium
806 2663 832 2685 et
845 2658 930 2695 Hesy-

149 2705 241 2732 citium
259 2706 396 2738 diaconos,
415 2705 627 2733 Eusebianorum
655 2705 767 2738 legatos,
785 2708 928 2739 antequam

150 2750 290 2777 Athanasii
305 2756 429 2778 oratores
446 2751 617 2783 accederent,
634 2758 743 2785 rugusse
765 2754 795 2778 ut
811 2750 929 2778 Alexan-

188 2840 226 2875 (a)
245 2840 289 2868 Vie
301 2841 332 2868 de
348 2840 376 2868 S.
389 2840 459 2874 Julc,
475 2844 526 2868 art.
544 2841 570 2869 8.

978 2248 1049 2274 dium
1066 2252 1090 2274 et
1107 2246 1290 2274 Philoxenum.
1307 2245 1353 2272 Illi
1367 2254 1437 2278 vero,
1453 2251 1482 2272 ut
1497 2246 1530 2272 de
1546 2245 1657 2272 aduentu
1674 2249 1763 2272 nostro

979 2293 1128 2326 audierunt,
1142 2294 1314 2325 consternati,
1332 2293 1402 2327 quod
1419 2292 1569 2319 nullatenus
1584 2295 1762 2326 exspectarent

979 2347 1025 2366 nos
1053 2339 1117 2366 illuc
1139 2344 1279 2371 venturos,
1303 2338 1425 2365 accedere
1450 2342 1607 2370 renuerunt,
1635 2337 1766 2364 absurdus

980 2391 1073 2411 causa:
1102 2385 1252 2411 commenti.
1275 2383 1350 2416 Quod
1375 2383 1397 2410 si
1429 2390 1499 2411 anno
1525 2383 1593 2416 540,
1619 2388 1759 2418 postquam

979 2430 1066 2464 pritno
1089 2429 1188 2456 indicta
1211 2430 1330 2465 Synodus
1349 2428 1468 2455 Romana
1487 2428 1582 2461 fuerat,
1598 2428 1764 2455 Athanasius

980 2474 1091 2501 Romam
1113 2474 1248 2509 profectus
1262 2479 1352 2507 esset,
1373 2482 1405 2501 an
1430 2474 1455 2501 id
1478 2474 1621 2502 Eusebiani
1644 2474 1768 2509 ignoras-

980 2526 1054 2552 sent;
1072 2520 1213 2554 solumque
1227 2528 1318 2548 mense
1330 2520 1409 2547 Junio
1422 2519 1526 2547 Juliove
1540 2520 1601 2546 anni
1617 2521 1764 2554 sequentis,

982 2565 1153 2593 narrantibus
1165 2565 1226 2592 Julii
1245 2573 1319 2600 papae
1335 2566 1440 2601 legatis,
1460 2566 1648 2599 edidicissent,
1669 2566 1715 2600 qui
1735 2566 1763 2593 in

983 2612 1148 2639 deturbando
1169 2612 1316 2639 Athanasio
1337 2612 1383 2638 toti
1400 2612 1494 2639 erant?
1509 2612 1535 2638 id
1552 2617 1625 2639 certe
1646 2619 1679 2639 ne
1693 2619 1765 2639 solu-

982 2657 1050 2683 niari
1071 2656 1178 2690 quidem
1196 2661 1293 2691 potest.
1307 2656 1347 2683 An
1365 2663 1429 2684 vero
1444 2656 1516 2683 sileri
1532 2661 1637 2691 poterat
1651 2657 1696 2684 ille
1711 2655 1767 2684 Ro-

983 2710 1053 2730 mam
1078 2702 1212 2737 prol'ectus
1233 2703 1267 2730 ab
1286 2702 1442 2734 Athanasio,
1465 2702 1527 2729 dum
1550 2710 1619 2729 anno
1641 2702 1691 2729 3M
1717 2709 1763 2736 pa-

983 2749 1117 2792 schalibus
1143 2749 1253 2783 diebus,
1279 2753 1423 2784 antequam
1450 2749 1562 2777 Romam
1587 2749 1766 2783 demigrant,
