2016 3046
269 164 369 184 CLXXVI

953 147 1229 184 PBOLEGOMENA:

270 215 328 241 haec
344 210 476 240 scriberet
497 222 504 238 ε
527 209 616 238 Etiam
637 218 707 238 anno
728 211 875 246 prtcterilo,
897 211 993 246 fratres
1014 221 1061 238 no-
1075 214 1233 242 Amensem
1258 211 1388 239 indictam
1415 211 1547 246 synodum
1571 210 1669 243 fuisse;
1693 210 1740 237 sed
1765 210 1897 239 duntaxat

269 260 328 291 atri,
343 259 389 293 qui
407 257 496 291 Roma:
509 262 580 292 sunt.
597 257 638 285 Iu‘s
659 257 775 286 nondum
790 259 871 290 actis,
891 258 936 285 sed
953 263 1058 293 propter

270 304 324 330 alia
341 312 400 338 qua:
412 304 484 337 prius
499 304 674 338 contigerant,
695 304 824 338 synodum
840 305 985 339 cogendam
1003 313 1058 332 esse

235 349 240 378 ἑ
270 350 445 383 scripserunt,
465 353 494 375 ut
517 349 548 375 de
569 349 624 376 illis
645 349 712 376 ultio
734 356 879 377 sumeretur
892 359 901 377 :
918 360 997 385 quam
1017 359 1058 377 re-

236 395 237 398 “
270 395 442 431 formidantes
458 394 586 421 Eusebius
599 400 624 422 et
643 396 717 430 socii,
736 395 881 424 Ecclesium
899 394 1059 425 conturbare

268 441 476 476 prmerteruut.’
494 440 522 468 Si
542 442 598 476 ipse
613 442 646 468 ad
665 442 796 477 synodum
821 443 1008 470 celebrandam
1027 451 1059 471 eo

268 495 298 515 se
319 487 494 520 contulisset,
517 492 545 514 ut
565 495 626 515 cum
646 487 807 516 Eusebianis
838 497 928 516 coram
957 490 1060 524 synodo

269 538 459 566 concertaret;
479 541 511 561 ac
527 533 687 562 Eusebianis
702 535 831 563 accedere
854 543 907 563 non
929 538 1012 567 ausis,
1032 543 1060 564 re

270 579 380 613 inlecta,
397 585 543 609 remeasset
562 580 753 609 Alexandriam
765 601 773 614 ,
794 589 828 608 an
850 582 876 609 id
892 582 1059 616 praetermitti

270 627 389 661 poterat?
404 625 459 654 Hoc
473 626 573 654 silentii
588 633 684 661 genus,
698 626 725 653 in
743 634 772 654 re
785 634 896 662 prorsus
907 628 1060 655 necessario

271 673 394 704 dicenda,
409 673 432 699 si
447 672 556 707 quidem
573 677 647 707 gesta
667 672 771 706 fuisset,
786 673 928 701 adversam
948 679 1057 702 senten-

272 718 335 745 tiam
351 718 466 745 obruere
483 725 561 746 nemo
574 723 619 745 eat
636 718 751 746 inlicias.

307 763 344 791 Ut
369 769 459 791 autem
487 764 580 792 videas
611 770 743 799 quantum
772 766 945 801 przejudicata
969 767 1060 802 opinio

271 810 369 843 valeat,
383 810 422 838 ait
439 810 626 839 Tillemontius
640 820 646 838 :
665 811 693 838 Si
709 811 855 840 Januarius
877 813 988 846 mensis,
1007 821 1060 848 quo

272 855 415 883 Eusebiani
431 856 534 891 legatos
546 857 607 884 Julii
630 858 763 893 Elpidium
780 864 808 886 et
825 858 1002 887 Philoxenum
1018 861 1059 887 di-

272 903 413 936 miserunt,
436 904 550 935 steterit,
565 908 593 931 et
609 904 632 931 si
651 905 713 931 anni
733 904 785 931 542
809 905 900 938 fuerit,
917 906 980 933 hinc
995 914 1060 933 con-

273 955 402 983 sequetur
419 949 548 984 synodum
570 950 764 978 Antiochenam
788 956 896 978 centum
919 951 976 979 fere
1006 952 1062 987 cpi-

272 1001 432 1028 scoporum,
457 1002 516 1028 quae
540 995 653 1022 ineunte
676 1003 747 1023 anno
766 996 816 1023 ’5“
841 996 975 1024 celebrata
1001 1001 1060 1029 est,

272 1047 358 1075 usque
379 1040 412 1067 ad
435 1047 533 1066 annum
557 1040 609 1067 542
631 1041 764 1077 prolatam
793 1049 868 1074 esse,
893 1043 965 1078 quod
991 1042 1062 1070 haud

273 1084 428 1112 verisimile.
448 1084 481 1112 Et
499 1085 555 1112 haec
570 1092 650 1112 causa
673 1089 724 1118 cst,
745 1091 775 1113 ut
791 1091 884 1114 contra
907 1087 988 1114 tidem
1005 1095 1063 1115 ma-

272 1131 474 1164 nuscriptorum
501 1135 528 1158 et
555 1131 688 1158 editorum
715 1131 834 1158 omnium
862 1140 910 1166 pro
934 1132 1062 1160 Januario

272 1177 336 1204 velit
359 1176 466 1204 Junium
491 1177 598 1212 apponi.
622 1177 667 1204 Sic
683 1176 744 1210 ille,
768 1186 820 1205 non
843 1179 1062 1207 animadvertens

273 1223 414 1255 epistolam
430 1221 508 1256 Julii,
531 1223 573 1250 cui
597 1222 741 1250 alferendze
767 1224 912 1258 deputatus
936 1229 979 1252 est
1007 1224 1062 1252 Ga—

272 1269 367 1297 bianus
380 1277 480 1302 comes,
498 1277 550 1296 non
571 1270 604 1296 ad
626 1270 758 1304 synodum
777 1269 847 1297 illam
868 1270 948 1302 mitti,
964 1270 1010 1297 sed
1029 1271 1062 1298 ad

274 1315 398 1348 Daniutn,
414 1315 564 1347 Flacillum,
586 1315 753 1348 Narcissum,
779 1316 921 1344 Eusebium
950 1322 977 1343 et
996 1317 1063 1345 alios

273 1360 428 1395 episcopos;
448 1367 534 1395 neque
547 1359 628 1387 ullam
645 1360 671 1387 in
685 1360 795 1395 epistola
811 1360 874 1388 Julii
890 1361 986 1396 synodi
1006 1366 1062 1388 tum

272 1405 424 1433 Antiochiae
444 1406 610 1434 considentis
639 1406 803 1434 mentionem
828 1407 923 1434 haberi
945 1415 953 1434 :
976 1407 1062 1435 miror

273 1460 384 1487 prorsus
404 1460 419 1479 a
438 1457 528 1479 mente
550 1452 645 1487 nuperi
672 1453 812 1487 scriptoris
837 1453 984 1486 excidisse,
1005 1454 1063 1489 epi-

273 1499 370 1526 stolam
390 1497 452 1526 Julii
478 1499 678 1533 responsionem
699 1506 776 1530 esse.
800 1507 853 1526 non
875 1500 908 1526 ad
931 1500 1062 1535 synodum

1110 258 1214 293 legatos
1228 259 1297 285 ultra
1316 257 1478 292 prmﬁnitum
1496 261 1600 291 tempus
1621 256 1654 283 ad
1674 254 1832 283 Januarium
1851 265 1897 284 us-

1108 310 1161 337 que
1175 303 1264 330 reditu
1283 302 1447 330 interclusos
1468 306 1590 334 narrant,
1606 308 1655 328 nec
1671 301 1789 328 indicant
1811 302 1897 336 quod-

1109 356 1172 376 nam
1191 348 1329 376 delinitum
1354 349 1419 376 illud
1441 352 1547 382 tempus
1569 347 1672 375 fuerit?
1693 347 1731 374 Ex
1755 347 1797 374 his
1815 355 1898 382 porro

1109 395 1202 422 videas
1222 403 1354 430 nuperum
1380 395 1540 430 scriptorem
1565 394 1708 422 levissimis
1730 395 1897 430 conjecturis

1109 441 1203 476 planas
1216 446 1244 468 et
1265 441 1344 468 nullis
1356 441 1562 469 circuitionibus
1577 441 1734 469 enuntiatas
1746 445 1896 476 temporum

1111 492 1189 515 notas
1205 489 1344 522 impetere.

1338 541 1598 575 ANIMADVERSIO
1618 542 1676 570 XV.

1110 601 1152 628 An
1172 601 1272 628 πυκτὶα
1289 601 1342 627 τῶν
1361 600 1440 627 θείων
1458 600 1583 635 Γραφῶν,
1604 608 1662 634 qute
1682 599 1820 627 Constanti
1841 599 1897 626 Au-

1145 643 1222 671 gusto
1239 636 1401 662 Athanasius
1422 636 1508 667 misit,
1525 637 1598 671 idem
1618 636 1670 671 sint
1685 636 1753 669 quod
1777 635 1897 671 synopfis

1145 669 1291 712 Scriptura:
1303 679 1387 698 *αι-τω
1398 679 1408 703 ;
1421 675 1444 697 et
1461 679 1496 697 an
1509 669 1629 706 synopsis
1641 669 1688 696 illa
1702 671 1735 697 sit
1750 678 1806 697 vere
1819 670 1898 696 Atha-

1147 716 1228 734 ηαιη.

1146 763 1310 790 Athanasius
1332 762 1357 790 in
1376 761 1503 797 Apologia
1518 763 1553 789 ad
1568 761 1752 789 Constantium
1777 761 1815 797 (α)
1840 762 1898 789 lucc

1112 810 1213 838 habet:
1229 809 1274 844 Τῷ
1288 808 1393 844 ἀδελφῷ
1411 817 1455 834 σου
1477 808 1527 835 οὐκ
1542 808 1688 844 ἔγραψα,ῆ
1708 809 1786 843 μόνον
1807 809 1852 835 ὅτε
1873 808 1898 834 οἱ

1112 857 1175 892 περὶ
1198 856 1326 882 Εὑσέϐιον
1341 855 1464 890 ἔγραψαν
1483 854 1557 890 αὐτῷ
1573 855 1632 882 κατ’
1645 854 1724 889 ἐμοῦ,
1745 854 1792 881 καὶ
1813 854 1898 888 ἀνάγ-

1112 912 1162 939 κην
1178 902 1266 938 ἔσχον,
1289 901 1329 928 ἔτι
1354 901 1391 928 ὢν
1411 903 1440 927 ὲν
1464 901 1496 936 τῇ
1515 900 1710 936 Ἀλεξανδρείᾳ,
1727 900 1897 935 ἀπολογήσα-

1113 949 1190 975 σθαι·
1210 947 1258 974 καὶ
1277 947 1322 973 ὅτε
1343 946 1445 973 πυκτία
1459 945 1512 972 τῶν
1527 945 1606 972 θείων
1620 945 1735 981 Γραφῶν
1754 945 1899 971 κελεύσαν-

1111 1004 1156 1027 τος
1180 992 1262 1021 αὑτοῦ
1291 1002 1335 1029 μοι
1360 991 1581 1024 κατασκευάσαι,
1603 991 1688 1018 ταῦτα
1707 992 1824 1026 ποιήσας
1844 991 1897 1018 ἀπ-

1111 1041 1228 1068 έστειλα·
1242 1041 1293 1067 hoc
1305 1045 1346 1067 est
1359 1048 1365 1066 :
1384 1038 1476 1065 Fratri
1492 1043 1579 1066 autem
1597 1043 1641 1065 tuo
1661 1046 1824 1073 nequaquam
1836 1038 1900 1064 scri-

1111 1087 1168 1121 psi,
1184 1086 1237 1113 nisi
1256 1091 1394 1121 postquam
1411 1084 1572 1116 Eusebiani,
1588 1084 1674 1110 missis
1699 1084 1837 1110 adversum
1858 1092 1900 1110 me

1111 1133 1218 1163 litteris,
1239 1131 1417 1158 necessitate»:
1432 1129 1496 1156 mihi
1511 1129 1634 1162 intulere,
1657 1137 1715 1156 cum
1733 1129 1820 1155 adhuc
1836 1128 1899 1155 Ale-

1111 1178 1232 1205 xandria:
1255 1178 1389 1211 degerem,
1413 1183 1504 1203 eorum
1527 1175 1673 1202 calumnias
1703 1175 1898 1209 propulsandi:

1111 1225 1255 1259 iterumque
1272 1231 1331 1250 cum
1351 1223 1396 1249 illo
1413 1221 1578 1256 pracipicnte
1605 1226 1633 1248 ut
1656 1221 1804 1248 divinarum
1825 1220 1896 1248 Scri-

1112 1275 1250 1305 pturarum
1278 1269 1358 1296 libros
1389 1268 1564 1299 adornarem,
1587 1267 1718 1301 confectos
1746 1266 1781 1292 ad
1814 1267 1898 1301 ipsum

1112 1317 1255 1344 transmisi.
1277 1315 1339 1343 llaec
1353 1315 1453 1341 πυκτία
1473 1313 1527 1340 τῶν
1541 1313 1620 1340 θείων
1635 1313 1750 1349 Γραφῶν
1768 1313 1824 1340 vult
1843 1313 1898 1340 Til-

1112 1362 1256 1390 lemontius
1269 1361 1306 1397 (ὁ)
1325 1367 1384 1388 esse
1399 1359 1527 1395 synopsin
1541 1359 1688 1394 Scriptura:
1703 1367 1798 1392 sacrae,
1814 1367 1896 1394 quam

1112 1415 1162 1436 nos
1182 1407 1254 1435 inter
1276 1406 1357 1434 dubia
1378 1412 1459 1440 opera
1475 1405 1592 1433 secundo
1612 1409 1684 1432 tomo
1698 1405 1826 1432 cusimus.
1844 1404 1898 1432 Sed

1112 1455 1145 1482 ad
1171 1453 1328 1490 quaestionis
1353 1453 1496 1485 notitiam,
1521 1452 1693 1487 quaerendum
1722 1451 1813 1479 statim
1833 1451 1898 1486 quid

1113 1501 1166 1528 sint
1181 1500 1300 1532 πυκτία,
1322 1499 1441 1534 quidque
1466 1506 1524 1527 aevo
1547 1499 1664 1526 maxime
1685 1498 1825 1526 Athanasii
1848 1498 1899 1526 hoc

275 1545 401 1578 missam,
427 1545 474 1572 sed
504 1546 537 1572 ad
558 1545 617 1573 illos
644 1537 689 1580 qui
710 1553 740 1573 se
763 1545 860 1573 litteris
885 1551 1098 1584 provocarantc
1115 1546 1244 1574 vocabulo
1268 1545 1444 1573 indicaretur.
1467 1544 1543 1573 Unde
1566 1545 1649 1573 miror
1678 1545 1898 1578 Tillemontium,

274 1593 425 1626 episcopos,
450 1596 480 1619 ut
499 1592 556 1626 ipse
578 1592 678 1626 passim
700 1592 787 1619 innuit
813 1592 839 1619 in
862 1592 975 1626 epistola
1000 1600 1060 1619 sua.

250 1674 253 1675 ν
274 1638 377 1674 Ecquid
392 1645 455 1673 ergo
467 1639 515 1665 abs
531 1646 560 1666 re
575 1638 652 1665 nobis
667 1638 811 1673 synodum.
823 1642 850 1665 et
867 1638 976 1665 nimiam
997 1645 1062 1673 syn-

274 1686 318 1712 odi
339 1685 508 1712 durationem
526 1684 665 1712 obtrudit?
686 1684 735 1712 Hic
750 1692 784 1712 ne
805 1684 858 1719 γρύ
873 1684 983 1719 quidem
1000 1690 1062 1711 con-

275 1733 316 1756 tra
333 1729 475 1757 mussitare
489 1729 578 1757 liceat.

268 1773 272 1812 ι
310 1774 401 1810 Pergit
416 1775 469 1807 ille,
482 1774 627 1805 verisimile
641 1782 694 1802 non
707 1779 749 1803 est
765 1775 896 1810 synodum
910 1773 1060 1801 Romanam

275 1829 324 1857 pro
336 1830 427 1850 mense
439 1822 588 1855 Decembri,
597 1823 764 1850 incommoda
773 1822 876 1849 scilicet
892 1826 1060 1857 tempestate.

276 1867 403 1895 indictam
437 1867 517 1896 fuisse
539 1876 547 1896 :
570 1869 640 1903 quod
673 1874 762 1896 tamen
793 1869 907 1896 innuere
937 1868 1062 1896 videntur

276 1912 362 1940 Julius
375 1917 403 1940 et
421 1913 596 1948 Athanasius,
611 1913 674 1941 dum
694 1914 786 1946 aiunt,
808 1914 911 1948 legatos
929 1913 1061 1949 Elpidium

277 1962 306 1985 et
324 1957 496 1986 Philoxenum
515 1959 585 1986 ultra
603 1959 766 1994 praefinitum
782 1959 815 1986 ad
837 1959 971 1995 synodum
991 1959 1062 1986 cele-

277 2003 406 2030 brandam
422 2007 539 2038 tempus,
558 2003 591 2031 ad
610 2011 696 2039 usque
711 2004 869 2032 Januarium
886 2012 1006 2032 mensem
1029 2005 1062 2032 ab

277 2048 435 2077 Eusebianis
451 2050 572 2078 detentos
590 2050 689 2084 fuisse;
710 2056 767 2078 tum
791 2051 918 2079 credibile
933 2059 986 2078 non
1001 2059 1062 2079 esse

277 2095 380 2130 legatos
401 2102 494 2124 mense
516 2095 657 2128 Januario,
675 2097 764 2124 media
787 2104 882 2132 nempe
907 2097 1005 2132 hieme,
1028 2098 1062 2125 ab

277 2141 372 2169 iisdem
389 2141 514 2169 dimissos
534 2141 626 2169 fuisse.
643 2141 705 2169 llaec
725 2144 798 2169 omni
824 2150 858 2170 ex
875 2148 951 2178 parte
967 2143 1062 2171 labun-

278 2193 337 2221 tur;
363 2195 424 2215 nam
447 2188 498 2216 etsi
517 2188 627 2215 daretur
651 2187 782 2223 synodum
806 2188 839 2215 ad
865 2195 983 2216 mensem
1007 2188 1060 2216 De-

276 2234 411 2262 cembrem
427 2233 553 2260 indictam
569 2233 662 2266 fuisse,
685 2241 738 2260 non
761 2233 854 2268 procul
878 2234 999 2268 exempla
1014 2241 1060 2268 pe-
1075 2224 1097 2252 Ῑ)

278 2281 357 2308 tenda
372 2284 474 2313 essent,
487 2280 520 2307 ad
535 2280 765 2315 comprobandum
783 2280 809 2306 id
823 2287 875 2307 non
889 2285 986 2315 praeter
1000 2288 1062 2308 con-

277 2327 446 2354 suetudinem
460 2325 564 2353 admitti
578 2333 585 2352 :
603 2325 712 2360 quando
729 2331 873 2352 numerosa
886 2324 931 2352 illa
945 2326 1061 2360 synodus

276 2373 444 2401 Antiochena
464 2379 497 2399 ex
520 2372 656 2405 omnibus,
678 2372 759 2399 etiam
779 2371 920 2404 extremis,
941 2371 1060 2400 Orientis

277 2419 399 2454 partibus
415 2418 538 2451 collecta,
552 2418 662 2446 ineunte
681 2425 753 2445 anno
764 2418 814 2445 5M
832 2419 921 2446 media
937 2418 1062 2446 videlicet

277 2465 375 2497 hieme.
389 2464 525 2492 celebrata
539 2468 593 2497 est,
612 2468 642 2491 ut
660 2463 762 2491 fatetur
782 2463 824 2491 vel
847 2464 905 2499 ipse
918 2463 1063 2491 Tillemon-

277 2512 351 2539 tius:
366 2518 449 2546 quare
465 2509 532 2538 nihil
550 2510 613 2538 hinc
635 2509 678 2536 vel
701 2509 734 2536 ad
751 2509 846 2545 synodi
869 2509 998 2537 Romanas
1019 2517 1063 2537 ce-

277 2557 465 2589 lebrationem,
479 2556 522 2584 vel
541 2556 575 2584 ad
593 2555 790 2591 profectionem
814 2556 963 2591 legatorum
977 2556 1063 2584 obicis

276 2604 384 2630 adesset
402 2611 409 2630 :
426 2610 488 2630 curn
514 2602 664 2637 przesertim
686 2601 852 2634 Eusebiani,
875 2610 926 2629 non
949 2602 986 2629 ita
1011 2602 1062 2630 hu-

277 2648 348 2676 mani
373 2652 401 2675 et
420 2647 563 2683 opportuni
585 2652 696 2680 essent,
718 2653 747 2674 ut
770 2652 897 2675 curarent
913 2649 1060 2676 adversane

277 2701 311 2720 an
332 2695 475 2721 commoda
499 2697 657 2728 tempestate
672 2692 774 2728 legatos
788 2692 860 2726 Julii,
874 2694 916 2720 cui
937 2698 1001 2721 tunc
1018 2694 1059 2721 in—

258 2732 260 2735 v
278 2738 338 2766 festi
361 2743 451 2771 erant,
466 2738 640 2766 dimitterent.
655 2738 723 2772 Quid
742 2739 813 2773 quod
834 2747 882 2766 nec
897 2740 1061 2768 Athanasius

279 2793 327 2812 nec
339 2784 429 2812 Julius
447 2785 532 2818 aiunt,
549 2785 592 2812 vel
614 2784 648 2812 ad
670 2784 842 2812 Decembrem
864 2785 904 2812 vel
925 2786 958 2812 ad
981 2786 1061 2813 alium

315 2870 354 2908 la)
372 2870 402 2898 ιι.
416 2870 478 2898 256.

1112 1593 1158 1628 qui
1174 1597 1293 1619 nostrum
1311 1592 1337 1618 in
1360 1592 1489 1627 synopsin
1511 1592 1642 1619 monitum
1664 1591 1759 1626 legisse
1778 1598 1809 1618 se
1824 1591 1900 1618 testi-

1112 1638 1218 1670 llcatur,
1242 1637 1307 1665 nihil
1333 1638 1409 1673 pensi
1426 1637 1552 1665 habuisse
1585 1637 1649 1672 quid
1674 1637 1708 1665 de
1731 1637 1810 1672 hujus
1825 1638 1900 1665 vocis

1112 1683 1262 1718 signiﬁcatu
1289 1683 1438 1718 perspicuis
1468 1683 1599 1718 exemplis
1624 1683 1792 1715 dixerimus!
1818 1683 1899 1711 Juvat

1111 1730 1203 1764 itaque
1215 1729 1277 1763 quid
1291 1729 1344 1756 sint
1354 1729 1388 1755 τὰ
1401 1729 1504 1756 πυκτίσ.
1517 1728 1638 1764 pluribus
1652 1729 1789 1764 indagare.
1802 1729 1900 1756 Suidas

1112 1774 1142 1802 τὸ
1156 1774 1267 1802 πυκτίον
1281 1775 1320 1802 sic
1333 1775 1459 1809 explicat,
1472 1775 1503 1802 τὸ
1519 1775 1619 1810 βιϐλίον
1637 1775 1690 1802 ἀπὸ
1702 1775 1749 1802 τοῦ
1765 1776 1898 1809 πυχτίζω,

1111 1821 1125 1847 ὃ
1139 1821 1212 1848 ἐστιν
1232 1821 1426 1856 ἀσφαλίζεσθαι
1450 1822 1497 1848 καὶ
1521 1822 1719 1855 συγκλείεσθαι,
1737 1823 1761 1849 id
1781 1828 1832 1855 est,
1849 1832 1900 1850 πυ-

1111 1868 1196 1899 κτίον,
1217 1876 1233 1894 ιι
1247 1868 1322 1894 verbo
1349 1867 1481 1900 πυκτίζω,
1495 1868 1564 1903 quod
1586 1868 1717 1903 signiﬁcat
1737 1869 1901 1904 compingere

1112 1918 1136 1940 et
1157 1912 1322 1940 concludere.
1345 1912 1393 1940 Est
1415 1913 1507 1948 itaque
1526 1914 1638 1940 πυκτίον
1655 1914 1723 1941 liber
1742 1919 1900 1949 compactus

1111 1960 1169 1987 sive
1190 1959 1313 1986 volumen
1336 1968 1343 1986 :
1369 1967 1456 1994 neque
1479 1959 1531 1987 hac
1548 1967 1614 1988 voce
1639 1960 1799 1996 intelligitur
1831 1961 1901 1988 liber

1112 2007 1157 2040 qui
1177 2007 1274 2034 dicitur
1298 2009 1431 2033 tractatus
1453 2010 1500 2033 aut
1523 2007 1588 2041 quid
1607 2006 1713 2039 simile;
1739 2010 1769 2033 ut
1789 2010 1817 2033 et
1836 2014 1901 2033 tnox

1112 2052 1255 2080 all‘erendis
1270 2052 1335 2080 locis
1346 2052 1485 2087 propalam
1500 2053 1563 2080 erit.
1578 2052 1644 2079 Nam
1658 2052 1806 2087 Gregorius
1820 2052 1900 2085 Νη..

1111 2100 1231 2127 oratione
1250 2107 1301 2130 xx,
1319 2099 1358 2126 sic
1381 2098 1481 2126 habet:
1501 2099 1582 2125 Ὅσον
1606 2099 1645 2125 ἑνὶ
1667 2098 1720 2124 τῶν
1745 2097 1902 2126 ἀκολούθων

1111 2146 1212 2177 εἰπεῖν,
1232 2144 1362 2183 ἀραεεένῳ
1389 2144 1420 2170 τὸ
1436 2144 1564 2177 ιπυχτίυν
1585 2144 1756 2171 ἀκολουθεῖν·
1783 2144 1808 2171 id
1834 2149 1901 2172 est:

1113 2191 1197 2224 Quam
1213 2191 1258 2218 uni
1273 2198 1306 2218 ea:
1320 2190 1438 2222 asseclis,
1452 2196 1481 2217 ut
1494 2199 1522 2218 se
1537 2195 1643 2225 accepto
1657 2191 1723 2217 libro
1737 2196 1901 2226 sequeretur.

1111 2237 1266 2271 imperaret;
1284 2242 1311 2264 et
1324 2242 1394 2264 orat.
1407 2237 1510 2263 6:"01:
1529 2245 1574 2272 μοι
1590 2237 1703 2263 πυκτῶν
1717 2238 1745 2263 ὲν
1759 2237 1838 2272 χερσὶ
1854 2236 1902 2263 τοῦ

1117 2283 1328 2320 Ἀπολλιναρίου,
1341 2284 1404 2310 mihi
1415 2284 1440 2310 in
1448 2283 1569 2310 manibus
1583 2291 1638 2310 esse
1653 2283 1749 2309 librum
1763 2282 1902 2316 Apollina—

1111 2329 1164 2360 rii;
1192 2333 1219 2355 et
1236 2329 1315 2363 epist.
1328 2328 1381 2355 (il:
1398 2328 1458 2354 Τῶν
1478 2328 1507 2354 δὲ
1530 2327 1652 2354 πυκτίων
1675 2323 1712 2354 ὧν
1735 2327 1854 2362 ᾔτησας,
1871 2327 1903 2353 τὸ

1113 2374 1162 2410 μὲν
1177 2370 1267 2409 εὖρον,
1291 2374 1338 2400 καὶ
1361 2373 1472 2408 ἔπεμψά
1488 2381 1528 2400 σοι
1554 2373 1718 2412 προθύμωςσ
1740 2372 1770 2398 τὸ
1790 2372 1817 2399 δὲ
1836 2371 1901 2407 ἐζη-

1113 2419 1232 2455 μιώθην,
1253 2420 1303 2446 οὐκ
1320 2419 1389 2455 ἔχων
1415 2419 1471 2446 οἴου
1490 2418 1619 2455 χρῄζεις,
1645 2418 1694 2452 τὴν
1715 2416 1834 2445 Ἰλιάδα·
1859 2417 1903 2444 Ea:

1114 2465 1189 2492 libris
1208 2473 1286 2499 porro
1307 2464 1525 2500 quos'postulas,
1545 2465 1658 2491 alterum
1673 2464 1773 2496 inveni,
1791 2471 1902 2498 eumque

1114 2511 1149 2538 ad
1167 2515 1192 2538 te
1213 2510 1322 2537 libenter
1349 2511 1427 2542 misi;
1449 2510 1562 2537 alterum
1586 2517 1662 2544 quem
1686 2509 1780 2542 poscis.
1803 2508 1902 2535 damno

1112 2565 1170 2583 meo
1193 2565 1246 2583 non
1267 2556 1360 2590 habeo,
1383 2557 1508 2584 nimirum
1527 2556 1651 2588 Iliadem;
1667 2563 1709 2590 ep.
1723 2554 1902 2582 87τΠυκτίον

1112 2602 1322 2638 ἀπεστάλκαμέν
1337 2611 1378 2630 σοι
1396 2603 1446 2638 τῆς
1466 2602 1618 2638 Ὠριγένους
1636 2601 1832 2633 Φιλοκαλίιις·
1858 2600 1904 2626 Li-

1113 2649 1187 2675 brum
1214 2650 1248 2675 ad
1273 2653 1298 2675 te
1325 2649 1444 2676 misimus
1476 2647 1596 2683 Origenis
1618 2647 1792 2679 Philocalite;
1819 2646 1901 2680 epist.

1115 2694 1165 2722 165
1178 2703 1184 2721 :
1200 2695 1237 2721 Τὸ
1249 2695 1360 2722 πυκῇον
1373 2695 1440 2730 ὅπερ
1455 2694 1567 2730 εἴληφας
1584 2694 1648 2730 παρ’
1662 2693 1750 2729 ἡμῶν,
1767 2693 1817 2724 τὰς
1832 2693 1903 2728 Ἀρι-

1116 2740 1255 2772 στοτέλους
1270 2740 1546 2773 ἐπιστολάς-Μόνιηη
1559 2748 1634 2774 quem
1649 2748 1665 2766 a
1679 2740 1752 2766 nobis
1766 2739 1900 2772 accepisti,

1116 2786 1264 2814 Aristotelis
1279 2786 1429 2822 Epistolas;
1444 2790 1471 2813 et
1490 2790 1581 2820 postea
1594 2794 1602 2812 :
1619 2785 1708 2816 Αῑτεῖς
1718 2784 1820 2811 trux-tia.
1834 2786 1901 2819 mp‘

1153 2873 1190 2909 (ὑ)
1218 2871 1260 2901 i’ie
1275 2873 1306 2901 tle
1325 2872 1354 2901 S.
1370 2874 1477 2907 Atium,
1492 2878 1543 2902 arl.
1559 2873 1603 2908 57,
1618 2878 1643 2902 et
1659 2878 1720 2901 notc
1734 2872 1778 2900 ‘5.
