2016 3046
285 164 334 186 CLI
340 164 404 184 ςνιιι

286 219 372 249 ριιπω
384 211 576 247 interpretibus
588 211 778 245 subjiciuntur,
791 211 824 238 de
839 211 935 246 Aquila
950 212 1063 244 scilicet,
1079 214 1103 242 Α

286 260 460 296 Symmacho,
477 258 672 292 Theodotione,
696 264 761 292 etc.,
782 267 815 286 ex
839 258 980 293 Epiphanii
1000 259 1068 287 libro

284 304 324 332 De
338 305 477 336 mensuris,
503 312 628 339 expressa
646 308 673 331 et
697 312 712 331 a
734 312 883 340 synopseos
903 309 1016 331 auctore
1041 305 1067 331 in

285 350 472 384 compendium
489 350 596 376 redacta
608 350 699 381 fuisse,
716 354 743 376 ut
758 350 844 377 cuivis
861 350 959 384 legenti
972 357 1068 384 propa-

284 395 336 422 lam
350 397 409 423 erit.
430 395 492 423 [hec
505 402 568 422 vero
579 395 719 422 Athanasii
738 402 789 422 non
809 403 869 422 esse
897 395 996 422 fatetur
1010 395 1068 429 ipse

284 442 470 469 Tillemontius
501 451 508 468 ;
539 442 585 469 sed
610 449 659 476 pro
689 448 763 468 more
787 448 838 468 suo
861 441 907 468 ille
932 440 1067 474 adjectitia

283 493 311 514 et
327 488 452 515 secunda:
477 495 572 515 manus
589 494 648 514 esse
671 487 785 514 dictitat.
817 487 845 514 Id
861 491 950 513 autem
983 488 1068 521 gratis

283 533 393 560 omnino
409 533 510 560 dicitur
525 541 531 559 :
547 532 614 559 nihil
637 533 735 567 quippe
752 532 807 559 illic
834 537 931 567 praeter
949 532 1066 566 primum

283 579 424 613 scriptoris
448 578 601 605 institutum
624 577 709 605 fertur
723 587 729 603 :
748 577 804 604 ha:c
821 584 964 604 recensere
977 576 1068 603 debuit

282 623 316 656 is,
336 623 379 650 cui
398 627 519 650 exactam
538 630 627 649 rerum
643 621 675 649 ad
693 629 800 649 sacram
817 621 985 656 Scripturam
1005 629 1067 656 spe-

282 669 412 695 ctantium
431 669 554 696 notitiam
571 668 678 695 tradere
693 668 718 694 in
735 667 825 694 animo
839 667 905 700 fuit;
921 667 992 694 hunc
1004 675 1067 694 vero

282 716 424 751 scriptoris
436 724 546 751 scopum
564 715 663 748 fuisse,
682 723 761 743 nemo
773 715 817 750 qui
842 715 939 750 legerit
963 715 1067 742 inficias

282 767 337 790 eat.
351 761 399 789 llis
425 769 474 789 nos
498 762 531 789 de
547 762 638 789 causis
655 762 783 797 synopsin
802 761 950 796 Scriptura:
982 769 1066 789 sacrae

282 807 390 834 dubiam
405 812 432 834 et
448 813 601 842 suspectam
618 807 751 834 habemus
767 815 774 833 :
801 814 853 841 qua
871 807 897 833 in
917 815 956 838 re,
973 814 1064 842 spero,

281 853 369 889 quivis
383 857 514 880 emunctae
528 853 601 879 naris
616 852 696 879 homo
710 853 787 880 nobis
802 852 1002 887 astipulabitur.

498 906 752 934 ANIMADVERSIO
772 906 839 934 XVI.

281 983 284 986 λ
299 955 342 982 An
362 955 422 982 cmi
445 954 474 981 in
490 953 604 981 Fabi-ica
625 953 863 987 Adrianopolitana
875 953 1046 980 ecclesiastici

275 1004 277 1028 ε
569 989 658 1015 laicive
670 988 779 1021 fuerint.

317 1034 365 1062 Est
377 1034 452 1062 locus
464 1034 489 1062 in
503 1033 621 1061 Historia
638 1034 797 1060 Arianorum
819 1034 854 1060 ad
869 1033 1022 1065 monachos,
1037 1041 1062 1066 ι).

280 1081 344 1113 I280,
357 1082 401 1116 qui
424 1082 463 1108 sic
489 1081 588 1107 habet:
609 1080 665 1106 Καὶ
679 1080 859 1115 πεποιήκασιν
876 1079 930 1106 ἀπὸ
945 1080 994 1115 τῆς
1006 1081 1065 1106 ἐκεῖ

281 1127 414 1164 Φάϐρικος
427 1127 494 1154 δέκα
506 1125 606 1153 λαῖκῶν
619 1126 807 1162 ἀποτμηθῆναι
815 1127 864 1158 τὰς
873 1126 992 1160 κεφαλάς
1001 1134 1007 1140 ·
1020 1126 1063 1153 ubi

282 1174 316 1201 de
328 1174 461 1209 episcopis
474 1173 581 1200 Ariauis
594 1173 693 1206 agitur,
719 1172 765 1207 qui
796 1171 906 1199 Sardica
932 1171 1064 1206 fugientes

281 1219 371 1247 Omnia
389 1219 501 1247 tumultu
517 1224 544 1246 et
560 1219 677 1246 caedibus
694 1217 829 1253 replebant
846 1216 1064 1252 :E/feceruntqae

280 1270 308 1292 ut
320 1273 353 1292 ex
364 1264 487 1297 Fabrica,
502 1266 540 1291 ita
552 1265 650 1291 scilicet
666 1265 748 1298 dicta,
763 1266 851 1292 decem
871 1265 998 1291 laicorum
1017 1272 1064 1290 ca-

280 1310 335 1344 pita
351 1315 548 1336 truncarentur.
565 1309 593 1336 In
610 1310 729 1337 editione
756 1317 820 1337 vero
848 1309 1062 1337 Commeliniaua

280 1355 387 1391 legitur,
404 1354 480 1390 δίκην
493 1354 604 1387 λαῖκῶν,
623 1355 852 1390 typographorum
864 1362 931 1382 sane
945 1355 1060 1382 mendo:

281 1409 341 1435 qua:
357 1400 436 1428 lectio
447 1401 473 1428 in
489 1401 607 1428 editione
621 1401 683 1427 item
699 1399 846 1428 Parisiensi
864 1401 926 1427 anni
943 1400 1012 1428 1627
1028 1401 1062 1428 ad

280 1445 502 1474 Commeliniante
518 1446 597 1474 fidem
608 1446 777 1480 exprimitur.
797 1446 893 1473 Veram
907 1453 955 1473 nos
967 1446 1062 1474 lectio-

280 1501 353 1526 nem,
369 1498 400 1521 ut
414 1501 506 1528 supra,
526 1500 560 1521 ex
581 1493 691 1528 optimis
706 1493 844 1520 codicibus
861 1498 888 1519 et
903 1493 1061 1520 nominatim

280 1547 314 1566 ex
329 1539 413 1574 Regio
436 1539 606 1573 perautiquo,
622 1539 790 1566 restituimus
805 1546 813 1565 :
830 1538 863 1566 iis
880 1538 945 1565 item
965 1537 1060 1566 sulfra-
1073 1549 1095 1578 α

280 1587 358 1618 gatur
374 1582 504 1615 Nannius,
527 1582 573 1617 qui
587 1582 623 1609 ita
638 1583 736 1615 vertit,
757 1583 845 1609 decem
864 1583 993 1609 laicorum
1016 1591 1060 1609 ca-

279 1629 346 1664 pita.
363 1628 391 1655 In
418 1627 627 1656 Commeliniana
654 1628 769 1656 lectione
786 1633 876 1663 aptam
900 1629 1060 1655 sententiam

280 1673 380 1701 frustra
397 1680 504 1708 quaeras
518 1682 525 1699 :
541 1680 602 1700 nam
619 1673 695 1708 quid,
712 1680 815 1708 quaso,
831 1673 883 1701 sibi
896 1672 954 1700 vult
968 1673 1034 1701 illud
1051 1683 1057 1701 :

279 1719 478 1754 E/feceruntaue
497 1723 526 1745 ut
539 1726 571 1746 ea:
587 1718 703 1746 Fabrica
723 1720 810 1746 instar
827 1719 957 1746 [uicorum
970 1720 1059 1754 capita

279 1766 508 1799 praeciderentur?
535 1764 610 1792 Hanc
641 1769 730 1792 tamen
763 1765 885 1792 vitiatam
916 1764 1059 1793 lectiouetn

279 1810 477 1844 Tillemontius,
509 1809 694 1837 Ilermantlum
721 1815 839 1842 secutus,
861 1817 932 1837 vera:
948 1815 1060 1844 antepo-

279 1855 345 1888 suit,
362 1860 443 1890 atque
459 1856 494 1882 ita
508 1855 590 1882 vertit
603 1862 635 1882 ac
650 1856 673 1882 si
697 1855 832 1890 legeretur
842 1876 850 1889 ,
875 1856 1060 1891 Ιῐεποιήκασιν

278 1900 333 1927 ἀπὸ
344 1901 392 1936 τῆς
404 1901 462 1926 ἐκεῖ
474 1900 609 1936 Φάῦρικος
623 1901 857 1937 ὲκκλησιαστικῶν
868 1901 944 1937 δίκην
957 1901 1058 1928 λαῖκῶν

278 1945 466 1980 ἀποτμηθῆναι
481 1944 530 1976 τὰς
541 1945 660 1980 κεφαλάς
670 1954 676 1960 ·
696 1945 896 1981 ΕΙῙεεενιιηιᾳιιε
912 1952 940 1972 ut
960 1954 991 1973 ex
1003 1946 1058 1973 Fa-

279 1990 351 2016 brica
366 1991 605 2017 ecclesiasticarum
620 1992 705 2018 instar
719 1992 849 2018 laicorum
862 1992 950 2027 capita
965 1993 1059 2026 praci-

278 2037 412 2063 derentur.
427 2035 472 2063 Sic
486 2036 530 2064 ille
543 2044 592 2063 suo
606 2042 704 2070 marte,
739 2045 797 2064 curn
826 2042 913 2065 tamen
931 2038 1058 2066 ecclesia-

278 2081 407 2108 sticorum
421 2081 446 2108 in
459 2081 696 2116 Adrianopolitaua
710 2082 824 2110 Fabrica
839 2090 970 2110 ctesorum
985 2084 1058 2111 nulla

278 2127 382 2162 uspiam
403 2127 503 2155 mentio
522 2128 662 2160 habeatur,
689 2132 715 2155 et
730 2128 781 2154 alia
798 2135 877 2162 quam
891 2129 1058 2156 asseruimus

275 2171 356 2199 lectio
370 2172 472 2207 optime
489 2172 598 2200 habeat.
613 2171 792 2200 Fabricenses
817 2178 908 2200 autem
922 2174 1056 2201 Adriano-

967 148 1232 182 PROLEGOMENA.

1329 209 1585 239 ANIMADVERSIO
1600 211 1677 240 XVII.

1122 254 1282 283 Theodulum
1306 255 1566 289 Trajauopolitanum
1595 263 1708 290 tempore
1733 257 1900 288 Sardicensis

1277 292 1367 326 synodi
1383 291 1534 324 defunctum
1546 299 1601 318 esse
1616 294 1751 325 probatur.

1154 347 1181 374 ltt
1196 347 1359 374 editionibus
1384 346 1523 374 Athanasii
1542 347 1755 375 Commeliniana
1779 354 1806 376 et
1821 349 1895 377 Pari-

1118 393 1202 420 siensi
1221 393 1283 420 anui
1303 393 1370 420 {627
1388 392 1463 420 locus
1478 397 1571 427 aperte
1586 393 1694 421 vitiatus
1709 399 1808 426 exstat,
1827 395 1899 423 unde

1121 443 1222 466 exorta:
1237 438 1269 465 de
1287 438 1361 465 obitu
1383 437 1514 465 Thcoduti
1531 437 1762 473 ’l‘rajanopolitaui
1787 445 1898 467 contro-

1119 485 1212 511 versias
1224 489 1296 512 sunt.
1314 484 1401 511 Locus
1415 485 1454 512 sic
1473 485 1554 511 habet
1569 484 1662 511 iisdem
1688 485 1713 512 iu
1739 485 1819 512 editis
1835 486 1871 521 (ιι)
1889 496 1895 513 :

1123 530 1152 556 '0
1162 528 1208 556 οὖν
1225 530 1427 565 συλλειτουργδς
1447 530 1523 565 ἡμῶν
1535 531 1549 556 ὀ
1563 530 1715 566 μακαρίτης
1734 530 1876 563 Θεόδουλος
1889 552 1896 563 ,

1117 575 1224 610 φεύγων
1241 576 1330 602 αὐτῶν
1344 577 1393 612 τὴν
1408 577 1541 613 διαϐολήν·
1555 577 1714 603 κεκέλευστο
1723 577 1777 612 γὰρ
1793 578 1824 603 ἐκ
1837 578 1897 604 δια-

1117 621 1198 656 ϐολῆς
1212 621 1300 648 αὐτῶν
1314 622 1468 649 ἀποθανεῖν.
1484 623 1557 650 llanc
1577 622 1724 649 clausulam
1754 623 1897 650 manifeste

1118 668 1237 695 mutilam
1253 675 1285 695 cx
1303 668 1386 702 Regio
1402 668 1553 702 exemplari
1573 668 1762 702 antiquissimo
1784 669 1898 694 sat-civi-

1118 721 1176 740 tuus
1192 713 1241 740 hoc
1260 714 1339 740 modo
1352 723 1357 739 :
1373 713 1519 740 Ἀπέθανεν
1533 711 1579 740 οὖν
1591 714 1605 739 ὁ
1619 713 1771 748 μακαρίτης
1783 713 1898 739 Θεόδω-

1115 759 1170 791 λος,
1187 759 1293 793 φεύγων
1309 759 1396 785 αὐτῶν
1410 759 1458 794 τὴν
1471 758 1606 795 διαϐολήν·
1624 759 1782 785 κεκέλευατο
1797 759 1851 794 γὰρ
1865 760 1897 784 ἐκ

1115 804 1239 840 διαϐολῆς
1252 805 1340 831 αὐτῶν
1356 804 1517 832 ἀποθανεῖν·
1536 806 1561 833 id
1578 805 1717 833 estz01u'it
1740 810 1807 832 certe
1824 813 1896 831 com-

1117 852 1234 878 minister
1250 857 1336 878 noster
1354 851 1435 878 beata:
1450 852 1582 878 memerita
1599 850 1757 884 Tlteatlulus,
1771 853 1834 877 dum
1862 851 1896 877 iis

1116 895 1336 923 calumniantibus
1347 896 1411 931 fuga
1422 897 1470 923 sibi
1488 896 1648 924 consuleret:
1664 897 1693 923 ob
1705 905 1792 923 eorum
1803 898 1897 930 quippe

1115 940 1334 975 criminationem,
1357 942 1450 977 capitis
1466 941 1552 976 fuerat
1564 943 1714 968 damnatus.
1736 943 1800 975 Qum
1815 942 1896 969 lectio

1115 987 1193 1021 plane
1211 988 1341 1014 asseritur
1354 995 1386 1015 ex
1403 988 1497 1015 llilarii
1513 989 1638 1016 versione
1653 988 1775 1022 epistola:
1796 989 1893 1023 synodi

1115 1033 1283 1061 Sardicensis
1298 1034 1398 1061 dictum
1415 1035 1478 1062 illud
1503 1035 1673 1070 prtefcrentis
1690 1043 1697 1062 :
1716 1043 1776 1069 qua:
1805 1034 1896 1061 versio

1115 1079 1208 1105 eodem
1225 1083 1346 1113 tempore
1360 1080 1531 1113 concinnata,
1545 1081 1634 1114 magni
1648 1086 1689 1108 est
1703 1081 1736 1107 ad
1752 1080 1894 1108 lectionem

1114 1124 1326 1151 cauﬁrmaudam
1343 1126 1482 1152 momenti.
1497 1125 1612 1152 Decessit
1629 1127 1708 1157 enim,
1722 1126 1762 1153 sic
1784 1126 1832 1158 ibi,
1851 1134 1895 1152 co-

1113 1171 1249 1204 episcopus
1262 1175 1358 1204 noster,
1372 1171 1533 1198 beatissimus
1549 1171 1706 1198 Tlteodulus.
1719 1171 1751 1198 Et
1765 1179 1829 1199 sane
1842 1179 1893 1199 vos

1116 1215 1279 1251 μακαρίτης,
1294 1224 1353 1251 qua:
1365 1224 1426 1244 cum
1449 1217 1519 1250 apud
1542 1216 1729 1249 Athanasium,
1745 1221 1800 1244 tum
1822 1217 1892 1252 apud

1113 1261 1324 1295 'I'heodoretum,
1340 1263 1384 1297 qui
1402 1264 1524 1290 eamdem
1540 1263 1633 1298 synodi
1655 1263 1825 1291 Sardicensis
1836 1264 1893 1298 epi-

1113 1307 1208 1334 stolam
1221 1307 1319 1339 attulit,
1334 1308 1535 1340 circumfertur,
1556 1308 1589 1335 de
1605 1307 1732 1335 defuncto
1748 1309 1834 1335 solum
1848 1308 1890 1335 di-

1113 1353 1192 1380 citur.
1209 1353 1284 1380 Unde
1296 1354 1414 1387 ejusdem
1429 1354 1591 1381 Theodoreti
1605 1355 1744 1381 lectionem
1758 1355 1890 1389 corrigas,

1112 1403 1172 1430 qua!
1185 1397 1224 1424 sic
1242 1397 1330 1430 habet,
1349 1397 1460 1434 ’Λνέστη
1478 1398 1542 1432 γοῦν
1560 1400 1574 1425 ό
1598 1399 1801 1434 συλλειτουργός
1814 1419 1822 1432 ,
1847 1400 1891 1426 ubi

1113 1447 1201 1469 tamen
1216 1443 1389 1472 doctissimus
1405 1443 1528 1473 Valesius
1542 1446 1581 1472 sic
1592 1446 1797 1481 interpretatur,
1817 1446 1889 1473 Obiit

1112 1486 1193 1522 igitur
1206 1489 1405 1516 comminister:
1429 1490 1550 1526 hancque
1570 1496 1645 1526 putat
1664 1499 1722 1519 esse
1739 1492 1802 1519 dicti
1826 1500 1890 1520 sen-

1113 1533 1234 1560 tentiam.
1247 1535 1281 1561 At
1294 1536 1364 1569 quod
1377 1535 1512 1563 Valesiqu
1536 1542 1563 1564 et
1581 1537 1779 1564 Tillemontium
1795 1538 1831 1573 (ε)
1849 1539 1889 1570 εἰς

1111 1579 1265 1614 ἀμηχανίαν
1280 1581 1344 1615 egit,
1358 1581 1522 1610 Athanasius
1538 1583 1564 1609 in
1592 1581 1712 1609 Historia
1729 1583 1890 1610 Arianorum

1110 1625 1145 1651 ad
1160 1627 1309 1658 monachos,
1326 1633 1386 1661 post
1403 1632 1528 1655 enarrata
1545 1628 1715 1656 Sardicensis
1733 1630 1828 1664 synodi
1842 1638 1888 1663 ge-

1110 1674 1162 1702 sta,
1179 1671 1234 1697 luet:
1251 1672 1283 1698 de
1296 1672 1403 1699 Ariauis
1423 1673 1554 1708 episcopis
1569 1674 1736 1708 subjicitzOt
1751 1675 1779 1701 δὲ
1795 1675 1890 1701 καθαι-

1111 1715 1242 1751 ρεθέντες,
1269 1716 1327 1744 δέον
1343 1717 1389 1744 καὶ
1401 1718 1487 1750 οὕτως
1514 1720 1626 1755 ἠρεμεῖν
1640 1729 1646 1735 ·
1675 1721 1698 1746 οἱ
1713 1720 1740 1746 δὲ
1759 1720 1805 1747 καὶ
1823 1721 1891 1756 μετὰ

1109 1761 1159 1796 τὴν
1170 1761 1256 1793 οὕτως
1264 1763 1377 1799 αἰσχρὰν
1388 1764 1476 1799 φυγὴν
1492 1764 1675 1798 κατελθόντες,
1686 1765 1797 1792 τοιαῦτα
1813 1765 1890 1801 ἔδρα-

1108 1808 1170 1840 σαν,
1187 1801 1224 1838 di;
1239 1808 1270 1834 ὲκ
1281 1808 1381 1835 τούτων
1397 1809 1497 1845 μικρὰς
1512 1810 1600 1837 αὐτῶν
1616 1812 1666 1843 τὰς
1681 1811 1815 1847 προτέρας
1839 1812 1891 1838 δει-

1110 1852 1206 1888 χθῆναι
1221 1853 1334 1889 πράξεις
1344 1861 1351 1868 ”
1367 1855 1391 1882 id
1406 1861 1462 1882 est:
1482 1855 1534 1888 Qui
1547 1862 1633 1882 autent
1648 1857 1757 1891 depositi
1771 1858 1886 1892 (iterant,

1108 1907 1172 1932 quos
1184 1899 1223 1926 vel
1237 1905 1300 1925 tunc
1317 1900 1448 1935 quiescere
1466 1909 1514 1935 par
1524 1907 1592 1933 erat,
1616 1907 1674 1936 post
1693 1903 1758 1929 adeo
1787 1908 1889 1936 turpem

1109 1943 1198 1979 fugam
1217 1944 1281 1972 talia
1303 1950 1498 1979 perpetrarunt,
1517 1952 1544 1973 ut
1570 1947 1636 1973 let't'a
1655 1948 1742 1981 priora
1768 1948 1892 1982 facinora

1108 1991 1140 2016 iis
1155 1991 1251 2017 collata
1269 1991 1428 2018 viderentur.
1441 1992 1503 2019 llaec
1518 2000 1599 2027 porro
1617 1993 1736 2020 facinora
1753 1994 1802 2021 sub
1831 1995 1889 2021 lucc

1108 2041 1230 2063 recenset
1242 2036 1405 2064 Athanasius
1421 2037 1470 2073 (ά),
1484 2039 1555 2074 quod
1568 2039 1671 2067 scilicet
1682 2040 1774 2067 decem
1791 2039 1888 2068 Fabri-

1108 2088 1215 2114 censcs,
1231 2082 1263 2109 de
1282 2083 1379 2117 quibus
1405 2091 1496 2118 supra,
1522 2085 1679 2112 obtruncari
1705 2087 1888 2119 ,curaverint;

1108 2126 1260 2161 episcopos,
1281 2128 1454 2163 presbyteros
1479 2130 1661 2164 diaconosque
1676 2136 1798 2157 extorres
1812 2130 1886 2158 fece-

1109 2172 1177 2204 rint;
1204 2179 1235 2198 ac
1245 2171 1396 2207 Olympium
1411 2178 1437 2200 et
1453 2172 1619 2200 Thcodulum
1649 2175 1675 2201 iu
1698 2175 1814 2203 Thracia
1828 2177 1888 2210 epi-

275 2217 328 2253 poli
345 2225 441 2252 niaguo
457 2225 571 2246 numero
587 2217 670 2245 fuisse
694 2218 728 2245 ab
742 2218 885 2245 Ammiano
899 2218 1055 2248 Marcellino
1071 2218 1093 2244 D
1107 2224 1202 2251 scopos
1217 2217 1249 2244 ad
1265 2226 1356 2246 necem
1367 2220 1533 2254 quaesierint.
1551 2219 1627 2248 Unde
1638 2221 1726 2256 arguit
1741 2220 1889 2249 Tillemon-

275 2269 451 2292 memoratur.
469 2263 577 2290 Omnem
589 2263 697 2297 plebem,
714 2263 800 2298 inquit
811 2264 969 2292 Ammianus
985 2265 1056 2292 Mar—

273 2309 446 2345 cellinus(a),
462 2318 522 2336 cum
537 2309 752 2343 Fabricensibus,
778 2319 889 2344 quorum
900 2311 954 2338 illic
966 2313 1054 2347 antpla

274 2351 427 2378 multitudo.
446 2351 512 2378 Cum
527 2352 619 2386 itaque
631 2351 724 2379 Ariani
738 2353 856 2388 episcopi
870 2374 878 2386 ,
899 2353 1053 2383 stimulante

273 2397 405 2424 scelerum
423 2398 601 2431 conscientia,
618 2405 671 2433 quo
684 2398 853 2426 Sardicensis
868 2400 963 2434 synodi
976 2401 1052 2436 judi-

272 2443 343 2470 cium
357 2443 588 2478 subterfugerent,
605 2443 716 2471 Sardica
734 2452 763 2472 se
776 2446 985 2480 proripuissent,
1007 2447 1054 2474 ubi

272 2493 472 2524 conspexerunt
485 2488 740 2524 Adrianopolitanos
752 2498 780 2518 se
794 2491 912 2526 perfidiae
924 2493 1055 2520 timidita-

271 2536 359 2571 tisque
377 2538 488 2565 nomine
503 2538 634 2571 aversari,
654 2542 735 2573 atque
756 2546 771 2566 a
783 2540 973 2568 communione
1003 2541 1053 2569 ab-

271 2581 385 2610 horrere
396 2591 455 2616 sua,
471 2584 598 2612 ministro
621 2584 662 2612 usi
686 2584 831 2620 Philagrio.
847 2590 971 2614 auctores
992 2587 1052 2615 fue-

271 2632 335 2655 runt
349 2633 379 2655 ut
394 2636 426 2656 ex
442 2628 663 2664 Fabricensibus,
678 2630 723 2666 qui
740 2639 803 2666 pars
818 2639 914 2667 magna
933 2633 1053 2661 civitatis

269 2679 359 2707 erant,
375 2674 465 2702 decem
486 2676 574 2710 capite
589 2677 785 2705 minuerentur.
805 2677 862 2711 Qua
887 2678 914 2705 in
930 2685 959 2706 re
981 2678 1048 2706 nihil

269 2718 345 2746 dubii
360 2719 555 2749 diﬂicultalit‘tve
571 2722 705 2750 residuum

306 2786 505 2830 tamen“,
528 2798 555 2830 ‘c:
581 2790 607 2830 (ᾖ.
631 2791 669 2819 De
697 2791 905 2823 Fabricensibus
924 2793 988 2824 item
1021 2796 1049 2824 in

270 2820 373 2849 Notitia
387 2820 503 2858 imperii
511 2825 619 2853 videsis.

304 2857 341 2894 (ὁ)
355 2857 455 2886 Athan.
468 2867 496 2895 p.
510 2859 558 2888 l29
574 2865 602 2888 et
615 2860 679 2889 280.

1107 2263 1168 2296 tius,
1177 2263 1221 2298 qui
1230 2265 1476 2300 potuit'l‘heodulus
1485 2273 1544 2301 post
1554 2267 1742 2295 Snrdicensem
1755 2269 1887 2303 synodum

1106 2309 1138 2336 ad
1151 2317 1243 2337 necem
1258 2312 1352 2344 quani,
1371 2312 1415 2346 qui
1429 2313 1455 2338 in
1471 2313 1526 2347 ipsa
1539 2313 1707 2341 Sardicensis
1720 2315 1815 2349 synodi
1829 2316 1887 2349 epi-

1104 2355 1172 2382 stola
1197 2356 1297 2384 obiisse
1312 2356 1416 2384 fertur?
1436 2357 1534 2385 Verum
1554 2360 1579 2386 in
1598 2360 1630 2386 iis
1653 2367 1686 2386 ne
1702 2360 1812 2387 minitua
1829 2361 1887 2396 qui-

1105 2401 1164 2427 dem
1181 2401 1258 2429 adest
1284 2402 1452 2430 diflicultatis
1470 2404 1538 2430 ratio
1555 2413 1561 2431 :
1591 2412 1653 2431 nam
1669 2425 1676 2438 ,
1693 2410 1721 2432 ut
1738 2413 1770 2433 ex
1796 2406 1886 2433 allatis

1104 2447 1228 2480 superius
1247 2447 1478 2482 verbisliquidum
1496 2455 1548 2480 est,
1560 2449 1724 2477 Athanasius
1736 2459 1787 2478 non
1807 2451 1886 2478 modo

1101 2499 1161 2526 qua:
1175 2486 1234 2527 post
1245 2493 1393 2520 absolutam
1412 2495 1542 2527 synodum
1557 2514 1564 2527 ,
1596 2495 1643 2522 sed
1657 2496 1736 2523 etiam
1752 2503 1812 2531 qua:
1825 2501 1886 2531 post

1102 2538 1192 2573 fugam
1217 2531 1381 2566 Arianorum
1399 2540 1541 2574 praesulum
1557 2561 1564 2574 ,
1593 2547 1735 2576 antequam
1764 2542 1885 2578 synodus

1101 2586 1277 2620 perﬁceretur
1303 2591 1329 2613 et
1357 2586 1473 2620 epistola
1491 2587 1629 2622 synodalis
1659 2588 1780 2621 daretur,
1807 2594 1882 2624 gesta
1912 2609 1915 2611 .

1101 2637 1173 2663 sunt,
1191 2632 1342 2666 promiscue
1356 2638 1478 2660 recenset
1495 2642 1501 2660 :
1519 2633 1597 2668 idque
1615 2641 1680 2661 sane
1696 2635 1736 2661 vel
1751 2635 1812 2662 hinc
1823 2643 1884 2670 per-

1101 2678 1235 2712 spicuum,
1249 2679 1319 2712 quod
1330 2679 1424 2706 cadent
1441 2687 1501 2714 qua:
1526 2680 1580 2711 hic,
1598 2680 1702 2707 scilicet
1720 2681 1746 2707 in
1762 2679 1883 2707 Historia

1101 2723 1264 2750 Arianorum
1281 2725 1315 2750 ad
1342 2726 1493 2759 monachos,
1509 2726 1542 2753 de
1558 2725 1699 2754 Theodqu
1713 2732 1774 2761 post
1790 2728 1882 2762 fugam

1139 2794 1276 2832 (civ-ales.
1289 2799 1346 2822 not.
1359 2795 1393 2832 ad
1407 2795 1583 2831 Theodoret.,
1600 2804 1626 2831 ιι.
1644 2796 1692 2830 19;
1723 2796 1880 2832 Tillctuout,

1125 2838 1152 2856 es
1168 2830 1270 2862 Ariens,
1288 2835 1350 2857 note
1362 2830 1407 2857 2‘2.

1136 2865 1174 2901 (ά)
1189 2865 1286 2892 Athan.
1303 2872 1329 2900 ι).
1349 2866 1410 2893 esu.
