2016 3046
632 147 676 174 DE
696 146 778 175 VITA
799 146 842 173 ET
862 146 1018 175 SCRIPTIS
1038 147 1066 174 S.
1089 145 1286 174 ATHANASII.

1659 149 1758 171 CLXXIX

145 205 333 242 episcoporum
349 205 484 232 Arianica:
498 205 624 232 [actionis
639 209 712 239 gesta
730 209 925 238 memorantur,
941 207 964 236 Α
980 204 1100 231 Historia
1124 204 1281 231 Arianorum
1297 203 1332 229 ad
1347 202 1504 233 monachos,
1523 207 1619 235 nempe
1632 207 1658 234 ρ.
1684 200 1737 226 277
1749 207 1760 228 ε

145 251 174 279 in
192 250 304 285 epistola
330 251 432 286 pariter
449 250 573 286 synodali
594 249 749 277 Sardiccnsi
768 257 928 277 recenseati-

147 301 200 324 tur.
213 296 380 323 Athanasius
389 296 489 330 quippe
504 296 530 322 in
547 294 666 321 Historia
679 295 714 321 ad
725 295 866 321 monachos
878 294 928 331 (τι),

146 347 288 376 postquam
303 349 347 368 res
360 341 454 376 synodi
471 340 640 368 Sardicensis
655 343 854 372 enarraverat,‘
865 339 928 366 talia

146 387 218 414 fatur
227 396 233 414 2
243 386 390 422 Ὀλύμπιον
400 386 428 412 δὲ
438 386 491 412 τῶν
499 386 595 416 Αῐνων,
604 385 744 412 Θεόδουλον
759 385 803 412 τὸν
815 385 868 411 ἀπὸ
881 385 929 420 τῆς

146 432 383 468 Τραϊανουπόλεως
393 452 401 464 ,
430 432 601 466 ἀμφοτέρους
616 431 669 458 ἀπὸ
682 431 732 466 τῆς
745 430 854 466 Θρᾴκης
871 431 930 456 ἐπι-

146 479 274 510 σκόπους,
288 477 416 511 ἀγαθοὺς,
427 478 474 503 καὶ
487 476 642 513 όρθοδόξους
653 476 762 511 ἄνδρας,
778 475 871 510 ἐπειδὴ
884 476 932 501 ἐω-

149 525 247 560 ρζικααι
263 524 407 559 μισοῦντας
426 524 474 559 τὴν
491 523 608 559 αἵρεσιν,
636 522 768 554 διέδαλον,
782 521 811 548 τὺ
824 521 930 557 πρῶτον

149 571 198 606 μὲν
215 571 238 597 ol
253 571 316 606 περὶ
330 569 471 601 Εὐσέϐιον,
483 569 528 596 καὶ
540 569 642 605 ἔγραψε
654 569 779 603 βασιλεὺς
790 568 930 594 Κωνστάν-

147 623 214 646 τιος·
225 615 255 641 τὸ
267 615 392 648 δεύτερον
405 614 434 641 δὲ
449 614 609 649 ὑπέμνησαν
630 611 712 641 οὗτοι·
728 612 762 649 ἦν
780 613 808 639 δὲ
823 612 856 639 τὰ
867 621 931 649 γρα-

149 660 242 695 φέντα,
268 660 305 696 μὴ
328 661 406 695 μόνον
423 659 600 687 ὲκὸάλλεσοαι
618 658 671 686 τῶν
691 659 795 685 πόλεων
816 658 932 686 καὶτῶν

149 705 300 740 ἐκκλησιῶν
314 705 422 737 αὐτοὺς,
432 705 499 732 ἀλλά
513 706 560 732 καὶ
574 705 723 740 κεφαλικὴν
733 705 831 732 διδόναι
843 704 932 740 δίκην,

149 751 175 778 ιι
185 760 235 778 που
248 751 385 786 εὑρεθεῖεν
400 747 474 778 οὗτοι
485 759 492 766 ⁸
505 751 531 779 id
545 756 583 778 est
594 760 601 779 :
613 750 763 786 Olympium
780 757 864 778 autem
879 750 932 777 Αἲ-

149 805 255 829 norum,
285 796 500 832 Tlteodulumque
536 796 765 832 Trajanopoleos,
794 797 882 824 ambos
906 797 933 823 in

150 841 266 868 Thracia
280 842 424 876 episcopos,
439 842 585 877 probosque
605 842 666 869 illos
679 847 702 869 et
716 842 876 869 orthodoxos
893 842 933 868 vi-

979 252 1032 278 Καὶ
1041 250 1093 286 γὰρ
1099 251 1145 277 καὶ
1154 259 1187 286 χη
1193 249 1245 285 ρῶν
1253 249 1299 276 καὶ
1309 248 1393 276 ἄλλων
1402 247 1532 281 ἀνεξόδων
1541 247 1675 274 λαϐόντων
1686 246 1762 282 ἐλεη-

981 295 1109 331 μοσύνην,
1124 294 1232 321 ἐκέλευε
1247 293 1280 319 τὰ
1294 293 1421 328 δεδομένα
1435 291 1643 327 διαρπάζεσθαι,
1665 292 1710 318 καί
1728 291 1762 319 τὰ

979 343 1078 376 ἀγγεῖα
1101 342 1130 367 ὲν
1142 338 1182 372 οἷς
1205 340 1300 376 ἔφερον
1316 339 1346 365 τὸ
1359 339 1445 365 ἔλαιον
1463 338 1562 364 καὶτὸν
1579 336 1647 364 οἶνον
1665 338 1763 364 κατεά-

979 387 1090 421 γεσθαι·
1105 394 1163 420 qua:
1179 394 1227 413 nos
1240 386 1278 412 sic
1295 386 1523 419 interpretamur:
1544 383 1676 411 [’neterea
1693 385 1760 410 euth

980 441 1038 460 cum
1054 434 1139 460 vidua:
1161 433 1300 463 ca'terique
1326 431 1439 457 mendici
1457 431 1645 464 eleentosynam
1661 430 1763 463 accipe-

980 484 1036 505 rent
1053 478 1151 512 ,jussit
1174 485 1204 504 ea
1224 477 1305 510 diripi
1325 484 1383 507 quin
1404 479 1590 510 erogabantur,
1606 482 1719 509 nasoque
1736 475 1762 500 in

980 524 1072 558 quibus
1087 523 1171 550 oleum
1187 523 1323 556 vinumque
1334 521 1494 555 deferebant,
1507 521 1647 554 confringi.
1665 521 1697 546 Et
1715 520 1764 547 ibi-

981 570 1041 596 dem
1057 578 1082 603 ρ.
1097 569 1149 596 500
1163 569 1305 605 εἘρμείαν
1318 568 1430 594 λούοντα
1442 568 1504 599 τοὺς
1516 567 1664 600 ἀνεξόδους.
1673 567 1697 593 id
1710 572 1762 598 est,

983 614 1119 642 Hermiam
1141 616 1185 650 qui
1204 615 1335 650 mendicos
1352 634 1359 646 ,
1384 615 1459 646 sive,
1483 613 1659 640 ntendicarum
1687 615 1763 644 pedes

982 662 1116 689 abluebat.
1134 661 1211 688 Httnc
1225 668 1289 687 vero
1311 665 1476 695 postremum
1492 659 1580 686 locum
1597 658 1764 692 inauspicato

982 713 1101 736 verterat
1118 707 1302 738 Hermautius,
1319 706 1468 737 Hermiam,
1483 705 1526 740 qui
1548 705 1700 738 angiportus
1713 712 1765 730 non

982 755 1082 789 pervios
1099 754 1214 786 lavabat,
1233 753 1338 780 Gallico
1350 752 1450 786 vulgari
1468 751 1595 778 idiomate
1609 750 1645 777 les
1660 749 1717 776 culs
1733 749 1766 776 de

983 809 1028 828 sac
1048 801 1092 828 des
1104 807 1179 827 rues:
1196 808 1268 832 nam,
1286 804 1314 826 ut
1340 799 1470 833 liquidum
1484 802 1536 829 est,
1554 804 1606 823 vox
1624 795 1766 828 ἀνεξόδους

986 843 1110 871 homines
1122 843 1263 878 quospiam
1284 842 1429 877 signiﬁcat.
1443 841 1633 868 Tillemontius
1647 848 1710 867 Vero
1723 840 1766 867 his

149 895 205 920 ros,
219 895 278 914 cum
294 888 388 915 Itteresi
403 896 458 915 sua:
471 889 632 915 adverterent
653 896 708 915 esse
721 887 911 922 infensissimos
923 906 931 920 ,
947 877 969 905 Β
984 889 1039 916 vult
1054 888 1165 923 intelligi
1194 888 1312 915 inclusos
1333 889 1390 915 sive
1408 888 1593 914 iucarceratos
1616 887 1740 913 homines
1756 892 1765 912 :

152 934 309 961 calumniati
326 940 396 961 sunt.
414 934 447 961 Et
468 934 535 961 illud
549 935 633 968 primo
654 938 759 970 egerant
778 933 933 966 Eusebiani,

150 987 232 1015 eaque
250 979 281 1006 de
306 987 333 1006 re
353 981 492 1014 scripserat
517 981 661 1015 imperator
678 980 869 1008 Constantius:
894 987 935 1006 se-

151 1026 240 1052 cundo
270 1030 358 1052 autem
375 1026 426 1060 ipsi
451 1025 597 1053 calumnias
616 1026 840 1060 redintegrarunt.
861 1024 934 1051 Illud

150 1076 238 1098 autem
253 1071 349 1098 litterte
362 1071 499 1106 ferebant;
516 1077 544 1099 ut
567 1080 620 1099 non
645 1071 723 1098 modo
748 1071 798 1106 ipsi
825 1071 935 1098 urbibus

149 1116 316 1151 ecclesiisque
326 1118 381 1144 suis
391 1117 559 1150 pellerentur,
577 1117 622 1144 sed
636 1117 715 1143 etiam
727 1116 836 1150 capitali
849 1124 933 1150 paena,

150 1163 234 1189 sicubi
252 1163 347 1197 reperti
360 1162 484 1197 fuissent,
510 1162 696 1197 plecterentur.
711 1161 740 1189 In
761 1162 874 1196 epistola
888 1170 936 1189 au-

153 1213 206 1234 tem
224 1208 345 1243 synodali
364 1208 517 1236 Sardicensi
536 1207 573 1244 (b)
589 1208 704 1244 legimus
721 1219 726 1236 :
742 1208 790 1240 Εζς
809 1208 936 1235 τοσοῦτον

152 1252 207 1288 γὰρ
226 1252 345 1287 ἔφθασαν
357 1253 494 1284 ἀπονοίας,
523 1252 560 1285 ὡς
583 1253 631 1280 καὶ
644 1252 808 1284 ἐπισκόπους
835 1254 936 1288 ἐπιχει-

154 1300 212 1334 ρεῖν
229 1298 341 1331 ἀνελεῖν,
354 1299 401 1326 καὶ
411 1299 516 1326 ἀνεῖλον
527 1298 570 1332 ἂν,
586 1299 609 1325 ει
624 1298 661 1334 μὴ
676 1297 806 1332 ἐξέφυγον
816 1299 865 1330 τὰς
881 1300 937 1334 χεῖ-

155 1352 204 1380 ρας
221 1344 319 1371 αὐτῶν.
338 1343 484 1370 Ἀπέοανεν
506 1341 552 1370 οὖν
570 1344 584 1370 ὁ
613 1343 816 1379 συλλειτουργδς
829 1345 845 1378 ὴ
851 1343 908 1378 μῶν
923 1344 937 1370 ὁ

155 1391 307 1427 μακαρίτης
324 1390 476 1422 Θεόδουλος,
498 1390 605 1425 φεύγων
618 1390 707 1416 αὐτῶν
716 1390 765 1426 τὴν
788 1390 913 1425 διαϐολὴν
929 1409 937 1422 ,

153 1438 314 1465 κεκέλευστο
324 1438 379 1473 γὰρ
395 1439 427 1464 ὲκ
438 1437 565 1473 διαϐολῆς
581 1437 669 1464 αὐτῶν
695 1437 839 1464 ἀποθανεῖν
853 1445 859 1452 ·
888 1438 938 1464 hoc

154 1490 194 1512 est
205 1493 211 1511 :
225 1484 266 1511 Eo
278 1485 346 1511 enim
355 1484 465 1511 insania
474 1484 640 1516 deuerterunt,
650 1488 678 1510 III
687 1488 845 1510 conarentur
860 1485 938 1510 etiam

153 1531 287 1565 episcopos
298 1530 442 1565 perimere:
463 1534 488 1556 et
503 1537 566 1556 sane
579 1529 753 1561 occidissent,
771 1529 822 1555 nisi
837 1528 876 1554 illi
894 1536 939 1556 eo-

155 1585 214 1604 rum
243 1576 365 1603 manibus
380 1583 434 1602 sese
458 1575 522 1609 fuga
543 1574 743 1608 proripuissent.
773 1573 844 1601 Obiit
869 1577 939 1601 certe

155 1623 333 1650 romminister
352 1625 439 1649 noster
454 1621 536 1647 beata:
552 1621 685 1647 memoria:
703 1619 862 1653 Theodulus,
877 1619 939 1647 dum

154 1669 191 1696 iis
204 1667 426 1695 calumniantibus
445 1666 508 1701 fuga
531 1665 580 1692 sibi
602 1666 774 1693 consuleret:
798 1666 828 1693 ob
849 1674 939 1693 eorum

156 1715 249 1750 quippe
274 1713 485 1741 criminationem
505 1712 600 1747 capitis
616 1712 759 1738 damnatus
773 1712 873 1746 fuerat.
887 1710 939 1738 Ubi

156 1761 260 1793 videas,
276 1759 382 1790 eadem.
398 1765 459 1793 quze
477 1757 643 1785 Athanasius
663 1762 725 1792 post
737 1756 832 1793 synodi
850 1755 942 1784 Sardi-

158 1806 247 1833 censis
257 1804 398 1833 historiam
407 1803 555 1835 enarravit,
568 1807 631 1830 ante
643 1802 794 1830 absolutam
808 1802 941 1838 synodum

157 1851 367 1880 Sardicensibus
380 1850 514 1886 episcopis
529 1854 604 1882 nota,
623 1848 737 1883 ideoque
765 1853 829 1876 ante
849 1849 940 1876 datam

159 1896 300 1932 epistolam
320 1895 472 1923 necessario
503 1898 579 1930 gesta
601 1894 696 1921 fuisse.
709 1893 767 1927 Qua
792 1894 819 1920 in
832 1901 861 1921 re
877 1901 942 1921 sane

137 1975 147 1985 .
163 1942 237 1971 dubii
250 1942 318 1970 nihil
333 1941 499 1970 suboriatur.
522 1940 589 1968 Nam
612 1940 707 1968 Ariani
733 1939 855 1976 episcopi
879 1945 942 1968 ante

162 1989 259 2018 initam
273 1988 403 2024 synodum
418 1987 531 2015 Sardica
547 1987 709 2022 aufugerunt
722 1995 730 2020 ;
746 1992 773 2014 et
783 1987 876 2014 statim
893 1995 942 2022 pro

165 2041 242 2063 more
254 2034 334 2062 solito
347 2033 430 2061 multa
447 2033 473 2060 iu
489 2032 642 2060 Catholicos
651 2031 737 2060 moliti
749 2037 813 2060 sunt
828 2043 834 2060 :
850 2031 943 2068 Olym-

162 2081 237 2120 pium
251 2084 279 2108 et
300 2078 469 2107 Theodulum
485 2078 542 2106 suis
557 2078 662 2106 artibus
682 2078 791 2112 capitali
807 2079 941 2106 sententia

162 2126 315 2159 damnatos,
329 2125 362 2152 ad
379 2124 469 2160 fugam
487 2124 674 2159 compulerunt
690 2134 697 2151 :
711 2125 756 2159 qui
776 2124 942 2158 Theodulus,

164 2173 228 2200 dum
239 2179 269 2199 se
282 2171 402 2206 periculo
418 2171 595 2203 subduceret,
609 2178 624 2199 e
640 2171 709 2199 vivis
733 2171 862 2198 excessit.
877 2170 942 2205 Ejus

985 943 1035 962 nec
1050 935 1156 962 felicius
1173 942 1253 967 sane;
1271 935 1402 968 siquidem
1421 938 1450 960 ut
1472 940 1504 960 ex
1517 933 1604 968 primo
1619 932 1680 959 loco
1703 938 1767 966 pro-

987 981 1075 1017 palam
1091 985 1148 1013 cst,
1165 985 1241 1008 erant
1254 979 1373 1013 ἀνέξοδοι
1388 980 1407 1006 ii
1431 979 1476 1014 qui
1494 979 1592 1014 stipem
1609 978 1742 1012 cogebant
1756 995 1767 1010 ,

985 1029 1041 1056 sive
1052 1027 1143 1062 inopes
1152 1031 1178 1054 et
1191 1026 1372 1060 mendici,qui
1383 1033 1444 1052 cum
1459 1025 1546 1052 viduis
1559 1032 1656 1059 panetn
1672 1031 1767 1051 emen-

992 1074 1129 1102 dicabant.
1146 1074 1178 1101 Et
1190 1080 1254 1100 sane
1277 1073 1441 1109 Athanasius
1463 1079 1532 1107 quos
1547 1071 1688 1104 ἀνεξόδους
1705 1077 1770 1098 ante

987 1125 1141 1152 vocaverat,
1164 1120 1308 1155 δεομένους
1323 1120 1380 1146 sive
1405 1125 1504 1153 egenos
1533 1118 1603 1145 iul'ra
1620 1121 1768 1151 nuncupat.

986 1175 1013 1202 p.
1030 1167 1078 1194 501
1093 1177 1098 1195 ;
1114 1167 1184 1198 Τοὺς
1198 1166 1251 1201 γὰρ
1271 1164 1412 1200 δεομένους
1425 1163 1473 1190 καὶ
1492 1163 1541 1195 τὰς
1554 1163 1640 1199 χήρας
1666 1163 1770 1199 (ἐπειδὴ

985 1215 1036 1246 τὰς
1053 1214 1199 1250 ἐκκλησίας
1215 1211 1406 1248 παραδέδωκεν
1424 1212 1438 1238 δ
1454 1210 1516 1242 δοὺξ
1530 1212 1586 1241 τοῖς
1600 1210 1748 1245 Ἀρειανοῖς
1761 1230 1768 1242 ,

987 1261 1016 1287 ὲν
1025 1260 1120 1291 αὑταῖς
1131 1259 1279 1294 διατρίϐειν
1292 1257 1342 1285 οὐκ
1364 1256 1518 1292 ἠδύναντο),
1532 1255 1714 1291 καθεζομένας
1741 1255 1771 1282 ἂν

987 1304 1027 1338 οἷς
1041 1306 1143 1342 ῶριςαν
1152 1306 1246 1336 αὑταῖς
1258 1304 1349 1335 τόποις
1360 1304 1384 1330 ot
1401 1303 1611 1338 πεπιστευμένοι
1623 1302 1672 1334 τὰς
1684 1303 1771 1338 χήρας

987 1352 1037 1388 κλη
1043 1353 1121 1388 ρικοὶ,
1132 1351 1225 1386 ἐπειδὴ
1237 1350 1348 1377 ἔϐλεπον
1353 1349 1414 1381 τοὺς
1422 1348 1551 1383 ἀδελφοὺς
1558 1347 1704 1384 προθύμως
1713 1348 1773 1374 ἐπι-

987 1399 1107 1429 διδόντας
1118 1397 1212 1428 αὺταῖς
1222 1405 1228 1412 ·
1244 1396 1269 1423 id
1283 1400 1340 1423 est:
1356 1395 1426 1422 Nam
1442 1403 1499 1422 cum
1511 1395 1627 1421 uiderent
1643 1401 1735 1430 egenos
1745 1398 1772 1421 et

988 1446 1082 1473 viduas
1110 1444 1165 1479 (qui
1185 1451 1243 1470 cum
1265 1443 1320 1468 dua;
1342 1441 1464 1469 ecclesias
1479 1441 1587 1467 Ariani:
1606 1439 1772 1472 tradidisset,

993 1492 1021 1520 in
1039 1492 1072 1519 iis
1085 1490 1184 1519 versari
1209 1488 1363 1525 nequibant)
1382 1487 1499 1515 sedentes
1519 1487 1547 1514 in
1567 1486 1708 1522 assignatis
1722 1485 1772 1513 sibi

990 1539 1053 1566 locis
1074 1547 1090 1566 a
1113 1537 1229 1568 clericis,
1259 1535 1352 1571 quibus
1375 1534 1515 1562 viduarum
1532 1541 1596 1560 cura
1622 1531 1773 1559 concredita

991 1589 1047 1613 erat
1060 1592 1070 1616 ;
1085 1591 1145 1611 cum
1172 1586 1315 1613 cernerent,
1334 1580 1452 1615 inquam,
1469 1579 1566 1615 fratres
1580 1583 1698 1613 prompto
1710 1578 1774 1612 ipsis

992 1631 1081 1659 aninto
1096 1629 1284 1663 eleemosynam
1298 1634 1414 1661 erogare,
1428 1630 1481 1653 etc.
1628 1647 1633 1653 .

1028 1675 1097 1708 Quid
1111 1674 1182 1708 quod
1198 1673 1239 1700 vel
1257 1671 1314 1706 ipsa
1328 1670 1473 1698 Athanasii
1489 1669 1616 1704 loquendi
1627 1669 1698 1696 ratio
1711 1676 1771 1696 ma-

993 1721 1090 1748 nilese
1103 1719 1203 1747 indicat
1215 1718 1278 1750 τοὺς
1293 1716 1444 1749 ἀνεξόδους,
1460 1715 1572 1751 perinde
1580 1720 1661 1750 atque
1669 1715 1774 1747 Viduas,

994 1766 1061 1794 nihil
1076 1765 1148 1792 aliud
1158 1771 1218 1791 eSse
1232 1771 1313 1799 quam
1330 1762 1466 1790 mendicos
1480 1768 1488 1787 :
1508 1768 1570 1788 nam
1586 1761 1633 1794 ait,
1649 1761 1705 1787 Καὶ
1720 1760 1776 1796 γὰρ

993 1813 1041 1841 καὶ
1057 1811 1148 1848 χηρῶν
1171 1810 1219 1837 καὶ
1245 1809 1332 1836 ἄλλων
1359 1807 1491 1840 ἀνεξὸδων
1513 1806 1649 1833 λαϐόντων
1667 1806 1778 1842 ἐλεημο-

995 1859 1089 1894 σύνην,
1113 1857 1222 1884 ἐκέλευε
1247 1855 1282 1882 τὰ
1297 1854 1424 1889 δεδομένα
1448 1852 1657 1894 διαρπάζεσθαι,
1674 1853 1721 1879 καὶ
1742 1853 1777 1880 τὰ

994 1893 1092 1935 ἀγγεῖα
1108 1900 1136 1926 ἐν
1152 1897 1193 1931 οἷς
1211 1898 1306 1934 ἔφερον
1326 1897 1357 1923 τδ
1377 1896 1466 1922 ἔλαιον
1480 1896 1527 1922 καὶ
1554 1895 1600 1922 τὸν
1618 1893 1688 1922 οἶνον
1713 1904 1778 1922 κατ-

994 1946 1276 1983 εάγεσθαι.ιΡγα;ιιηα
1283 1944 1352 1971 enim
1361 1951 1418 1970 cum
1426 1943 1510 1970 vidum
1518 1942 1654 1976 ceterique
1664 1942 1777 1969 mendici

994 1996 1182 2029 eleemosynam
1198 1992 1353 2025 acciperent,
1369 1989 1450 2023 jussit
1463 1996 1494 2015 ea
1505 1988 1594 2022 diripi,
1613 1996 1671 2024 qua:
1684 1996 1778 2023 eroga-

995 2041 1102 2072 bantur,
1118 2045 1229 2072 namque
1252 2037 1281 2063 in
1301 2035 1395 2070 quibus
1415 2033 1500 2060 oleum
1515 2034 1654 2068 vinumque
1676 2033 1778 2068 defere-

996 2087 1055 2114 bant
1070 2082 1272 2120 confringi.Ubi
1285 2081 1361 2114 illud,
1375 2080 1421 2107 καὶ
1432 2079 1518 2107 ἄλλων
1529 2078 1672 2112 ἀνεξόδων,
1687 2079 1777 2113 palam

996 2135 1106 2168 indicat,
1122 2134 1193 2168 ipsas
1208 2130 1303 2158 viduas
1331 2129 1357 2156 in
1373 2128 1504 2160 ἀνεξόδων
1524 2135 1637 2154 numero
1655 2133 1778 2161 compre—

995 2180 1088 2212 hendi,
1105 2179 1151 2214 qui
1165 2178 1199 2205 ad
1214 2184 1291 2204 usum
1313 2175 1465 2202 necessaria
1492 2173 1601 2200 vicatim
1621 2172 1778 2200 emendica-

162 2225 245 2253 porro
256 2217 346 2245 obitus
361 2221 424 2245 ante
439 2217 554 2244 solutam
571 2217 704 2252 synodum
721 2222 748 2244 et
767 2217 858 2244 datam
879 2225 937 2253 syn-

995 2227 1070 2256 bant,
1098 2221 1275 2254 similiterque
1291 2216 1430 2249 ἀνεξόδους
1461 2219 1489 2243 et
1516 2215 1612 2242 viduas
1638 2218 1777 2248 erogatum

162 2261 268 2290 odalctu
279 2262 418 2297 epistolam
433 2261 600 2297 contigit.At
612 2262 684 2289 enim
694 2263 812 2297 synodus
827 2267 888 2297 post
902 2262 943 2289 iu-

162 2317 224 2346 gam
236 2309 398 2336 Arianorum
416 2309 493 2341 inita,
506 2309 540 2335 ad
554 2308 668 2335 multum
681 2308 811 2343 temporis
820 2313 943 2336 extracta

163 2354 246 2382 fuerit
259 2360 370 2381 necesse
383 2359 426 2380 est
442 2361 449 2380 :
466 2360 528 2380 nam
544 2353 651 2380 inﬁnita
675 2360 758 2387 prope
782 2352 881 2380 ibidem
897 2360 945 2380 οι-

162 2407 241 2427 cussa
256 2398 449 2427 etesaminata
463 2398 556 2431 fuere,
575 2403 606 2426 ut
622 2398 648 2425 in
663 2398 801 2433 synodicis
814 2397 872 2432 ejus
886 2399 945 2434 epi-

161 2445 238 2473 stolis
251 2445 343 2473 videre
353 2449 406 2472 est.
420 2444 489 2471 Dum
506 2445 563 2471 haec
578 2451 658 2479 porro
670 2448 840 2480 gererentur,
852 2443 944 2471 Theo—

162 2491 243 2519 dulus
256 2490 387 2526 profugus
407 2490 496 2518 obiit:
513 2490 626 2525 ejusque
651 2491 795 2518 descessus
817 2490 944 2518 nuntium

162 2538 196 2564 ad
211 2536 386 2564 Sardicenses
406 2535 512 2568 Patres,
537 2535 652 2571 epistola
667 2535 797 2572 synodica
823 2536 944 2564 nondum

164 2583 329 2618 conscripta,
342 2582 453 2610 allatum
466 2587 519 2610 est.

374 2659 628 2688 ANIMADVERSIO
641 2659 734 2688 XVIII.

340 2717 379 2745 De
389 2719 539 2754 signiﬁcatu
554 2721 623 2747 uocis
639 2718 770 2752 ἀνέξοδος.

202 2771 261 2800 Vox
284 2773 409 2807 ἀνέξοδος
423 2774 464 2803 bis
489 2775 609 2803 occurrit
624 2775 695 2809 apud
718 2773 898 2802 Athanasium
917 2773 945 2801 in

203 2855 241 2892 (α)
252 2854 283 2884 P.
294 2854 363 2882 eam
778 2855 814 2891 (δ)
826 2855 856 2883 Ρ.
874 2853 936 2883 tas.

993 2270 1082 2298 oleum
1094 2268 1122 2295 in
1141 2267 1213 2295 vasis
1223 2265 1351 2293 detulisse
1365 2263 1472 2294 dicitur,
1482 2261 1552 2296 quod
1566 2261 1599 2288 de
1618 2261 1776 2287 incarcera-

993 2317 1029 2345 tis
1046 2315 1204 2349 neutiquam
1221 2311 1334 2346 intelligi
1347 2313 1445 2345 potest.
1469 2308 1561 2342 Itaque
1576 2314 1629 2333 vox
1642 2304 1776 2338 ἀνέξοδος,

995 2363 1040 2390 hic
1049 2369 1100 2390 non
1118 2368 1151 2388 ex
1168 2357 1298 2394 particula
1317 2355 1438 2390 negativa
1453 2362 1471 2381 α
1486 2352 1592 2387 adjecto
1604 2360 1619 2379 ν
1634 2351 1778 2386 euphoniae

997 2415 1079 2435 causa
1092 2405 1248 2437 coniicitur,
1268 2407 1298 2430 ut
1321 2401 1378 2429 vult
1395 2399 1593 2431 Tillemontius,
1610 2405 1696 2433 neque
1726 2397 1775 2424 av-

998 2451 1087 2484 ἔξοδος
1099 2449 1244 2484 siguillcal,
1263 2447 1383 2474 inclusus
1399 2449 1426 2472 et
1450 2445 1632 2472 incarceratus
1646 2451 1654 2476 ;
1669 2443 1716 2470 sed
1729 2443 1777 2469 ἀν-

999 2496 1085 2530 έξοδος
1098 2498 1203 2522 constat
1216 2501 1248 2520 ex
1261 2492 1311 2520 ἀνὰ
1320 2497 1346 2520 et
1356 2491 1442 2524 ἔξοδος
1451 2499 1458 2506 ·
1471 2490 1508 2517 ita
1519 2495 1548 2516 ut
1561 2488 1679 2521 ἀνέξοδοι
1694 2488 1748 2516 sint
1759 2487 1779 2515 ii

999 2543 1044 2577 qui
1057 2541 1109 2568 ἀνὰ
1121 2541 1170 2572 τὰς
1185 2539 1302 2572 ἐξόδους,
1316 2538 1345 2565 in
1362 2537 1474 2564 exitibus
1493 2536 1605 2568 uiarum,
1619 2534 1715 2569 stipem
1730 2541 1778 2561 co-

998 2592 1064 2624 gunt
1077 2591 1104 2615 et
1115 2586 1296 2614 emendicant.

1210 2626 1468 2658 ANIMADVERSIO
1495 2625 1568 2654 XIX.

1001 2680 1072 2708 Nunt
1097 2680 1126 2706 in
1151 2677 1269 2705 Historia
1288 2676 1452 2703 Arianorum
1466 2674 1500 2702 ad
1515 2673 1680 2705 monachos,
1709 2670 1781 2703 τοὺς

1034 2726 1152 2761 ἄρτους,
1170 2729 1244 2751 artus
1263 2723 1316 2750 sive
1333 2721 1465 2754 membra,
1481 2719 1518 2748 uel
1529 2728 1610 2756 panes
1625 2719 1780 2754 exprimant.

1035 2770 1118 2800 Paulo
1131 2774 1192 2806 post
1204 2769 1292 2798 locum
1305 2768 1339 2796 de
1347 2774 1399 2803 quo
1414 2774 1494 2802 supra
1505 2766 1604 2802 legitur
1618 2765 1665 2800 (c),
1682 2764 1715 2790 Ἀ
1727 2762 1782 2797 γὰρ

1312 2850 1347 2888 (ι)
1368 2849 1399 2879 P.
1419 2849 1481 2878 set.
