2016 3046
268 155 354 176 υωιη

945 140 1131 169 PROLEGOM
1135 141 1199 169 ENA
1205 162 1212 169 .

269 194 316 220 καὶ
327 199 519 228 πρεσουτεροις
534 191 579 217 καὶ
594 189 725 220 διακόνοις
738 188 913 224 πεποιήκασι,
929 187 975 214 καὶ
988 186 1045 217 πῶς

1095 193 1223 214 evocasse
1255 186 1377 218 Romam,
1407 192 1598 222 repugnantem
1623 194 1687 216 vero
1713 195 1728 215 a
1751 195 1875 216 commu-

269 239 383 270 αὐτοὺς,
403 237 448 263 ἐπὶ
464 237 510 263 τοῦ
533 236 626 267 δουκὸς
650 235 695 262 καὶ
714 235 767 261 τῶν
781 233 921 266 δικαστῶν,
941 232 1044 268 ἐφυγά-

268 285 376 316 δευσαν,
387 282 620 317 καταφέροντεςὲκ
632 280 685 307 τῶν
694 279 775 306 οἴκων
792 279 854 310 τοὺς
868 278 982 309 οἰκείους
997 277 1046 303 αὑ-

268 331 333 360 τῶν,
344 329 386 356 διὰ
395 327 449 354 τῶν
463 326 631 363 στρατιωτῶν
643 327 688 353 καὶ
708 325 754 352 τοῦ
772 324 921 360 στρατηγοῦ
946 325 966 350 Γ
967 333 1045 359 οργο-

269 375 324 402 νίου
337 375 381 400 καὶ
399 373 513 408 πληγαῖς
530 373 753 402 κατακόπτοντος,
771 371 817 397 καὶ
829 370 886 403 πῶς
902 369 1001 401 αὐτῶν,
1016 370 1046 396 τό

268 430 299 455 γε
321 421 426 447 πάντων
441 419 589 454 ὠμότερον,
611 419 658 445 καὶ
678 418 731 444 τῶν
745 417 794 453 ἤδη
818 416 1046 451 τετελευτηκότων

268 466 329 495 τοὺς
346 464 443 499 ἄρτους
464 464 521 499 μεθ’
539 465 604 498 ὅσης
617 462 721 498 ὖὸρεως
733 463 898 497 διήρπασαν.
913 462 962 487 οὐκ
973 461 1046 487 ἐστιν

267 511 326 537 οὐδὲ
338 510 408 545 λάγῳ
420 510 533 545 φράσαι,
550 510 667 544 νικώσης
678 508 726 543 τῆς
741 507 878 542 ὠμότητος
888 505 976 532 αὐτῶν
998 506 1046 541 τὴν

268 559 299 583 ὲκ
314 556 367 582 τῶν
386 556 472 590 λόγων
486 556 623 591 διήγησινι
637 563 717 589 quem
733 554 819 580 locum
842 552 881 579 sic
901 558 949 578 nos
964 552 1045 578 verti-

267 611 328 630 mus
353 613 359 629 :
386 603 523 629 Enimvero
545 609 602 636 qua:
625 601 653 626 in
681 601 843 634 presbyteros
874 601 1046 633 diaconosquc

266 653 446 683 perpetrarunt
462 656 470 674 :
485 655 535 682 quo
549 651 624 679 pacto
640 645 699 672 illos
719 645 793 671 ducis
810 646 980 680 judicumque
996 653 1044 671 au-

266 695 386 721 ctoritate
403 695 430 720 in
450 693 538 727 fugam
555 691 689 721 verterint,
704 695 727 716 et
744 690 830 725 aﬂines
845 690 1046 723 domesticosque

266 739 373 766 illorum
390 738 511 765 domibus
526 737 708 767 deturbarint;
724 735 836 762 militum
848 735 945 761 scilicet
957 742 1044 768 opera,

266 784 442 819 Gorgoniiquc
457 784 540 814 ducis,
564 783 608 817 qui
633 781 718 816 plagis
743 789 785 807 eos
808 780 976 811 lancinabat;
995 787 1046 812 quo

265 835 352 865 pacto,
366 830 472 856 illorum
489 829 553 862 (rem
573 836 633 854 sane
651 825 880 860 crudelissimam),
895 832 1043 859 eorumque,

264 877 309 910 qui
319 877 376 911 jam
395 875 524 906 obierant,
540 882 631 908 panes,
647 877 794 907 quantaque
808 871 965 898 contumelia
978 870 1044 896 diri-

265 923 380 956 puerint,
397 928 558 956 nequaquam
572 919 654 946 verbis
678 918 812 945 enuntiari
827 922 909 951 potest
927 925 936 943 .'
956 924 1045 943 eorum

265 969 358 1003 quippe
378 967 517 994 crudelitas
537 974 638 993 onmem
661 965 803 992 enarraudi
824 964 978 998 facultatem
1001 971 1045 990 su-

265 1019 348 1049 perat.
362 1013 400 1040 lbi
415 1013 544 1044 Nannius,
559 1013 621 1044 τοὺς
636 1011 744 1047 ἄρτους.
757 1009 852 1037 Latine
866 1010 954 1042 vertit,
971 1014 1044 1036 artus

266 1062 324 1089 sive
353 1060 474 1088 membra
495 1068 502 1086 :
525 1067 605 1093 quam
629 1058 766 1089 amplexus
792 1056 1044 1091 interpretationem

266 1111 309 1134 est
328 1105 512 1138 Hermantius,
533 1109 560 1132 ct
577 1107 636 1138 post
656 1111 717 1130 eum
733 1103 920 1129 Tillemontius
933 1102 982 1137 (a),
996 1102 1045 1128 hoc

268 1151 324 1179 nixi
339 1154 498 1186 argumento
515 1161 520 1178 :
539 1150 580 1176 An
601 1154 741 1184 postquam
762 1148 856 1175 Ariani
878 1155 930 1174 non
946 1155 1045 1181 paucos

267 1201 423 1231 enecarunt,
450 1203 498 1231 pro
520 1203 550 1223 re
563 1196 682 1222 omnium
699 1194 882 1222 crudelissima
905 1194 1043 1226 habeatur,

266 1243 289 1271 si
303 1250 396 1270 eorum
416 1250 498 1277 panes
515 1241 658 1276 diripiant?
675 1248 764 1268 nonne
786 1241 819 1267 ad
836 1248 891 1267 rem
906 1240 993 1274 aptius
1006 1240 1046 1267 di-

267 1292 354 1320 catur,
372 1287 521 1314 homicidas
538 1287 597 1314 illos
617 1294 650 1314 eo
673 1285 838 1313 crudelitatis
852 1286 1000 1318 devenisse,
1017 1289 1046 1312 ut

266 1339 342 1361 artus
356 1333 413 1360 sive
428 1333 546 1362 membra
563 1339 694 1359 cmsorum
706 1331 908 1365 discerperent?
925 1330 983 1357 Non
997 1331 1046 1358 ad-

1060 857 1080 884 Β

224 1402 226 1404 ,
265 1384 413 1411 vertentes,
436 1386 490 1406 non
506 1383 672 1405 mortuorum
697 1377 776 1404 modo
795 1378 856 1408 τοὺς
870 1377 977 1412 ἄρτους,
998 1376 1044 1404 sed

266 1425 348 1452 etiam
370 1425 493 1451 vivorum
506 1428 534 1451 et
549 1423 720 1459 profugorum
736 1424 854 1458 direptos
868 1423 958 1456 fuisse,
975 1424 1046 1459 quod

266 1472 300 1498 de
318 1470 431 1497 artubus
446 1474 473 1497 et
488 1469 615 1496 membris
637 1469 690 1496 dici
714 1474 838 1503 nequeat.
863 1469 907 1496 Sic
922 1470 1001 1497 etiam
1019 1469 1045 1496 in

265 1516 394 1551 Apologia
418 1516 450 1542 de
477 1515 540 1550 fuga
564 1515 633 1542 inter
659 1515 820 1542 Arianorum
848 1515 966 1542 facinora
995 1515 1080 1550 liocc

265 1563 428 1593 enuntiatur,
455 1560 592 1596 Ὀρφανῶν
608 1560 654 1587 καὶ
674 1560 766 1596 χηρῶν
789 1560 941 1596 ἡρπάζοντο
963 1561 1046 1588 οἰκίαι

265 1607 312 1633 καὶ
324 1606 414 1642 ἄρτος,
426 1606 452 1633 id
467 1611 507 1633 est
520 1615 527 1633 :
542 1605 723 1637 Orphanorum
741 1606 929 1642 viduarumque
953 1608 1045 1635 domus

264 1657 289 1679 et
318 1661 398 1687 panes
422 1653 632 1686 diripiebantur;
657 1660 709 1679 non
732 1658 840 1685 autem,
863 1652 1046 1687 discerpcbatt-

265 1703 309 1724 tur
327 1703 400 1724 artus
422 1703 445 1724 et
468 1697 548 1724 domi.
575 1697 630 1725 Etsi
655 1698 726 1725 enim
753 1698 922 1733 impetratum
941 1706 956 1725 a
982 1706 1047 1726 con-

263 1743 406 1771 suetudine
420 1743 511 1776 fuerit,
525 1749 555 1771 ut
571 1744 672 1772 Latinae
687 1746 807 1778 quaedam
821 1753 902 1772 voces
917 1752 931 1772 a
945 1745 1046 1772 Grzecis

264 1789 310 1816 illo
330 1797 387 1816 aevo
402 1794 605 1824 usurparentur,
620 1795 648 1817 ut
661 1790 845 1827 δουκηνάριος,
863 1790 995 1826 ὲξὰκτωρ.
1019 1796 1046 1818 et

265 1833 324 1861 alite
347 1834 372 1861 id
388 1841 490 1869 genus;
505 1841 532 1862 at
549 1843 686 1869 nunquam
702 1836 793 1872 ἄρτος,
811 1841 858 1863 aut
874 1837 974 1863 similes
990 1841 1043 1863 tam

264 1878 389 1914 vulgares
408 1883 434 1905 et
450 1879 597 1906 familiares
614 1880 708 1907 eodem
724 1888 774 1908 usu
788 1881 880 1908 venire
893 1881 1044 1915 deprehen-

265 1923 324 1956 das,
338 1931 398 1950 cum
419 1924 536 1950 maxime
555 1925 644 1961 ἄρτος,
664 1926 686 1952 si
701 1932 749 1959 pro
771 1925 866 1953 Latina
883 1934 948 1954 voce
970 1932 1043 1953 artus

265 1973 421 2003 usurpetur,
432 1969 655 2004 amphibologiam
677 1971 774 2005 pariat.
788 1971 864 2004 Quod
889 1972 983 1998 dicunt
997 1980 1044 1998 au-

267 2018 319 2041 tem
337 2022 390 2041 non
404 2022 516 2042 somnne
530 2016 694 2043 crudelitatis
709 2017 806 2049 videri,
818 2017 839 2044 si
851 2025 982 2044 ctesorum
997 2025 1043 2052 pa-

266 2066 314 2086 nes
336 2058 505 2093 diripiantur,
533 2060 559 2086 id
585 2060 660 2087 nihili
688 2065 730 2088 est
753 2070 760 2088 :
783 2069 844 2089 nam
866 2068 1042 2097 praeterquam

266 2105 337 2138 quod
355 2110 408 2130 non
423 2103 607 2131 defunctorum
624 2110 725 2132 tantum
741 2113 824 2141 panes
840 2107 935 2142 direpti
951 2109 1043 2136 ferun-

255 2156 311 2182 tur
325 2149 432 2182 ibidem,
447 2150 493 2177 sed
509 2151 590 2177 etiam
602 2151 722 2178 vivorum
740 2156 767 2179 et
783 2152 976 2188 profugorum;
993 2162 1043 2181 cce-

266 2197 330 2222 dere
342 2194 449 2229 qnidem
473 2200 501 2223 et
513 2195 662 2229 lancinare,
677 2201 768 2231 utpote
784 2197 874 2232 specie
891 2198 985 2226 saltem
999 2199 1042 2234 ju-

267 2241 349 2268 ridice
368 2241 510 2274 inﬂictum,
533 2241 640 2269 defendi
662 2247 751 2277 potest
774 2251 781 2269 :
803 2251 886 2278 panes
908 2249 997 2271 autem
1016 2251 1044 2272 et

267 2287 359 2315 domos
373 2295 503 2315 caesorum
527 2288 654 2322 diripere,
670 2295 781 2316 summa:
795 2289 963 2317 crudelitatis
977 2295 1017 2317 est
1034 2299 1041 2317 :

266 2333 327 2367 quia
345 2341 378 2360 ex
405 2341 478 2361 mera
502 2334 644 2366 violentia,
662 2341 713 2362 nec
737 2341 770 2362 ex
793 2334 915 2369 judicum
933 2336 1042 2365 deoreto

267 2379 325 2406 ﬁeri
345 2383 446 2412 potest.

1059 2183 1081 2210 D

484 2452 741 2482 ANIMADVERSIO
761 2453 822 2481 XX.

300 2523 341 2549 An
358 2522 454 2549 Liberii
465 2528 557 2549 contra
571 2522 744 2561 Athanasium
759 2522 869 2549 cpistola
885 2531 1009 2558 germana

583 2563 629 2589 sit,
643 2565 732 2584 necne.

303 2627 329 2656 lu
344 2629 511 2663 Fragmentis
531 2628 626 2656 Hilarii
642 2628 680 2663 (li)
702 2628 797 2663 legitur
814 2628 913 2656 Liberii
937 2629 1044 2657 nomine

266 2674 377 2708 cpistola
403 2675 436 2702 ad
458 2675 625 2706 Orientales,
652 2682 706 2710 qua
732 2675 892 2702 testiﬁcatur
918 2675 1043 2702 Liberius

266 2726 296 2746 se
330 2719 508 2747 Athanasium
543 2727 653 2748 causam
687 2720 821 2747 dicturum
857 2727 906 2756 per
937 2720 1040 2755 legatos

1096 233 1175 260 nibne
1194 232 1321 260 Romana:
1338 233 1465 261 Ecclesiae
1480 235 1594 260 alienum
1611 234 1772 261 declarasse.
1792 233 1874 261 Juvat

1095 285 1176 312 porro
1194 279 1347 313 epistolam,
1366 287 1425 312 quae
1439 280 1576 314 perbrevis
1592 284 1644 311 est,
1661 280 1704 308 hic
1718 280 1871 313 ascribere;

1096 328 1125 350 ut
1145 324 1294 358 expeditior
1312 325 1349 352 sit
1364 325 1422 360 ejus
1453 325 1494 353 vel
1513 325 1616 353 tuenda!
1631 325 1672 353 vel
1702 326 1874 361 repudianda:

1097 369 1218 397 facultas.

1096 453 1284 473 DILECTISSIHIS
1319 455 1467 474 FRATRIBUS
1500 455 1535 474 ΕΤ
1565 455 1731 476 (ιοιιριςοοριε
1763 456 1874 476 Νομτιιε

1131 485 1266 507 υκινειιδιε
1294 489 1344 508 PER
1371 490 1507 509 οῐιιΕΝτΕΙΙ
1536 490 1721 513 οοΝςιτιτυτιε,
1751 491 1873 512 ιΙΒΕΙὶιυξ

1131 523 1207 542 υιιδιδ
1229 524 1306 543 ΒΟΜΕ
1326 524 1466 545 EPISCOPUS
1485 525 1617 544 ETERNAI
1632 526 1765 546 SALUTEI.

1131 591 1244 619 Studens
1268 594 1326 626 paci
1351 599 1375 621 et
1399 595 1544 622 concorditz
1568 595 1757 630 Ecclesiarum,
1771 603 1874 632 postea-

1095 644 1172 671 quam
1189 637 1290 665 litteras
1304 639 1442 666 charitatis
1461 638 1554 668 uestrae
1569 643 1600 668 de
1621 642 1723 669 nomine
1733 643 1874 670 Athanasii

1095 689 1117 709 et
1133 688 1286 710 ccc-tororum
1301 684 1385 717 [actas
1400 686 1434 711 ad
1449 693 1541 712 nomen
1560 685 1627 713 Julii
1643 687 1715 714 bona
1742 689 1873 716 memoria!

1094 726 1206 761 episcopi
1220 728 1325 761 accepi;
1341 734 1446 755 secutus
1469 730 1636 757 traditionem
1656 732 1798 766 majorum,
1813 740 1873 766 pre-

1094 773 1208 807 sbyteros
1228 773 1300 800 urbis
1318 772 1406 801 Roma
1419 774 1541 808 Lucium,
1555 775 1668 803 Paulum
1690 782 1716 803 et
1732 776 1874 805 Helianum

1095 826 1109 845 e
1122 819 1202 845 latere
1219 826 1274 845 meo
1288 819 1322 845 ad
1337 819 1526 847 Alexandriam
1540 823 1574 847 ad
1594 822 1773 855 supradictum
1789 823 1874 850 Atim-

1095 865 1197 890 nasium
1213 864 1308 897 direxi,
1324 869 1351 890 ut
1376 865 1411 891 ad
1428 866 1517 892 urbem
1530 865 1640 893 Romam
1654 867 1751 895 veniret
1765 874 1775 894 :
1795 872 1823 894 ut
1846 872 1874 897 in

1094 910 1216 943 presenti
1243 909 1290 939 id,‘
1307 910 1376 944 quod
1397 909 1521 937 Ecclesia
1550 911 1692 945 disciplina
1720 915 1830 947 exstitit,
1847 916 1874 941 in

1094 963 1151 981 eum
1167 959 1334 982 statueretur.
1358 955 1469 982 Litteras
1484 957 1562 982 etiam
1582 957 1616 983 ad
1635 958 1752 985 eumdem
1771 967 1817 992 per
1830 968 1874 986 su-

1093 1001 1226 1034 pradictas
1259 1002 1421 1035 presbyteros
1452 1001 1529 1034 dedi,
1561 1003 1653 1037 quibus
1679 1003 1873 1037 continebatur,

1094 1046 1162 1080 quod
1184 1047 1206 1072 si
1232 1053 1283 1072 non
1311 1046 1428 1080 veniret,
1452 1047 1528 1073 sciret
1560 1055 1587 1074 se
1615 1048 1731 1075 alienum
1757 1058 1812 1078 esse
1841 1051 1873 1078 ab

1095 1091 1218 1117 Ecélcsiw
1234 1090 1360 1118 Romane
1377 1093 1566 1120 communione.
1584 1093 1690 1121 Reverti
1720 1095 1802 1130 igitur
1814 1105 1875 1131 prc-

1094 1137 1189 1172 sbyteri
1216 1137 1399 1164 nuntiaverunt
1422 1146 1480 1164 eum
1505 1140 1591 1166 venire
1615 1140 1739 1168 noluisse.
1763 1140 1874 1169 Secutus

1095 1183 1203 1217 denique
1219 1183 1321 1209 litteras
1343 1183 1479 1210 charitatis
1500 1189 1608 1218 vestras,
1632 1194 1698 1220 quas
1718 1187 1750 1214 de
1772 1188 1875 1215 nomine

1095 1228 1239 1262 supradicti
1249 1228 1387 1255 Athanasii
1403 1229 1437 1256 ad
1451 1237 1498 1257 nos
1511 1230 1629 1264 dedistis,
1645 1232 1734 1260 sciatis
1750 1233 1790 1260 his
1801 1233 1875 1260 litte-

1095 1274 1141 1303 ris,
1159 1281 1223 1307 quas
1244 1274 1278 1299 ad
1299 1274 1498 1301 unanimitatcm
1522 1282 1638 1303 nostram
1659 1278 1731 1310 dedi,
1751 1286 1792 1305 me
1816 1287 1874 1305 cum

1095 1318 1214 1344 omnibus
1235 1318 1315 1350 vobis,
1331 1322 1357 1344 et
1378 1326 1436 1345 cum
1459 1321 1586 1348 universis
1599 1322 1725 1357 episcopis
1747 1322 1876 1350 Ecclesiae

1095 1363 1230 1390 catholica;
1249 1371 1338 1398 pacem
1354 1364 1446 1392 habere
1462 1373 1471 1392 :
1490 1368 1669 1400 supradictum
1686 1373 1772 1396 autem
1793 1369 1875 1397 Atha-

1096 1411 1201 1437 nasium
1214 1410 1328 1442 alienum
1344 1420 1398 1439 esse
1413 1421 1428 1438 α
1439 1414 1619 1441 communione
1630 1423 1698 1448 mea,
1715 1416 1768 1442 sive
1785 1414 1876 1442 Eccle-

1096 1457 1145 1484 εὔιε
1162 1455 1296 1490 Romanis,
1319 1462 1342 1484 et
1368 1459 1500 1486 consortia
1522 1459 1668 1488 litterarum
1686 1461 1876 1489 ecclesiastica-

1097 1511 1164 1529 rum.

1133 1546 1180 1574 His
1193 1547 1329 1583 subiungit
1347 1547 1464 1576 Hilarius
1485 1558 1491 1575 :

1132 1591 1202 1624 Quid
1223 1593 1249 1619 in
1268 1593 1309 1619 his
1328 1593 1422 1620 litteris
1444 1602 1495 1620 non
1514 1594 1674 1627 sanctitatis,
1694 1595 1757 1630 quid
1777 1604 1829 1623 non
1844 1603 1877 1624 ex

1096 1643 1165 1665 metu
1184 1638 1233 1666 Dci
1249 1640 1366 1666 eveniens
1390 1645 1427 1666 est
1439 1641 1452 1667 1’
1467 1640 1519 1667 Sed
1534 1639 1671 1669 Potentius
1686 1647 1710 1669 et
1728 1641 1875 1677 Epictetus,

1096 1683 1157 1710 dum
1191 1684 1317 1710 damnare
1347 1685 1420 1712 urbis
1447 1685 1537 1713 liomte
1569 1687 1719 1721 episcopum
1751 1688 1875 1722 gaudent,

1095 1727 1163 1753 sicut
1186 1727 1214 1754 in
1230 1727 1391 1755 Ariminensi
1416 1730 1514 1764 synodo
1539 1731 1698 1764 continetur,
1716 1732 1808 1758 audire
1821 1733 1877 1760 Ita-c

1097 1772 1246 1800 noluerunt.
1262 1773 1411 1806 Quinetiam
1433 1774 1642 1803 Fortunatianus
1663 1777 1798 1812 episcopus
1821 1779 1877 1811 epi-

1098 1817 1194 1844 stolam
1211 1820 1326 1845 eamdem
1344 1828 1450 1846 rursum
1475 1821 1585 1847 dit-ersis
1610 1822 1735 1856 episcopis
1759 1823 1877 1855 mittens,

1096 1862 1161 1888 nihil
1177 1863 1298 1896 profecit.
1319 1863 1352 1890 Ut
1376 1870 1462 1892 autem
1485 1865 1512 1892 in
1531 1871 1625 1900 negata
1639 1865 1782 1893 Athanasio
1806 1875 1877 1894 rom-

1095 1908 1221 1934 munione
1250 1909 1298 1935 sibi
1330 1909 1416 1943 potius
1445 1915 1527 1937 essent
1550 1912 1664 1943 onerosi,
1691 1919 1793 1947 remque
1819 1921 1877 1939 om—

1095 1959 1152 1978 nem
1178 1953 1228 1979 sibi
1248 1954 1356 1988 periculi
1376 1954 1509 1988 facerent,
1536 1955 1679 1983 dummodo
1700 1957 1765 1984 nihil
1782 1957 1878 1985 Sardi-

1096 1998 1164 2023 censi
1190 1999 1298 2032 synodo.
1323 2007 1375 2034 qua
1399 1999 1560 2027 Athanasius
1581 2000 1714 2028 absolutus
1737 2007 1761 2028 et
1784 2002 1877 2029 Ariani

1098 2043 1217 2069 damnati
1239 2043 1360 2077 fuerant,
1382 2044 1566 2078 decerperent;
1593 2045 1687 2072 littera:
1708 2053 1740 2072 ex
1760 2045 1877 2081 .Egypto

1095 2089 1166 2114 omni
1183 2093 1261 2122 atque
1278 2090 1309 2115 ub
1326 2088 1486 2116 Alexandria
1500 2091 1586 2117 missa:
1600 2090 1773 2117 admonebant
1787 2098 1796 2117 :
1810 2099 1878 2125 quo-

1095 2134 1167 2160 niam
1179 2134 1269 2167 quales
1280 2134 1315 2160 ad
1327 2133 1429 2161 Iulium
1441 2135 1542 2169 pridem
1557 2135 1588 2162 de
1599 2137 1735 2169 reddenda
1743 2137 1877 2163 exsulanti

1094 2179 1237 2206 Athanasio
1256 2180 1435 2207 communione
1452 2185 1527 2207 erant
1544 2181 1657 2215 scripta',
1677 2181 1741 2208 tales
1757 2189 1835 2214 nunc,
1847 2186 1877 2209 ut

1095 2223 1127 2250 de
1141 2224 1263 2258 subjectis
1283 2224 1454 2258 intelligetur,
1470 2226 1504 2252 ad
1524 2225 1656 2253 Liberium
1672 2227 1743 2254 datu:
1761 2233 1821 2255 sunt
1844 2228 1876 2254 dc

1095 2269 1202 2295 tuenda.

1125 2313 1199 2341 Haiic
1222 2313 1322 2341 Liberii
1345 2315 1486 2349 epistolam
1506 2323 1567 2342 cum
1591 2316 1677 2343 nostri
1705 2316 1732 2343 in
1758 2317 1877 2346 editione

1097 2359 1126 2386 S.
1140 2358 1244 2392 Hilarii,
1256 2365 1311 2386 tum
1322 2367 1370 2386 nos
1383 2365 1412 2387 ut
1426 2361 1624 2394 supposititiam
1638 2361 1791 2389 habuimus.
1804 2362 1873 2390 Nam

1093 2406 1186 2432 statim
1200 2413 1215 2432 a
1235 2411 1322 2433 morte
1339 2406 1403 2433 Julii
1426 2414 1514 2442 papas,
1528 2412 1556 2435 et
1581 2408 1689 2435 ineunte
1703 2408 1803 2436 Liberii
1819 2409 1877 2444 epi-

1095 2455 1206 2484 scopatu
1229 2451 1291 2477 data
1313 2451 1412 2478 dicitur
1435 2461 1441 2478 :
1464 2452 1524 2478 iniit
1547 2456 1635 2480 autem
1657 2452 1780 2481 Liberius
1805 2462 1876 2482 anno

1095 2495 1158 2522 552.
1171 2496 1207 2522 At
1220 2495 1389 2530 exploratum
1404 2501 1446 2523 est
1459 2497 1599 2532 utriusque
1621 2499 1754 2533 praesulis,
1776 2499 1876 2527 Liberii

1095 2546 1122 2568 et
1144 2541 1296 2574 Athanasii,
1315 2543 1488 2576 testimoniis,
1512 2544 1617 2570 nonnisi
1642 2552 1711 2572 anno
1730 2545 1782 2572 557
1798 2545 1877 2574 Libe-

1097 2587 1178 2621 rium,
1194 2587 1274 2615 ttedio
1290 2588 1377 2616 exsilii
1399 2589 1526 2622 fractum,
1540 2590 1574 2617 ab
1595 2590 1735 2618 Athanasii
1757 2599 1877 2619 commu-

1098 2632 1178 2660 nione
1211 2634 1369 2662 recessisse.
1393 2634 1427 2662 Et
1452 2635 1560 2670 quidem
1584 2635 1617 2663 de
1641 2641 1697 2663 toto
1724 2635 1770 2664 illo
1789 2637 1877 2671 spatio

1095 2678 1169 2713 quod
1184 2677 1219 2705 ab
1229 2686 1299 2706 anno
1307 2679 1371 2712 555,
1383 2687 1436 2715 quo
1449 2680 1573 2709 Liberius
1585 2681 1716 2717 synodum
1732 2689 1781 2717 pro
1795 2689 1877 2710 causa

1100 2723 1242 2752 Athanasii
1268 2725 1422 2761 postulavit,
1437 2727 1471 2754 ad
1492 2727 1544 2755 357
1560 2727 1726 2761 intercurrit,
1743 2727 1815 2755 nulla
1829 2735 1878 2762 po-

301 2809 338 2848 (ᾳ)
358 2808 510 2848 Τίῌειιῃιιι,
531 2810 577 2841 Vit
601 2810 634 2839 de
647 2811 675 2840 S.
690 2812 834 2847 Athanase,
850 2817 902 2841 art.
917 2814 961 2848 76,
980 2819 1007 2842 et
1019 2813 1043 2842 la
1060 2819 1114 2843 uol.
1133 2815 1176 2844 7|.

300 2841 336 2879 υι)
354 2844 411 2871 Col.
425 2841 503 2872 issi.
