2016 3046
609 162 654 190 DE
677 160 757 191 VITA
778 162 821 191 ET
842 161 997 190 SCRlPTlS
1017 161 1036 189 5
1063 160 1258 189 ATHANASII.

1645 170 1743 190 εικηι

127 227 181 252 test
194 222 261 251 oriri
286 222 483 256 controversia,
503 229 564 249 cum
583 228 687 249 certum
710 223 746 252 sit
771 221 845 248 illum
862 229 910 257 per
924 223 945 252 Α
962 229 1033 247 mutu
1053 221 1231 248 reluctantem
1255 220 1434 248 Athanasium
1449 228 1464 248 ι
1486 221 1675 248 comnutnione
1695 229 1744 248 stta

124 269 150 297 id
167 269 298 304 temporis
311 277 360 296 nec
371 268 459 295 oflicio
471 275 520 295 nec
533 268 679 294 Athanasio
691 267 808 294 defuisse
822 275 828 293 :
840 267 910 301 quod

122 321 211 342 autem
239 322 288 341 nec
311 322 384 341 suun
401 313 454 340 332
469 321 522 347 quo
547 313 602 339 iniit
625 313 824 347 episcopatum,
840 319 909 347 prte-

124 367 257 388 maturam
287 360 357 387 hanc
374 359 519 386 Athanasii
553 359 754 385 damnationem
779 358 910 389 emiserit,

124 408 193 435 haud
210 407 297 434 minus
318 412 488 440 compertum
506 413 512 431 :
540 405 595 438 ipse
618 404 717 440 quippe
741 403 865 431 Liberius
884 404 909 430 in

122 454 237 489 epistola
249 454 283 481 ad
293 454 482 481 Constantium
493 460 565 480 anno
572 453 634 485 554,
645 453 687 479 vel
702 453 821 486 circiter,
836 454 910 484 data,

123 500 157 526 de
178 499 358 526 Orietttalittm
381 498 503 533 epistolis
520 503 613 524 contra
629 497 806 525 Athanasium
831 498 864 525 ad
882 506 911 524 se

125 545 215 571 tnissis
233 545 293 571 talia
311 544 384 571 fatur
396 552 402 569 :
414 544 468 577 Qui
481 544 559 578 fidem
574 549 596 569 et
611 545 763 570 sententiam
780 552 830 571 non
842 551 909 570 cotu-

122 590 283 617 modavimus
304 596 439 620 nostram,
454 590 524 624 quod
543 590 632 616 eodem
651 595 765 620 tempore
776 590 910 624 octoginta

123 637 302 669 episcoporum
326 635 514 670 {Egyptiorum
540 635 573 661 de
598 635 744 662 Athanasio
779 635 910 662 sententia

123 681 295 715 repugnabat.
310 700 317 706 .
332 700 340 708 .
352 701 358 708 .
375 700 382 708 .
396 683 465 708 unde
478 686 568 707 contra
586 680 705 708 divinam
723 681 804 714 legem
828 682 910 708 visum

124 730 174 757 est,
187 727 266 752 etiam
282 734 342 752 cum
366 726 548 760 episconorum
565 734 688 753 numerus
704 733 752 758 pro
765 725 911 752 Athanasio

122 774 210 807 major
232 773 380 803 exsisteret,
400 772 428 798 in
450 777 524 806 parte
547 771 637 806 aliqua
660 771 826 798 commodare
849 779 912 797 con-

121 825 238 844 sensum.
257 817 334 850 Quod
349 816 405 851 qui,
428 816 533 847 amabo,
560 817 651 844 dicere
666 816 808 851 potuisset,
822 816 844 843 si
855 815 911 850 jam

123 863 207 890 missa
223 863 256 890 ad
272 863 451 890 Athanasium
468 861 615 898 legatione,
633 862 706 889 illum
728 863 779 890 iter
797 861 910 889 Romam

122 909 320 935 detrectantem
335 908 453 935 alienum
474 916 488 934 a
508 908 702 935 communione
721 916 768 935 sua
782 907 911 935 dixisset?

121 953 162 979 Ad
182 953 240 979 hmo
258 959 321 979 vero
335 959 395 979 cum
409 952 512 979 fractus
528 953 656 980 terotnuis
667 951 793 980 Liberius
805 960 834 979 se
850 960 911 986 pur-

121 1001 215 1032 gatum
229 997 336 1025 Ariauis
357 1005 417 1026 esse
434 1003 558 1032 cuperet,
578 1006 727 1033 eorumque
741 999 912 1026 communio-

123 1050 185 1070 nem
201 1047 352 1077 expeteret,
372 1043 398 1070 in
417 1043 529 1078 epistola
552 1051 600 1071 sua
618 1044 652 1071 ad
664 1043 819 1072 Orientales
841 1053 912 1073 anno

122 1090 173 1117 357
199 1090 255 1117 haec
281 1091 319 1117 ait
341 1100 348 1118 :
373 1090 428 1126 Ego
444 1091 620 1119 Athanasium
639 1099 691 1118 non
711 1091 824 1126 defendo
840 1098 850 1118 :
866 1093 911 1120 sed

122 1136 185 1170 quia
208 1140 358 1169 susceperat
371 1143 431 1162 eum
447 1136 521 1162 bome
537 1136 670 1163 memoria:
689 1135 777 1163 Julius
792 1136 911 1164 decessor

123 1189 205 1212 ruens,
223 1181 329 1207 uerebar
344 1189 375 1207 ne
391 1181 458 1215 forte
476 1182 508 1207 ab
531 1181 621 1216 aliquo
634 1182 822 1214 praevaricator
833 1181 910 1216 judi-

125 1233 212 1251 carer.
226 1226 257 1251 At
273 1226 316 1251 ubi
333 1225 454 1261 cognovi,
467 1226 574 1259 quando
589 1225 643 1253 Deo
658 1226 768 1261 placuit,
782 1227 854 1260 juste
867 1235 910 1254 vos

124 1269 201 1296 illum
213 1271 410 1303 condemnasse,
426 1279 488 1298 mox
501 1279 656 1298 consensum
673 1272 834 1299 commodavi
853 1281 911 1299 sen-

123 1315 213 1342 tentiis
240 1318 328 1343 uestris
349 1324 358 1343 :
378 1317 529 1352 litterasque
558 1325 636 1351 super
662 1318 765 1345 nomine
786 1318 843 1352 ejus
865 1327 911 1353 per

123 1360 233 1395 fratrem
260 1367 379 1388 nostrum
398 1361 624 1389 Fortunatiauum
650 1362 721 1395 dedi,
741 1363 910 1397 perferendas

123 1406 159 1432 ad
179 1406 361 1439 imperatorem
381 1407 575 1434 Constantium.
603 1407 671 1435 Iliuc
697 1407 777 1442 plane
805 1409 911 1443 perspi-

123 1458 203 1478 cuum
219 1456 260 1479 est
279 1451 417 1481 Liberium
440 1460 492 1480 non
514 1457 577 1480 ante
600 1453 780 1481 Athanasium
799 1461 814 1480 a
830 1461 909 1481 com-

125 1495 253 1524 nonione
279 1497 439 1529 removisse,
457 1504 536 1532 quam
559 1497 665 1525 litteras
684 1505 715 1525 ea
732 1498 765 1525 de
780 1505 860 1525 causa
875 1498 909 1524 ad

963 267 1101 300 repulerit,
1116 267 1187 302 quod
1204 267 1231 294 in
1247 272 1352 301 tempus
1364 267 1469 301 rejicias
1481 267 1554 293 illam
1566 266 1745 301 Aquileiensis

961 314 1055 348 synodi
1078 312 1253 340 indictionetn
1271 322 1277 339 :
1295 312 1427 347 siquidem
1446 320 1518 339 anno
1540 312 1603 343 555.
1619 311 1744 340 Liberius

960 359 1010 390 ait,
1034 358 1194 394 jamdudum
1222 358 1421 392 Aquileiensem
1453 358 1586 393 synodum
1615 357 1743 385 indictam

961 404 1044 431 fuisse
1061 411 1108 438 pro
1124 410 1204 429 causa
1229 403 1367 429 Athanasii
1385 403 1565 429 exatninantla
1585 411 1592 429 :
1609 410 1678 437 pone
1701 401 1744 427 itt-

962 449 1060 476 dictam
1082 447 1166 475 fuisse
1183 448 1234 475 sub
1258 447 1337 474 finem
1362 448 1424 474 anni
1449 447 1513 479 35d,
1529 454 1582 481 qv-o
1598 452 1676 481 pacto
1693 446 1743 474 alia

962 501 1022 528 qtue
1039 500 1053 519 a
1074 499 1167 520 mense
1187 492 1273 526 Aprili
1301 492 1334 518 ad
1361 491 1442 518 liuent
1457 491 1577 526 ejusdem
1593 491 1656 519 anni
1670 496 1744 526 gesta

962 539 1102 571 feruntur,
1131 543 1184 565 tam
1215 537 1288 564 brevi
1316 538 1404 572 spatio
1429 537 1576 565 entetisre!
1599 537 1655 564 lmo
1681 544 1745 564 vero

962 583 1068 612 etiamsi
1093 583 1126 609 ad
1150 590 1182 610 ea
1209 583 1297 609 omnia
1320 581 1398 615 spatii
1429 582 1495 608 satis
1518 586 1610 614 esset;
1635 589 1668 608 an
1697 589 1746 615 pu-

963 635 1003 657 tes
1037 630 1171 657 Liberium
1201 636 1261 656 cum
1290 629 1316 655 in
1354 628 1442 655 medio
1468 627 1532 654 anui
1558 628 1610 655 552
1641 627 1744 654 litteras

961 675 1137 703 Orientalium
1171 674 1342 708 accepisset,
1373 681 1433 699 mox
1468 673 1570 708 legatos
1606 674 1743 704 misisset,

962 727 994 746 ac
1026 724 1085 754 post
1110 726 1202 746 eorum
1227 718 1351 750 reditum,
1377 718 1555 745 Athanasium:
1582 727 1596 745 a
1621 726 1743 745 cornutu—

963 766 1043 792 nione
1069 772 1116 792 sua
1143 765 1314 796 removisset,
1337 764 1429 790 statim
1454 763 1586 798 synodum
1609 763 1634 790 in
1660 763 1744 790 Atha-

964 811 1029 838 nasii
1056 810 1170 845 gratiam
1201 809 1371 844 postulasse?
1398 808 1493 836 Annon
1521 809 1578 836 lucc
1606 808 1744 836 datio-rara

962 861 1063 889 essent,
1085 856 1204 890 etiamsi,
1221 857 1292 891 quod
1309 862 1397 882 tamen
1417 862 1556 890 negamus,
1576 855 1656 889 spatii
1676 855 1743 882 satis

961 902 1051 930 esset?

997 948 1053 975 Non
1066 947 1154 976 minus
1167 955 1228 975 cum
1243 947 1394 980 Athanasii,
1407 955 1488 982 quam
1506 955 1567 975 cum
1585 946 1685 974 Liberii
1706 948 1743 973 di-

962 994 1013 1021 ctis
1027 994 1084 1021 htee
1106 994 1218 1028 epistola
1245 998 1367 1027 pugnat:
1383 1001 1444 1020 nam
1462 1000 1484 1020 ts
1499 993 1524 1020 in
1542 992 1593 1020 line
1611 994 1743 1028 Apologire

961 1043 1053 1065 contra
1075 1038 1188 1065 An'anos
1206 1038 1245 1066 ait
1258 1037 1396 1065 Liberium
1413 1045 1462 1073 pro
1485 1037 1588 1072 judicio
1603 1037 1743 1072 episcopo-

963 1091 1033 1116 rum,
1048 1084 1093 1119 qui
1115 1083 1261 1110 secundum
1286 1082 1462 1110 Athanasium
1487 1082 1648 1109 sententiam
1671 1082 1746 1109 dixe-

963 1134 1046 1160 rant.
1072 1129 1209 1157 obstitisse
1242 1128 1373 1161 Arianis,
1403 1129 1488 1156 donec
1516 1128 1618 1155 biennii
1646 1127 1743 1154 exsilio

961 1175 1064 1202 fractus
1088 1176 1206 1202 cederet.
1233 1174 1266 1201 Et
1291 1174 1317 1201 in
1337 1173 1449 1208 epistola
1472 1172 1622 1208 encyclica,
1643 1172 1742 1208 scripta

963 1229 1033 1248 anno
1059 1219 1122 1252 556,
1153 1225 1191 1247 att
1217 1220 1266 1256 (a),
1295 1220 1403 1247 Arianis
1429 1219 1562 1254 episcopis
1588 1218 1667 1246 lldcm
1692 1218 1742 1246 ha-

962 1267 1076 1295 bendam
1104 1266 1172 1299 fore,
1194 1266 1216 1294 si
1241 1266 1315 1301 paria
1344 1266 1504 1293 scriberent.
1528 1264 1636 1298 Hosius,
1657 1264 1743 1292 Maxi-

962 1313 1050 1340 minus
1064 1333 1070 1345 ,
1097 1311 1286 1346 Philogonius,
1314 1312 1484 1345 Eustathius,
1503 1311 1591 1339 Julius
1611 1317 1636 1339 et
1661 1310 1742 1339 Libe-

962 1359 1028 1393 rius,
1052 1364 1116 1390 etc.,
1135 1359 1205 1394 quod
1231 1360 1276 1394 qui
1298 1359 1388 1387 dicere
1407 1360 1548 1395 potuisset,
1571 1359 1592 1387 si
1618 1359 1742 1387 Liberius

958 1405 1120 1441 jampridem
1149 1413 1178 1432 se
1208 1405 1316 1432 Arianis
1354 1406 1488 1441 episcopis
1518 1405 1657 1440 astipulari
1693 1404 1741 1432 de-

961 1451 1109 1479 (larasseti
1140 1451 1172 1478 Et
1204 1453 1274 1486 quod
1303 1452 1388 1486 magis
1417 1455 1530 1486 urgeat,
1566 1452 1591 1478 in
1619 1450 1743 1478 Historia

963 1498 1123 1524 Arianorum
1147 1498 1181 1524 ad
1207 1497 1356 1530 monachos,
1380 1497 1418 1524 ait
1440 1496 1612 1528 Athanasius,
1629 1497 1744 1524 Arianae

123 1542 313 1576 imperatorem
325 1542 514 1571 Constantium
539 1544 668 1576 mitteret,
685 1540 755 1579 qu‘bd
771 1552 841 1571 anno
857 1544 908 1571 557
923 1562 944 1592 ε
962 1542 1099 1570 Liberium
1126 1543 1159 1570 ah
1186 1542 1264 1570 initio
1278 1544 1448 1578 t-piSCopatus
1465 1543 1517 1576 sui,
1541 1543 1611 1570 κατὰ
1625 1543 1674 1579 τὴν
1690 1543 1741 1578 ἁρ-

123 1587 225 1615 factum
245 1597 252 1615 :
270 1595 350 1616 nemo
376 1589 473 1624 quippe
494 1590 536 1617 his
558 1590 685 1625 perlectis
710 1597 762 1617 non
781 1590 909 1624 fateatur,

121 1633 235 1660 omnino
253 1634 444 1668 repudiandum
460 1642 520 1662 es~e
531 1636 673 1670 epistolam
696 1636 779 1669 illaut,
795 1643 847 1670 qua
867 1637 909 1663 di-

121 1679 194 1706 citur
215 1679 349 1707 Liberium
364 1681 456 1708 statim
473 1681 507 1708 ab
525 1681 601 1708 initio
620 1686 753 1716 suscepta:
772 1681 910 1716 dignitatis

122 1724 306 1752 Athanasium
324 1725 477 1753 damnasse.
495 1726 526 1753 Et
543 1733 608 1754 vero
629 1733 662 1754 ne
684 1731 789 1761 tempus
802 1727 909 1761 quidem

121 1770 309 1806 deprehendas
329 1778 381 1805 quo
399 1771 578 1798 Athanasium
604 1779 619 1798 a
647 1772 838 1799 communione
861 1779 909 1799 sua

121 1815 277 1843 retuoverit.
295 1815 361 1843 Nam
375 1824 419 1843 an.
434 1816 498 1849 55-2,
514 1816 598 1851 Aprili
611 1821 743 1849 vertente,
762 1817 788 1844 in
808 1817 911 1852 episco-

121 1869 184 1896 putn
215 1861 366 1890 llomanum
396 1862 508 1889 allectus
529 1862 579 1889 fuit
605 1871 611 1888 :
639 1870 710 1890 anno
735 1867 824 1890 autent
843 1863 909 1896 355,

120 1907 213 1934 missis
236 1907 269 1934 ad
294 1907 481 1934 Constantium
507 1907 603 1942 legatis
618 1907 767 1939 Arelatem,
794 1910 828 1935 ab
851 1907 910 1942 ipss

120 1952 285 1986 postulabat,
299 1958 326 1979 ut
336 1953 452 1987 juberet,
468 1954 507 1980 sic
525 1953 662 1984 Liberius,
674 1954 909 1988 sicutjamdudnm

120 1997 174 2031 ipsi
188 1997 336 2031 placuerat,
354 1998 493 2025 concilium
508 1999 541 2025 ad
562 1999 710 2033 Aquileiam
734 1999 909 2034 congregati;

120 2042 249 2070 videlicet
276 2050 326 2078 pro
350 2051 431 2071 causa
447 2045 600 2078 Athanasii,
620 2050 649 2071 ut
669 2045 856 2079 exquirerelor
874 2053 908 2072 an

121 2087 282 2124 reﬁciendas
301 2097 317 2116 a
331 2090 519 2117 communione
536 2095 607 2118 esset
641 2098 736 2118 necne.
755 2090 805 2118 Ubi
832 2091 906 2118 vides

117 2133 177 2168 jam
193 2138 256 2161 ante
271 2133 379 2169 aliquod
394 2139 510 2169 tempus,
524 2139 552 2162 ut
567 2135 622 2168 illo,
637 2135 809 2170 jamdudum,
825 2136 908 2170 signio

120 2180 229 2212 licator,
246 2181 278 2207 de
287 2173 390 2215 synodo
401 2187 450 2215 pro
463 2188 545 2208 causa
559 2181 700 2208 Athanasii
713 2182 834 2216 cogenda
845 2189 907 2208 cunt

961 1590 1023 1624 χήν,
1040 1588 1180 1615 calumniis
1195 1589 1264 1622 apud
1281 1588 1471 1623 imperatorem
1487 1589 1636 1620 velticasse,
1651 1593 1679 1615 ut
1692 1589 1741 1614 ah-

962 1634 1091 1661 ducerent
1106 1641 1119 1659 a
1132 1635 1270 1668 proposito
1283 1642 1290 1659 ε
1303 1634 1432 1660 Arbitrati
1445 1639 1504 1660 sunt
1521 1635 1594 1667 impii
1612 1635 1741 1666 homines,

961 1679 1056 1714 inquit.
1077 1687 1104 1706 se
1117 1679 1138 1705 si
1155 1678 1289 1706 Liberium
1310 1681 1453 1706 subamara
1471 1683 1586 1713 possent.
1600 1687 1687 1706 omnes
1706 1679 1742 1705 il-

961 1725 1011 1752 lico
1026 1726 1194 1758 snperatur’os
1214 1732 1224 1751 ε
1243 1725 1394 1759 exindeque
1415 1731 1534 1757 curasse,
1558 1730 1586 1750 ut
1603 1726 1635 1752 ad
1652 1725 1740 1760 ipsutn

960 1770 1096 1798 Liberium
1113 1770 1242 1797 Eusebius
1260 1772 1345 1804 spado
1365 1770 1525 1803 mitteretur,
1537 1771 1582 1806 qui
1599 1776 1646 1798 aut
1663 1771 1742 1799 donis

960 1821 1007 1843 aut
1034 1816 1298 1843 interminationihus
1323 1816 1371 1842 viri
1393 1817 1571 1843 constantiam
1597 1817 1741 1850 emolliret,

960 1870 1076 1898 eumque
1103 1864 1135 1890 ad
1165 1862 1342 1890 Athanasium
1372 1863 1553 1890 damnandum
1587 1863 1739 1897 instigaret.

959 1909 1111 1944 Spadonem
1129 1916 1194 1936 vero
1217 1908 1340 1936 Liberius
1359 1907 1399 1935 sic
1420 1907 1517 1934 affatur
1535 1916 1543 1935 :
1563 1907 1625 1942 Qui,
1642 1917 1741 1944 quteso,

960 1956 1084 1983 adversus
1096 1955 1268 1982 Athanasium
1281 1955 1308 1981 id
1322 1954 1437 1989 agatur?
1454 1962 1514 1981 nam
1533 1962 1608 1988 quem
1622 1963 1673 1982 mm
1688 1963 1742 1982 una

958 2001 1053 2033 solum,
1066 2001 1110 2027 sed
1122 2005 1146 2027 et
1161 2000 1243 2027 altera
1255 2001 1369 2035 synodus
1387 2008 1420 2027 es:
1437 2005 1491 2027 toto
1505 2000 1566 2027 orbe
1578 2004 1680 2032 coacta,
1696 2009 1744 2034 pu-

960 2054 1017 2073 rum
1029 2046 1216 2080 innoxiumque
1234 2045 1386 2077 declarauit,
1398 2054 1474 2080 quem
1492 2044 1609 2073 Romana
1626 2046 1742 2081 synodus

959 2101 1016 2119 tum
1027 2101 1089 2126 pace
1100 2092 1210 2124 dimisit,
1223 2100 1273 2127 quo
1285 2096 1360 2126 pacto
1376 2092 1500 2119 damnare
1511 2093 1666 2127 possumus!
1677 2092 1742 2125 Quis

960 2147 1006 2165 nos
1018 2138 1174 2172 probaturus
1189 2142 1238 2170 est,
1248 2138 1270 2165 si
1283 2146 1358 2173 quem
1370 2143 1521 2172 ptwsentem
1536 2143 1655 2165 amanter
1665 2145 1743 2165 exce-

958 2184 1054 2218 pimus,
1082 2184 1116 2210 ad
1143 2185 1399 2219 cortmtunionemqne
1421 2184 1585 2215 admisimus,
1611 2184 1742 2212 absentem

119 2225 288 2260 imperatore
303 2226 392 2261 egisse
409 2226 558 2254 Liberium.
574 2227 640 2254 Cum
653 2232 742 2254 autem
758 2235 829 2255 anno
851 2227 904 2254 552
922 2235 943 2262 ι)
957 2230 1124 2256 ιιι-ενεεηιιιτέθ
1144 2238 1195 2256 non
1216 2229 1386 2256 ecclesiastici
1405 2231 1514 2257 canonis
1533 2230 1599 2256 illud
1618 2235 1667 2261 est,
1688 2234 1742 2257 etc.

117 2271 246 2299 Liberius
258 2272 283 2298 in
303 2272 455 2307 episcopum
478 2271 627 2299 Romanum
644 2273 757 2300 allectus
777 2273 867 2304 fuerit,
881 2274 905 2300 si

118 2317 199 2350 illud,
215 2317 385 2351 jamdudum,
402 2319 505 2353 aliquot
525 2318 622 2346 saltem
646 2324 720 2345 retro
736 2326 843 2346 menses
867 2319 905 2345 si-

117 2362 251 2397 gniﬁcare
264 2362 409 2395 concedas,
424 2369 472 2390 aut
489 2363 558 2391 nihil
579 2371 690 2398 prorsus
709 2365 788 2399 spatii
812 2372 907 2398 snper-

117 2409 185 2440 erit,
207 2408 249 2435 vel
277 2413 331 2434 tam
356 2414 501 2443 angustum
526 2415 632 2444 tempus
660 2414 768 2436 tuaneat
796 2417 906 2438 necesse

116 2458 179 2484 est,
198 2457 226 2479 ut
241 2453 395 2479 nullatenus
417 2454 521 2488 possint
538 2461 582 2486 ea,
602 2461 660 2488 quae
681 2454 709 2481 in
723 2453 824 2482 Liberii
850 2455 907 2490 epi-

115 2498 190 2525 stola
208 2498 284 2525 initio
307 2498 388 2526 allata
415 2499 550 2531 feruntur,
570 2504 624 2527 tam
652 2500 780 2527 brevibus
803 2501 904 2528 includi

115 2543 259 2570 limitibus.
278 2542 356 2575 Nam,
370 2544 391 2571 si
408 2543 531 2572 Liberius
545 2552 616 2572 anno
627 2545 690 2577 352,
706 2545 790 2580 Aprili
803 2554 904 2577 lllt‘ltse,

113 2589 150 2614 ad
167 2588 258 2615 sedem
276 2594 399 2621 evectus,
412 2589 590 2617 Orientalium
607 2590 725 2624 acceptis
745 2591 854 2623 litteris,
867 2592 905 2618 le-

114 2638 197 2669 gatos
225 2639 279 2661 tres
301 2633 424 2667 Lucium,
449 2635 561 2663 Paulum
585 2640 612 2663 et
635 2635 776 2663 Helianum
802 2637 906 2663 miserit

114 2679 322 2712 Alexandriam,
336 2681 384 2715 qui
399 2681 577 2708 Athanasium
597 2682 631 2708 ad
652 2681 803 2709 Romanam
822 2689 903 2717 syno-

114 2724 183 2751 dum
195 2730 350 2757 evocarent,
363 2733 396 2753 ac
409 2732 502 2762 postea
517 2727 611 2760 legati.
624 2735 652 2755 re
669 2727 768 2754 infecta
780 2733 806 2755 et
818 2727 905 2755 Atha-

115 2769 196 2796 nasio
208 2770 344 2797 abnuente
371 2770 484 2798 Romam
504 2772 643 2806 redierint,
661 2772 837 2800 Liberiusuue
853 2774 903 2801 de-

151 2870 192 2906 (u)
212 2869 242 2897 Ρ.
262 2869 325 2896 219.

276 2915 414 2947 Pyram.
437 2917 497 2948 (in.
522 2917 621 2949 XXV.

959 2276 1040 2309 Queis
1057 2277 1113 2311 ipsa
1125 2276 1184 2303 luce
1194 2276 1308 2303 lucidius
1318 2280 1370 2308 est,
1384 2276 1519 2304 Liberium
1539 2276 1574 2303 ab
1588 2275 1666 2302 initio
1681 2275 1742 2308 epi-

959 2327 1085 2356 scopatus
1099 2322 1140 2348 sui
1151 2342 1158 2353 ,
1174 2330 1228 2349 rem
1243 2321 1400 2348 insolentem
1414 2325 1440 2351 et
1451 2325 1542 2348 contra
1556 2327 1672 2347 canones
1682 2328 1742 2347 esse

959 2373 1076 2403 putasse.
1094 2368 1116 2395 si
1136 2368 1298 2395 Athanasius
1312 2368 1413 2401 aliquot
1429 2367 1454 2394 itt
1468 2366 1578 2401 synodis
1591 2365 1741 2398 absolutos,

960 2414 993 2438 ab
1018 2412 1197 2439 ecclesiastica
1220 2412 1407 2439 communione
1429 2416 1631 2441 removeretur.-
1661 2416 1742 2444 atque

961 2458 1026 2485 adeo
1041 2458 1193 2491 epistolam,
1207 2465 1266 2492 qua:
1285 2457 1312 2484 in
1332 2457 1502 2492 Fragtneutis
1524 2456 1617 2484 llilatii
1632 2455 1740 2491 qualem

960 2509 1040 2536 supra
1058 2502 1250 2537 descripsimus
1267 2503 1466 2535 circumfertur,
1479 2503 1523 2530 ubi
1542 2502 1705 2529 Athanasius
1725 2509 1740 2528 ι

959 2546 1069 2574 Liberio
1096 2547 1277 2582 episcopatum
1312 2547 1422 2574 ineunte
1454 2547 1599 2573 damnatus
1628 2545 1741 2577 dicitur,

958 2590 1154 2625 supposititiam
1169 2599 1238 2618 esse.
1249 2590 1314 2618 Nam
1331 2597 1427 2626 printer
1441 2599 1483 2623 ea,
1498 2599 1558 2626 quae
1574 2598 1654 2624 supra
1672 2590 1741 2616 dixi-

959 2644 1029 2669 tuns,
1045 2637 1255 2668 animadvertas,
1267 2643 1371 2671 qumso,
1386 2636 1486 2663 uullatn
1504 2636 1544 2662 vel
1557 2636 1683 2667 Arianos,
1699 2634 1739 2661 vrl

959 2681 1102 2709 Eusebium
1126 2683 1290 2714 eunuchum,
1310 2682 1351 2708 vel
1375 2682 1562 2710 Constantium
1578 2681 1738 2716 Augustum,

960 2734 1074 2760 quorum
1090 2734 1151 2754 cum
1171 2726 1276 2753 Liberio
1293 2727 1439 2762 colloquia,
1455 2731 1482 2754 et
1499 2727 1606 2761 quidem
1623 2726 1738 2760 prolixa,

958 2773 1092 2805 fcrttntttr,
1121 2772 1238 2807 pristina:
1254 2773 1326 2800 illitis
1349 2777 1443 2800 contra
1468 2772 1644 2799 Athanasium
1661 2771 1739 2798 dictio
