2016 3046
278 161 387 189 cmxn

958 156 1227 187 ’PRULEGOMENA.

279 219 420 248 sententize
434 220 595 247 mentiouem
606 217 706 247 'ferisse
724 229 731 248 τ
749 221 818 255 quod
835 225 909 248 certe
927 220 1062 247 validissi-
1076 224 1098 250 Α
1113 226 1218 254 reperta
1235 223 1273 246 est
1288 241 1294 252 ,
1314 220 1442 254 pertnista
1466 227 1487 246 St
1498 219 1569 247 ilicet
1589 226 1649 246 cum
1665 219 1887 254 operibu‘s't’ar'lo-

279 275 353 295 mum
371 271 428 293 erat
445 266 476 292 ad
499 266 598 293 Li-bcrii
613 267 766 294 tentandam
786 267 940 301 :equitatem
967 267 1061 293 inrita-

279 316 411 339 mentum.
430 311 462 338 Et
486 319 549 338 sane
576 313 707 339 dixissent
732 312 769 339 illi
790 321 796 339 :
825 312 914 345 Quare
942 311 1061 338 Athana-

277 358 450 393 sium,quem
471 363 526 385 tute
547 358 601 391 jam
623 359 751 385 damnare
767 359 916 392 occupasti,
935 363 988 384 tam
1011 365 1061 384 na-

277 405 348 431 viter
364 412 434 431 nunc
449 404 586 432 defendis?
606 412 734 439 quorsum
759 405 852 431 isthaeo
876 405 991 431 mutatio
1007 410 1059 430 tant

277 450 438 484 repentina?

312 495 428 530 Reponit
443 495 630 523 Tillemontius
651 495 688 531 (η)
707 504 714 521 :
733 495 797 522 Eam
821 495 961 530 epistolam
979 495 1059 522 Libe-

274 543 332 571 rius
356 543 383 570 in
407 543 513 570 arcanis
529 542 635 574 habuit.
659 550 707 569 nec
722 543 828 574 emisit;
851 542 896 568 sed
916 550 986 568 anno
1000 547 1060 568 tan-

275 595 331 616 utm
349 588 412 621 357,
430 593 572 623 postquam
589 588 717 615 a‘rumnis
741 588 845 615 fractus
864 593 996 618 cesserat,
1018 588 1058 622 ip-

273 642 332 661 sam
349 633 494 669 evolgavit.
519 633 554 660 At
575 633 597 660 si
612 634 645 660 de
667 634 779 667 epistola
797 638 900 660 tantum
923 639 1056 668 ageretur,

273 678 319 704 vix
336 684 367 704 ac
383 685 416 703 ne
429 678 472 704 vix
486 678 593 711 quidem
615 682 700 704 staret.
716 678 779 704 illud
799 679 854 705 sive
875 679 1055 710 ratiociniutn,

274 724 332 750 sive
359 728 548 750 commentum.
570 722 636 749 Cum
663 728 752 749 alitem
781 723 916 756 legatione
945 724 1055 750 solemni

274 770 355 796 trium
383 771 600 805 presbyterorum
627 769 751 797 Liberius
772 770 948 797 Athanasium
963 771 996 797 ad
1012 778 1056 805 sy-

268 816 373 843 nodum
389 823 515 842 evocasse
531 815 642 847 feratur,
654 815 844 843 interminatus
857 817 1056 843 communionis

271 861 452 896 privationem
480 862 506 888 ui
533 863 682 891 accederet.
711 862 843 888 incassum
867 862 936 888 inter
957 869 1054 889 arcana

1113 273 1171 291 rum
1193 274 1199 291 :
1218 271 1267 292 nec
1280 265 1376 300 stylum
1390 266 1529 292 Athanasii
1545 265 1633 299 sapit,
1647 265 1701 292 imo
1716 272 1782 292 vero
1797 265 1891 292 multa:

1112 311 1148 338 ibi
1167 318 1247 337 voces
1269 311 1417 338 Athanasio
1442 311 1528 338 minus
1552 311 1664 337 usitatas
1701 316 1728 338 et
1745 311 1888 338 insolentes

1112 356 1239 390 reperias.
1263 356 1291 383 lu
1314 357 1391 383 titulo
1405 357 1502 391 quippe
1518 362 1614 392 prmter
1631 356 1700 383 illam
1719 364 1799 391 supra
1816 363 1889 384 nota-

1112 407 1177 433 tam,
1200 408 1250 428 vox
1274 401 1483 433 συνεπίσκοπηι.
1510 402 1658 428 Athanasio
1684 409 1736 429 non
1758 403 1889 434 usuvenil,

1109 447 1154 480 qui
1166 453 1273 480 semper
1287 446 1498 482 coner-roupyoi,
1513 452 1539 473 et
1556 448 1662 480 quidem
1678 447 1890 482 frequentissime

1110 492 1189 519 habet
1205 501 1212 519 :
1229 492 1272 519 his
1290 492 1375 526 adiice
1393 493 1526 528 σύμῦολον
1546 493 1594 528 τῆς
1610 493 1744 524 πίστεως,
1759 499 1785 520 et
1805 493 1890 520 θεῖκδν

1109 537 1235 572 πνεῦμα,
1263 538 1367 572 ignotas
1393 538 1542 565 Athanasio
1569 546 1647 565 voces
1669 547 1676 566 :
1697 539 1742 573 qui
1775 539 1888 574 priorem

1108 583 1259 610 sexcenties
1269 584 1308 610 sic
1323 583 1417 616 effert,
1439 583 1559 615 ἑκθεσεις
1573 584 1700 616 πίστεως,
1725 584 1765 611 vel
1782 584 1889 616 πίστις’

1108 629 1254 656 secundam
1276 637 1340 656 vero
1366 629 1436 656 Θεῖον
1461 629 1569 665 πνεῦμα
1593 631 1690 664 ubique
1704 631 1808 658 scribit.
1824 630 1890 658 llinc

1108 675 1310 702 animadvertas
1323 695 1330 706 .
1347 675 1427 709 hujus
1442 676 1562 710 epistola:
1578 680 1728 708 auctorem,
1744 675 1820 710 quasi
1834 683 1888 703 rem

1108 720 1217 747 maximi
1245 721 1374 748 momenti
1401 721 1534 748 dicturum
1561 721 1701 755 epistolam
1738 721 1838 754 ordiri,
1863 726 1890 749 ct

1108 771 1196 793 tamen
1224 766 1395 801 paucissimis
1417 774 1472 793 rem
1494 767 1644 799 absolvere,
1671 772 1701 794 ιιι
1722 767 1765 794 vis
1791 767 1890 794 sciatur

1106 820 1166 848 qua:
1178 821 1220 841 res
1231 815 1337 848 quodve
1351 814 1487 849 negotium
1504 815 1543 841 sic
1558 819 1663 849 urgeat,
1681 819 1708 842 et
1721 814 1753 841 ad
1771 814 1889 842 scriben-

1107 861 1168 886 dum
1183 860 1312 894 impellat.
1334 860 1371 888 Ne
1394 860 1488 891 multa,
1512 861 1618 895 quoties
1631 861 1705 887 illatn
1723 860 1840 896 perlegi,
1862 861 1887 887 in

271 906 332 935 lucc
346 911 501 940 computare
524 907 630 942 satagit.
648 906 754 934 Nihilne
779 907 875 934 horttm
898 907 1053 934 subodorati
1071 903 1091 930 Β
1106 906 1255 941 peregrinis
1269 907 1370 933 versari
1383 906 1448 933 mihi
1460 906 1589 938 videbar;
1609 906 1645 932 ita
1659 906 1886 933 dissimilisAtha-

272 952 365 979 Ariani
387 951 504 978 fuerint?
520 951 560 978 Au
586 952 654 978 inter
672 959 770 979 arcana
791 951 847 978 haec
869 951 932 979 item
958 951 1056 987 legatio

271 999 353 1027 statui
366 998 465 1032 possit?

310 1043 407 1071 Verum
426 1044 507 1070 instat
529 1043 574 1070 ille
593 1051 599 1069 :
622 1042 678 1070 Non
700 1050 845 1077 possumus
864 1043 934 1070 hanc
955 1043 1055 1077 episto-

269 1089 336 1120 lam,
358 1094 450 1123 utpote
475 1089 654 1115 intermistam
678 1089 738 1115 aliis
759 1089 896 1123 germanis
920 1089 1053 1123 epistolis,

271 1143 322 1170 pro
338 1135 505 1169 supposititia
531 1134 641 1161 habere.
659 1133 721 1161 “me
741 1141 806 1161 sane
828 1134 877 1161 abs
892 1142 921 1161 re
941 1134 1054 1161 afferun-

271 1185 335 1213 tur;
354 1180 522 1215 supposititio
546 1188 661 1214 namque
677 1180 747 1207 veris
764 1180 916 1207 intermista
935 1181 985 1207 hoc
1000 1188 1055 1206 ma-

270 1225 345 1252 xime
357 1232 414 1252 mvo
429 1224 630 1260 deprehendere
642 1232 693 1250 non
709 1224 837 1254 insolens.
849 1224 895 1251 sed
910 1225 1053 1251 admodum

270 1270 400 1305 frequens
425 1275 476 1297 est.
505 1271 603 1297 Annon
632 1270 732 1297 Lilierii
758 1270 790 1296 ad
812 1270 1002 1302 Athanasium,
1026 1275 1054 1296 et

270 1316 411 1343 Athanasii
425 1316 457 1343 ad
471 1315 607 1343 Liberium
622 1316 752 1350 epistolm,
768 1323 828 1350 quae
842 1323 856 1342 a
873 1315 963 1342 multis
983 1320 1054 1342 retro

270 1362 378 1390 saeculis
392 1362 462 1389 inter
475 1369 606 1397 germana
618 1361 757 1388 Athanasii
769 1368 850 1396 opera
867 1361 953 1388 locum
971 1361 1053 1387 hahe-

269 1407 345 1440 hant,
362 1407 417 1442 jam
434 1407 520 1434 cuivis
537 1408 626 1442 sagaci
644 1407 707 1433 'viro
729 1414 777 1441 pro
802 1406 979 1441 supposititiis
1003 1407 1053 1432 ha-

252 1445 257 1450 .
269 1445 386 1480 bentur?
400 1454 508 1484 Annon,
523 1458 552 1479 ιιι
565 1453 646 1479 liabet
659 1452 823 1478 Athanasius
836 1452 862 1478 in
878 1451 1005 1486 Apologia
1017 1453 1052 1478 ad

269 1496 462 1528 Constantium,
477 1497 570 1523 Ariani
589 1505 639 1524 non
654 1497 733 1523 modo
743 1497 884 1523 Athanasii
894 1502 920 1523 et
936 1498 1048 1532 parium,

269 1543 317 1570 sed
335 1543 416 1569 etiam
435 1543 624 1576 imperatorum
641 1543 750 1570 nomine
771 1543 898 1576 epistolas
912 1543 1051 1578 conﬁnge-

270 1590 335 1615 hant
348 1597 354 1615 :
368 1589 429 1622 quid
447 1592 520 1615 vetat
535 1593 562 1615 et
578 1588 646 1614 hanc
658 1588 720 1614 item
736 1588 879 1615 conﬁctam
893 1588 926 1615 ab
943 1589 1051 1616 Arianis

268 1635 368 1662 fuisse?

305 1680 379 1714 Quod
408 1680 440 1707 ad
467 1680 646 1714 Appendicem
663 1678 767 1706 'llilaa-ii
790 1684 904 1714 spectat,
931 1681 981 1708 etsi
1007 1681 1050 1708 illa

271 1726 414 1753 admodum
441 1726 565 1761 perplexa
592 1727 646 1757 sit.
666 1733 697 1752 ac
718 1726 810 1753 vitiata
834 1727 1050 1760 circutnferatur,

269 1773 376 1799 videtur
389 1777 476 1798 tamen
492 1772 642 1808 εἰρωνικῶς
654 1772 707 1803 ille.
724 1777 848 1807 tanquam
863 1773 896 1800 de
914 1779 943 1799 re
957 1780 1050 1806 suspe-

268 1823 311 1844 cta
326 1818 425 1849 dicere,
443 1817 512 1849 Quid
528 1818 554 1844 in
568 1818 608 1844 Itis
627 1818 721 1843 litteris
736 1825 788 1843 non
804 1818 951 1844 sanctitatis
961 1818 974 1844 ?
987 1817 1050 1851 quid

268 1870 320 1888 mm
337 1871 370 1888 ea:
388 1866 457 1889 metu
477 1861 525 1889 Dei
542 1863 658 1889 evenirm
679 1863 738 1889 est"?
755 1861 821 1889 Nam
842 1862 980 1894 Hilarius,
1004 1863 1050 1896 qui

270 1914 404 1940 nunquam
424 1906 572 1934 Athanasio
586 1912 613 1933 et
624 1907 691 1934 ’lidei
703 1907 859 1934 orlltodoxm
873 1907 967 1938 defuit,
984 1908 1051 1935 nihil

269 1952 421 1979 sanctitatis
445 1952 471 1978 in
494 1953 567 1980 hisce
582 1952 678 1980 litteris
693 1953 892 1986 deprehendere
907 1953 1004 1988 potuit.
1021 1952 1049 1980 ln

268 1997 494 2030 subsequentibus
515 2002 603 2023 autem
629 1997 921 2029 indicat,‘Potamiutn.
943 1998 1052 2032 Epicte-

269 2048 325 2068 tum
359 2047 387 2068 et.
409 2040 655 2074 Fottunatianum,
681 2043 821 2077 epistolam
852 2043 923 2070 illam
942 2042 1048 2070 ’Liberii

266 2087 413 2123 respuisse.
442 2086 540 2114 Verum
558 2088 615 2115 haec.
635 2088 701 2116 adeo
717 2089 842 2116 intricata
860 2094 933 2121 sunt,
955 2096 984 2116 ut
1006 2091 1048 2117 vix

266 2139 356 2168 aptam
375 2134 536 2161 sententiam
557 2135 689 2169 expiscari
705 2136 801 2170 possis.
821 2136 873 2163 Sed
890 2137 955 2163 satis
970 2142 1049 2164 sunto

265 2188 326 2216 qua:
338 2180 370 2208 de
387 2181 484 2208 Liberii
499 2180 721 2217 epistolae'volislq
740 2182 868 2209 diximus.

481 2224 738 2254 ANIMADVERSlO
759 2226 826 2254 XXI.

338 2274 374 2299 4η
391 2272 499 2306 epistola
516 2271 646 2298 cntholica
660 2272 799 2299 Athanasii
816 2274 867 2304 sit,
884 2281 973 2300 necne.

297 2315 356 2343 Non
381 2323 479 2350 paucas
502 2315 526 2342 in
548 2316 597 2343 hac
617 2316 728 2350 epistola
749 2318 948 2351 peregrinitatis
970 2322 1047 2345 notas

263 2361 504 2396 deprehendimus;
527 2361 576 2388 etsi
602 2361 646 2388 illa
671 2361 737 2388 adeo
759 2362 847 2389 brevis
872 2363 928 2395 sit,
952 2363 995 2390 vix
1019 2369 1046 2391 ιιι

263 2406 392 2443 pagellam
404 2407 536 2434 absolvat.
550 2407 577 2434 lu
597 2408 655 2442 ipso
669 2408 766 2442 quippe
779 2408 856 2435 titulo
869 2416 919 2436 vox
932 2410 1044 2444 epistola

262 2454 396 2481 catholica
414 2454 449 2481 ita
468 2454 586 2482 insolens
606 2455 722 2486 videtur,
746 2459 775 2481 nt
797 2456 880 2482 mirer
897 2455 918 2482 si
938 2456 1041 2490 uspiam

263 2501 333 2534 apud
361 2500 454 2527 Patres
479 2505 634 2533 usurpatam
659 2500 778 2534 reperias
794 2508 806 2526 ':
831 2501 964 2535 siquidem
987 2502 1045 2529 ha’c

261 2551 314 2571 vox
336 2551 438 2579 septem
463 2545 602 2573 catholicis
631 2546 755 2580 epistolis
778 2546 947 2580 (Canonicas
966 2547 1044 2582 vulgo

262 2591 435 2626 nuncupant)
450 2595 606 2618 consecrata
621 2591 840 2626 deprehenditur.
851 2592 890 2618 Ad
903 2592 959 2620 haec
969 2600 1044 2624 Vero,

260 2636 374 2670 epistola
389 2636 481 2664 isthmc
498 2637 523 2664 iu
540 2637 658 2672 antiquis
678 2637 818 2664 Athanasii
828 2637 945 2671 Operum
959 2638 1042 2665 colle-

262 2682 395 2709 ctionibus
422 2689 474 2709 non
496 2688 649 2717 comparet;
676 2683 723 2710 sed
753 2684 902 2718 peregrinis
924 2683 950 2710 in
977 2684 1041 2711 locis

309 2836 336 2873 ᾳ)
351 2836 457 2873 Tillem.
481 2838 528 2865 Via
547 2839 578 2865 de
592 2838 624 2866 S.
639 2839 748 2873 Alliam,
765 2845 820 2867 not.
842 2840 885 2867 68.

311 2872 335 2908 θ)
352 2871 432 2903 lbid.,
451 2878 502 2901 art.
518 2873 579 2901 ltu.

1106 953 1224 980 nasianis
1246 953 1373 987 operihus
1398 957 1440 980 est
1459 959 1468 979 :
1487 952 1572 986 neque
1592 957 1679 979 tamen
1706 952 1769 987 περὶ
1786 951 1891 982 νοθείας

1105 999 1146 1024 vr-l
1171 999 1346 1035 γνησιότητος
1366 999 1497 1032 judicium
1523 998 1594 1026 ferre
1626 1006 1707 1025 ausus
1738 998 1823 1030 sutn;'
1841 998 1887 1024 sed

1106 1047 1176 1072 inter
1199 1047 1277 1073 dttbia
1307 1046 1403 1073 locavi.
1434 1045 1624 1072 Tillemoutins
1657 1045 1695 1080 (b)
1715 1051 1807 1072 contra
1834 1044 1888 1071 vult

1106 1091 1211 1126 penitus
1225 1095 1326 1118 certam
1337 1112 1344 1123 ,
1369 1098 1418 1118 nec
1438 1089 1664 1126 ἀμφιϐάλλεσθαι.
1679 1089 1723 1116 Lis
1737 1090 1785 1117 sub
1798 1090 1888 1124 judice

1105 1138 1219 1173 pendeat
1232 1148 1239 1165 :
1256 1138 1333 1166 nobis
1346 1145 1406 1173 quze
1419 1145 1500 1165 causa
1514 1137 1668 1172 ambigendi
1681 1137 1716 1164 sit
1728 1137 1888 1171 exposuisse

1104 1184 1170 1212 satis
1184 1189 1252 1211 esto.

1316 1229 1576 1256 ANIMADVERSlO
1593 1228 1674 1256 XX".

1106 1275 1143 1302 ιιι
1157 1275 1218 1302 aliis
1230 1275 1316 1302 dubiis
1330 1276 1468 1302 Athanasii
1490 1276 1611 1309 operibus
1622 1296 1628 1308 ,
1645 1281 1668 1301 et
1681 1275 1714 1301 de
1728 1275 1884 1309 quibusdam

1401 1320 1564 1354 fragmentis.

1139 1367 1307 1400 Orationem,
1318 1369 1361 1394 eul
1379 1366 1484 1398 titulus,
1503 1365 1590 1392 Unum
1610 1373 1666 1392 esse
1680 1365 1823 1396 Christum,
1836 1366 1887 1391 dn-

1103 1415 1173 1440 oiam
1188 1420 1247 1439 esse
1262 1421 1322 1439 eum
1338 1412 1428 1440 multis
1453 1412 1539 1439 doctis
1564 1412 1629 1439 viris
1646 1419 1798 1443 censemus,
1835 1419 1886 1439 nec

1102 1459 1210 1485 dnhiam
1227 1458 1356 1485 dillitetur
1369 1457 1558 1485 Tillemontius
1579 1457 1624 1493 (c).
1641 1456 1739 1484 Verum
1754 1457 1802 1488 ait,
1819 1456 1884 1491 quia

1103 1505 1159 1531 lucc
1176 1505 1265 1531 oratio
1279 1513 1293 1531 a
1315 1503 1396 1531 Petro
1421 1503 1540 1531 Diacono
1556 1505 1583 1531 in
1596 1503 1708 1538 epistola
1725 1503 1758 1530 ad
1774 1502 1803 1530 S.
1819 1501 1885 1529 Ful-

1102 1550 1221 1585 gentium
1249 1550 1382 1581 laudatur,
1411 1557 1458 1576 nos
1482 1555 1654 1585 argumento,
1679 1549 1749 1584 quod
1765 1548 1828 1576 hinc
1842 1550 1887 1574 ad-

1104 1603 1196 1623 versus
1216 1596 1370 1630 opinionem
1388 1601 1509 1622 nostram
1538 1597 1652 1627 eruitur,
1676 1601 1821 1622 occurrere
1835 1594 1885 1621 de-

1101 1642 1206 1669 buisse.
1223 1641 1276 1668 Sed
1301 1645 1485 1674 argetucntum
1514 1641 1665 1674 huiusmodi
1692 1648 1726 1668 ne
1743 1640 1886 1667 minimum

1102 1687 1209 1721 quidem
1220 1687 1320 1722 negotii
1334 1686 1469 1714 facessere
1492 1687 1578 1721 possit
1595 1695 1602 1712 ε
1632 1686 1790 1722 opusculum
1808 1686 1882 1712 enim

1102 1732 1302 1766 perantiquum,
1319 1737 1345 1759 et
1374 1733 1514 1760 Athanasii
1541 1733 1650 1759 nomine
1676 1723 1774 1759 saeculo
1787 1730 1885 1758 Nesto~

1101 1778 1179 1805 riano
1195 1778 1296 1805 editum
1314 1778 1400 1806 fuisse
1424 1778 1598 1805 arbitrantur.
1613 1777 1663 1811 Qui
1688 1778 1786 1805 mirum
1803 1777 1887 1812 igitur

1101 1823 1123 1849 si
1142 1823 1240 1850 saeculo
1257 1829 1334 1851 sexto
1348 1824 1489 1852 Athanasii
1506 1824 1614 1852 nomine
1633 1831 1647 1851 a
1667 1823 1748 1852 Petro
1766 1824 1886 1851 Diacono

1102 1869 1239 1895 laudatum
1255 1869 1356 1897 fuerit?

1136 1915 1246 1942 Librum
1260 1915 1292 1942 de
1310 1915 1506 1950 lnearnatione,
1526 1916 1577 1951 qui.
1593 1916 1620 1943 in
1637 1916 1711 1951 prius
1721 1915 1803 1944 editis
1819 1923 1886 1943 eon-

1103 1966 1142 1988 tra
1157 1960 1268 1988 Paulum
1283 1962 1488 1989 Samosatenum
1506 1962 1650 1997 iuseriptus
1665 1966 1734 1996 erat,
1749 1969 1798 1989 uos
1814 1963 1887 1989 inter

1101 2007 1179 2033 dubia
1195 2015 1277 2041 opera
1292 2008 1475 2042 ablegavimus
1484 2017 1491 2039 ;
1501 2007 1688 2035 Tilleutontius
1697 2016 1761 2035 vero
1773 2009 1886 2043 γνήσιον

1100 2060 1159 2080 esse
1174 2058 1285 2088 pugnat.
1296 2054 1330 2081 At
1345 2054 1422 2089 l0uge
1438 2054 1528 2089 plures
1541 2055 1695 2089 suspicandi
1709 2063 1803 2083 causas
1816 2064 1887 2090 pra--

1101 2097 1152 2125 fert
1167 2098 1218 2125 hoc
1237 2099 1407 2133 opusculum,
1424 2107 1502 2134 quam
1528 2102 1614 2127 oratio
1638 2100 1724 2127 Unum
1739 2109 1793 2128 use
1805 2101 1888 2127 Chri-

1099 2149 1180 2176 stum,
1193 2144 1302 2179 suisque
1313 2151 1342 2172 se
1359 2146 1428 2172 notis
1440 2146 1528 2179 prodit
1541 2146 1700 2173 Ncstoriano
1715 2154 1772 2174 aevo
1798 2146 1887 2174 fuisse

1099 2189 1260 2217 confectum.
1275 2189 1302 2217 ld
1320 2198 1384 2218 vero
1410 2191 1549 2226 propalam
1570 2192 1678 2218 videtur
1693 2200 1725 2219 ex
1752 2192 1802 2219 hoc
1831 2200 1886 2219 uno

1060 2237 1085 2264 vn
1099 2233 1160 2261 loco
1174 2234 1219 2261 1'0
1230 2234 1259 2260 δὲ
1275 2235 1426 2271 ἄνθρωπος,
1436 2236 1474 2263 sic
1487 2236 1534 2267 ibi,
1543 2235 1571 2262 ἓν
1584 2236 1740 2271 πρόσωπον,
1756 2237 1802 2263 καὶ
1814 2236 1887 2268 ζῶον

1099 2280 1138 2312 ἓν,
1151 2280 1204 2307 ἀπό
1214 2289 1242 2306 τε
1259 2281 1411 2314 πνεύματος
1423 2282 1470 2308 καὶ
1487 2281 1597 2316 σαρκός·
1610 2282 1681 2308 κατὰ
1693 2282 1720 2308 δὲ
1743 2283 1774 2308 τὸ
1786 2283 1887 2318 ὁμοίω-

1101 2335 1139 2362 μα
1155 2326 1236 2353 αὑτοῦ
1249 2327 1358 2362 νοητέον
1376 2327 1421 2353 τὸν
1442 2327 1557 2363 Χριστὸν
1579 2327 1627 2354 ἕνα
1645 2329 1690 2354 καὶ
1699 2329 1728 2354 οὐ
1742 2328 1787 2355 δῦο
1798 2329 1887 2363 πρόσ-

1098 2377 1172 2401 ωπα,
1188 2370 1257 2405 ὅπερ
1273 2371 1288 2405 ἡ
1305 2370 1352 2396 νῦν
1367 2372 1480 2397 ἀπιστία
1499 2369 1620 2406 βιάζεται
1639 2372 1742 2407 σαφῶς,
1771 2373 1886 2400 ἀπολει-

1099 2414 1203 2450 πομένη
1215 2415 1261 2441 τοῦ
1278 2415 1407 2450 μεγέθους
1424 2417 1473 2452 τῆς
1485 2418 1558 2449 Θείας
1575 2418 1694 2453 χάριτος,
1709 2418 1805 2453 καὶτῷ
1825 2419 1887 2445 Ἑλ-

1099 2459 1201 2496 ληνικῷ
1215 2462 1353 2496 σκανδάλῳ
1362 2463 1573 2497 motui-moon,
1585 2464 1610 2490 id
1623 2469 1664 2490 est
1676 2473 1682 2490 :
1697 2463 1780 2490 "unto
1795 2470 1885 2490 natm:

1099 2514 1153 2533 una
1181 2515 1303 2541 persona,
1321 2513 1344 2534 et
1360 2516 1442 2534 unum
1458 2509 1556 2535 animal
1582 2515 1629 2539 εει,
1646 2510 1741 2543 spiritu
1759 2514 1783 2536 et
1805 2518 1886 2535 rnrne

1098 2557 1221 2578 constans
1234 2561 1244 2584 ;
1259 2553 1293 2579 ad
1305 2553 1381 2587 cujus
1397 2554 1594 2580 similitudinem
1617 2554 1813 2588 intelligendum
1831 2559 1885 2585 est,

1098 2594 1231 2624 Christum
1244 2607 1324 2624 unum
1337 2606 1392 2627 esse
1400 2607 1550 2633 personam,
1566 2604 1590 2626 et
1607 2608 1659 2626 non
1679 2600 1759 2630 duas,
1776 2604 1804 2626 ut
1822 2599 1885 2633 jam

1096 2642 1268 2669 incredulitas
1282 2644 1464 2678 magnitudine
1479 2644 1576 2671 divinte
1602 2645 1696 2679 grotic
1715 2644 1842 2671 destituta
1857 2648 1886 2669 et

1095 2686 1122 2712 in
1138 2686 1272 2720 gentilium
1294 2688 1450 2715 scandalum
1473 2689 1610 2724 prolapsa,
1627 2695 1715 2724 aperte
1735 2694 1760 2716 et
1776 2697 1885 2715 summa

1128 2841 1163 2869 lc)
1184 2841 1262 2875 lbid.,
1279 2845 1337 2869 nol.
1360 2841 1420 2870 104.
