2016 3046
632 164 676 192 DE
696 164 774 192 VlTA
795 163 838 192 ET
855 161 1012 191 SCRIPTIS
1030 163 1058 191 S.
1077 163 1272 191 ATllANASll.

1652 170 1772 193 ιωιιχιιι

156 220 183 250 oi
193 220 325 250 contendit
341 226 349 248 .‘
368 222 394 249 in
412 222 518 249 cm’leris
532 221 608 254 item,
626 229 686 257 quae
711 223 916 257 subsequuntur
930 242 938 255 ,
953 224 975 252 Α
990 222 1088 256 positio
1106 221 1168 255 ﬁdei
1186 221 1307 256 proxime
1322 227 1437 255 sequens
1454 220 1552 249 nullam
1574 220 1679 256 pra‘tert
1706 222 1773 250 tein-

156 267 346 295 !Viestoriauum
358 274 479 294 errorem
499 272 554 294 tutu
568 273 738 302 grassantem
756 269 858 295 videas.
876 269 940 296 llaec

156 320 220 339 vero
236 313 377 341 Athanasii
409 320 466 340 aevo
480 313 618 340 ascribere
633 321 685 340 non
703 313 765 340 licet
779 323 786 341 :
805 314 849 341 ubi
867 315 940 341 enirn

155 358 304 386 Athanasio
319 360 464 393 superstite
479 359 571 386 videas
586 360 728 386 hmreticos
742 360 809 386 duas
822 360 847 387 itt
860 360 940 387 Chri-

155 409 198 429 sto
215 411 343 438 personas
359 411 419 431 esse
447 409 539 438 aperte
562 408 590 431 et
604 412 707 430 summa
722 404 746 431 vi
760 405 936 432 contendere.

155 449 217 477 ΙΙξῡε
228 451 309 476 etiam
322 451 355 476 ad
373 450 563 477 Nestorianum
591 450 718 477 saeculum
737 451 884 485 pertinere,
898 450 938 477 in-

155 495 245 522 dicare
262 495 366 521 videtur
378 494 467 522 Codex
483 495 690 529 antiquissimus
705 494 875 526 Basiliensis,
890 495 936 529 qui

154 542 188 568 ad
204 541 362 575 marginem,
381 542 424 568 ubi
443 541 477 567 de
492 541 575 568 Paulo
590 541 767 568 Samosateno
781 541 880 575 agitur,
898 541 937 568 sic

156 585 235 612 habet
247 595 253 611 :
268 586 309 611 ὅτι
329 585 400 621 ἀρχὴ
412 585 462 619 τῆς
484 585 631 622 Νεστοριω
645 584 776 620 αἱρέσεως
786 585 800 610 ὸ
814 585 936 620 Eappan-

155 630 228 662 τεύς,
245 631 269 657 id
281 635 335 663 est,
352 631 520 658 Nestoriana:
535 632 629 658 ltwrui
645 632 749 658 initium
763 632 835 658 dedit
846 631 938 658 Santo-

157 685 272 707 satenus.
289 681 330 707 Ad
347 681 404 707 haec
418 688 494 712 vero,
508 680 558 707 hoc
571 681 596 706 in
610 681 739 715 opusculo
754 680 865 707 affertur
881 681 937 707 haec

155 726 293 759 apostolici
318 726 383 752 dicti
400 726 489 759 lectio,
511 727 525 753 ὸ
542 725 601 757 θεὸς
617 725 776 761 ἐφανερώοη
789 726 817 752 ὲν
833 724 914 762 σαρκί
928 734 935 741 ·

157 771 416 805 Deuunanifesmtus
431 777 469 798 est
486 772 512 798 in
535 779 635 802 carne,
663 779 722 805 qua}
749 772 775 797 ιιι
803 772 937 799 nonnullis

153 818 256 846 (ὗε-πρῖε
273 819 470 852 exemplaribus
486 819 614 851 habetur;
640 819 666 845 in
680 819 740 846 aliis
753 827 815 845 vero
829 819 934 854 legitur,

152 863 168 890 ὃ
190 863 348 898 ἐφανερώθη
379 864 406 890 ὲν
423 862 516 899 σαρκί,
537 864 613 895 Quod
642 865 837 899 manifestatum
854 870 891 891 est
909 866 936 892 in

989 267 1064 302 poris
1081 272 1188 300 notant;
1205 268 1251 294 sed
1267 267 1328 302 quia
1338 266 1468 301 ejusmodi
1481 267 1608 295 doctrina:
1621 275 1702 294 causa
1711 275 1771 295 cum

989 312 1106 339 Ariauis-
1127 318 1272 347 pugnatum
1291 317 1342 343 est,
1373 317 1435 340 ante
1457 313 1558 347 scripta
1587 312 1770 340 Ariauisunuu

989 357 1172 391 oppugnantia
1187 357 1328 384 commode
1349 357 1462 384 locatur.
1488 356 1631 385 Tractatus
1647 357 1673 384 in
1691 358 1768 390 illud,

990 402 1086 430 Omnia
1103 404 1166 430 milii
1183 404 1281 430 tradita
1294 409 1353 430 sunt
1371 413 1386 430 α
1402 404 1482 430 Patro
1501 405 1523 437 ',
1542 405 1606 439 quia
1635 409 1697 432 ante
1719 405 1771 433 Eu-

989 449 1055 476 sebii
1072 449 1288 477 Nicontedieusis
1306 455 1420 476 mortem
1443 445 1559 484 Scriptus
1577 450 1664 477 fertur
1676 471 1683 483 ,
1710 458 1770 485 quae

988 495 1100 530 contigit
1108 503 1177 522 anno
1189 495 1253 528 542,
1265 497 1298 523 ab
1309 503 1380 522 autto
1393 495 1454 527 559,
1467 503 1519 529 quo
1534 496 1617 522 redux
1632 496 1665 522 ab
1675 496 1770 523 exsilio

988 541 1155 568 Athanasius
1165 541 1356 569 Alexandrinze
1369 542 1425 567 sedi
1442 541 1581 567 restitutus
1594 545 1646 572 est,
1662 541 1694 567 ad
1705 541 1768 572 542,

988 595 1041 622 quo
1055 587 1121 614 obiit
1136 587 1279 619 Eusebius,
1294 587 1408 621 scriptus
1421 585 1502 613 fuerit
1516 590 1631 620 oportet.
1650 586 1769 621 Epistola

987 633 1121 668 encycliea
1135 640 1207 660 anno
1217 633 1279 666 5H,
1290 632 1440 660 certissime
1455 633 1555 666 scripta
1572 637 1624 659 est.
1640 632 1769 666 Apologia

989 685 1079 705 contra
1094 678 1220 710 Arianae,
1241 686 1314 706 anno
1326 678 1435 705 circiter
1446 678 1509 710 550,
1525 678 1596 704 edita
1613 677 1672 710 fuit,
1688 682 1716 704 ut
1728 679 1769 705 fa-

988 729 1059 751 tetur
1076 725 1132 759 ipse
1149 724 1349 752 Ttlletuonlius.
1374 723 1446 750 Libri
1470 723 1507 750 De
1522 722 1638 751 [Vica-nis
1657 724 1768 750 decretis

987 775 1014 798 et
1030 770 1066 797 De
1082 772 1210 797 sententia
1227 770 1358 804 Dionysii,
1375 774 1435 804 pust
1452 770 1565 797 reditum
1587 770 1727 797 Athanasii
1751 778 1767 797 a

987 817 1106 844 secundo
1122 817 1220 843 exsilio
1239 821 1265 842 et
1277 822 1341 842 ante
1358 816 1465 842 tertium
1482 815 1603 842 adornati
1624 819 1696 848 sunt,
1713 816 1767 843 sci-

987 863 1049 890 licet
1074 864 1108 890 ab
1129 869 1200 889 auuo
1215 862 1267 889 550
1298 863 1331 889 ad
1356 861 1419 893 554,
1439 866 1466 888 ιιι
1493 861 1528 888 ibi
1556 862 1765 896 comprobatur;

153 918 233 936 carne
254 910 273 936 ‘.
291 910 408 937 Priorem
430 918 494 938 vero
524 911 665 937 lectimtem
694 919 830 945 nunquam
848 910 933 938 Atha-
952 900 972 928 Β
987 908 1105 943 Epistula
1117 909 1150 935 ad
1165 908 1514 939 Dracontiuut,imminente
1525 907 1618 934 ultimo
1627 907 1767 935 Athanasii
1783 946 1787 949 η

154 956 246 982 uasius
260 956 406 990 inscriptis
420 956 477 982 auis
492 956 580 983 attulit
594 964 600 981 :
616 963 668 989 quo
679 956 821 982 manifeste
833 956 934 989 liqueat

153 1001 212 1035 ejus
225 1002 385 1036 exemplaria
401 1002 574 1036 posteriorem
585 1002 708 1029 habuisse
723 1010 729 1027 :
742 1009 813 1033 nam,
829 1002 850 1028 si
864 1003 935 1036 prio-

155 1056 210 1074 rem
227 1048 298 1074 illam
314 1048 553 1079 circumtulisseut,
571 1048 658 1074 locum
671 1055 737 1074 sane
752 1053 845 1075 contra
859 1048 935 1074 Aria-

152 1102 201 1120 ttos
216 1094 475 1128 oppertuuissimum
503 1094 654 1120 sexcenties
671 1099 829 1128 usurpasset
849 1094 933 1119 Atha-

152 1141 254 1170 nasius,
269 1139 314 1174 qui
332 1139 483 1166 incredibili
505 1139 642 1174 diligentia
667 1138 822 1173 Scripturas
838 1145 934 1169 perre-

153 1185 272 1220 stigavit,
289 1190 316 1211 ut
334 1185 355 1211 si
372 1193 424 1219 qua
438 1190 532 1211 contra
547 1184 646 1211 tihristl
668 1184 758 1211 hostes
772 1183 852 1217 objici
869 1191 932 1217 pos-

153 1235 224 1262 sent,
236 1238 267 1257 ex
276 1238 352 1257 sacra
367 1237 435 1265 penu
451 1231 633 1264 depromeret.
643 1229 688 1257 lla:
700 1230 778 1256 nobis
793 1229 932 1256 dubitandi

155 1283 262 1302 causte:
287 1275 382 1310 hisque
408 1276 556 1309 perspectis
578 1276 712 1302 nemiuem
727 1279 792 1308 puto
810 1281 862 1301 non
880 1274 933 1301 hat-

154 1321 307 1352 sitaturum,
324 1321 374 1348 nisi
387 1322 450 1356 quid
462 1321 572 1348 ulterius
585 1320 757 1348 decernatur.

191 1366 347 1394 Tractatum
368 1367 411 1394 cui
424 1367 527 1398 titulus,
544 1366 696 1400 Quicunque
711 1366 805 1393 dixerit
825 1366 932 1392 verbum

153 1417 246 1439 contra
263 1411 365 1439 Filium
377 1413 502 1445 ltomiuir,
526 1413 654 1446 opinatur
671 1412 860 1440 Tilletnontius
874 1419 934 1440 esse

156 1463 258 1492 partem
275 1457 395 1492 epistola:
411 1458 443 1485 ad
466 1457 649 1485 Marcellinum
665 1466 672 1484 :
693 1465 747 1492 quo
762 1457 853 1485 videas
880 1465 932 1484 tton

156 1503 253 1536 legisse
267 1511 329 1530 eum
356 1511 415 1537 qua:
429 1504 460 1530 de
482 1503 534 1530 hoc
563 1502 713 1537 fragmento
738 1503 863 1531 diximus.
887 1503 934 1530 Est

153 1556 262 1582 quippe,
278 1553 307 1574 ut
322 1556 355 1576 ex
370 1549 478 1582 optimis
494 1549 630 1576 codicibus
641 1554 667 1575 et
679 1556 711 1576 ex
722 1549 791 1576 serie
806 1556 929 1583 compro-
945 1568 966 1597 ε

152 1595 285 1626 bavitnus,
300 1601 364 1627 pars
388 1599 522 1629 postrema
534 1594 653 1628 epistolae
680 1601 785 1629 quarue
801 1594 834 1621 ad
849 1594 931 1621 Sera-

151 1640 269 1673 pionem.
288 1639 352 1666 Vide
365 1646 424 1674 quas
440 1640 490 1666 hac
507 1640 540 1667 de
555 1647 584 1666 re
599 1647 703 1668 uecuou
723 1640 757 1667 de
769 1639 890 1674 epistolis
900 1640 933 1667 ad

151 1685 325 1718 5et‘apiouttm
340 1685 533 1712 edisseruintus
542 1693 567 1720 p.
579 1685 640 1716 515,
651 1686 857 1713 iuitiosecunda
869 1693 933 1720 par-

151 1729 186 1756 tis
200 1730 231 1765 (t.
246 1730 287 1764 ll).
300 1730 396 1756 Earum
412 1730 511 1765 quippe
525 1731 623 1757 seriem
641 1732 711 1757 haud
725 1731 812 1758 dubiis
827 1732 932 1758 iudiciis

150 1781 178 1802 et
191 1776 312 1803 codicum
329 1777 490 1803 auctoritate
504 1778 732 1808 restant-arimos;
751 1777 764 1803 ό
778 1777 933 1813 μακαρίτης

151 1828 215 1851 vero
231 1822 435 1856 ingravescente
457 1823 550 1849 morbo
568 1823 594 1850 in
611 1823 793 1857 extremisque
811 1830 930 1856 versans,

151 1867 209 1894 hac
224 1876 276 1894 non
292 1868 493 1896 animadvertit.

186 1911 317 1939 (laterum
348 1912 498 1946 {ragtneuta
516 1913 543 1940 in
555 1912 708 1945 Leuiticum,
727 1919 753 1941 et
769 1914 796 1940 in
817 1913 931 1940 Paulum

152 1956 361 1988 Samomtemtnt.
373 1966 432 1992 qua:
444 1959 503 1992 jure
517 1960 669 1994 suspicatur
686 1959 730 1986 ille
755 1959 877 1986 alicunde
890 1960 932 1986 di-

152 2003 228 2030 vulsa
243 2003 336 2036 fuisse,
359 2012 407 2031 nos
438 2005 465 2032 in
489 2005 599 2040 Syllabo
618 2005 651 2032 ad
679 2005 793 2032 frontem
812 2005 929 2040 Operam

150 2050 291 2076 Athanasii
308 2050 379 2077 uttde
393 2055 519 2084 excerpta
536 2050 635 2078 fuerint
653 2051 842 2079 indicavimus.

187 2095 279 2122 Restat
290 2101 318 2122 ut
329 2097 362 2124 de
373 2097 466 2123 ordine
479 2095 596 2130 Operam
613 2097 750 2124 Athanasii
762 2098 854 2132 paucis
869 2105 932 2132 aga-

150 2150 210 2169 mus
223 2151 229 2168 :
244 2142 433 2170 T.lletttonlius
453 2143 552 2178 quippe
566 2150 647 2177 quant
667 2144 802 2171 tenuimus
826 2149 931 2178 tempo-

150 2189 189 2216 ris
204 2190 312 2221 seriem,
329 2196 381 2216 non
396 2189 506 2216 omnino
522 2189 661 2223 probatam
678 2190 727 2216 sibi
744 2190 905 2217 testificatur
921 2197 929 2216 :

986 954 1037 980 sub
1051 953 1209 980 Constantio
1236 953 1333 980 exsilio
1360 961 1431 980 attuo
1448 953 1556 980 circiter
1569 953 1632 985 554,
1650 953 1705 987 ipso
1726 953 1766 979 [ιι-μ

986 1005 1058 1027 tente
1073 1000 1253 1027 Tillemoutio.
1269 1000 1333 1032 Quae
1346 1005 1495 1035 sequuntur
1512 1000 1581 1026 haud
1594 1000 1682 1027 dubiis
1696 1001 1766 1030 notis

984 1046 1023 1072 sic
1040 1046 1214 1072 crdiuamus:
1241 1045 1356 1080 Epistula
1390 1046 1423 1072 ad
1441 1046 1584 1081 episcopos
1602 1045 1722 1081 Egyptii
1738 1052 1766 1073 et

984 1091 1164 1127 Libyaauno
1177 1091 1228 1119 556
1239 1091 1379 1126 ;Apologia
1402 1093 1436 1118 ml
1449 1091 1742 1125 Constantium,eodem
1756 1101 1765 1126 ;

983 1138 1112 1173 Apologia
1123 1138 1155 1164 de
1168 1138 1243 1173 fuga,
1263 1145 1332 1165 anno
1348 1137 1419 1170 556;
1446 1138 1573 1174 Apologia
1591 1142 1624 1166 ad
1639 1139 1768 1166 Constan-

985 1185 1165 1216 tium,eodeut
1181 1195 1189 1214 ;
1209 1184 1337 1219 Apologia
1348 1184 1379 1211 de
1395 1184 1468 1220 Iugo,
1484 1192 1556 1212 anno
1569 1185 1621 1212 557
1647 1185 1687 1212 vel
1702 1185 1766 1216 558,

984 1229 1102 1264 Epistola
1120 1231 1152 1258 ad
1169 1229 1344 1264 Serapionem
1358 1230 1390 1257 de
1417 1236 1499 1257 morte
1513 1231 1570 1257 Arii
1589 1235 1617 1258 et
1645 1230 1765 1257 Historia

984 1276 1146 1303 Arianorum
1163 1276 1197 1302 ad
1211 1276 1364 1308 monachos,
1382 1276 1477 1304 eodem
1493 1284 1563 1304 anno
1577 1277 1646 1309 558;
1661 1276 1768 1305 Oratio-

985 1330 1033 1350 nes
1050 1327 1143 1350 contra
1163 1323 1280 1350 Arianos
1293 1323 1386 1351 eodem
1413 1323 1523 1351 circiter
1537 1328 1656 1358 tempore
1672 1324 1766 1358 prolu-

983 1376 1033 1401 gus
1046 1368 1172 1402 scripsit,
1188 1368 1345 1403 pariterque
1361 1368 1489 1403 epistolas
1504 1373 1619 1403 quatuor
1633 1369 1668 1396 ad
1683 1368 1764 1396 Sera-

984 1415 1092 1450 pionem
1113 1419 1207 1442 contra
1234 1415 1350 1443 Arianos
1375 1420 1403 1442 et
1420 1415 1697 1448 Pneumatomachos;
1721 1415 1765 1443 Li-

984 1461 1062 1488 brum
1075 1461 1113 1489 De
1125 1461 1234 1496 synodi:
1244 1462 1464 1496 subsequentem,
1482 1469 1552 1489 anno
1565 1461 1636 1495 559;
1653 1461 1764 1489 Tomunt

983 1508 1017 1534 uti
1032 1507 1228 1540 Antiochenos,
1247 1515 1317 1535 anno
1331 1507 1394 1535 562.
1412 1507 1475 1535 llaec
1493 1507 1610 1535 maxima
1627 1515 1688 1541 pars
1702 1515 1767 1542 ope-

984 1561 1042 1580 rttm
1057 1553 1197 1582 Athanasii
1210 1562 1270 1582 cum
1281 1555 1375 1582 ordine
1389 1555 1528 1589 temporis,
1545 1559 1767 1589 tumargumento

983 1599 1130 1630 cohaerent.
1146 1604 1174 1626 et
1194 1598 1314 1626 Ariauiei
1347 1599 1477 1626 tumultus
1497 1599 1595 1626 seriem
1619 1598 1764 1633 quamdam

983 1641 1121 1675 exhibent,
1136 1650 1168 1670 ac
1183 1650 1251 1678 pene
1268 1643 1356 1670 omnia
1377 1643 1518 1677 poletnica,
1536 1643 1663 1670 historica
1685 1643 1765 1670 simul

983 1691 1011 1713 et
1024 1687 1175 1722 dogtnatica
1192 1693 1266 1715 sunt.
1279 1688 1325 1714 illa
1341 1696 1421 1723 porro
1443 1689 1595 1724 sejungere,
1617 1696 1649 1715 ac
1664 1688 1766 1716 distra-

984 1733 1060 1765 here,
1076 1734 1246 1767 diversisque
1264 1733 1348 1760 titulis
1358 1741 1418 1760 cun;
1435 1733 1524 1761 dubiis
1540 1734 1621 1760 etiaut
1634 1733 1761 1768 operibus

983 1777 1110 1812 permista
1139 1778 1272 1812 digerere,
1291 1782 1320 1804 ut
1353 1778 1466 1805 tentavit
1493 1777 1764 1811 Tilleutontius,cum

984 1828 1057 1849 recta
1076 1823 1181 1850 ratione
1196 1823 1233 1849 ita
1247 1826 1367 1857 pugnat,
1388 1823 1541 1850 utlibentrr
1557 1824 1589 1850 ad
1603 1824 1689 1858 ipstttn
1707 1823 1766 1850 Til-

983 1867 1140 1894 lemoutiutn
1156 1867 1253 1894 utelius
1268 1868 1434 1899 consultum,
1451 1868 1473 1895 si
1493 1869 1520 1894 in
1536 1868 1604 1895 vivis
1617 1873 1700 1900 esset,
1717 1876 1767 1903 ap-

983 1913 1121 1948 pellarem.
1135 1913 1328 1947 Nemineutque
1345 1918 1410 1948 pttto
1428 1913 1495 1945 fore,
1507 1914 1551 1948 qui
1569 1914 1626 1941 tunc
1640 1919 1769 1942 aecurato

983 1958 1138 1993 perlegerit,
1155 1959 1220 1993 quht
1232 1959 1289 1986 haec
1304 1959 1396 1986 nativo
1426 1959 1521 1986 ordine
1536 1959 1679 1986 distributa
1706 1966 1767 1987 esse

983 2005 1137 2038 contendat,
1151 2009 1179 2032 et
1192 2004 1255 2039 quin
1268 2011 1339 2039 πει-θ
1352 2004 1424 2032 l'erat
1441 2005 1521 2031 aliam
1540 2005 1652 2040 proponi
1667 2005 1765 2032 seriem

983 2058 1010 2078 et
1024 2050 1126 2078 ordinis
1142 2051 1285 2078 ratiouettt.
1299 2050 1360 2077 Haec
1373 2051 1439 2078 satis
1451 2055 1530 2078 sunto
1545 2059 1553 2079 ξ
1574 2058 1634 2078 cum
1651 2051 1766 2079 maxime

982 2099 1054 2132 quod
1070 2099 1191 2125 ordinem
1207 2103 1234 2125 et
1243 2098 1343 2125 seriem
1359 2105 1472 2133 operum
1501 2097 1621 2131 cujusvis
1645 2096 1759 2131 Scripto-

983 2143 1021 2170 ris
1033 2148 1149 2178 spectat,
1168 2145 1301 2171 arbitratu
1327 2148 1354 2171 et
1382 2149 1447 2170 nutu
1461 2144 1575 2178 quisque
1592 2150 1641 2169 suo
1650 2141 1766 2177 judicel,

982 2193 1009 2215 et
1023 2189 1068 2215 alii
1087 2189 1139 2216 alia
1161 2190 1229 2217 ratio
1242 2189 1380 2224 digerettdi
1396 2189 1511 2224 placeat.
1530 2188 1650 2222 Exempli
1665 2195 1765 2220 causa;

150 2243 223 2267 nam,
243 2235 337 2269 inquit,
354 2235 515 2270 paucissima
530 2241 594 2262 sunt
607 2235 746 2262 Athanasii
763 2242 852 2269 opera,
872 2242 932 2268 qute
948 2240 970 2268 ι)
982 2235 1004 2262 si
1021 2243 1111 2269 parem
1128 2235 1343 2263 'l‘illeutoutiaute
1357 2242 1468 2269 operam
1490 2235 1679 2268 suscepissem,
1696 2241 1765 2260 nun-

149 2289 203 2315 qtto
230 2285 348 2314 tempore
362 2281 514 2316 conscripta
537 2281 638 2308 fuerint
663 2281 798 2315 assignari
817 2281 927 2308 valeat:

148 2335 235 2362 quare
247 2327 329 2354 alittnt
342 2327 386 2354 ille
403 2328 525 2354 ordinem
552 2327 700 2354 secundum
726 2327 877 2362 argumenti
903 2332 931 2353 et

149 2374 268 2400 materia:
293 2373 422 2400 rationem
447 2372 589 2407 contingit,
616 2377 642 2399 et
671 2372 842 2399 commodius
867 2372 930 2399 iniri

146 2427 227 2454 posse
249 2420 373 2446 uestiit-at.
391 2419 489 2446 Verum
507 2419 563 2446 haec
586 2418 750 2446 Tillemoutii
774 2418 929 2445 observatio

148 2473 182 2493 ne
200 2466 240 2492 vel
258 2466 389 2493 tantilluttt
408 2473 456 2492 nos
480 2474 493 2491 a
516 2465 629 2500 pristino
656 2465 776 2492 instituto
788 2464 906 2491 dimovet
921 2473 928 2490 :

144 2514 208 2548 quia
222 2521 255 2540 ex
271 2514 395 2541 diuturna
411 2514 552 2540 Athanasii
570 2514 732 2548 scriptorum
753 2513 927 2543 tractatione.

144 2559 356 2585 commodiorem
374 2563 464 2586 nostra
483 2566 535 2585 nott
552 2566 631 2592 posse
646 2558 697 2584 texi
707 2558 804 2584 seriem
820 2565 929 2591 compe-

144 2606 243 2631 rimus.
261 2604 401 2638 Siquidem
420 2608 513 2630 coutra
531 2611 612 2637 quam
625 2608 701 2637 putat
727 2602 927 2634 Tilletnoutius,

145 2651 218 2677 inter
230 2651 363 2685 prascipua
380 2649 518 2676 Athanasu
529 2657 610 2683 opera
626 2657 707 2683 pauca
723 2653 796 2680 sunt,
815 2655 928 2682 quorum

146 2701 265 2729 tempus.
279 2695 389 2722 circiter
402 2695 512 2726 saltem,
540 2695 690 2729 ignoretur.
706 2693 772 2720 Nam
790 2692 844 2720 duo
868 2692 928 2719 libri

145 2742 247 2770 Contra
260 2746 359 2777 gentes,
376 2741 421 2776 qui
450 2749 544 2776 agmen
561 2745 656 2775 agunt,
684 2744 747 2766 ante
764 2739 927 2765 Arianorum

145 2789 290 2816 tumultum
307 2789 340 2815 ab
353 2788 500 2815 Athanasio
513 2787 612 2821 juvene
624 2785 770 2820 conscripti
784 2789 856 2813 sunt.
875 2784 929 2812 Ex-

181 2880 214 2910 ‘l
228 2881 298 2908 'l'iut.
316 2888 356 2913 ιιι,
383 2879 422 2907 l6.
474 2882 485 2898 ι
500 2879 592 2908 Matth.
610 2887 646 2911 xt,
663 2879 705 2906 27.

982 2289 1063 2315 qualn
1080 2282 1246 2309 induxissent
1262 2282 1394 2314 animum,
1411 2286 1440 2308 ut
1457 2289 1500 2308 res
1517 2280 1658 2308 historiatn
1670 2280 1764 2307 Eccle-

981 2328 1028 2354 sia:
1039 2333 1194 2362 spectantes
1207 2328 1269 2355 vitis
1279 2333 1434 2355 sanctorum
1449 2334 1476 2355 et
1489 2328 1606 2354 viroruut
1620 2326 1765 2353 illustrium

982 2372 1137 2407 singillatim
1156 2374 1301 2408 descriptis
1327 2374 1509 2406 int-luderent;
1535 2373 1606 2400 unde
1634 2372 1699 2399 illud
1714 2372 1764 2399 im-

981 2424 1126 2453 portunum
1143 2420 1252 2451 accidit,
1271 2424 1310 2451 ut,
1327 2427 1387 2447 cunt
1404 2428 1446 2447 res
1461 2427 1486 2445 v.
1501 2427 1526 2454 g.
1543 2418 1658 2445 Nicteua:
1669 2418 1764 2454 synodi

981 2465 1041 2497 quis
1057 2465 1197 2499 perlegere
1210 2465 1283 2497 velit,
1295 2473 1347 2492 non
1362 2466 1411 2493 sub
1422 2473 1475 2492 uno
1488 2464 1564 2491 titulo
1578 2464 1669 2491 omnia
1684 2464 1766 2493 simul

980 2511 1066 2543 posita
1083 2510 1279 2544 deprehendat;
1300 2511 1346 2538 sed
1366 2513 1399 2538 att
1412 2508 1592 2543 Constantini,
1618 2509 1763 2539 Alexandri

979 2555 1165 2587 Alexandrini,
1179 2555 1263 2586 ﬂosii,
1287 2556 1438 2588 Athanasii,
1456 2556 1566 2583 Eusebii
1588 2555 1767 2584 Cesariensis

979 2605 1006 2627 et
1019 2600 1131 2627 aliorum
1143 2599 1226 2634 Vitas,
1236 2601 1350 2628 diversis
1361 2602 1443 2628 etiam
1455 2602 1480 2628 in
1494 2602 1572 2628 tomis
1584 2601 1766 2635 conscriptas,

983 2646 1156 2679 remittatur;
1174 2652 1202 2673 ut
1214 2647 1278 2681 quid
1294 2648 1388 2682 singuli
1406 2655 1499 2674 eorum
1513 2649 1606 2675 eadem
1623 2648 1649 2675 in
1661 2649 1765 2682 synodo

982 2693 1087 2726 egerint
1102 2693 1225 2720 ediscere
1251 2698 1340 2728 queat.
1369 2694 1466 2721 Verum
1490 2701 1550 2728 quae
1574 2694 1640 2722 mihi
1656 2695 1763 2729 ingrata

982 2743 1035 2772 est,
1051 2738 1257 2766 'l‘illeutontiana
1271 2740 1352 2772 ratio,
1373 2740 1435 2767 aliis
1460 2740 1575 2768 fortasse
1598 2740 1762 2775 pcrjucundat

982 2790 1007 2813 et
1023 2786 1134 2820 probata
1155 2787 1206 2814 erit
1221 2795 1228 2815 :
1241 2794 1327 2822 neque
1348 2794 1398 2822 ego
1411 2788 1591 2822 probantibus
1604 2792 1630 2816 et
1651 2786 1749 2818 laudant
