2016 3046
209 169 328 193 CLXXXVI

893 158 1160 188 PROLEGOMENA.

210 222 290 250 cilem
318 227 345 250 et
359 221 523 249 inaccessam
542 227 601 248 eam
616 220 640 248 si
660 219 701 247 vel
720 219 891 254 aliquatenus
925 226 1000 246 asse-

1065 217 1133 245 Gcav
1155 217 1201 244 καὶ
1220 217 1270 243 οὐκ
1290 215 1405 252 ἑφικτὴν
1425 215 1536 247 τελείως
1557 213 1624 250 πρὸς
1650 214 1773 249 μίμησιν,
1790 212 1850 240 κᾶν

210 277 336 305 quamur,
353 276 405 296 non
423 268 563 296 minimum
578 267 654 294 nobis
674 267 791 295 arbitror
821 265 918 293 afferre
945 265 1000 292 fru-

211 321 296 342 ctum.
312 315 349 342 De
365 314 505 342 Athanasii
515 314 609 349 loquor
625 313 688 345 vita,
704 320 784 348 quam
796 320 844 340 ceu
857 313 998 347 quamdam

212 361 320 387 virtutis
331 360 485 387 columnam
498 379 505 392 ,
520 359 646 386 omnibus
662 359 839 393 conspicuam
856 363 1001 392 notamque

213 407 342 435 exhibere
354 406 484 434 conabor.
500 406 659 441 Huiusmodi
675 413 791 439 namque
810 404 858 431 viri
875 405 944 434 vita.
963 409 1000 430 tot

213 457 323 488 propter
349 452 431 480 Deum
464 451 664 480 calamitatibus
691 450 846 485 perfuncti,
873 454 912 476 tot
942 455 1001 476 tau-

213 503 308 532 tasque
330 499 493 526 mutationes
519 498 639 533 experti,
669 501 722 524 tam
749 496 904 530 frequentes
918 516 925 528 ,
947 501 1000 522 tam

213 544 303 570 varias
319 551 326 569 :
346 551 399 571 non
420 543 482 571 ta.is
495 542 573 571 modo
585 547 636 575 est,
651 550 711 577 quae
730 543 821 577 probis
842 541 939 568 animis
952 541 1000 567 ad-

213 589 385 617 mirationem
412 596 463 616 una
484 597 545 616 cum
569 589 706 623 voluptate
733 587 848 621 επεν-αις
875 587 921 614 sed
942 594 1002 621 qua:

213 634 276 663 illos
304 635 337 662 ad
371 635 550 670 philosophia:
584 635 723 666 studium,
753 634 786 661 ad
816 640 1002 668 quamcunque

214 680 293 708 aliam
314 679 459 713 virtutem,
489 687 563 716 spem
577 700 585 713 ,
605 680 853 714 magnanimitatem
867 700 874 711 .
896 679 1002 712 patien-

215 727 280 754 tiam
297 727 526 762 opportunissime
543 727 676 753 instituat.
695 725 772 754 llaud
789 725 867 753 facile
881 725 1004 760 profecto

215 772 287 800 illius
303 777 378 808 gesta
393 773 484 800 omnia
503 779 689 806 percensere:
713 779 765 798 non
788 772 867 798 modo
884 772 955 798 enim
969 772 1003 798 oh

217 819 429 856 magnitudinem
443 819 548 846 imitatu
562 819 682 846 difﬁcilia
694 840 700 851 ,
718 819 764 845 sed
786 819 866 845 etiant
889 818 923 845 ob
936 818 1004 844 ntul-

219 865 359 893 titttdinem
376 865 421 892 vix
436 870 499 893 sunt
509 866 691 893 enumeranda
710 874 717 892 :
731 873 822 892 verum
836 872 895 900 qua:
912 865 1004 892 audire

217 912 389 940 utilissimum
403 912 455 939 erit
469 919 477 938 :
490 920 550 947 quae
574 912 682 947 quidem
694 932 701 945 ,
717 919 768 938 una
790 919 850 938 cutn
864 911 924 939 aliis
937 932 945 945 ,
956 919 1005 938 ex-
1022 904 1042 931 Β

217 957 321 994 plorata
335 957 426 985 multis
438 961 512 985 sunt.

253 1050 282 1079 2.
296 1050 444 1078 Athanasio
464 1049 546 1085 igitur
562 1051 646 1084 patria
668 1049 718 1077 fuit
740 1049 804 1076 urbs
832 1049 858 1076 in
889 1048 1006 1083 Aigypto

218 1096 395 1125 celeberrima
407 1096 580 1124 Alexandria.
598 1095 728 1123 Parentes
749 1096 809 1123 aliis
823 1096 923 1123 virtute
937 1102 1007 1129 prm-

220 1143 385 1176 stantiores;
405 1145 451 1170 sed
477 1143 531 1170 11110
555 1147 643 1170 tamen
669 1143 714 1169 uni
740 1141 881 1169 inferiores
895 1162 902 1174 ,
923 1145 952 1168 ttt
973 1148 1005 1167 ex

221 1190 309 1218 fructu
325 1190 421 1222 arbor,
436 1197 469 1217 ex
492 1189 612 1224 germine
633 1188 708 1215 radix
721 1208 728 1218 .
753 1187 882 1222 majorem
911 1194 1007 1214 conse-

221 1240 350 1272 queretur
365 1235 481 1262 landem.
499 1235 581 1269 Cujus
604 1233 686 1261 animi
709 1233 862 1268 ingenuitas
886 1232 1006 1259 liberali-

222 1289 317 1318 tasque
330 1304 338 1316 ,
353 1290 447 1310 sanum
467 1290 498 1310 ac
520 1286 649 1309 constans
672 1281 809 1314 ingenium
823 1300 831 1313 ,
846 1281 932 1316 pietas
943 1288 1007 1316 erga

224 1329 322 1362 Deum,
343 1328 487 1364 propensio
512 1328 544 1355 ad
570 1328 734 1363 spiritualia.
749 1328 841 1354 statim
856 1335 870 1354 a
892 1327 1007 1362 pueritia

222 1373 343 1403 emicuit.
376 1373 492 1401 Vixdum
522 1373 593 1400 enim
629 1377 784 1400 excesserat
817 1372 850 1400 ab
883 1372 1007 1404 infantia,

229 1420 339 1456 quando
353 1420 393 1454 (ut
407 1419 475 1446 solet
488 1418 531 1446 illa
547 1423 613 1445 aetas
632 1419 700 1445 ludis
714 1440 721 1450 ,
737 1423 763 1444 et
787 1417 930 1452 mquaiium
944 1425 1008 1444 con-

224 1466 309 1495 sortio
321 1466 440 1501 gaudere
452 1485 460 1495 ,
476 1464 510 1491 ob
529 1464 610 1490 animi
638 1463 856 1498 simplicitatem)
872 1463 905 1489 ad
925 1462 1010 1496 quod-

224 1512 286 1539 dam
299 1510 382 1538 maris
401 1510 474 1537 litttts
485 1517 545 1537 cum
560 1509 708 1543 mqualibus
722 1509 765 1535 ille
781 1508 905 1538 arcessit.
921 1507 1011 1536 visus-

224 1565 278 1594 que
296 1562 337 1585 est
352 1557 388 1584 ibi
408 1556 494 1591 jocari
508 1563 570 1583 cum
591 1555 706 1590 illis..At
721 1561 764 1582 res
787 1555 855 1582 seria
878 1554 951 1582 lusus
968 1554 1011 1583 ille

225 1609 301 1637 erat,
318 1608 399 1638 atque
411 1603 561 1630 futurorum
574 1602 678 1638 signum
695 1621 702 1634 ,
717 1609 821 1628 nccnou
839 1601 948 1628 occasio
964 1600 1013 1628 fuit
1026 1586 1047 1615 Ο

225 1656 254 1678 et
262 1650 442 1686 principium,
458 1657 512 1685 quo
531 1649 563 1676 ad
580 1648 625 1675 Dei
651 1647 810 1675 famulatum
833 1648 959 1675 accessit.
984 1647 1013 1674 in

227 1698 291 1725 lttdo
307 1703 424 1732 namque
444 1695 521 1732 pueri
537 1695 707 1722 sacerdotum
727 1694 878 1721 ministeria
894 1694 991 1720 imitati
1006 1713 1014 1725 ,

227 1742 406 1771 Athanasium
421 1741 550 1768 ordinant
562 1739 736 1774 episcopum;
755 1746 787 1766 ac
798 1739 842 1773 qui
858 1739 884 1765 in
903 1739 1016 1774 presby-

230 1795 304 1817 teros
316 1793 343 1817 et
362 1788 490 1816 diaconos
507 1786 625 1821 deputati
641 1789 724 1816 perant
737 1806 744 1817 ,
769 1785 949 1812 admovebant
964 1785 1016 1820 ipsi

230 1842 329 1872 pueros
343 1834 477 1868 baptismo
492 1833 610 1859 nondum
628 1831 786 1866 obsignatas
802 1851 809 1863 ,
823 1835 851 1858 ut
868 1831 901 1858 ah
917 1838 949 1858 eo
962 1831 1016 1858 lin-

231 1885 369 1917 gerentur.
388 1879 458 1907 Tum
480 1879 524 1906 ille
536 1877 625 1904 omnia
638 1878 782 1910 con5tituta
799 1877 849 1905 rite
864 1876 1016 1912 perliciens;

231 1935 332 1964 pueros
348 1933 418 1961 aqua
430 1925 537 1953 marina
558 1923 875 1959 baptizatos,videbatur
892 1923 961 1951 velle
969 1923 1016 1950 ali~

232 1981 284 2007 qua
300 1972 483 2000 admonitione
506 1971 652 1999 cohortari.
673 1970 723 2003 Qui
747 1978 810 1997 vero
831 1969 1020 1997 Alexandrinae

233 2025 290 2047 tum
302 2023 417 2055 priuerat
431 2018 558 2046 Ecclesia:
576 2018 654 2045 divus
675 2017 826 2044 Alexander
838 2037 845 2049 ,
864 2022 958 2044 nactus
972 2017 1020 2044 ali-

232 2074 315 2101 quam
338 2065 505 2101 negotiorum
526 2064 753 2091 intermissionem
770 2084 778 2096 ,
799 2063 1021 2098 aliquantumque

234 2120 336 2140 vacans
355 2120 370 2139 a
390 2111 471 2139 rebus
496 2110 570 2144 suis,
584 2117 644 2137 cum
661 2109 805 2138 recreandi
830 2108 913 2136 animi
939 2116 1019 2136 causa

231 2159 381 2194 jucundum
409 2158 492 2185 maris
516 2161 651 2192 aspectum
676 2156 763 2184 oculis
782 2155 1021 2189 contemplaretur,

234 2208 330 2234 videns
348 2205 411 2233 huic
429 2203 492 2232 ludo
510 2208 651 2231 vacantem
668 2202 862 2233 Athanasium,
879 2207 1021 2237 postquam

1051 264 1096 290 ἐπὶ
1113 262 1196 290 ποσὸν
1211 262 1239 289 δὲ
1254 263 1329 298 ὅμως
1345 260 1543 297 κατορθωθείη,
1558 261 1608 286 οὐκ
1624 259 1765 294 ἐλάχιστον
1778 259 1843 294 ἡμῖν

1051 310 1145 346 κέρδος
1159 308 1361 344 παρεχομένην,
1381 307 1539 334 Ἀθανασίου
1558 306 1629 341 φημὶ
1649 305 1694 331 τοῦ
1712 305 1842 340 μεγάλου,

1050 355 1152 390 ταύτην
1185 355 1280 390 ὥσπερ
1307 353 1368 380 τινὰ
1394 352 1495 388 στήλην
1522 352 1621 387 ἀρετῆς
1654 350 1774 386 ἔμψυχον
1797 350 1845 376 καὶ

1051 401 1194 433 ἀθάνατον,
1212 400 1330 436 διαφανῆ
1351 399 1418 426 πᾶσι
1439 398 1487 425 καὶ
1509 397 1647 432 γνώριμον
1675 395 1848 430 καταστῆσαι

1052 447 1227 483 πειράσομαι.
1251 446 1358 481 ’Δνδρὸς
1375 445 1429 480 γὰρ
1447 443 1568 470 τοιούτου
1591 443 1661 478 βίος,
1684 442 1730 468 καὶ
1748 441 1846 468 τοσαύ-

1051 504 1112 527 ταις
1145 494 1194 529 μὲν
1225 492 1272 520 διὰ
1300 492 1365 519 Θεδν
1397 491 1547 526 πληγέντος
1575 490 1634 520 ταῖς
1671 490 1850 524 συμφοραις,Δ

1051 541 1184 571 τοσαύτας
1200 541 1228 567 δὲ
1251 532 1296 567 καὶ
1317 538 1468 575 μεταϐολὰς
1489 536 1671 567 ὑποστάντος,
1690 536 1738 562 καὶ
1759 534 1846 566 οὕτως

1053 589 1137 620 αὑτὰς
1154 586 1380 621 ἀλλεπαλλήλουςε
1395 585 1442 612 καὶ
1467 583 1687 619 ἀγχιστρόφους,
1708 581 1738 608 ού
1765 581 1853 616 μόνον.

1055 635 1145 666 ἱκανὸς
1174 634 1250 660 ἔσται
1275 633 1322 659 καὶ
1351 631 1443 662 ἁπλῶς
1472 629 1637 665 ἀκουόμενος
1666 628 1756 662 θαῦμα
1786 627 1848 662 μεθ’

1053 680 1151 716 ἡδονῆς
1167 678 1285 705 ἐνθεῖναι
1305 679 1365 709 ταῖς
1393 674 1688 711 φιλαγάθοιςψυχαῑς,
1711 672 1779 699 ἀλλὰ
1800 671 1848 698 καὶ

1055 724 1320 760 φιλοσοφίανΑὼτάς
1339 722 1407 758 μετὰ
1423 723 1472 757 τῆς
1492 721 1576 756 ἄλλης
1598 719 1714 756 ἀρετῆς,
1735 718 1846 748 ἐλπίδα,

1057 771 1269 807 μεγαλοψυχίαν,
1281 768 1428 804 ὑπομονὴν,
1445 767 1588 794 παιδεῦσαι
1603 764 1782 801 καιριώτατος
1795 763 1845 798 (rt).

1057 820 1148 846 Πάντα
1168 819 1216 853 μὲν
1235 814 1281 843 οὖν
1299 815 1329 842 οὺ
1344 815 1434 851 ῥᾴδιον
1453 813 1488 840 τὰ
1510 812 1614 839 ἐκείνου
1635 810 1778 843 διεξιέναι·
1793 807 1849 835 εἰσὶ

1056 865 1111 900 γὰρ
1128 864 1158 890 οὐ
1179 861 1349 899 μιμήσασθαι
1373 861 1451 896 μόνον
1467 859 1511 886 διὰ
1529 858 1559 885 τὸ
1588 856 1700 893 μέγεθος
1723 854 1847 891 χαλεπὰ.

1058 910 1125 938 ἀλλὰ
1141 911 1189 936 καὶ
1211 909 1249 944 τῷ
1265 908 1364 944 πλήθει
1384 906 1496 933 διελθεῖν
1515 903 1649 940 δυσχερῆ*
1671 902 1727 929 ἀλλ’
1744 902 1794 928 ὅσα
1815 909 1850 935 γε

1058 957 1105 984 καὶ
1119 956 1227 983 ἀκούειν
1239 953 1446 990 ὠφελιμώτερα,
1462 952 1508 978 καὶ
1527 951 1583 982 τοῖς
1601 949 1707 980 πολλοῖς
1723 948 1780 984 ἅμα
1794 947 1849 974 τῶν

1059 1003 1144 1031 ἄλλων
1163 1003 1220 1029 ἐστὶ
1239 1000 1400 1036 γνωριμώτε
1405 1007 1448 1035 ρα.

1093 1051 1121 1078 2.
1149 1048 1300 1083 Ἀθανασίῳ
1315 1047 1403 1073 τοίνυν
1419 1046 1518 1080 πατρὶς
1541 1044 1589 1080 μὲν
1606 1044 1623 1079 ἡ
1637 1043 1697 1069 κατ’
1712 1042 1855 1077 Αἴγυπτον

1059 1096 1260 1132 ὀνομαστοτάτη
1282 1093 1384 1120 πόλεων
1399 1090 1585 1126 Ἀλεξάνδρεια
1597 1098 1603 1104 ·
1621 1089 1738 1124 πατέρες
1752 1088 1779 1114 δὲ
1795 1087 1855 1114 τῶνξ

1062 1143 1110 1178 μὲν
1125 1141 1210 1169 ἄλλων
1234 1138 1417 1173 διενεγκόντες
1441 1137 1489 1172 τὴν
1507 1136 1618 1171 ἀρετὴν,
1645 1134 1725 1170 μόνου
1749 1134 1777 1160 δὲ
1799 1132 1849 1159 τοῦ

1061 1184 1155 1220 παιδὸς
1170 1186 1334 1221 λειπόμενοι,
1349 1185 1386 1216 ὡς
1405 1185 1437 1210 ὲκ
1452 1182 1500 1209 τοῦ
1518 1181 1625 1217 καρποῦ
1645 1180 1742 1217 μᾶλλον
1755 1180 1785 1206 τὺ
1804 1187 1851 1213 φυ-

1060 1236 1116 1267 τὸν,
1129 1235 1177 1262 καὶ
1187 1234 1236 1269 τὴν
1249 1233 1325 1269 ῥίζαν
1341 1233 1373 1259 ὲκ
1385 1230 1431 1258 τοῦ
1453 1229 1568 1266 βλαστοῦ
1587 1227 1795 1264 μακαρίζεσθαι,
1812 1222 1851 1253 Οὒ

1062 1283 1107 1310 καὶ
1121 1282 1151 1308 τὸ
1167 1282 1217 1317 τῆς
1236 1280 1324 1315 ψυχῆς
1341 1277 1450 1313 εὐγενές
1469 1286 1498 1304 τε
1516 1276 1563 1304 καὶ
1579 1275 1740 1311 ἐλευθέριον,
1760 1273 1806 1300 καὶ
1821 1273 1854 1299 τὸ

1062 1330 1137 1364 ὑγιὲς
1155 1327 1201 1355 τοῦ
1217 1327 1297 1363 ἤθους
1308 1325 1354 1353 καὶ
1369 1325 1509 1359 στᾶσιμον,
1521 1323 1538 1358 ἦ
1550 1331 1578 1349 τε
1593 1322 1660 1357 πρὸς
1681 1320 1746 1347 Θεὸν
1762 1319 1852 1350 νεῦσις

1063 1376 1109 1403 καὶ
1127 1376 1143 1410 ἡ
1167 1373 1231 1409 περὶ
1253 1371 1289 1398 τὰ
1306 1369 1478 1405 πνευματικὰ
1496 1368 1581 1405 ῥοπὴ,
1602 1369 1634 1394 ἐκ
1655 1366 1747 1397 παιδὸς
1772 1365 1853 1397 εὐθὺς

1062 1420 1223 1455 διεφαίνετο.
1237 1418 1316 1454 Ἀρτι
1336 1416 1390 1452 γὰρ
1406 1415 1455 1451 τὴν
1471 1414 1525 1441 τῶν
1539 1413 1643 1449 νηπίων
1660 1411 1782 1447 ἀμείϐων
1796 1410 1854 1445 ἡλι-

1064 1467 1124 1494 κίαν
1152 1465 1214 1501 (καὶ
1239 1461 1283 1490 οἷα
1302 1463 1423 1496 πέφυκεν
1442 1459 1512 1495 αὕτη
1534 1459 1654 1489 παιδιαῖς
1678 1457 1721 1484 dat
1749 1462 1855 1492 χαίρειν

1064 1513 1111 1540 καὶ
1124 1511 1261 1548 ὁμηλίκων
1282 1509 1436 1539 συνουσίαις
1448 1507 1481 1533 δι’
1501 1505 1660 1540 ἁπλότητα),
1676 1504 1782 1540 ἔρχεται
1807 1501 1854 1529 καὶ

1064 1555 1141 1589 οὗτός
1172 1565 1237 1583 ποτε
1275 1554 1344 1590 μετὰ
1376 1552 1430 1580 τῶν
1460 1551 1611 1588 ἡλικιωτῶν
1642 1549 1687 1576 ὲπί
1718 1557 1778 1574 τινα
1805 1547 1855 1582 τῆς

1065 1604 1202 1638 θαλάσσης
1219 1602 1314 1637 ἀκτήν.
1336 1600 1390 1627 Καὶ
1410 1597 1573 1634 συμπαίζειν
1599 1596 1647 1631 μὲν
1670 1595 1760 1626 αὐτοῖς
1780 1592 1857 1629 παρὰ

1064 1651 1123 1682 ταῖς
1138 1649 1230 1684 ὄχθαις
1247 1647 1348 1679 ἐδόκει,
1366 1644 1468 1680 σπουδὴ
1485 1643 1513 1670 δὲ
1527 1641 1560 1678 ἦν
1579 1641 1686 1677 ἀληθῶς
1710 1641 1727 1676 ἡ
1747 1639 1855 1671 παιδιὰ,

1066 1697 1113 1724 καὶ
1130 1695 1184 1722 τῶν
1200 1694 1350 1730 μελλόντων
1365 1692 1394 1719 οὐ
1415 1690 1499 1721 τύπος
1522 1689 1611 1725 μόνον,
1630 1687 1698 1714 ἀλλὰ
1721 1686 1768 1713 καὶ
1788 1685 1858 1721 πρό-

1067 1750 1148 1778 φασις
1166 1729 1316 1774 Ἀθανασίῳ
1331 1737 1378 1764 καὶ
1392 1736 1502 1772 ἀπαρχὴ
1517 1735 1566 1769 τῆς
1586 1733 1654 1769 πρὸς
1669 1732 1734 1758 Θεὸν
1752 1729 1859 1757 οἰκειώ-

1069 1776 1147 1819 σεως.
1175 1785 1404 1821 Ὑποκρινάμενοι
1429 1782 1483 1818 γὰρ
1507 1783 1535 1808 ὲν
1561 1781 1593 1816 τῇ
1620 1778 1714 1814 παιδιᾷ
1739 1776 1774 1804 τὰ
1805 1776 1859 1802 τῶν

1070 1836 1163 1872 ἱερέων
1177 1835 1201 1861 οἱ
1218 1833 1330 1865 παῖδες,
1349 1830 1507 1858 Ἀθανάσιον
1531 1828 1580 1863 μὲν
1608 1826 1755 1853 ἐπίσκοπον
1779 1822 1863 1858 δῆθεν

1068 1879 1276 1918 χειροτονοῦσιν·
1292 1878 1367 1905 αὐτοὶ
1382 1877 1420 1909 δὲ,
1436 1876 1475 1907 εἰς
1487 1873 1687 1910 πρεσϐυτέρους
1705 1871 1799 1905 ὥσπερ
1813 1869 1860 1896 καὶ

1069 1929 1209 1960 διακόνους
1223 1925 1426 1962 ἀφορισθέντες,
1441 1922 1577 1958 προσῆγον
1593 1919 1666 1954 αὐτῷ
1687 1917 1784 1949 παῖδας
1803 1915 1859 1942 ἑτέ-

1072 1984 1134 2011 ρους
1157 1961 1360 2009 ἁσφραγίστους
1383 1969 1422 1996 ἔτι
1445 1968 1483 2004 τῷ
1503 1967 1567 2002 θείῳ
1591 1965 1773 2001 βαπτίσματι,
1790 1961 1861 1988 ὥστε

1072 2021 1117 2048 ὑπ’
1131 2018 1213 2047 αὐτοῦ
1239 2015 1427 2054 βατττισθῆναι.
1445 2014 1579 2044 Κάκεῖνος
1601 2011 1689 2038 πάντα
1709 2008 1794 2035 τελῶν
1817 2009 1862 2034 ἐπ’

1072 2068 1163 2098 αὐτοῖς
1191 2065 1234 2100 (ιι)
1267 2063 1303 2090 τὰ
1333 2061 1530 2096 νενομισμένα,
1557 2058 1603 2085 καὶ
1633 2055 1768 2091 θαλαττίῳ
1798 2055 1862 2087 τοὺς

1072 2112 1170 2144 παῖδας
1187 2110 1324 2147 βαπτίζων
1341 2108 1428 2140 ὕδατι,
1445 2106 1525 2140 ἐῴκει
1549 2103 1690 2140 βούλεσθαί
1706 2110 1780 2134 τινος
1793 2099 1865 2137 προς

1073 2159 1171 2190 αὐτοὺς
1205 2157 1253 2184 καὶ
1283 2155 1471 2192 παραινέσεως
1503 2152 1634 2186 ἅψασθαι.
1656 2151 1684 2176 Ὀ
1715 2148 1782 2184 γοῦν
1813 2148 1863 2182 τῆς

1080 2204 1274 2239 Ἀλεξανδρέων
1303 2200 1453 2238 τηνικαῦτα
1478 2197 1617 2234 προεστὼς
1647 2196 1717 2227 θεῖος
1737 2194 1860 2226 Ἀλέξαν-

235 2261 291 2281 non
307 2252 441 2279 modicum
462 2249 591 2284 temporis
607 2247 760 2282 spectaculo
783 2248 902 2275 intentus
922 2248 1013 2275 consti-

1072 2254 1145 2288 δρος,
1165 2251 1262 2287 σχολὴν
1283 2249 1337 2276 τῶν
1362 2250 1391 2277 ὲν
1410 2248 1503 2284 χερσὶν
1520 2247 1603 2280 ἄγων,
1620 2244 1665 2271 καί
1687 2253 1740 2270 τινι
1765 2242 1864 2278 μετρίᾳ.

234 2300 325 2331 tisset,
343 2298 419 2325 valde
433 2305 489 2324 rem
507 2296 674 2328 admiratus,
689 2302 787 2330 pueros
803 2294 893 2322 statim
909 2295 1021 2322 accivit:

234 2353 268 2373 ac
281 2345 485 2379 quibuscunque
506 2350 566 2369 cum
585 2342 725 2368 Athanasii
743 2349 817 2375 pura:
835 2349 932 2368 manus
945 2361 952 2373 ,
968 2345 1023 2369 tum

237 2392 275 2419 illi
288 2391 441 2418 divinorum
457 2393 652 2424 prmceplornm
672 2388 706 2415 ah
720 2387 831 2414 infantia
846 2387 951 2415 diacotti
968 2389 1025 2415 sive

236 2437 376 2470 ministri,
397 2444 444 2464 ceu
466 2435 610 2470 quamdam
630 2434 656 2460 in
675 2433 784 2461 Christo
802 2433 882 2466 sigilli
908 2433 1021 2460 formum

239 2484 442 2519 imposuerant;
461 2488 507 2508 eos
520 2480 565 2507 ille
580 2484 702 2514 prompta
716 2487 798 2506 manu
811 2479 916 2513 innugit
927 2500 934 2511 ,
947 2479 1024 2513 quasi

238 2530 414 2558 honestarum
426 2526 565 2554 Athanasii
585 2529 775 2560 prtematuram
795 2532 920 2551 ntannum
940 2526 1025 2559 impo-

239 2577 366 2604 silionem
382 2578 669 2606 revereretur;neque
683 2571 786 2598 irritant
804 2571 953 2597 faciendam
966 2579 1026 2598 osse

238 2622 385 2658 iudicaret.
400 2621 460 2649 Illos
470 2640 478 2653 ,
494 2620 603 2654 inquam
613 2638 621 2650 ,
638 2617 742 2652 inungit
757 2625 789 2644 ac
801 2617 962 2651 baptismate
975 2617 1026 2643 ini-

242 2672 300 2696 ttat.
318 2667 437 2695 Necdum
464 2666 536 2694 enim
561 2665 683 2693 initiatos
704 2663 787 2690 fuisse
803 2662 858 2696 jam
879 2670 959 2697 supra
985 2663 1027 2689 di-

240 2720 315 2742 ctum
328 2718 379 2741 est.
400 2712 489 2747 ipsum
505 2716 596 2738 autent
611 2709 788 2737 Athanasium
803 2729 810 2741 ,
829 2708 932 2736 dulcem
952 2709 1026 2735 il’um

241 2760 350 2787 virtutis
380 2759 473 2786 ﬂorem
489 2767 494 2784 :
513 2756 724 2784 antmnissimam
745 2754 863 2790 plantam
874 2775 881 2786 ,
894 2754 947 2788 jam
962 2760 1028 2781 tem-

241 2806 366 2839 pestivis,
385 2805 440 2833 imo
460 2803 630 2840 prazmaturis
654 2802 767 2838 spiritus
785 2801 917 2828 fructibus
938 2799 1027 2835 pullu-

277 2862 317 2898 (τι)
335 2863 452 2890 Colliert.
465 2864 494 2895 2,
509 2862 686 2898 κυριώτατος.

278 2894 317 2934 (ἐν)
338 2899 383 2928 Sic
395 2902 451 2926 tres
463 2906 528 2926 mss.
546 2894 628 2926 'rccte.
643 2896 714 2925 Editi
726 2902 801 2930 vero,
814 2895 859 2922 ὑπ¹
873 2894 967 2928 αὐτῆς.

1075 2300 1136 2331 δοὺς
1150 2297 1245 2327 ἑαυτὸν
1260 2297 1366 2327 ἀνέσει,
1382 2294 1430 2326 τὰς
1449 2293 1526 2328 ὄψεις
1546 2301 1576 2318 τε
1593 2293 1648 2323 τοῖς
1665 2291 1783 2326 ἡδίστοις
1805 2289 1865 2314 ἑπι-

1076 2343 1164 2371 6αλὼν
1185 2343 1235 2378 τῆς
1251 2341 1388 2376 θαλάσσης
1412 2339 1545 2375 θεάμασι,
1568 2338 1614 2364 καὶ
1638 2336 1730 2371 παιδιᾷ
1753 2334 1866 2378 τοιαύτη

1076 2373 1298 2425 χρώμενον-γίδὼν
1321 2373 1490 2417 Ἀθανάσιον,
1507 2383 1606 2414 ἱκανῶς
1625 2391 1654 2408 τε
1671 2383 1704 2417 τῇ
1722 2381 1771 2416 θέᾳ
1786 2373 1866 2416 προσ-

1077 2435 1230 2471 διατρίψας,
1244 2434 1292 2460 καὶ
1310 2433 1379 2459 πάνυ
1400 2431 1500 2466 σφόδρα
1523 2429 1666 2464 θαυμάσας
1683 2427 1743 2454 καθ’
1759 2425 1866 2457 ἑαυτὸν,

1078 2481 1139 2515 ἄγει
1159 2480 1221 2511 τοὺς
1245 2478 1343 2509 παῖδας
1369 2476 1464 2507 εὐθύς·
1483 2473 1647 2502 καὶτούτων
1669 2473 1742 2504 ὅσοις
1771 2471 1819 2507 μὲν
1840 2472 1867 2497 αι

1079 2527 1198 2562 καθαραὶ
1221 2527 1312 2561 χεῖρες
1337 2522 1495 2550 Ἀθανασίου
1520 2521 1568 2548 καὶ
1590 2520 1670 2547 θείων
1695 2518 1810 2546 ἐντολῶν
1836 2519 1869 2544 ὲκ

1078 2574 1175 2609 νηπίου
1189 2573 1318 2602 διάκονοι,
1335 2570 1459 2605 καθάπερ
1475 2569 1536 2595 τινα
1552 2567 1636 2594 τύπον
1652 2566 1700 2601 τῆς
1718 2566 1746 2592 ἐν
1760 2564 1869 2600 Χριστῷ

1080 2618 1228 2654 σφραγῖδος
1253 2616 1399 2647 ἐπέὅαλον,
1420 2614 1530 2646 τούτους
1563 2612 1696 2648 προθύμῳ
1721 2610 1793 2646 χειρὶ
1823 2609 1870 2636 καὶ

1080 2664 1160 2695 αὐτος
1179 2663 1308 2698 ὲπιχρίει,
1326 2659 1370 2688 οἷα
1392 2660 1442 2696 τὴν
1463 2659 1516 2686 τῶν
1541 2658 1631 2686 καλῶν
1655 2657 1768 2684 ἐκείνων
1791 2654 1870 2682 ’Δθαο

1081 2711 1175 2738 νασίου
1200 2709 1300 2745 χειρῶν
1325 2707 1447 2735 ἐπίθεσιν
1473 2706 1520 2733 καὶ
1544 2705 1580 2742 (ι’)
1609 2704 1662 2740 πρὸ
1688 2704 1737 2738 τῆς
1761 2701 1871 2737 ἡλικίας

1080 2756 1250 2791 δυσωπηθεὶς
1270 2754 1317 2783 καὶ
1341 2754 1458 2790 ματαίαν
1474 2753 1559 2780 θεῖναι
1577 2752 1614 2788 μὴ
1629 2749 1794 2781 δικαιώσαςο
1809 2749 1871 2774 ἑπι-

1082 2804 1152 2840 χρίει
1168 2803 1256 2830 τοίνυν
1279 2802 1376 2833 αὐτοὺς
1398 2801 1445 2828 καὶ
1460 2800 1558 2827 τελειοῖ
1578 2797 1621 2826 διὰ
1644 2797 1691 2825 τοῦ
1717 2796 1871 2832 βαπτίσμα-

1118 2859 1153 2896 (τ)
1170 2859 1246 2888 Coll).
1263 2859 1291 2890 2,
1306 2857 1365 2885 κᾶν.
