2016 3046
265 157 406 179 cauum

954 149 1224 178 PROLEGOHENA.

265 214 322 239 tum
339 209 510 244 imperatoris
523 208 722 244 simplicitatem
734 208 832 237 litteris
843 209 1041 237 circumvenere

1097 208 1226 235 Εὑσέϐιον
1245 206 1290 245 ἢν,
1304 208 1455 243 φιλόνεικόν
1471 217 1501 235 τε
1515 208 1563 235 καὶ
1586 208 1748 244 ἑτερόεοεαν,
1770 209 1882 247 ἔγραφόν

263 256 332 284 suis.
344 255 507 283 Athanasius
521 262 601 290 porro
618 262 670 282 non
686 254 743 282 otio
757 254 889 287 vacabat;
902 255 949 282 sed
959 255 1049 290 lingua

265 310 400 338 manuque
417 307 528 330 strenue
543 302 684 335 utebatur,
697 308 730 329 ac
743 309 794 329 una
807 309 868 329 cum
883 302 1048 336 Alexandro,

264 357 317 377 non
337 349 462 377 cessabat
486 347 615 384 epistolas
637 347 671 375 ad
699 348 890 384 imperatorem
916 349 1023 376 mittere
1038 368 1047 382 ,

262 396 362 432 quibus
385 403 451 424 sane
470 397 593 432 asperius
611 401 739 433 argueret
764 396 822 432 ejus
851 397 878 425 in
907 397 1048 426 audiendis

263 442 354 477 pravis
370 442 524 471 hominibus
540 443 740 478 simplicitatem
760 452 767 472 :
784 444 856 478 quod
867 444 972 473 scilicet
985 451 1046 472 eum

262 488 308 522 qui
323 488 406 516 semel
418 492 518 516 rectam
541 487 757 516 Christianorum
780 489 862 517 [idem
881 489 1045 525 ahjecisset,

262 541 294 562 ac
309 541 341 561 ea
356 534 390 562 de
403 541 486 562 causa
509 542 524 562 a
545 535 598 562 Deo
622 539 651 562 et
673 541 688 562 ι
713 535 819 562 cunctis
838 537 961 570 patribus
983 544 1046 571 pro-

261 581 379 614 scriptus
395 585 487 613 esset,
508 581 568 616 ejus
593 580 727 614 ﬁgmentis
746 581 898 617 fabulisque
927 582 1046 610 circum-

260 630 376 659 ventus,
390 626 546 654 admitteret
560 646 568 660 ,
584 632 744 662 patrumque
761 628 891 656 terminos
903 647 912 661 ,
925 629 964 656 uti
977 630 1045 656 scri-

260 676 337 707 ptum
352 676 395 700 est
409 673 418 688 ¹
430 692 439 706 ,
456 672 581 700 immotos
602 673 659 707 ipse
674 679 804 701 moveret.
818 674 884 702 Tum
900 675 1045 709 imperator

261 717 343 745 talem
355 717 569 753 objurgationem
593 727 645 746 non
663 720 804 747 moderate
823 719 913 748 ferens
924 741 932 754 ,
946 721 992 748 sed
1011 722 1044 749 ab

261 763 377 792 Eusebio
387 769 415 791 et
429 763 512 792 sociis
525 771 657 792 accensus
670 783 678 797 ,
689 772 786 800 aspere
802 766 923 801 dareque
936 774 1045 802 respon-

259 811 316 842 det.
334 809 516 838 comminatus
530 810 726 845 depositionem
740 810 789 838 nisi
806 819 901 840 eorum
914 813 1044 841 doctrinae

260 857 478 892 acquiescerent.
506 855 567 883 Haec
585 861 674 884 autem
701 865 753 885 non
779 858 877 893 agebat
896 858 1042 893 ille,quod

260 903 300 930 ira
316 907 468 931 commotus
480 907 571 936 esset,
581 907 628 929 aut
637 903 775 938 quidpiam
787 904 860 932 circa
873 906 951 933 tidem
966 905 1044 933 inno-

259 953 353 982 varet,
374 953 402 977 et
435 950 618 979 Arianismum
648 952 871 986 amplecteretur;
904 952 952 980 sed
986 953 1045 980 zelo

259 1001 415 1030 perunctus,
435 997 481 1031 qui
507 1002 596 1025 tamen
624 1006 676 1026 non
697 1003 756 1026 erat
780 999 928 1026 secundum
959 999 1045 1026 scien-

259 1042 324 1069 tiam
339 1050 347 1070 :
369 1047 452 1077 utque
469 1042 609 1072 videretur
627 1052 740 1079 operam
770 1046 850 1078 dare,
870 1052 905 1073 ne
923 1044 1043 1073 Ecclesia

239 1089 247 1096 '
259 1087 467 1116 discinderetur.

292 1190 320 1220 5.
343 1191 497 1220 Alexander
511 1200 564 1220 una
588 1199 649 1219 cum
673 1192 834 1226 Athanasio,
854 1191 983 1226 ejusmodi
1009 1190 1043 1218 ab

257 1237 422 1273 imperatore
434 1239 555 1274 acceptis
568 1239 677 1271 litteris,
696 1239 770 1267 brevi
783 1243 843 1274 post
858 1243 979 1274 tempore
995 1246 1042 1265 su-

256 1289 374 1319 perstes,
394 1285 498 1320 optimo
510 1285 583 1313 exitu
601 1286 683 1313 vitam
701 1285 777 1313 obiit.
794 1284 861 1311 Tum
877 1285 1042 1312 Athanasius

255 1336 284 1358 ut
299 1338 416 1364 morttm,
431 1331 469 1359 sic
493 1332 584 1360 statim
607 1331 665 1366 ejus
687 1330 776 1358 throni
801 1338 945 1358 successor
961 1330 1012 1357 l'uit
1032 1339 1039 1358 :

257 1377 394 1412 totiusque
405 1378 494 1413 populi
505 1377 609 1406 calculo
622 1378 794 1413 episc0patus
806 1377 842 1404 illi
856 1377 1040 1411 concreditur,

254 1423 365 1458 dignum
386 1430 453 1451 sane
473 1422 534 1450 talis
551 1424 679 1459 unguenti
699 1423 848 1456 vasculum,
867 1431 981 1458 eamque
995 1431 1040 1451 se-

254 1469 326 1501 dem,
344 1477 397 1497 non
412 1474 441 1497 ut
456 1470 581 1498 humana:
604 1471 697 1505 gratiae
711 1478 789 1506 opus,
805 1470 851 1498 scd
874 1475 903 1496 ut
922 1470 1040 1505 Spiritus

253 1514 366 1548 donum,
391 1521 419 1543 et
435 1517 543 1544 virtutis
565 1522 702 1545 certamen
725 1517 829 1544 imbuit.
852 1517 919 1544 Tum
945 1525 1039 1552 graves

254 1561 403 1596 impietatis
425 1563 542 1598 patroni,
568 1563 722 1598 occultique
738 1564 905 1591 zizaniorum
922 1569 1037 1593 salares.
1052 1560 1074 1588 C

253 1608 433 1644 ardentesque
448 1609 559 1636 malitiae
579 1609 708 1642 ministri,
726 1611 835 1644 paulum
851 1609 958 1644 quidem
973 1614 1040 1636 tern-

253 1655 328 1690 pnris
345 1655 459 1686 latuere.
489 1656 556 1682 nihil
577 1661 727 1688 moventes,
746 1656 810 1682 nihil
834 1655 1038 1687 tumultuantes,

252 1702 300 1729 sed
330 1701 460 1738 impetum
490 1702 686 1737 reprimebant.
713 1701 867 1735 bellumque
889 1700 1039 1728 Athanasio

253 1748 373 1776 indicere
388 1749 596 1776 cunctabantur.
611 1747 712 1775 Deinde
726 1748 797 1774 velut
812 1751 922 1780 accepta
938 1755 952 1773 a
965 1746 1039 1773 mali-

252 1801 307 1830 gno
321 1794 368 1829 qui
387 1802 440 1822 eor
455 1801 548 1822 eorum
575 1793 763 1829 alloquebatur
778 1798 889 1826 te~sera,
905 1799 1039 1827 partuque

252 1839 352 1867 animae
367 1847 424 1867 suae
436 1844 604 1874 erumpente,
617 1839 746 1867 latentem
763 1845 839 1866 antea
860 1840 964 1874 aperire
982 1847 1038 1866 nta-

190 1915 193 1917 _
248 1879 350 1918 litiam,
369 1886 480 1914 insidias
496 1886 533 1913 illi
558 1893 655 1920 parare
672 1886 849 1921 gravissimas
865 1895 872 1913 ς
896 1886 1038 1920 virumque

252 1931 291 1959 illi
314 1932 470 1960 calestibus
495 1932 604 1968 dignum
636 1931 834 1965 tabernaculis,
860 1939 913 1959 non
940 1931 1038 1959 throno

253 1982 370 2010 tantum,
388 1978 434 2005 sed
455 1978 522 2006 urbe
543 1978 624 2006 etiam
637 1977 736 2014 pellere
757 1983 899 2005 conantur.
918 1977 964 2005 ille
985 1979 1036 2006 im-

252 2024 417 2060 perterritus
432 2032 493 2052 cutn
510 2025 609 2051 Davide
623 2023 738 2059 psallere
755 2033 762 2051 :
780 2023 808 2051 Si
819 2026 963 2052 consistant
987 2026 1037 2052 ad-

251 2077 356 2098 vertunt
369 2078 409 2097 me
421 2074 519 2103 castra,
536 2078 588 2097 non
601 2070 700 2097 timebit
717 2077 762 2097 cor
773 2078 858 2097 meum
870 2071 891 2097 ’.
908 2070 1038 2106 Princeps

250 2116 437 2151 ponondarum
451 2115 611 2143 insidiarum
627 2120 696 2148 erat,
717 2116 762 2151 qui
781 2116 838 2144 solo
860 2116 968 2143 nomine
981 2117 1037 2151 pie-

252 2166 309 2190 tate
327 2162 457 2198 prasditus
474 2162 536 2195 fuit,
559 2161 636 2197 cujus
652 2169 717 2190 sane
741 2170 831 2190 mores
855 2163 900 2190 tali
918 2163 1036 2198 appella-

251 2209 319 2237 tioni
339 2209 457 2244 oppositi
474 2213 563 2242 erant,
584 2209 729 2243 Eusebius,
751 2209 871 2244 inquam,
890 2209 1037 2245 impietatis

250 2255 471 2284 instrumentum.
488 2254 535 2297 Ille
557 2255 630 2283 enim
651 2263 711 2283 cum
729 2255 839 2283 asseclis
852 2260 964 2290 captans
987 2257 1037 2283 im-

251 2302 385 2336 peratoris
400 2301 613 2337 simplicitatem,
628 2307 711 2336 atque
732 2306 911 2337 opportttnum
932 2306 1037 2337 tempus

248 2355 280 2375 se
296 2354 405 2376 nactum
419 2355 480 2375 esse
495 2352 580 2381 ratus,
592 2348 683 2376 omnia
699 2355 819 2380 movere,
834 2349 923 2376 omnia
938 2349 1036 2376 misce-

248 2402 290 2425 re.
307 2394 555 2436 quo_Atbanasium
571 2395 669 2422 throno
686 2399 833 2422 atn0veret.
849 2395 884 2422 Ea
904 2395 976 2422 enim
990 2403 1036 2422 ra-

248 2439 323 2469 tione
345 2441 471 2476 sperabat
493 2447 522 2468 se
546 2445 573 2468 et
595 2441 646 2468 alia
669 2441 799 2476 consequi
825 2449 905 2476 posse
928 2447 954 2470 et
978 2443 1034 2469 Arii

251 2486 362 2513 llrmare
382 2487 559 2514 sententiam.
578 2485 700 2514 Conﬂata
717 2486 810 2522 itaque
825 2488 1037 2516 adversnseum

249 2531 465 2567 conspiratione,
483 2533 608 2566 insidias,
624 2533 729 2561 ratione
751 2534 785 2561 ad
808 2534 1036 2569 persuadendum,

249 2579 341 2607 utsibi
358 2578 513 2613 videbatur,
530 2580 684 2615 aptissima,
701 2587 842 2616 paravere.
860 2579 899 2608 Ex
918 2579 1038 2608 Mcletia-

249 2624 292 2652 nis
315 2632 380 2653 vero
407 2625 553 2658 haereticis,
582 2625 696 2654 Isionem
722 2627 889 2661 conduxere,
916 2627 1035 2662 itemque

249 2670 354 2698 malitia
379 2671 489 2699 divitem
516 2671 718 2706 Eudamonem,
737 2677 765 2700 et
782 2672 915 2707 pravitate
940 2680 1035 2700 omnes

249 2721 421 2750 superantem
457 2717 627 2745 Callinicum.
661 2718 857 2746 Accusationes
889 2725 968 2753 porro
1006 2718 1032 2746 in

285 2761 293 2778 ¹
313 2761 392 2790 Prov.
407 2770 475 2796 xm,
489 2762 535 2790 ‘38.
571 2765 582 2780 ²
600 2763 671 2791 Psal.
687 2771 763 2796 xxvr,
774 2763 801 2790 5.

285 2809 324 2845 (a)
338 2810 386 2846 Sic
396 2811 517 2838 duomss.
535 2815 618 2838 recte.
630 2811 701 2838 Editi
716 2811 798 2844 male,
811 2811 898 2846 ἔλεγε,

284 2846 322 2875 (b)
336 2845 372 2872 Ita
385 2853 450 2874 mss.
462 2851 545 2873 recte.
560 2845 642 2876 Editi.
652 2846 772 2873 ἐκείνων.

282 2881 319 2918 (r)
332 2881 432 2909 Omnes
445 2888 510 2909 mss.
522 2880 672 2916 δεξάμενοι.

1099 261 1129 280 τε
1144 254 1212 289 πρὸς
1233 253 1361 288 βασιλέα,
1383 254 1429 280 καὶ
1444 253 1622 282 ὖπεποιοῦντο
1635 254 1718 281 αὑτοῦ
1738 254 1784 291 τὴν
1805 256 1879 283 ἁπλό-

1098 307 1178 335 τητα.
1194 299 1346 334 ’Δθανασίῳ
1357 299 1386 326 δὲ
1396 300 1446 326 οὐκ
1458 297 1492 335 ἦν
1502 300 1626 335 ἠρεμεῖν,
1638 299 1705 327 ἀλλὰ
1719 300 1764 326 καὶ
1779 300 1879 334 γλῶσσα

1098 342 1131 381 ἦν
1148 344 1231 379 αὐτῷ,
1247 345 1294 371 καὶ
1314 345 1374 381 χεὶρ
1388 345 1498 380 ἐνεργός
1508 353 1514 360 ·
1533 345 1581 372 καὶ
1595 346 1643 372 σὺν
1661 345 1821 382 Ἀλεξάνδρῳ
1836 347 1879 373 καὶ

1097 389 1178 421 αὐτὸς
1201 389 1250 416 οὐκ
1273 389 1354 425 ἔληγε
1379 389 1417 425 (a)
1439 390 1479 425 τῷ
1503 390 1609 425 βασιλεῖ
1635 391 1807 424 ἐπιστέλλων,
1828 393 1872 419 καὶ

1097 436 1263 472 γράμμασιν
1291 436 1373 463 αὐτοῦ
1390 436 1516 472 πλήττων
1531 436 1741 472 αὺστηροτέροις
1756 437 1804 472 τὴν
1819 438 1878 474 περὶ

1096 483 1159 514 τοὺς
1177 481 1372 518 σκολιωτέρους
1394 483 1594 518 (inputem-ra:
1620 483 1660 509 ὃτι
1677 483 1723 509 τὸν
1741 481 1812 515 ἅπαξ
1831 483 1878 518 τὴν

1096 528 1183 565 ὀρθῶς
1207 528 1320 564 ἔχουσαν
1337 528 1390 555 τῶν
1412 528 1583 565 Χριστιανῶν
1599 529 1769 564 ἀθετήσαντα
1783 528 1876 561 πίστιν,

1097 575 1143 602 καὶ
1164 575 1210 601 ὑπ’
1229 574 1311 602 αὐτοῦ
1335 574 1403 601 Θεοῦ
1428 575 1475 602 καὶ
1491 575 1600 602 πάντων
1616 575 1670 601 τῶν
1689 575 1815 611 Πατὲρων
1835 576 1878 601 ht-

1096 620 1276 656 κηρυχθέντα,
1293 620 1448 656 πλάσμασιν
1461 619 1539 652 αὖθις
1552 621 1600 647 καὶ
1615 621 1710 656 μύθοις
1725 620 1877 655 ἀπατηθεὶς,

1096 667 1284 702 παραδέχοιτο,
1304 667 1352 694 καὶ
1371 667 1433 702 ὅρια
1447 667 1577 702 Πατέρων
1596 666 1682 702 κινοίη
1701 666 1772 693 κατὰ
1784 666 1814 693 τὸ
1833 674 1877 700 γε-

1095 713 1252 748 γραμμένον
1265 713 1395 748 ἀκίνητα·
1413 709 1457 740 ὅτε
1473 712 1508 748 δὴ
1523 712 1570 739 καὶ
1594 712 1729 747 βασιλεὺς,
1746 712 1794 739 οὐκ
1807 713 1878 746 ἐνεγ-

1095 757 1150 784 κὼν
1174 757 1291 793 μετρίως
1312 758 1362 792 τὴν
1390 757 1559 792 ἐπιτίμησιν,
1585 757 1643 783 ἀλλ’
1666 757 1719 784 ὑπὸ
1741 756 1793 783 τῶν
1818 755 1879 791 περὶ

1093 803 1223 830 Εὑσέϐιον
1247 802 1384 838 ὲξαφθεὶς,
1408 802 1548 837 αύστηρὰς
1569 802 1660 829 δίδωσι
1685 802 1733 829 καὶ
1757 802 1878 837 τραχείας

1093 849 1143 881 τὰς
1166 849 1338 884 ἀποκρίσεις,
1359 849 1510 884 ἀπειλήσας
1531 849 1622 879 αὐτοῖς
1645 847 1692 874 καὶ
1715 847 1877 882 καθαίρεσιν,

1061 884 1120 922 Βεί
1142 895 1179 931 μὴ
1209 896 1265 927 τοῖς
1292 895 1388 931 ἐκείνῳ
1407 896 1444 930 (ὸ)
1473 895 1642 930 δεδογμένοις
1673 894 1876 929 ὲφῃσυχὰσειαν.

1096 941 1186 968 Ταῦτα
1203 941 1231 968 δὲ
1244 941 1274 968 οὺ
1295 941 1373 976 θνμῷ
1386 940 1519 967 δουλεύων
1531 940 1628 972 ἐποίει,
1641 939 1702 966 οὐδὲ
1717 938 1880 973 καινοτομῶν

1093 996 1120 1013 τι
1134 987 1198 1023 περὶ
1211 987 1260 1022 τὴν
1273 987 1374 1018 πίστιν,
1390 987 1439 1013 καὶ¹
1456 986 1501 1013 τὸν
1519 985 1708 1021 Ἀρειανισμὸν
1729 984 1877 1019 ἀσπαζόμε-

1094 1042 1149 1065 νος,
1168 1033 1235 1059 ἀλλὰ
1250 1032 1323 1069 ζήλῳ
1345 1032 1485 1068 χρώμενος
1506 1032 1616 1068 μᾶλλον,
1639 1031 1666 1057 εἴ
1689 1032 1737 1058 καὶ
1762 1031 1797 1066 μὴ
1821 1029 1878 1057 κατ’

1093 1078 1257 1112 ἐπίγνωσιν,
1277 1078 1325 1104 καὶ
1338 1078 1377 1113 τῷ
1393 1078 1480 1105 δοκεῖν
1496 1078 1526 1105 τὺ
1544 1077 1581 1114 μὴ
1600 1077 1651 1112 τὴν
1668 1076 1827 1112 Ἐκκλησίαν
1843 1076 1878 1102 δι-

1093 1125 1227 1152 εσπᾶσθαι
1244 1124 1515 1160 πραγματευόμενος.

1128 1171 1154 1199 5.
1181 1172 1209 1198 '0
1230 1171 1278 1206 μὲν
1303 1170 1349 1197 οὖν
1377 1170 1560 1206 Ἀλέξανδρος,
1589 1169 1702 1197 τοιαῦτα
1732 1170 1778 1196 σὺν
1803 1167 1877 1194 Ἀθα-

1092 1217 1177 1251 νασίῳ
1194 1216 1270 1252 παρὰ
1286 1216 1332 1242 τοῦ
1352 1215 1484 1251 βασιλέως
1505 1215 1651 1251 δεξάμενος
1668 1216 1704 1251 (ε)
1721 1216 1876 1251 γράμματα.

1091 1262 1185 1298 χρόνον
1208 1261 1297 1296 ὀλίγον
1319 1261 1458 1294 ἐπιϐιοὺς,
1481 1261 1562 1293 αὐτὸς
1586 1261 1635 1296 μὲν
1659 1262 1687 1288 ἐν
1709 1261 1779 1288 τέλει
1808 1259 1878 1295 καλῴ

1091 1306 1219 1334 καταλύει
1235 1307 1280 1333 τὴν
1298 1306 1370 1342 βίον·
1389 1307 1403 1333 ὁ
1419 1306 1448 1332 δὲ
1466 1305 1513 1332 τοῦ
1536 1306 1638 1341 τρόπου
1661 1305 1782 1341 διάδοχος
1802 1305 1877 1332 Ἀθα-

1091 1352 1182 1384 νάσιος
1198 1352 1278 1384 εὐθὺς
1299 1352 1347 1379 καὶ
1364 1352 1411 1378 τοῦ
1427 1351 1522 1388 θρόνου
1536 1352 1649 1386 γίνεται,
1669 1353 1716 1379 καὶ
1732 1353 1812 1388 ψήφῳ
1832 1349 1876 1377 τοῦ

1091 1398 1156 1426 λαοῦ
1173 1399 1271 1430 παντὸς
1291 1398 1339 1434 τὴν
1364 1398 1512 1433 ἱερωσύνην
1535 1398 1703 1430 πιστεύεται,
1723 1399 1807 1434 μύρου
1829 1405 1878 1424 τοι·

1090 1445 1167 1471 ούτου
1184 1445 1285 1480 δοχεῖον
1305 1444 1476 1480 ἀποδειχθεὶς
1497 1444 1582 1476 ἄξιον,
1602 1445 1631 1471 οὺ
1652 1445 1763 1480 χάριτος
1781 1443 1878 1479 ἀνθρω-

1091 1491 1172 1526 πίνης
1199 1491 1290 1526 ἐργον,
1315 1490 1382 1517 ἀλλὰ
1405 1490 1562 1526 Πνεύματος
1587 1490 1682 1526 δῶρον,
1709 1491 1755 1518 καὶ
1781 1490 1876 1526 ἀρετῆς

1091 1533 1171 1562 ἆθλον
1185 1535 1287 1571 ταύτην
1302 1535 1494 1571 πεποιημένος.
1508 1537 1539 1562 υἱ
1554 1535 1635 1561 δεινοὶ
1652 1535 1744 1570 μέντοι
1757 1535 1806 1570 τῆς
1818 1534 1877 1560 ἀσε-

1091 1581 1166 1613 ϐείας
1189 1581 1348 1617 προστάται,
1367 1582 1391 1608 οἱ
1408 1583 1524 1617 κρυπτοὶ
1539 1582 1593 1608 τῶν
1613 1581 1741 1614 ζιζανίων
1761 1581 1876 1616 σπορεῖς,

1089 1624 1114 1650 οί
1134 1624 1229 1660 θερμοὶ
1247 1626 1296 1659 τῆς
1313 1625 1410 1657 κακίας
1424 1626 1551 1657 διάκονοι,
1566 1626 1676 1660 ἕστεγον
1694 1626 1744 1662 μὲν
1761 1626 1823 1661 ἄχρι
1844 1633 1878 1651 1t-

1090 1669 1133 1701 νὸς
1145 1670 1359 1704 παρακινοῦντες
1374 1670 1448 1697 οὐδὲν
1463 1671 1530 1703 ὅλως
1546 1672 1606 1698 οὐδὲ
1621 1673 1810 1708 ταράττοντες,
1823 1670 1876 1697 ἀλλ’

1089 1715 1223 1750 ἡσύχαζον
1244 1716 1336 1748 αὐτοῖς
1356 1717 1384 1743 al
1406 1717 1504 1753 ὁρμαὶ,
1527 1719 1573 1744 καὶ
1598 1717 1749 1753 ’Δθανασίῳ
1765 1717 1876 1752 πόλεμον

1089 1760 1252 1796 ἐπικηρύξαι
1278 1762 1403 1798 φανερῶς
1431 1763 1622 1790 ἀνεϐάλλοντο·
1647 1763 1759 1796 ἔπειτα,
1787 1763 1875 1798 ὥσπερ

1089 1807 1141 1833 ὑπὸ
1157 1807 1204 1834 τοῦ
1225 1807 1368 1841 λαλοῦντος
1389 1809 1481 1842 αὐτοῖς
1496 1810 1536 1841 εἰς
1558 1810 1671 1846 καρδίαν
1693 1810 1811 1845 πονηροῦ
1831 1809 1876 1835 λα-

1089 1853 1180 1886 ϐόντες
1195 1853 1225 1880 τὸ
1243 1854 1369 1890 σύνθημα
1395 1855 1443 1881 καὶ
1459 1856 1507 1891 τὴν
1524 1856 1604 1882 ὠδῖνα
1622 1857 1671 1891 τῆς
1691 1856 1780 1891 ψυχῆς
1798 1856 1876 1890 ἀναῤ-

1090 1899 1230 1935 ρήξαντες,
1248 1900 1293 1926 καὶ
1310 1900 1359 1935 τὴν
1382 1901 1572 1937 κρυπτομένην
1595 1902 1663 1934 τέως
1686 1903 1876 1938 γυμνώσαντες

1090 1945 1230 1981 πονηρίαν,
1253 1946 1399 1978 ἐπιϐουλὰς
1420 1947 1495 1982 αὐτῷ
1517 1947 1647 1974 πάντοθεν
1672 1948 1776 1984 ἐπῆγον
1800 1948 1877 1983 χαλε-

1088 1992 1230 2025 πωτάτας’
1249 1993 1280 2019 οὺ
1298 1993 1345 2020 τοῦ
1370 1993 1465 2029 θρόνου
1489 1994 1579 2029 μόνον.
1601 1994 1669 2021 ἀλλὰ
1687 1995 1734 2021 καὶ
1757 1996 1806 2030 τῆς
1830 1993 1876 2020 πό-

1087 2038 1155 2071 λεως
1177 2039 1260 2075 αὐτῆς
1275 2039 1399 2067 ἐκϐαλεῖν
1413 2039 1458 2066 τὸν
1480 2039 1555 2073 ἄξιον
1571 2040 1655 2071 ὅντως
1673 2040 1727 2067 τῶν
1747 2039 1876 2076 οὐρανίων

1088 2083 1196 2118 σκηνῶν
1227 2084 1431 2116 σπουδάζοντες.
1466 2085 1535 2111 Ἀλλ’
1561 2085 1664 2117 ἐκεῖνος
1695 2086 1816 2117 ἆσειστος
1842 2082 1875 2120 ἦν

1089 2129 1157 2164 μετᾶ
1171 2129 1218 2156 τοῖ’)
1233 2130 1314 2156 Δαυῒδ
1326 2130 1433 2164 ψάλλων
1443 2138 1449 2146 ”
1466 2140 1475 2156 ι
1487 2130 1550 2157 Ἐὰν
1568 2131 1756 2167 παρατάξηται
1771 2131 1814 2156 ἐπ’
1828 2128 1875 2164 ἐμὲ

1088 2175 1262 2210 παρεμϐολὴ,
1283 2175 1313 2201 οὐ
1331 2174 1511 2210 φοϐηθήσεται
1532 2175 1548 2210 ἠ
1568 2175 1665 2211 καρδία
1689 2184 1750 2211 μου.
1764 2185 1773 2200 r
1789 2172 1873 2209 Ἦρχε

1053 2232 1074 2260 D
1088 2218 1116 2245 δὲ
1132 2220 1181 2255 τῆς
1205 2222 1324 2256 πονηρᾶς
1343 2221 1444 2256 ταύτης
1464 2221 1609 2256 ἐπιϐουλῆς
1627 2222 1641 2247 ὁ
1664 2221 1748 2257 μόνης
1767 2221 1803 2255 (ιι)
1821 2229 1874 2247 κοι-

1090 2265 1182 2291 νωνῶν
1195 2265 1320 2302 εὐσεϐείᾳ
1339 2267 1388 2301 τῆς
1402 2266 1534 2302 κλήσεως,
1553 2266 1591 2297 ὡς
1606 2266 1620 2292 ὃ
1635 2274 1666 2300 γε
1689 2266 1789 2302 τρόπος
1805 2266 1873 2292 ἐναν-

1089 2309 1146 2341 τίος
1165 2310 1283 2345 ἀτεχνῶς
1302 2310 1349 2337 τοῦ
1369 2311 1514 2346 ὀνόματος,
1536 2311 1568 2338 τὸ
1584 2311 1633 2346 τῆς
1647 2311 1774 2342 ἀσεϐείας
1795 2311 1872 2345 ὄργα-

1089 2364 1144 2387 νον,
1158 2357 1239 2392 φημὶ,
1252 2358 1266 2384 ὁ
1281 2356 1419 2388 Εὐσέϐιος.
1439 2356 1577 2384 ’Υπελθὼν
1594 2357 1648 2392 γὰρ
1669 2357 1717 2383 σὺν
1734 2358 1790 2388 τοῖς
1813 2354 1872 2390 περὶ

1090 2401 1170 2429 αὑτὸν
1191 2398 1268 2433 οὗτος
1283 2401 1334 2437 τὴν
1351 2400 1482 2437 βασιλέως
1499 2401 1693 2438 ἀκεραιότητα,
1713 2402 1760 2428 καὶ
1784 2400 1872 2435 καιρὸν

1087 2448 1186 2474 οἰκεῖον
1205 2448 1278 2483 ἔχειν
1300 2449 1427 2483 νομίσας,
1452 2448 1540 2477 πάντα
1563 2447 1645 2475 κινῶν
1666 2448 1714 2474 καὶ
1735 2447 1871 2483 ταράσσων

1087 2492 1131 2530 ἦν,
1147 2494 1217 2521 ὥστε
1240 2495 1288 2522 καὶ
1311 2495 1469 2522 ’Λθανάσιον
1492 2495 1538 2522 τοῦ
1565 2494 1659 2531 θρόνου
1685 2493 1869 2530 μετακινῆσαι.

1088 2539 1178 2576 Ταύτῃ
1200 2541 1254 2576 γὰρ
1273 2541 1320 2567 καὶ
1342 2541 1397 2568 τῶν
1422 2541 1508 2568 ἄλλων
1531 2540 1736 2576 περιγενέσθαι,
1761 2540 1806 2566 καὶ
1826 2537 1870 2573 τὴν

1096 2586 1201 2621 Ἀρείου
1242 2586 1373 2622 κρατῦναι
1400 2586 1479 2618 δόξαν
1511 2585 1628 2621 ἐνόμιζε.
1662 2584 1870 2616 Συσκευάζονται

1088 2630 1153 2665 γοῦν
1177 2631 1246 2658 κατὰ
1263 2631 1309 2658 τοῦ
1325 2631 1421 2668 ἀνδρὸς
1438 2631 1485 2659 καλ¹
1505 2631 1555 2668 τὴν
1578 2631 1724 2667 ἐπιϐουλὴν
1739 2629 1870 2665 ἐναλήθως

1087 2677 1166 2711 ἄγαν,
1184 2678 1222 2710 ὡς
1245 2678 1336 2710 αὐτοῖς
1358 2678 1461 2711 ἐδόκει,
1486 2678 1533 2705 καὶ
1558 2677 1678 2710 πιθανῶς
1702 2676 1868 2704 διατίθενται.

1086 2723 1254 2750 Μισθοῦνται
1284 2724 1312 2751 δὲ
1341 2725 1388 2751 καὶ
1420 2726 1470 2760 τῆς
1500 2724 1633 2752 Μελετίου
1662 2723 1708 2760 (e)
1743 2721 1868 2757 αἱρέσεως

1123 2813 1163 2849 (vl)
1185 2812 1230 2840 Sic
1244 2813 1297 2849 duo
1309 2820 1374 2840 mss.
1394 2812 1476 2849 Editi,
1493 2813 1582 2849 μόνος.

1124 2849 1158 2887 (e)
1180 2849 1256 2877 Colb.
1272 2848 1301 2883 2,
1314 2848 1467 2876 Μελιτίνου.
