2016 3046
91 2639 98 2668 i

591 158 672 191 “TA
693 160 723 189 S.
743 159 934 189 ATHANASH
954 158 1108 190 INCERTO
1125 158 1303 193 AUCTORE'.

1651 170 1771 192 ειιιιιι

130 219 238 248 ’ῐσίωνά
256 227 285 247 τε
310 219 358 247 καὶ
381 218 429 246 τὸν
456 218 584 246 πλούσιον
607 220 636 246 ιν
664 219 806 255 πονηρίαις
826 219 919 246 Εὐδαί-

972 220 1151 249 Athanasium
1167 221 1322 255 huiusmodi
1344 221 1419 250 fuere
1434 231 1442 250 :
1460 220 1532 257 quod
1548 220 1648 250 lineam
1665 227 1768 250 vestem

124 275 204 303 μονα,
216 266 265 292 καὶ
277 265 324 292 τὸν
340 267 370 292 ιν
383 265 468 300 κακίᾳ
482 265 599 292 νικῶντα
618 265 788 292 Καλλίνικον.
807 266 923 302 Ἑγκλή-

126 322 200 349 ματα
215 313 245 340 δὲ
268 312 430 340 Ἀθανασίου
446 312 505 347 (a)'
529 312 561 338 τὸ
583 311 632 348 μὲν
655 312 696 338 ότι
715 312 791 348 λινὴν
819 312 922 347 ἐσθῆτα

123 359 187 391 τοὺς
201 358 368 393 Αἰγυπτίους
392 359 426 393 τῇ
454 357 652 394 Ἀλεξανδρέων
675 357 808 394 ἐκκλησίᾳ
835 357 924 384 τελεῖν

123 406 309 440 ἀναγκάσειε·
335 404 367 431 τὸ
393 404 436 435 δὲ,
456 404 498 430 δτι
527 403 565 439 μὴ
597 403 662 439 περὶ
691 403 738 430 τὺν
771 402 923 438 κρατοῦντα

122 451 180 487 εχει
191 451 229 487 (b)
244 451 385 482 εὐνοϊκῶς,
402 450 470 477 ἀλλὰ
490 450 536 476 καὶ
555 450 705 485 βασιλικοῖς
723 449 922 477 ἐπιϐουλεύσειε

122 498 270 534 γράμμασι
280 505 287 514 '
303 497 396 532 τρίτον
412 497 430 532 ἡ
445 496 657 532 φιλοχρηματία,
671 496 713 523 ὅτι
733 497 780 523 καὶ
795 496 921 532 λάρνακά

121 553 184 572 τινα
202 544 316 580 χρυσίου
340 543 441 580 μεστὴν
463 543 532 579 πρὸς
555 542 618 570 τινὰ
642 543 698 570 τῶν
724 542 807 570 αὐτοῦ
832 543 918 578 φίλων

122 590 292 626 ικπέμψιιε·
317 589 449 626 τέταρτον
469 590 516 616 ἰπὶ
535 589 652 621 τούτοις,
670 590 684 616 ὁ
701 588 824 624 Ἰσχύρας
849 598 922 626 παρ-

123 638 219 673 ήγετο,
233 636 303 672 ἀνὴρ
317 634 446 670 αἴσχιστα
470 635 520 670 μὶν
540 636 588 662 καὶ
609 635 749 662 δεινότατα
775 636 925 672 είργασμέ-

122 691 179 714 νος,
191 683 238 709 καὶ
253 682 302 718 οὐχ
314 682 389 713 ὃπως
409 681 633 717 κατηγορεῖσθαι,
647 681 704 708 ἀλλ’
719 681 779 708 οὐδὲ
791 682 922 709 ἐλεεῖσθαι

121 729 210 762 ἄξιος·
228 728 397 765 πολύτροπος
419 728 448 755 δὲ
470 728 517 754 καὶ
531 727 653 760 ποικίλος
675 728 705 755 τὸ
720 726 795 763 ἦθος,
809 729 856 755 καὶ
871 737 922 755 πε-

123 775 250 811 ριτρέψαι
271 774 373 810 μᾶλλον
393 773 443 806 τὰς
459 773 550 806 αίτίας
564 774 621 806 τοῖς
639 773 785 808 ὲκγαλοῦσι
804 774 921 809 δυνάμε-

120 830 176 853 νος.
191 822 252 852 Ὃς,
279 819 429 857 ἱερωσύνην
455 819 516 846 τινὰ
546 819 736 855 πλασάμενος,
762 819 810 846 καὶ
833 819 921 855 ὄνομα

121 867 310 903 πρεσϐυτέρου
334 866 369 902 (ε)
394 866 483 902 ἐαυτῷ
508 866 646 902 περιθεὶς,
664 867 712 893 καὶ
741 866 920 901 μυσταγωγὸς

121 914 152 947 ἐξ
169 914 306 949 ἁμυήτου,
321 913 368 940 καὶ
382 913 464 947 σοφὸς
479 913 513 940 τὰ
526 912 585 940 θεῖα
602 913 648 940 καὶ
667 913 776 945 συνετὸς
789 912 819 946 ἐξ
838 914 921 940 ἀσυν-

119 961 184 988 έτου
196 960 244 988 καὶ
259 961 375 997 ἄφρονος
395 959 494 995 ἀθρόον
516 959 681 994 ἀναφανεὶς,
701 960 751 986 ὅσα
769 960 815 986 καὶ
831 960 921 995 ἱερεὺς

120 1004 254 1039 πράττειν
284 1003 378 1038 ἠξίου·
404 1003 453 1029 καὶ¹
477 1002 565 1030 ταῦτα
586 1002 653 1038 μηδὲ
686 1002 752 1038 ὄναρ
786 1003 920 1039 ἱερωσύνῃ

118 1049 309 1086 τετιμημένος.
318 1048 404 1076 Πόθεν
414 1049 429 1075 ό
439 1049 611 1076 παντάπασιν
618 1048 781 1080 ἁπιναντίας
791 1048 924 1086 ἱερωσύνῃ

121 1096 262 1132 βεϐιωκώς
273 1103 281 1128 ;

156 1143 183 1172 θ.
198 1143 339 1171 Μαθὼνδδ
352 1143 389 1170 τὰ
405 1144 466 1170 κατ’
483 1143 566 1171 αὑτὸν
587 1143 758 1178 Ἀθανάσιος,
776 1138 831 1177 οἷος
843 1145 916 1172 ἐκεῖ·

119 1197 167 1222 νος
183 1189 300 1225 ἀκριϐὴς
312 1190 356 1217 ἀεὶ
374 1190 429 1217 τῶν
450 1189 579 1216 τοιούτων
594 1189 750 1226 ἐξεταστὴς,
766 1190 851 1218 Λυδία
863 1199 915 1223 τις,

121 1234 155 1262 τὸ
177 1234 225 1261 τοῦ
241 1234 332 1268 λόγου.
347 1234 432 1269 λίθος,
449 1235 496 1262 τὸν
515 1234 698 1271 πρεσϐύτερον
713 1235 858 1272 Μακάρων
877 1237 917 1268 είς

76 1285 79 1288 ·
124 1279 281 1315 Μαρεώτην
304 1280 445 1316 ἐκπέμπει
469 1280 545 1316 (τῇδε
562 1280 618 1317 γὰρ
638 1280 764 1316 Ἰσχύρας
783 1281 916 1316 ἐτύγχανε

121 1325 269 1361 διατρίϐων
276 1325 296 1361 ),
311 1325 360 1362 τὴν
379 1325 427 1353 τοῦ
448 1326 611 1363 πράγματος
631 1326 745 1362 ἔρευναν
761 1327 836 1363 αὐτῷ
853 1329 915 1354 ἐπι-

121 1369 235 1405 τρέψας.
255 1369 332 1396 Ἐπεὶ
345 1370 374 1397 δὲ
389 1370 526 1406 φωραθεὶς
537 1371 552 1397 ό
571 1370 696 1406 Ἰσχύρας
709 1371 789 1406 ἔγνω,
804 1373 851 1398 καὶ
865 1372 915 1399 οὐκ

80 1443 93 1450 _
122 1413 196 1450 εἶχεν
208 1415 223 1442 δ
235 1423 262 1442 τι
275 1415 324 1442 καὶ
335 1415 470 1451 δράσειεν,
484 1415 604 1451 ἀποδρὰς
622 1415 737 1448 ἐκεῖθεν,
762 1417 812 1453 τὴν
831 1417 914 1444 Νικο-

125 1460 225 1497 μήδους
243 1461 458 1497 καταλαμϐάνει,
474 1463 520 1489 καὶ¹
537 1463 594 1494 τοῖς
610 1463 674 1500 περὶ
685 1463 814 1490 Εὑσέϐιον
831 1464 916 1500 πρόσ-

122 1515 177 1533 ιισι
190 1507 333 1534 καταϐοῶν
349 1507 536 1543 ἀναισχύντως
556 1508 729 1541 Ἀθανασίου,
742 1509 790 1536 καὶ
803 1510 837 1536 τὰ
848 1509 916 1536 ἐκεί-

976 267 1120 303 Egyptios
1144 267 1334 295 Alexandrinae
1355 267 1485 296 Ecclesiae
1506 268 1644 303 pensitare
1665 268 1770 304 coegis-

976 318 1018 342 set
1035 323 1042 341 :
1059 314 1131 349 quod
1154 322 1185 343 se
1211 315 1295 350 probe
1312 322 1376 351 erga
1401 315 1552 350 principem
1568 314 1694 342 allectum
1715 322 1768 342 non

977 360 1122 388 erhiberet
1139 369 1146 388 :
1161 360 1207 388 sed
1223 361 1406 396 imperatoriis
1418 360 1516 388 litteris
1531 360 1672 387 insidiatus
1684 364 1767 387 esset.

975 405 1068 434 Tertio
1086 407 1210 434 avaritiae.
1234 407 1426 441 accusabatur,
1454 414 1550 441 nempe
1575 405 1647 441 quod
1676 413 1766 434 arcam

975 452 1034 479 auri
1051 452 1157 487 plenam
1173 454 1207 480 ad
1225 453 1368 488 quemdam
1383 452 1503 480 misisset
1516 452 1646 479 amicum.
1666 451 1764 485 Quart:

976 499 1073 533 produt
1082 498 1180 526 ebatur
1195 499 1332 535 lscliyras,
1345 499 1389 526 vir
1404 498 1570 533 turpissitnis
1583 497 1764 533 gravissimis‘

974 551 1027 578 que
1041 543 1207 572 facinoribus
1226 545 1359 572 obnoxius
1377 552 1385 572 :
1401 545 1446 580 qui
1470 552 1523 571 non
1541 544 1620 571 modo
1643 543 1765 578 indigan

974 591 1020 625 qui
1036 596 1198 625 accusaret;
1213 591 1260 619 sed
1283 591 1408 626 indignus
1429 590 1615 618 misericordia
1629 595 1699 617 erat.
1713 587 1766 616 Vah

974 635 1017 664 fer
1034 642 1125 664 autem
1139 642 1331 673 versatusque.
1348 638 1394 672 qui
1411 642 1503 672 posset
1519 644 1614 664 causas
1635 644 1769 664 πειιιςιιιη

974 683 1046 710 tibus
1058 687 1190 711 evertere.
1214 684 1263 717 Qui
1277 692 1338 711 cum
1360 683 1411 711 sibi
1427 684 1610 711 sacerdotium
1629 683 1768 717 continge.

975 732 1036 760 ret,
1072 735 1224 762 nomenque
1253 727 1402 764 presbyteri
1431 732 1598 763 usurparet;
1624 728 1683 763 qni,
1715 734 1766 754 nou

974 774 1096 802 initiatus
1120 774 1195 806 licet.
1212 781 1385 810 mystagogus
1407 774 1433 801 in
1454 774 1609 808 divinisque
1636 773 1768 808 sapiens;

973 821 1131 855 imprudens
1150 821 1214 848 licet
1234 825 1260 849 et
1276 821 1398 856 insanus,
1413 821 1533 856 prudens
1549 820 1633 847 videri
1649 820 1768 847 conaba-

974 871 1033 900 tur;
1051 872 1079 896 et
1102 875 1134 895 ea
1149 875 1208 904 qua:
1224 868 1376 896 sacerdotis
1394 873 1457 895 sunt
1475 875 1556 903 agere
1571 867 1688 900 volebat,
1705 873 1766 894 cum

975 920 1009 938 ne
1027 920 1076 948 per
1087 920 1214 941 somnum
1230 914 1338 949 quidem
1361 914 1488 941 sacerdos
1499 912 1642 940 ordinattts
1659 911 1766 939 fuisset.

975 957 1051 985 Unde
1066 959 1103 987 illi
1119 959 1182 987 talis
1198 960 1296 992 honor,
1312 960 1357 995 qui
1375 959 1454 986 modo
1469 959 1614 987 sacerdote
1633 957 1767 993 indignis-

975 1003 1044 1031 simo
1059 1005 1141 1032 vitam
1158 1006 1275 1042 egisset?

1003 1143 1030 1170 6.
1052 1142 1089 1170 Ea
1105 1149 1167 1170 cum
1183 1141 1320 1169 didicisset
1334 1140 1510 1173 Athanasius,
1523 1148 1576 1176 qua
1595 1139 1644 1168 fuit
1657 1145 1766 1174 semper

968 1188 1103 1224 diligentia
1131 1188 1157 1215 in
1179 1187 1332 1222 lmjusmodi
1357 1187 1439 1214 rebus
1462 1186 1652 1222 explorandis,
1668 1190 1696 1213 et
1712 1191 1763 1213 ceu

967 1235 1082 1271 Lydius,
1100 1238 1129 1261 ut
1144 1233 1238 1264 aiunt.
1253 1233 1336 1268 lapis.
1361 1233 1550 1268 presbyterum
1571 1231 1717 1259 Macarium
1739 1230 1766 1257 in

968 1281 1113 1309 Marcotem
1130 1279 1211 1307 mittit
1225 1279 1274 1314 (ibi
1292 1279 1363 1306 enim
1380 1278 1494 1313 degebat
1513 1276 1652 1312 lschyras)
1665 1298 1672 1311 ,
1685 1275 1766 1310 eique

970 1327 1007 1355 rei
1026 1325 1248 1361 perquisitionem
1266 1323 1421 1351 committit.
1445 1321 1591 1357 Postquam
1609 1326 1698 1350 autem
1716 1328 1766 1348 no-

971 1375 1008 1400 vit
1024 1373 1147 1408 Ischyras
1161 1379 1192 1399 se
1209 1370 1407 1406 deprehensum
1424 1377 1501 1402 esse,
1520 1377 1581 1396 cum
1595 1368 1660 1404 quid
1674 1371 1767 1402 ageret

970 1427 1022 1446 non
1041 1419 1161 1450 haberet,
1179 1417 1240 1452 fuga
1257 1423 1286 1444 se
1299 1415 1466 1450 proripiens,
1478 1414 1661 1443 Nicomediam
1678 1414 1746 1448 petit
1759 1426 1766 1435 ι

969 1466 1060 1500 ibique
1074 1464 1189 1492 Eusebio
1204 1468 1230 1491 et
1245 1462 1326 1490 sociis
1347 1469 1378 1489 se
1401 1462 1493 1492 sistit.
1514 1460 1686 1496 impudenter
1706 1459 1763 1488 ciae-

973 1519 1052 1538 mans
1065 1516 1161 1538 contra
1174 1508 1363 1540 Athanasium,
1379 1506 1522 1541 omniaque
1536 1506 1622 1541 ipsum
1636 1509 1764 1540 spectan-

123 1560 170 1579 νου
187 1552 278 1580 πάντα
291 1552 439 1588 διασύρων,
459 1554 506 1580 καὶ
523 1553 630 1590 πικρῶς
647 1554 722 1590 αὐτῷ
744 1555 918 1590 λοιδορούμε-

972 1558 1007 1584 tia
1030 1557 1192 1588 traducens,
1218 1555 1369 1589 acerbeque
1393 1553 1496 1581 homini
1518 1551 1693 1580 maledicens.
1718 1549 1765 1577 Sic

123 1607 180 1632 mg.
200 1598 330 1626 τοιοῦτον
346 1599 400 1634 γὰρ
421 1600 437 1635 ἡ
461 1599 556 1631 κακία,
584 1599 764 1637 εὐπροσώπου
789 1601 916 1637 ἀφορμῆς

123 1645 298 1681 smmum.
313 1645 360 1671 ἐπὶ
369 1645 401 1672 τὸ
412 1645 509 1680 ψεῦδος
523 1646 606 1682 ὁμόσε
622 1648 715 1682 χωρεῖ,
727 1648 776 1674 καὶ
792 1647 916 1683 φανερῶς

124 1691 196 1719 κατὰ
214 1692 264 1727 τῆς
283 1691 413 1727 ἀληθείας
432 1691 582 1724 όπλίξεται.
602 1693 633 1719 οε
651 1693 679 1719 δὲ
698 1693 815 1728 τιμῶσιν
836 1693 917 1720 αὑτὸν

123 1739 175 1765 ὅσα
190 1738 238 1765 καὶ
252 1738 338 1774 ἱερέα,
352 1738 400 1765 καὶ
414 1739 533 1774 γνησίως
549 1740 618 1773 ἄγαν
634 1739 681 1766 τὸν
698 1740 854 1775 ἀποστάτην
871 1740 918 1767 καὶ

123 1783 194 1810 Θεοῦ
219 1783 267 1810 καὶ
289 1783 381 1818 νόμων
404 1784 453 1810 καὶ
478 1784 599 1811 κανόνων
627 1785 707 1820 ίερῶν
731 1785 915 1820 ὑποδέχονται.

124 1829 207 1856 Φύσει
223 1829 278 1865 γὰρ
300 1829 420 1865 ἡδόμεθα
433 1830 490 1861 τοῖς
503 1829 606 1865 ὁμοίοις
616 1851 623 1863 ,
640 1831 714 1863 ὅπως
733 1831 765 1858 ἂν
784 1831 864 1867 ἡμῶν
878 1831 917 1867 (d)

125 1876 242 1908 ἕκαστος
268 1875 285 1912 ἢ
304 1875 472 1912 φαυλότητος
496 1876 512 1912 ἢ
538 1877 640 1913 ἀρετῆς
665 1877 782 1912 ἔχωμεν.
805 1878 918 1905 Ἐκεῖνοι

124 1923 225 1955 τοίνυν,
243 1925 276 1959 τῇ
287 1922 356 1958 πρὸς
369 1923 526 1950 ’Δθανάσιον
538 1924 655 1959 διαφορᾷ
680 1924 730 1955 τὰς
745 1923 834 1959 ψυχὰς
852 1924 918 1958 φλε-

125 1970 308 2005 γμαίνοντες,
334 1969 404 2005 μετά
430 1970 517 2005 πόσης
546 1969 579 1996 av
604 1970 692 2001 εἴποις
721 1970 767 1996 τὸν
791 1969 915 2005 Ἰσχύραν

126 2012 197 2043 ιῐδον
209 2016 400 2052 περιχαρείας,
415 2016 462 2043 καὶ
475 2016 524 2051 τὴν
543 2016 644 2052 μεστὴν
657 2015 802 2048 αὐθαδείας
812 2016 919 2053 ἐκείνην

126 2062 175 2089 καὶ
188 2061 305 2097 θράσους
317 2061 405 2098 ψυχὴν
416 2062 527 2096 ἀγαθῶν
540 2061 630 2089 ἐλπίσι
644 2062 810 2098 παρέθηγον,
822 2063 869 2090 καὶ
879 2062 919 2099 τῷ

129 2109 242 2146 μεγάλῳ
265 2109 315 2145 τῆς
340 2110 495 2146 ἐπισκοπῆς
523 2109 662 2146 ἀξιώματι
686 2111 812 2148 τιμήσειν
837 2111 919 2139 αὐτὸν

127 2155 337 2192 ἐπηγγέλλοντο,
353 2156 434 2192 μόνον
452 2157 477 2183 εί
494 2157 661 2193 κατηγορίαν
673 2157 744 2190 τινὰ,
758 2157 836 2193 φησὶ,
849 2157 920 2186 κατά

125 2202 175 2230 τοῦ
192 2203 298 2229 δικαίου
317 2202 401 2238 ῥάψαι
416 2203 529 2240 δυνήσῃ,
547 2202 677 2230 τοιούτων
690 2203 778 2239 ἔργων
790 2203 919 2236 τοιαύτας

969 1605 1042 1634 enim
1058 1613 1089 1634 se
1105 1605 1186 1633 habet
1203 1603 1316 1634 malitia.
1332 1605 1482 1637 opportuna
1494 1598 1628 1634 siquidem
1644 1597 1705 1624 data
1719 1603 1765 1624 0:-

967 1652 1095 1685 casione,
1115 1651 1148 1678 ad
1169 1649 1340 1678 mendacium
1355 1649 1411 1676 cito
1424 1646 1559 1678 concedit,
1581 1649 1662 1679 atque
1674 1643 1764 1678 palam

967 1702 1060 1726 contra
1074 1698 1215 1724 veritatem
1235 1703 1310 1723 arma
1326 1694 1418 1721 sumit.
1441 1693 1478 1719 liii
1496 1699 1557 1719 eum
1579 1691 1654 1726 quasi
1671 1697 1765 1717 sacer-

968 1745 1057 1772 dotem
1078 1743 1223 1775 honorant,
1243 1746 1324 1774 atque
1339 1744 1490 1774 apostatam
1507 1737 1730 1772 transfugamque
1747 1744 1762 1763 ιι

969 1789 1032 1820 Deo,
1054 1795 1069 1815 a
1090 1788 1194 1823 legibus
1209 1791 1237 1815 et
1250 1795 1263 1813 a
1279 1786 1364 1814 sacris
1381 1784 1544 1814 canonilius.
1559 1781 1766 1818 perhumaniter

969 1834 1111 1870 rccipiunt.
1128 1833 1230 1860 Natura
1246 1834 1317 1860 enim
1335 1830 1472 1859 similibus
1486 1830 1664 1860 delectamur.
1683 1834 1765 1863 pront

968 1880 1083 1915 quisque
1099 1883 1223 1908 nostrum
1240 1882 1286 1905 aut
1305 1877 1371 1905 vitio
1386 1881 1432 1904 aut
1449 1875 1548 1904 virtute
1565 1875 1692 1910 prmditus
1711 1879 1763 1902 est.

968 1927 1008 1955 liii
1019 1927 1102 1962 igitur
1111 1933 1159 1954 sua
1169 1933 1230 1954 cum
1242 1924 1390 1952 Athanasio
1401 1922 1535 1950 discordia
1545 1923 1636 1949 animo
1647 1926 1765 1949 aestuan-

969 1979 1026 2005 tes,
1044 1977 1144 2009 quanta
1159 1976 1237 2007 putas
1254 1970 1344 1998 Iaztitia
1361 1969 1500 2005 Ischyram
1523 1968 1626 2000 videre,
1645 1972 1672 1995 et
1691 1967 1764 1995 illam

969 2019 1124 2055 arrogantia
1138 2018 1304 2052 audacisque
1317 2016 1423 2052 plenam
1440 2015 1570 2047 animam,
1586 2015 1760 2050 prtemiomm

969 2074 1017 2102 spe
1041 2065 1221 2094 concitarunt.
1245 2063 1338 2099 Magna
1367 2069 1456 2091 autem
1483 2062 1656 2098 episcopatus
1677 2061 1766 2096 digni-

970 2118 1025 2141 tate
1041 2119 1103 2140 eum
1115 2119 1144 2140 se
1158 2112 1341 2139 honoraturos
1357 2111 1517 2146 promisere,
1531 2110 1554 2137 si
1572 2109 1652 2136 modo
1667 2115 1765 2143 quam-

970 2160 1031 2186 dam
1066 2159 1197 2186 adversus
1227 2158 1330 2192 justum
1362 2157 1563 2185 accusationem
1587 2155 1763 2188 conﬁngeret.

970 2204 1046 2231 Talia
1067 2203 1194 2231 nimirum
1217 2203 1317 2230 talibus
1339 2202 1420 2229 factis
1444 2208 1556 2228 munera
1584 2199 1763 2227 destinarnnt.

126 2248 278 2280 ἀντιδόσεις
294 2248 469 2284 παρέχοντες,
485 2247 533 2275 καὶ
547 2247 682 2275 τοσούτων
693 2247 787 2283 ψυχῶν
799 2256 918 2285 προστα-

972 2251 1010 2278 Ac
1026 2255 1066 2278 tot
1081 2250 1233 2278 animarum
1254 2256 1347 2276 curam
1370 2248 1521 2275 mercedem
1543 2246 1663 2273 fecerunt
1683 2252 1759 2280 syro-

127 2294 190 2321 σίαν
210 2293 306 2329 μισθὸν
324 2293 507 2327 συκοφαντίας
519 2293 686 2329 ποιούμενοι.
708 2293 737 2320 '0
750 2293 778 2320 δὲ
794 2294 851 2328 (καὶ
865 2293 920 2329 γὰρ

125 2337 161 2376 ῆν
169 2340 200 2368 οὒ
216 2340 347 2367 σκευάσαι
359 2341 393 2376 (ε)
408 2341 559 2376 πράγματα
576 2340 665 2376 μόνον,
674 2339 742 2367 ἀλλὰ
752 2340 799 2366 καὶ
808 2339 920 2375 συγχέαι

125 2387 214 2414 ταῦτα
235 2387 283 2414 καὶ
306 2387 470 2423 περιτρέψαι
489 2386 659 2418 δεινότατος,
680 2386 718 2419 ὡς
736 2387 750 2413 ό
769 2386 847 2421 λόγος
868 2387 918 2422 ἥδη

126 2432 235 2467 φθάσας
257 2432 411 2469 ἐδήλωσεν)
435 2432 587 2468 Ἀθανασίῳ
602 2432 703 2468 μᾶλλον
725 2432 919 2466 ἀντεπάγειτὺ

126 2479 265 2515 ἔγκλημα,
289 2479 327 2512 ὡς
342 2479 397 2515 ἄρα
421 2479 520 2517 γνώμῃ
539 2481 572 2515 τῇ
601 2479 707 2506 ἐκείνου
737 2479 883 2515 Μακάριος
904 2481 919 2506 ὁ

126 2526 324 2562 πρεσϐύτερος,
334 2526 404 2554 κατά
409 2526 459 2562 τῆς
468 2525 616 2562 ἐκκλησίας
623 2525 778 2562 λῃστρικῶς
786 2524 920 2557 ἐπελθὼν,

125 2571 287 2599 καθάλλοιτο
300 2571 333 2607 in
349 2572 458 2608 μὲνῦλῳ
475 2571 608 2608 θυμῷτοῦ
625 2570 838 2607 θυσιαστηρίου,
854 2571 922 2607 τρά-

125 2617 213 2650 πεζαν
225 2618 253 2645 δὲ
265 2618 373 2654 ἐκείνην
388 2617 540 2653 ἀνατρέψαι
556 2617 606 2653 τὴν
631 2617 717 2653 ίεράν,
739 2616 868 2653 ποτήριόν
891 2625 922 2644 τε

125 2663 271 2700 συντρίψαι
287 2663 318 2691 τὸ
329 2664 471 2699 μυστικὸν,
485 2663 534 2691 καὶ
543 2663 592 2696 τὰς
609 2664 684 2700 ἱερὰς
691 2663 720 2690 δὲ
737 2663 845 2699 βίϐλους
855 2663 924 2699 πυρὶ

125 2709 312 2737 κατακαῦσαι.
329 2710 385 2737 Καὶ
407 2709 520 2746 τοιαύτη
537 2709 586 2745 μὲν
609 2709 658 2736 τοῦ
672 2709 812 2745 δράματος
823 2709 841 2745 ἡ
864 2709 923 2736 δια-

175 2797 202 2828 a)
218 2797 264 2825 Sic
279 2805 345 2826 mss.
357 2805 464 2827 omnes.
482 2798 552 2826 Editi
565 2806 640 2832 vero,
655 2799 820 2828 Ἁθανάσιον.

175 2833 200 2870 Ιι)
211 2832 312 2870 pumex
325 2842 389 2870 nisti.
405 2835 501 2869 nostri,
516 2831 590 2870 ἔχοι)

162 2868 198 2909 (ί.)
346 2869 416 2909 Editj
429 2877 504 2909 vero.
518 2868 722 2909 πρεσϐυτέρων.

163 2903 202 2939 (ά)
213 2902 294 2937 Editi,
310 2904 384 2937 ὅπως
399 2904 432 2933 ἂν
446 2905 506 2941 μέν.
522 2902 575 2934 Sed
592 2905 641 2941 μὲν
657 2902 734 2934 deest
748 2906 773 2934 in
793 2905 917 2935 omnibus

972 2296 1099 2331 phantize.
1117 2295 1186 2322 Tum
1206 2295 1259 2326 ille,
1272 2295 1316 2329 qui
1332 2301 1384 2321 non
1401 2293 1480 2320 modo
1491 2292 1597 2326 negotia
1612 2291 1706 2320 ordiri,
1721 2298 1762 2316 rc.

970 2349 1030 2368 rum
1051 2341 1134 2369 etiam
1149 2340 1316 2367 confundere
1336 2346 1368 2366 ac
1387 2337 1547 2373 perturbare
1567 2336 1650 2371 probe
1668 2340 1764 2365 norat,

971 2387 1009 2414 nti
1025 2387 1079 2422 iam
1096 2386 1221 2421 superius
1235 2386 1336 2412 dictum
1358 2388 1411 2416 est,
1428 2383 1498 2411 hanc
1513 2382 1662 2410 Athanasio
1677 2381 1763 2408 dicant

970 2432 1112 2466 impingit,
1130 2430 1200 2466 quod
1224 2430 1331 2458 scilicet
1350 2428 1427 2464 jussu
1457 2428 1529 2455 illius
1550 2427 1684 2454 Macarius
1704 2434 1766 2460 prc-

972 2477 1076 2513 siiyter,
1091 2477 1117 2503 in
1133 2477 1275 2503 ecclesiam
1295 2476 1428 2502 latronum
1445 2481 1521 2501 more
1543 2473 1697 2507 irrupisset,
1720 2471 1763 2498 in-

973 2530 1026 2557 qne
1039 2523 1124 2549 altare
1136 2523 1257 2549 animose
1268 2521 1419 2553 insiliisset,
1433 2527 1541 2546 sacram
1553 2525 1674 2545 mensam
1687 2523 1764 2544 ever-

973 2570 1073 2597 tisset:
1099 2569 1242 2604 mysticum
1263 2567 1375 2595 calicem
1398 2565 1591 2601 confregisset,
1617 2571 1710 2592 sacros
1732 2562 1766 2590 li-

973 2617 1037 2644 bros
1056 2613 1263 2641 coinbnssisset.
1276 2613 1349 2640 Talis
1364 2611 1482 2647 Iscllyrze
1494 2614 1641 2646 apparatus
1655 2609 1689 2636 ad
1704 2616 1765 2637 sce-

974 2671 1036 2690 nam
1053 2661 1121 2695 l'nit..
1131 2660 1216 2688 Porro
1236 2660 1270 2688 ab
1289 2659 1349 2686 aliis
1371 2664 1480 2694 quoque
1498 2656 1603 2685 insidias
1623 2656 1764 2683 instructas

973 2715 1036 2736 cum
1059 2711 1168 2737 essent,
1187 2713 1219 2733 ea
1239 2704 1364 2732 delerunt
1391 2702 1546 2739 imperatori
1566 2701 1765 2735 Constantino.

1055 2834 1121 2870 Reg.
1139 2833 1318 2864 συσκευάσαι,

1008 2870 1041 2905 (f)
1058 2867 1182 2900 Sic'mss.
1200 2870 1271 2898 Editi
1287 2875 1363 2904 vero,
1374 2867 1524 2897 καθέλοι-ιο.

1775 529 1782 545 l
