2016 3046
261 137 314 159 (τις

958 128 1225 158 ΡιιοιΕῦοΜΕΝΑ..

262 189 454 224 (οιιεὶιίιηιιιιιε
476 187 549 216 illum
573 191 654 223 atque
675 187 742 215 iram
765 187 824 222 eius
839 193 1010 216 commovent
1029 189 1054 215 in

1109 187 1191 223 σκευὴ
1205 187 1244 227 τῷ
1258 186 1377 223 ἰσχιύρᾳη
1393 187 1462 222 Ἤδη
1479 187 1509 213 δέ
1520 187 1567 214 καὶ
1578 186 1622 214 διὰ
1635 186 1689 214 τῶν
1705 187 1794 215 ἄλλων
1806 171 1908 220 auset!

263 235 453 262 Athanasium.
479 234 556 267 Quod
578 239 667 261 autent
692 235 778 270 magis
799 235 963 262 accendebat
980 235 1055 262 illum

264 280 358 315 (idque
385 279 492 307 malitim
514 280 650 306 lnventunt
679 278 746 312 fuit,
777 287 884 314 gnam,
899 288 979 314 quant
1003 280 1057 307 sint

264 326 387 353 homines
411 331 505 353 natura
524 333 572 353 sua
593 327 706 354 honoris
723 326 849 361 cupidi),
867 326 974 354 aiebant
996 326 1030 352 illi
1047 336 1054 354 :

263 371 303 400 Ne
335 372 431 400 vestris
461 372 569 408 quidem
595 373 694 400 litteris
726 373 938 407 obtemperavit,
969 380 1057 408 neque

262 419 357 446 Arium
373 419 407 445 ad
420 419 638 446 communionem
657 419 777 446 admisit.
791 419 857 453 Quae
872 428 932 447 cum
951 421 1057 447 audiret

260 464 473 496 Constantinus,
489 464 578 499 printo
596 465 705 501 quidem
728 465 838 500 paulum
857 467 1055 499 conturbatus,

261 517 319 537 rem
334 509 432 537 deinde
445 509 515 544 apud
529 516 560 537 se
580 510 786 542 considerabat,
812 518 861 538 nec
877 511 980 538 sciebat
994 511 1056 546 quid

261 554 366 582 consilii
386 559 511 589 caperet,
527 562 582 590 quo
597 562 626 582 se
639 559 777 588 verteret,
794 560 840 582 aut
856 555 899 582 cui
920 556 988 590 parti
1008 564 1054 583 ac-

261 601 382 629 cederet.
405 601 538 629 Virtutem
557 601 718 633 Athanasii,
741 601 813 629 ontni
835 602 989 636 suspicione
1010 609 1056 628 su-

262 648 396 683 periorem
421 653 525 675 norat:
549 655 643 675 eorum
668 652 756 674 tamen
782 647 915 674 calumnia
942 647 1054 674 multum

261 701 328 721 sane
344 693 544 728 probabilitatis
562 693 679 720 habebat
701 697 785 728 atque
803 693 914 721 coloris.
930 693 996 720 Cum
1020 694 1056 720 ita

262 748 291 767 se
308 740 430 773 haberet,
445 741 561 768 mediatu
579 740 659 775 elegit
676 741 757 774 viam,
774 748 860 774 neque
879 740 1055 767 Athanasium

262 786 414 819 damnans,
439 795 525 822 tneque
545 787 747 821 inquisitionem
769 786 825 814 ﬁeri
842 794 986 817 recusans;
1011 786 1056 813 sed

261 834 392 870 quoniam
407 841 440 861 eo
458 839 579 870 tempore
599 835 724 862 Encaenia
740 833 915 868 Jerosolymis
935 832 1057 860 celebra-

262 881 370 915 bantur,
393 889 481 916 eoque
500 882 700 909 conveniebant
726 881 783 908 fere
804 888 900 907 omnes
914 879 1053 914 episcopi:

258 927 336 962 jubet
353 927 399 955 ille
410 932 438 954 ut
454 927 563 962 paulum
574 935 589 954 a
603 928 645 954 via
666 927 851 959 dcﬂectentes,
866 925 930 962 Tyri
947 933 977 952 ea
993 932 1053 960 quas

261 974 439 1001 Athanasium
458 982 585 1010 magnum
610 974 768 1009 spectabant
787 973 992 1004 examinarent,
1009 978 1056 997 ue-

260 1027 313 1054 que
330 1020 420 1047 minus
435 1021 468 1048 de
481 1021 539 1047 Arii
554 1020 635 1048 rebus
649 1020 845 1048 constituerent
855 1029 862 1046 :
873 1024 901 1046 ut
912 1019 945 1051 si.
957 1027 1054 1054 quem-

260 1066 405 1092 admodum
436 1065 526 1093 aiebat
549 1066 617 1101 ipse,
640 1066 666 1093 in
684 1070 756 1093 recta
774 1065 894 1093 doctrina
909 1073 971 1092 cum
988 1073 1056 1093 con-

261 1111 383 1144 sisteret,
399 1119 446 1146 per
461 1111 587 1139 invidiam
604 1113 771 1146 proscriptus
784 1112 891 1144 fuisset,
905 1119 1013 1138 rursum
1030 1112 1055 1137 in

260 1156 362 1182 clerum
375 1160 456 1190 atque
477 1156 503 1183 in
520 1156 654 1192 synodum
673 1157 873 1189 admitteretur,
888 1161 914 1184 et
931 1156 1057 1190 iungere-

257 1206 305 1229 tur
322 1202 474 1229 membrum
497 1203 602 1238 reliquo
618 1204 736 1238 corpori.
761 1203 837 1237 Quod
860 1203 882 1230 si
896 1203 1052 1237 eloquentia

258 1249 306 1275 ille
323 1253 447 1276 uteretur
466 1249 500 1276 ad
523 1249 726 1284 subripiendam
742 1250 884 1276 veritatem
897 1269 905 1281 ,
922 1249 997 1284 juxta
1013 1256 1055 1275 sa-

261 1304 322 1322 cras
342 1296 414 1331 leges
428 1298 619 1332 judicaretur:
637 1302 718 1332 atque
741 1298 848 1332 dignam
871 1296 1056 1325 subversionis

260 1343 413 1377 dogmatum
428 1343 532 1369 Subiret
550 1350 668 1376 poenam.

1107 232 1219 264 τελείως
1234 231 1284 267 τῆς
1300 232 1446 268 ἐπιϐουλῆς
1464 232 1743 269 κατασκευασθείσης,
1768 234 1900 270 προσίασι

1107 278 1146 314 τῷ
1159 279 1265 313 βασιλεί
1277 279 1474 314 Κωνσταντίνῳ
1489 279 1574 306 ταῦτα
1591 280 1655 315 περὶ
1680 279 1840 307 Ἀθανασίου
1853 280 1902 307 λέ-

1107 332 1211 358 γοντες.
1226 325 1273 350 καὶ
1285 324 1353 356 ὅλως
1374 325 1414 355 είς
1431 324 1480 359 τὴν
1492 325 1552 352 κατ’
1570 325 1652 352 αὑτοῦ
1667 325 1763 361 ὀργὴν,
1774 327 1838 358 τοὺς
1851 326 1901 353 τοῦ

1108 370 1240 405 βασιλέως
1254 369 1357 405 θυμοὺς
1376 370 1537 404 ἐξάπτοντες
1547 380 1552 386 ·
1562 369 1596 407 ἦν
1611 371 1638 398 δὲ
1651 371 1681 397 τὸ
1695 372 1814 407 μάλιστα
1825 380 1904 408 παρ-

1107 416 1202 449 οξῦναν
1225 415 1306 443 αὐτόν
1324 416 1361 451 (α)
1391 417 1485 451 (τοῦτο
1508 417 1562 453 γὰρ
1587 417 1696 453 ἐξεῦρεν
1721 419 1736 453 ή
1767 418 1901 454 πονηρία,

1107 461 1285 497 ἐπισταμένη,
1305 463 1378 494 ὅπως
1396 463 1476 498 φύσει
1489 465 1544 496 τοῖς
1560 463 1715 500 ἀνθρώποις
1731 465 1789 491 ἐστὶ
1809 465 1840 492 τὸ
1854 474 1899 499 φι-

1107 508 1225 544 λότιμον)
1239 510 1290 541 ὅτι,
1306 509 1381 545 Μηδὲ
1396 510 1427 537 τὸ
1448 510 1589 546 ὑμέτερον,
1599 511 1676 545 φασὶ,
1688 512 1804 547 γράμμα
1813 520 1900 547 προσ-

1108 557 1212 592 ήκατο,
1230 557 1298 593 μηδὲ
1320 558 1370 594 τὴν
1392 558 1498 594 ’Δρείου
1518 559 1661 586 κοινωνίαν
1675 559 1830 594 ἀνάσχοιτο.
1845 557 1900 586 Ὧν

1107 603 1261 630 ἀκούσαντα
1277 604 1494 636 Κωνσταντῑνον,
1514 604 1609 640 πρῶτα
1629 604 1678 640 μὲν
1696 605 1787 640 μικρὰΔ
1803 605 1900 632 διατα-

1108 650 1256 686 ραχθῆναι,
1281 650 1377 677 ἔπειτα
1400 650 1428 677 δὲ
1450 650 1510 677 καθ’
1539 651 1634 678 ἐαυτὸν
1659 652 1849 686 ἁνασκοπῆσαι
1865 652 1900 677 τὺ

1108 696 1235 730 πρᾶγμα,
1247 696 1295 722 καὶ
1309 697 1348 727 εὶς
1359 697 1514 732 ἀμηχανίαν
1526 696 1657 724 πάντοθεν
1671 697 1845 733 περιστῆναι,
1860 698 1900 733 μὴ

1108 742 1204 777 ἔχοντα
1229 743 1291 768 ὅποι
1316 742 1417 776 vatio-sc,
1443 744 1490 770 καὶ
1516 745 1745 780 προστεθήσεται·
1770 744 1823 779 τῆς
1848 746 1901 780 μὲν

1115 789 1271 815 ’Δθανασίου
1287 789 1387 824 ἀρετῆς
1404 789 1558 825 κρείττονος
1577 789 1660 825 οὔσης
1680 790 1807 822 ὑπονοίας
1824 791 1900 816 ἁπά-

1109 842 1169 870 σης,
1181 835 1230 869 τῆς
1244 835 1356 862 ἐκείνων
1369 835 1397 861 δὲ
1415 835 1495 862 πάλιν
1509 836 1635 872 διαϐολῆς
1654 836 1721 863 πολὺ
1735 837 1766 862 τὸ
1785 836 1902 863 πιθανὸν

1108 879 1155 905 καὶ
1175 880 1323 915 παρόμοιον
1342 882 1401 912 ταῖς
1423 880 1564 916 ἀληθείαις
1590 882 1715 918 ἐχούσης.
1735 882 1829 914 Οὕτως
1851 881 1901 909 οὖν

1108 924 1188 960 ἔχων,
1210 926 1260 961 τὴν
1280 926 1368 962 μέσην
1385 925 1499 961 ἐχώρει,
1520 927 1584 962 μήτ’
1605 927 1763 955 Ἀθανασίου
1785 937 1902 963 καταγι-

1107 969 1220 996 νώσκων
1235 970 1284 1004 (ὁ),
1306 970 1375 1005 μήτε
1390 971 1471 998 πάλιν
1489 971 1685 1006 ἀπογινώσκων
1702 973 1752 1009 τὴν
1766 973 1882 1008 ἔρευναν
1892 984 1899 989 ·

1108 1015 1166 1042 ἀλλ’
1180 1016 1241 1042 ἐπεὶ
1254 1016 1406 1052 τηνικαῦτα
1423 1018 1477 1048 τοῖς
1495 1018 1692 1053 Ἰεροσολύμοις
1704 1018 1739 1045 τὰ
1759 1019 1902 1053 Ἑγκαίνια

1108 1062 1234 1094 ἐτελεῖτο,
1248 1063 1295 1089 καὶ
1304 1063 1343 1094 εἰς
1356 1063 1439 1089 ταύτὸ
1453 1063 1544 1098 σχεδὸν
1557 1064 1700 1091 ἐπίσκοποι
1717 1064 1818 1095 πάντες
1832 1072 1901 1099 συν,-

1107 1107 1192 1144 ῄεσαν
1208 1117 1215 1124 ·
1241 1108 1362 1140 κελεύει,
1385 1109 1456 1136 κατὰ
1491 1110 1541 1145 τὴν
1563 1110 1650 1146 Τύρον
1672 1110 1732 1137 6δοῦ
1759 1111 1902 1146 πάρεργον

1109 1155 1284 1190 γενομένους,
1303 1156 1349 1183 καὶ
1367 1155 1402 1182 τὰ
1422 1156 1493 1183 κατὰ
1504 1156 1549 1183 τὸν
1572 1157 1658 1192 μέγαν
1680 1157 1837 1183 ’Δθανάσιον
1856 1157 1903 1189 ἐξ-

1107 1201 1214 1233 ετάσαι,
1225 1201 1285 1227 οὺδέ
1298 1201 1327 1228 δὲ
1342 1199 1422 1237 ἧττον
1433 1202 1577 1237 ἐπιστῆσαι
1593 1203 1706 1234 καὶ¹τοῖς
1720 1203 1823 1238 Ἀρείου
1833 1212 1839 1218 ·
1854 1203 1899 1236 ἶν’,

1107 1248 1131 1274 εἰ
1148 1246 1252 1282 μὲν,ὡς
1263 1247 1344 1279 αὑτός
1358 1256 1451 1282 φησιν,
1468 1249 1496 1275 ἐν
1510 1249 1584 1284 ὅροις
1597 1249 1686 1284 μένων
1700 1250 1735 1284 (c)
1749 1249 1803 1275 τῶν
1810 1248 1902 1284 ὀρθῶν

1107 1293 1249 1328 δογμάτων
1259 1293 1309 1328 τῆς
1326 1294 1465 1328 ἀληθείας,
1481 1294 1525 1321 διὰ
1541 1295 1637 1329 φθόνον
1649 1296 1751 1330 ὑπέστη
1768 1295 1817 1330 τὴν
1832 1296 1902 1322 ἀπο-

1109 1337 1234 1373 κήρυξιν,
1256 1338 1411 1374 παραδεχοῇ
1424 1339 1503 1366 πάλιν
1515 1339 1553 1374 τῷ
1568 1339 1661 1374 κλήρῳ
1673 1340 1720 1366 καὶ
1740 1340 1772 1374 τῇ
1787 1339 1901 1374 συνόδῳ,

258 1389 306 1416 καὶ
320 1389 442 1424 συναφθῇ
455 1389 486 1415 τὺ
499 1389 580 1424 μέλος
595 1390 632 1425 τῷ
640 1389 726 1425 λοιπῷ
740 1389 861 1426 σώματι·
877 1391 901 1416 ει
916 1389 944 1415 δὲ
954 1389 984 1415 τὺ
996 1388 1055 1415 ὅλον
1076 1386 1207 1422 ῥημάτων
1226 1385 1286 1411 ἐστὶ
1300 1385 1386 1411 πειθὼ
1420 1386 1574 1412 κλέπτουσα
1605 1386 1654 1421 τὴν
1674 1385 1813 1422 ἀλήθειαν,
1829 1385 1903 1412 κατὰ

258 1438 322 1468 τοὺς
337 1437 426 1473 ἱεροὺς
441 1438 560 1473 κρίνοιτο
575 1437 683 1473 νόμους,
693 1438 739 1464 καὶ
752 1438 830 1474 δίκην
845 1437 922 1469 ἀξίαν
938 1436 1050 1471 ὑπόσχοι
1069 1434 1118 1469 τῆς
1135 1432 1190 1460 τῶν
1204 1432 1346 1468 δογμάτων
1361 1432 1535 1468 διαστροφῆς.

295 1483 321 1510 7.
342 1483 508 1510 Tricesimus
534 1483 578 1511 ille
599 1492 686 1512 auttus
709 1489 768 1511 erat
793 1485 901 1519 imperii
921 1483 1055 1511 Constan-
1069 1484 1091 1513 C

261 1529 308 1556 tini
326 1539 333 1556 :
350 1530 517 1564 aderantque
532 1537 565 1556 ex
585 1530 667 1557 variis
686 1531 799 1557 urbibus
819 1530 950 1564 episcopi.
970 1529 1056 1556 Duce-

260 1577 341 1602 t-atur
355 1575 439 1602 etiam
462 1583 475 1601 a
495 1575 627 1602 militibus
648 1575 782 1603 Macarius
804 1575 944 1611 presbyter
961 1575 1058 1602 vinctis

261 1620 397 1648 manibus.
415 1621 517 1648 Aderat
531 1622 678 1656 praefectus
697 1621 753 1656 ipse
775 1629 826 1647 una
846 1629 907 1648 cum
922 1621 1058 1655 episcopis

257 1668 376 1703 judicent
393 1675 493 1703 agens;
509 1669 563 1694 imo
580 1668 664 1694 etiam
689 1668 798 1702 quidatn
819 1674 853 1694 ex
877 1668 1056 1702 magistratu:

259 1715 411 1742 intererant
434 1715 616 1750 sycophantze.
640 1713 774 1741 Tribuual
793 1714 969 1748 judiciarium
995 1722 1059 1749 ape-

261 1761 383 1788 riebatur
400 1771 407 1788 :
426 1761 608 1789 accusabatur
628 1760 793 1788 Athanasius
811 1770 817 1787 :
838 1768 871 1787 ac
889 1760 976 1795 primo
997 1761 1058 1795 qui—

261 1807 322 1834 dem
341 1807 384 1834 illa
399 1808 432 1834 de
449 1807 519 1835 linea
538 1813 623 1840 veste,
642 1812 669 1834 et
683 1807 715 1834 de
728 1807 841 1834 avaritia
858 1809 995 1842 proposita
1016 1814 1057 1836 est

262 1854 351 1881 aliena
372 1854 508 1881 calumnia
525 1864 532 1881 :
552 1855 598 1881 sed
622 1853 713 1881 statim
734 1853 857 1880 criminis
882 1853 981 1881 solutio
996 1861 1059 1883 con_

262 1902 439 1935 quuebatur,
459 1901 632 1928 tttanil‘estum
654 1907 720 1927 sane
738 1899 945 1926 inltuntanitatis
965 1907 1059 1927 eorum

260 1951 463 1981 argumentum.
482 1946 549 1974 Nam
569 1954 599 1973 ea
615 1945 672 1980 ipsa
689 1946 756 1972 hora
773 1945 871 1972 litterae
887 1945 921 1972 ab
940 1946 1058 1981 impera-

263 1999 322 2019 tore
338 1993 370 2019 ad
384 1992 478 2028 judicii
499 1992 587 2019 locum
605 1993 751 2024 advenere,
771 1992 871 2027 quibus
888 2000 939 2019 non
957 1993 1061 2020 medio-

269 2040 355 2066 criter
376 2044 554 2074 carperentur
572 2043 753 2071 accusatores,
772 2038 887 2065 crimine
906 2039 1060 2067 solveretur

265 2085 448 2118 Athanasius,
462 2090 704 2119 accersereturque
714 2085 919 2120 perhumaniter
929 2086 961 2112 ad
973 2085 1059 2120 ipsum

261 2132 466 2168 imperatorem.
488 2132 622 2166 Quoniam
644 2132 710 2166 Apis
734 2136 761 2159 et
780 2131 915 2159 Macarius
939 2131 1014 2166 (non
1037 2133 1058 2160 is

259 2179 294 2206 de
314 2186 368 2214 quo
382 2179 496 2214 jamjam
510 2186 602 2206 sermo
616 2178 725 2205 habitus
743 2182 785 2205 est
799 2187 805 2205 :
822 2178 865 2204 ille
878 2185 994 2211 namque
1008 2187 1056 2214 pro

261 2233 308 2253 reo
325 2225 359 2253 ab
375 2225 537 2253 Eusebianis
556 2225 725 2252 habebatur:
742 2225 790 2252 sed
807 2224 876 2252 alius
892 2225 941 2260 ipsi
958 2233 1055 2260 cogno-

262 2271 369 2307 tttinis),
384 2273 464 2300 antbo
483 2271 670 2299 Alexandrini'
684 2272 851 2308 presbyteri,
874 2272 1056 2300 Nicomediam

262 2325 316 2345 non
330 2318 365 2345 de
384 2318 529 2352 industria,
548 2320 595 2346 sed
610 2319 664 2346 alio
678 2326 742 2345 casu
760 2318 895 2352 adierant,
911 2319 1059 2353 imperato.

263 2372 376 2400 remque
394 2366 606 2398 convenientes,
626 2365 718 2393 omnia
736 2365 775 2392 uti
790 2372 854 2392 vere
876 2373 906 2392 se
924 2365 1062 2396 habebam

263 2418 445 2444 enarravere,
467 2411 620 2447 falsamque
636 2412 766 2439 adversus
780 2416 903 2439 sanctum
921 2412 1056 2439 hominem

264 2456 486 2491 accusationem,
508 2465 614 2486 necnon
634 2457 741 2492 iniquas
764 2457 822 2485 illas
844 2457 956 2485 insidias
972 2457 1058 2485 resol-

264 2506 344 2529 vunt.
367 2502 472 2536 Quibus
488 2511 550 2531 cum
566 2504 646 2531 (idem
667 2505 784 2532 haberet
804 2504 962 2539 imperator,
977 2509 1058 2540 atque

265 2555 422 2583 persuasus,
441 2550 496 2578 imo
515 2551 604 2585 potius
623 2551 695 2579 veris
708 2552 875 2586 argumentis
894 2551 1053 2586 pudefactus

265 2603 299 2623 ac
318 2597 478 2631 convictus,
492 2597 560 2626 nihil
581 2598 723 2630 credibile.
743 2598 810 2626 nihil
826 2605 977 2632 congruens
997 2604 1058 2625 esse

267 2649 330 2670 cum
356 2643 473 2671 veritate
488 2643 515 2671 in
538 2644 673 2671 calumnia
693 2644 862 2679 hujusmodi,
884 2644 930 2685 sed
951 2642 1057 2670 invidiae

266 2686 351 2716 feu'tm
377 2688 450 2716 illam
475 2696 535 2717 esse
555 2698 562 2717 :
585 2690 741 2725 huiusmodi
762 2689 807 2717 ille
832 2689 904 2717 dedit
928 2689 1032 2717 litteras
1052 2696 1059 2714 :

265 2735 367 2769 quibus
380 2736 408 2764 in
427 2736 484 2771 ipsa
499 2737 682 2764 accusationis
692 2737 872 2772 productione
889 2735 922 2763 ad
937 2734 1056 2763 tribunal

313 2802 342 2836 α)
356 2803 402 2831 Sic
415 2810 481 2831 mss.
500 2803 570 2831 Editi
587 2811 662 2836 vero,
679 2803 775 2830 αὐτοῦ.

314 2837 340 2876 b)
353 2838 401 2876 S_ic
416 2846 483 2876 mss.
499 2838 657 2876 vereLEditi
668 2847 744 2871 vero,
763 2839 848 2876 male,
864 2839 1014 2876 γινώσκων.

303 2872 341 2910 (ι)
361 2873 398 2902 Ita
411 2873 465 2902 duo
479 2881 546 2903 mss.
566 2873 637 2904 Edili
648 2881 724 2908 vero,
740 2873 801 2910 μέν.

1145 1480 1170 1506 7.
1188 1479 1355 1515 Τριακοστὸν
1369 1479 1448 1506 τοῦτο
1462 1480 1511 1515 τῆς
1529 1479 1667 1514 βασιλείας
1677 1480 1735 1511 ἔτος
1746 1480 1902 1516 ἐνειστήκει

1108 1526 1148 1561 τῷ
1161 1525 1369 1561 Κωνσταντίνῳ,
1387 1525 1434 1552 καὶ
1452 1526 1578 1561 παρῆσαν
1595 1526 1644 1561 μὲν
1656 1527 1689 1552 ἐκ
1702 1525 1839 1561 διαφόρων
1853 1526 1903 1552 πό-

1108 1573 1176 1599 λεων
1193 1572 1218 1598 οἱ
1231 1572 1375 1598 ἐπίσκοποι
1385 1580 1392 1586 ·
1409 1572 1550 1606 παρήγετο
1563 1571 1592 1597 δέ
1616 1571 1664 1598 καὶ
1679 1572 1693 1597 ὁ
1712 1571 1902 1606 πρεσϐύτερος

1109 1619 1251 1654 Μακάριος
1266 1619 1318 1645 ὑπὸ
1332 1627 1505 1653 οτρατιωτων
1522 1617 1600 1653 χερσὶ
1616 1617 1742 1653 δέσμιος·
1767 1618 1858 1652 παρῆν
1871 1617 1902 1643 δὲ

1109 1666 1157 1692 καὶ
1173 1665 1254 1697 αὐτὸς
1264 1666 1279 1691 ὀ
1290 1665 1380 1701 ἄρχων
1394 1665 1560 1691 συνδικάσων
1574 1666 1630 1696 τοῖς
1643 1665 1801 1695 ἐπισκόποις
1811 1673 1817 1679 ·
1831 1664 1901 1691 ἀλλὰ

1103 1712 1156 1748 ,καὶ
1171 1711 1226 1738 τῶν
1239 1712 1268 1737 ἐν
1278 1711 1349 1737 τέλει
1362 1711 1445 1742 τινές·
1461 1712 1680 1747 παρειστήκεσαν
1696 1711 1724 1737 δὲ
1739 1711 1785 1738 καὶ
1807 1711 1831 1737 οἱ
1854 1718 1902 1737 συ-

1111 1758 1251 1792 κοφάνται.
1266 1758 1320 1783 Καὶ
1333 1758 1364 1783 τὸ
1377 1758 1425 1792 μὲν
1443 1758 1597 1784 δικαστικὸν
1613 1757 1797 1784 ὰνεπτύσσετο
1811 1757 1898 1792 βῆμα·

1110 1803 1270 1830 ἐκαλεῖτοδὲ
1289 1803 1455 1834 Ἀθανάσιος.
1469 1804 1524 1830 Καὶ
1545 1803 1651 1839 πρῶτον
1668 1803 1707 1838 (d)
1723 1804 1772 1838 μὲν
1790 1803 1823 1829 τὰ
1835 1803 1901 1838 περὶ

1110 1861 1160 1896 τῆς
1174 1860 1249 1896 λινῆς
1265 1860 1388 1895 ἐσθῆτος,
1403 1861 1450 1886 καὶ
1462 1861 1478 1895 ἡ
1492 1860 1541 1895 τῆς
1552 1861 1770 1896 φιλοχρηματίας
1785 1861 1899 1896 εἰσήχθη

1109 1907 1254 1938 ἀλλόκοτος
1269 1906 1377 1942 διαϐολή
1388 1913 1396 1921 ⁶
1412 1906 1469 1933 ἀλλ⁴
1481 1906 1562 1938 εὐθὺς
1580 1908 1625 1933 καὶ
1638 1907 1683 1934 τοῦ
1695 1907 1866 1942 ἐγκλήματος
1880 1907 1898 1942 ἡ

1109 1953 1186 1984 λύσις
1203 1951 1391 1987 ἐπηκολούθει,
1407 1952 1495 1987 σαφὴς
1514 1951 1622 1987 ἐλεγχος
1635 1949 1702 1978 οὖσα
1720 1951 1770 1986 τῆς
1787 1952 1901 1978 ἐκείνων

1109 1998 1316 2034 ἀπανθρωπίας.
1333 1998 1488 2034 Γράμματα
1503 1998 1556 2033 γὰρ
1571 1998 1603 2024 ὲκ
1622 1998 1669 2024 τοῦ
1686 1998 1818 2033 βασιλέως
1838 2000 1900 2026 κατ’

1109 2046 1197 2072 ἐκεῖνο
1209 2045 1257 2080 τῆς
1273 2044 1348 2080 ὧρας
1364 2045 1492 2080 ἐπιφοιτᾷ
1506 2044 1546 2079 τῷ
1565 2044 1741 2080 δικαστηρίῳ,
1758 2044 1901 2080 arma“:

1111 2091 1170 2126 μὲν,
1192 2089 1254 2117 οὕτε
1276 2090 1311 2126 (ρ)
1335 2090 1464 2125 μετρίως,
1487 2089 1541 2116 τῶν
1556 2090 1734 2125 κατηγόρων,
1756 2090 1844 2123 αἰτίας
1870 2091 1900 2117 δὲ

1116 2136 1273 2163 Ἀθανάσιον
1291 2136 1414 2170 ἀφιέντα,
1440 2136 1487 2162 καὶ
1511 2136 1578 2171 πρὸς
1599 2136 1680 2162 αὐτὸν
1703 2136 1815 2172 ἡμέρως
1827 2137 1899 2163 πάνυ

1110 2182 1157 2208 καὶ
1170 2182 1288 2216 γνησίως
1307 2182 1540 2217 μετακαλούμενα.
1568 2182 1676 2217 Ἐπειδὴ
1701 2182 1782 2214 ΙἎπις
1799 2190 1829 2208 τε
1852 2184 1900 2210 καὶ

1109 2229 1252 2264 Μακάριος
1276 2229 1335 2264 (οὐχ
1357 2228 1386 2255 ὃν
1402 2229 1453 2264 ἤδη
1477 2229 1583 2263 φθάσας
1605 2230 1619 2255 ὁ
1643 2228 1721 2263 λόγος
1746 2229 1897 2264 ἐδήλωσεν·

1110 2274 1213 2306 ἐκεῖνος
1224 2273 1277 2310 γὰρ
1295 2275 1323 2300 ἐν
1338 2273 1497 2300 ὑπευθύνων
1513 2274 1595 2309 μοίρᾳ
1617 2275 1673 2305 τοῖς
1693 2275 1758 2309 περὶ
1770 2275 1900 2303 Etim-{Stati

1112 2320 1265 2356 ἐνομίζετοι
1281 2320 1339 2347 ἀλλ’
1358 2320 1452 2355 ἔτερος
1471 2320 1570 2355 μᾶλλον
1584 2319 1738 2355 ὁμωνύμως
1755 2320 1830 2356 αὐτῷ
1850 2329 1900 2347 κα-

1111 2366 1262 2401 λούμενος),
1281 2367 1331 2401 τῆς
1360 2365 1553 2401 Ἀλεξανδρέων
1583 2366 1666 2401 ἄμφω
1700 2365 1899 2401 πρεσϐύτεροι,

1110 2412 1310 2447 Νικομηδεῦσιν
1334 2413 1385 2440 οὐκ
1408 2414 1440 2439 ἐκ
1460 2412 1604 2448 προνοίας,
1624 2412 1681 2438 ἀλλ’
1699 2411 1771 2439 οὕτω
1793 2412 1900 2447 ωμόὰν

1109 2459 1280 2490 ἐπιστάντες,
1298 2459 1345 2485 καὶ
1368 2459 1472 2493 βασιλεῖ
1495 2458 1699 2493 συγγενόμενοι,
1717 2458 1805 2485 πάντα
1819 2467 1901 2485 κατα-

1108 2503 1218 2538 λέγουσι
1237 2504 1306 2539 μετὰ
1325 2505 1374 2539 τῆς
1394 2504 1532 2539 ἀληθείας.
1555 2505 1601 2531 καὶ
1620 2504 1651 2530 τὸ
1665 2503 1760 2538 ψευδὲς
1774 2503 1900 2538 ἔγκλημα

1110 2550 1181 2576 κατὰ
1200 2550 1246 2577 τοῦ
1269 2551 1362 2584 ἁγίου,
1384 2551 1431 2577 καὶ
1448 2551 1498 2585 τὴν
1517 2550 1608 2577 ἄδικον
1625 2549 1727 2585 ταύτην
1752 2549 1900 2585 ἐπιϐουλὴν

1107 2596 1268 2624 διαλύονται.
1278 2595 1325 2630 Οἷς
1333 2598 1379 2624 καὶ
1392 2597 1538 2628 πιστεύσας
1546 2597 1560 2623 ὁ
1569 2596 1703 2631 βασιλεὺς,
1711 2596 1758 2622 καὶ
1766 2595 1898 2629 πεισθεὶς,

1111 2643 1245 2679 μᾶλλονδὲ
1259 2644 1322 2675 τοὺς
1334 2644 1367 2670 ἐκ
1377 2643 1428 2678 τῆς
1440 2643 1568 2678 ἀληθείας
1584 2642 1709 2677 ἐλέγχους
1718 2642 1898 2678 δυσωπηοεὶς,

1109 2688 1150 2715 ὅτι
1169 2689 1252 2724 μηδὲν
1263 2687 1320 2724 εἶχε
1337 2688 1441 2720 πιστὸν,
1460 2687 1527 2724 μηδὲ
1541 2689 1590 2723 τῆς
1602 2687 1648 2713 τοῦ
1663 2687 1823 2722 πράγματος
1838 2688 1900 2715 axe»

1109 2735 1217 2767 λουθίας
1225 2736 1364 2772 ἐχόμενον,
1377 2735 1444 2762 ἀλλὰ
1454 2734 1550 2770 φθόνου
1559 2734 1680 2769 γέννημα
1691 2734 1770 2770 μόνον
1778 2735 1900 2769 ἀτεχνῶς

1145 2805 1185 2837 (d)
1198 2804 1296 2832 Omnes
1308 2812 1374 2832 mss.
1391 2803 1437 2830 καὶ
1451 2803 1569 2836 πρῶτον.

1146 2836 1180 2876 (ρ)
1196 2841 1233 2869 lta
1249 2847 1344 2869 omnes
1360 2847 1425 2868 mss.
1441 2839 1538 2868 nostri.
1553 2837 1626 2867 Etliti
1640 2845 1716 2871 vero,
1729 2836 1796 2866 οὔτι.
