2027 3042
945 145 1210 175 PROLEGOIENA.

266 207 396 236 haudaut.
417 206 520 235 Exinde
541 205 639 234 litlera
657 212 764 234 rursum
789 206 970 242 imperatorizc
989 215 1049 242 pro«

1102 207 1183 234 πάλιν
1200 207 1280 243 ἕτερα
1302 207 1349 234 τοῦ
1370 207 1500 242 βασιλέως
1526 209 1787 245 ἐπικαταλαμϐάνει,
1805 210 1888 239 ἰθαι-

266 252 359 285 tleunt.
374 252 472 287 quibus
482 253 585 287 jussum
600 256 660 280 erat
675 255 704 278 ut
716 251 880 280 Athanasius
892 253 1000 287 quidem
1021 261 1050 280 se

266 299 432 331 conveniret,
445 303 472 325 et
482 298 531 333 ipsi
550 305 657 334 quoque
669 305 751 334 quam
764 298 904 327 celerrime
916 299 1050 328 adforcnt.

267 341 336 370 [line
347 343 417 370 haud
428 344 549 372 modicus
561 344 642 372 timor
652 344 754 380 synodo
773 344 906 373 incussus.
918 344 1051 373 Vereban-

267 392 312 414 tur
329 389 427 423 quippe
440 396 474 417 ne
485 389 556 425 apud
577 390 663 425 ipsum
687 390 769 418 etiam
800 391 990 426 imperatorem
1010 392 1052 419 de-

267 432 505 466 prehenderentur,
516 436 615 470 partim
628 436 727 471 gratia,
744 437 841 472 partim
862 437 924 464 odio
941 443 1051 465 senten-

267 477 332 506 tiam
349 478 452 512 tulisse,
478 482 585 516 patroni
599 482 703 510 scilicet
716 483 848 510 mendacii
865 487 892 511 et
916 484 1051 512 manifesti

266 524 416 559 proditores
434 533 505 554 vera:
522 527 594 555 fidei.
608 527 787 561 Quamobrem
805 529 921 557 maxima
933 537 995 565 pars
1007 537 1052 558 co-

266 576 327 598 rum
344 570 453 600 domum
465 573 655 608 remigraruut.
672 574 707 602 At
718 575 858 608 Eusebius.
873 576 1007 613 Theognis
1025 582 1053 606 et

267 616 369 649 ceteri,
383 617 522 646 verisimili
537 620 649 647 conlicta
665 620 691 648 in
708 621 743 648 iis
757 621 823 650 locis
838 623 992 651 remanendi
1004 631 1052 652 oc-

267 661 386 695 casione.
401 669 455 690 non
467 670 576 698 parvam
595 664 682 694 fecere
697 674 810 701 moram,
821 672 901 703 atque
912 676 971 696 sese
982 671 1051 704 apud

267 707 456 743 imperatorem
477 709 576 739 litteris
589 712 646 739 suis
668 719 841 741 excusarunt.
854 715 968 747 Interea,
988 716 1051 744 dum

267 753 324 782 hac
339 753 449 788 ﬂerent,
461 755 616 791 imperatori
632 766 737 786 rursum
752 759 912 788 Nicomedia:
924 768 1015 789 coram
1023 770 1053 789 se

267 800 339 829 sistit
362 801 547 836 Athanasius.
571 809 652 838 atque
673 805 872 833 accusationem
887 806 920 833 de
939 809 1051 842 pecunia

267 845 426 874 intentatam
438 847 557 883 legitime
569 855 712 885 aperteque
723 850 808 878 diluit.
819 851 886 879 Cum
894 858 983 880 autem
998 861 1052 881 ma-

1101 255 1191 280 νάσιον
1202 253 1250 288 μὲν
1262 253 1300 284 ὡς
1308 253 1389 280 αὑτὸν
1399 253 1487 288 ἥκειν,
1499 255 1544 281 καὶ
1555 255 1652 286 αὐτοὺς
1664 256 1711 282 καὶ
1719 256 1757 288 ὡς
1770 257 1886 292 τάχιοτα

1102 299 1228 334 παρεῖναι
1259 297 1458 325 διακελεύοντα.
1495 299 1587 326 Ταῦτα
1615 300 1695 334 φόδον
1727 302 1756 327 οὐ
1788 303 1887 338 μικρὸν

1101 344 1225 370 ὲπέσεισι
1239 345 1273 379 τῇ
1287 344 1396 379 συνόδῳ,
1411 345 1515 380 μήποτε
1531 346 1577 372 καὶ
1591 346 1691 373 ἁλῶσιν
1713 347 1758 373 ἐπὶ
1774 347 1822 374 τοῦ
1837 348 1886 383 βαι

1103 389 1214 421 σιλέως,
1239 389 1274 416 τὰ
1298 390 1347 425 μὲν
1374 389 1442 425 πρὸς
1467 390 1560 426 χάριν,
1581 391 1615 417 τὰ
1637 391 1665 417 δὲ
1685 391 1732 418 καὶ
1755 392 1822 427 πρὸς
1845 392 1886 425 (α)

1101 434 1248 469 ἀπέχθειαν
1263 435 1414 471 κρίναντες,
1433 436 1576 472 συνήγοροι
1597 445 1626 462 τε
1649 436 1695 463 τοῦ
1711 436 1824 471 ψεύδους
1838 439 1886 464 καὶ

1102 480 1230 515 προδόται
1253 481 1302 515 τῆς
1326 481 1442 516 ἀληθοῦς
1473 482 1591 513 πίστεως
1619 483 1807 518 γεγενημένοι.
1833 481 1886 510 Ὧν

1100 526 1193 554 ἕνεκεν
1212 528 1235 553 ol
1255 527 1364 560 πλείους
1384 528 1433 564 μὲν
1453 529 1498 555 ἐπὶ
1521 528 1555 555 τὰ
1576 528 1679 554 ἑαυτῶν
1703 529 1816 561 ἕκαστος
1840 530 1887 557 ἀν-

1101 572 1198 607 εχώρει
1215 572 1267 608 (b)'
1285 573 1310 599 οἱ
1326 572 1354 599 δὲ
1371 573 1433 608 περὶ
1450 573 1577 600 Εὑσέδιον
1588 573 1698 608 Θέογνίν
1711 583 1740 601 τε
1756 575 1802 602 καὶ
1822 575 1886 606 τοὺς

1101 617 1219 650 λοιποὺς,
1239 618 1355 650 πιθανὰς
1379 619 1540 654 προφάσεις,
1562 619 1632 646 ὥστε
1651 619 1721 646 κατὰ
1733 620 1824 656 χώραν
1839 621 1887 656 μέ-

1101 672 1166 695 νειν,
1183 664 1359 699 πλασάμενοι,
1384 665 1434 691 οὐκ
1452 665 1545 700 ὀλίγην
1568 665 1608 700 τῷ
1633 666 1721 701 χρόνῳ
1745 666 1895 703 δωτρισὴν-

1101 710 1251 741 ὲνεποίουν.
1266 711 1312 736 καὶ
1331 711 1436 745 βασιλεῖ
1454 711 1555 746 μεταξῦ
1573 712 1616 739 διὰ
1636 713 1806 748 γραμμάτων
1833 714 1887 740 άπ-

1102 753 1250 788 ελογοῦντο.
1269 754 1312 780 Ἐν
1328 751 1350 788 ᾧ
1362 754 1390 780 δὲ
1398 754 1485 781 ταῦτα
1495 755 1644 791 ἐπράττετο
1656 757 1726 783 κατὰ
1741 757 1895 793 πρόσωπον

1102 798 1140 834 τῷ
1155 799 1268 833 βασιλεῖ,
1283 800 1362 826 πάλιν
1375 800 1403 826 ὲν
1417 801 1449 835 τῇ
1466 800 1636 837 Νικομήδους
1650 803 1792 838 παραστὰς
1808 803 1888 830 Ἄθα-

1102 843 1202 874 νάσιος,
1223 844 1270 870 καὶ
1283 844 1313 870 τὸ
1338 844 1464 879 περὶτοῦ
1480 845 1590 880 χρυσίου
1617 846 1741 882 ἔγκλημα
1763 848 1888 883 νομίμως

267 891 309 925 gis
322 893 460 928 magisque
484 893 627 922 Eusebiani
652 896 931 931 compercndinarent,
953 898 1049 927 litteris

1101 889 1147 915 καὶ
1160 888 1282 924 φανερῶς
1294 889 1450 917 ἀποδύεται.
1460 890 1502 922 Ὠς
1517 891 1545 917 δὲ
1555 892 1601 918 καὶ
1614 892 1653 918 ἔτι
1672 893 1771 927 μᾶλλον
1782 894 1807 920 οι
1822 895 1888 929 περὶ

267 935 325 964 suis
345 935 493 972 imperator
517 939 693 967 Athanasium
717 941 829 968 remittit
844 941 1046 976 Alexandriam,

267 981 506 1017 episcopatumque
517 984 600 1011 tradit
615 985 676 1019 ipsi,
689 986 843 1020 signiﬁcans
863 989 1050 1016 accusationes

269 1025 330 1055 illas
342 1035 436 1056 omnes
448 1029 593 1057 sceleratas
612 1029 756 1066 lutilesquc
775 1032 860 1060 videri
880 1034 943 1061 sibi.
966 1036 1049 1062 Atha—

268 1072 345 1099 nasio
358 1072 438 1108 igitur
448 1073 484 1101 ita
495 1081 604 1102 reverso
614 1075 815 1110 Alexandriam,
829 1081 1050 1115 cungrogatisque

267 1115 389 1149 Arianls,
405 1125 502 1152 magna
530 1118 653 1147 confusio
672 1125 751 1154 atque
769 1122 898 1151 tumultus
924 1126 1048 1159 populum

267 1163 427 1197 occupavit,
444 1163 480 1191 Ita
492 1168 522 1191 ut
535 1164 610 1192 multi
626 1165 732 1201 indigne
747 1166 858 1201 ferrent,
873 1176 934 1196 cum
949 1178 1050 1205 eaqua:

269 1214 286 1234 ι
303 1211 343 1235 tot
357 1208 490 1243 episcopis
507 1209 562 1244 jam
582 1211 734 1238 examinata
754 1217 853 1246 essent,
868 1214 964 1242 iterum
980 1216 1051 1244 vide-

270 1254 331 1278 rent
353 1251 380 1278 in
397 1251 526 1285 judicium
551 1255 653 1282 vocari.
681 1256 765 1284 iratus
783 1265 848 1293 ergo
865 1259 1048 1293 Athanasius,

268 1295 341 1340 quod
367 1305 420 1324 non
444 1299 524 1326 modo
539 1300 739 1334 Alexandriam,
756 1304 802 1330 sed
834 1309 916 1331 lotam
944 1313 1050 1340 quoque

268 1339 414 1377 IEgyptum
435 1344 638 1373 tumultuantem
653 1347 764 1379 videret,
775 1350 864 1376 omnia
885 1339 984 1378 iudicat
1000 1339 1050 1379 iur

269 1388 399 1422 peratori,
413 1396 529 1425 cumque
542 1392 576 1418 ad
595 1400 690 1427 pinnas
702 1394 734 1421 de
756 1394 821 1422 Ario
847 1398 991 1425 sumendas
1005 1406 1050 1425 co-

270 1432 404 1467 hortatur,
423 1434 540 1469 aliquam
559 1438 669 1472 cupiens
685 1439 794 1473 hujusce
811 1441 848 1468 rei
865 1441 957 1469 haberi
972 1443 1050 1471 ultio-

269 1484 340 1505 nem.
348 1477 597 1518 Statimquelitterte
606 1484 792 1512 Alexandriam
805 1493 944 1520 venerunt.
953 1489 1050 1523 quibus

268 1523 349 1552 Arius
365 1526 563 1560 arcessebatur,
576 1534 604 1556 ut
628 1530 810 1560 immoderata:
831 1532 928 1568 linguae
940 1539 1049 1562 senten-

269 1569 365 1606 tiaeque
377 1578 433 1600 sua:
447 1573 604 1609 supplicium
617 1576 729 1605 subiret.

303 1703 330 1731 9.
350 1704 417 1733 Cum
432 1712 496 1741 ergo
506 1705 668 1734 Alexandria
683 1707 716 1735 ad
732 1708 919 1743 imperatorem
936 1711 1051 1739 adduce.

268 1751 343 1775 retur
356 1749 448 1782 Arius,
461 1750 610 1783 Cassaream
623 1755 752 1787 pervenit,
772 1756 950 1791 convenitque
965 1758 1049 1785 Eusc-

268 1792 353 1826 hium,
368 1794 505 1831 Thcognin
517 1801 544 1824 et
559 1797 655 1825 Maria.
669 1798 717 1826 llic
730 1800 805 1832 mihi,
819 1808 919 1835 quasso,
928 1803 1050 1837 perspice

268 1837 417 1867 hcinorum
431 1842 632 1876 gravissimum,
646 1849 674 1870 ut
695 1845 827 1872 undenam
841 1850 914 1874 tanta
929 1847 1050 1875 Athana-

268 1883 310 1911 sio
326 1888 503 1914 tentationnm
517 1888 632 1922 procella
645 1894 703 1915 orta
716 1890 762 1917 sit.
776 1890 893 1919 Consors
905 1892 957 1919 illis
968 1893 1050 1920 Arius

268 1931 411 1963 sermonis,
430 1939 541 1959 consors
569 1941 694 1966 morum;
720 1943 818 1963 mensa:
845 1937 988 1972 particeps.
1006 1939 1049 1972 qui

267 1982 364 2010 pugna:
394 1981 486 2004 contra
513 1977 596 2005 Deum
621 1981 755 2014 particeps
780 1982 844 2009 item
867 1985 1049 2011 cratzomnia

269 2025 393 2048 recenset
415 2029 475 2056 qua:
506 2023 592 2058 ipsum
609 2025 778 2058 spectabant,
803 2032 857 2054 tum
884 2028 995 2055 consilia
1011 2029 1051 2055 in-

1100 935 1228 961 Εὺσέόιον
1242 935 1434 968 ἀνεϐάλλοντο,
1457 936 1617 972 γράμμασιν
1632 939 1646 964 ὁ
1663 937 1788 972 βασιλεὺς
1809 939 1888 966 Ἀθα-

1099 979 1189 1006 νάσιον
1202 980 1248 1007 ἐπὶ
1263 981 1312 1016 τὴν
1327 980 1520 1016 Ἀλεξανδρέων
1533 981 1700 1017 προπέμπει,
1713 983 1815 1018 καὶτὴν
1824 984 1887 1010 ἑπι-

1100 1026 1202 1059 σκοπὴν
1219 1026 1292 1061 αὐτῷ
1310 1026 1464 1062 ἐγχειρίζει,
1481 1026 1568 1062 σαθρὰ
1581 1027 1698 1061 φανῆναι
1714 1029 1837 1064 σημάνας
1852 1029 1886 1056 τὰ

1098 1071 1151 1098 τῶν
1160 1071 1289 1098 διαὸολῶν
1305 1073 1410 1099 ἅπαντα
1423 1071 1469 1099 καὶ
1484 1071 1625 1107 άνίσχυρα.
1636 1073 1728 1104 Οὕτως
1739 1071 1784 1099 οὖν
1805 1073 1886 1100 Ἀθα-

1099 1119 1192 1145 νασίου
1215 1118 1285 1145 κατὰ
1303 1119 1352 1154 τὴν
1375 1119 1574 1154 Ἀλεξάνδρειαν
1589 1119 1743 1154 γενομένου,
1767 1120 1813 1146 καὶ
1831 1120 1886 1146 τῶν

1106 1165 1209 1200 ’Δρείου
1234 1165 1484 1200 συγκροτουμένων,
1501 1165 1584 1201 πολλή
1601 1173 1643 1196 τις
1660 1162 1715 1200 εἶχε
1741 1165 1771 1191 τὸ
1784 1165 1886 1200 πλῆθος

1101 1210 1231 1246 σύγχυσίς
1241 1220 1271 1238 τε
1287 1211 1334 1238 καὶ
1347 1212 1469 1247 ταραχή·
1484 1210 1528 1238 οἷα
1547 1211 1614 1246 μηδὲ
1633 1211 1726 1247 φέρειν
1746 1211 1801 1238 τῶν
1820 1212 1887 1238 πολ-

1099 1256 1152 1282 λῶν
1167 1256 1322 1291 δυναμένων
1334 1257 1367 1283 τὰ
1381 1256 1433 1283 ὑπὸ
1451 1257 1586 1287 τοσούτοις
1604 1257 1762 1288 ἐπισκόποις
1785 1256 1834 1292 ήδη
1846 1257 1887 1282 δο-

1101 1301 1268 1337 κιμασθέντα
1285 1301 1365 1328 πάλιν
1381 1302 1446 1337 ὁρᾷν
1464 1302 1690 1337 ἀναδικαζόμενα.
1710 1301 1886 1335 Ἀγανακτῶν

1100 1346 1146 1374 οὖν
1169 1347 1335 1379 ’Δθανάσιος,
1360 1348 1401 1374 ὅτι
1419 1347 1456 1383 μὴ
1482 1348 1564 1384 μόνην
1587 1349 1636 1383 τὴν
1670 1347 1884 1383 Ἀλεξάνδρειαν,

1101 1393 1168 1420 ἀλλὰ
1183 1394 1230 1420 καὶ
1245 1393 1335 1428 σχεδὸν
1349 1394 1486 1427 Αἴγυπτον
1500 1395 1589 1420 πᾶσαν
1606 1394 1786 1429 κλονουμένην
1798 1393 1885 1429 ἑώρα,

1103 1439 1198 1474 μηνύει
1212 1439 1299 1466 πάντα
1313 1438 1351 1473 τῷ
1369 1439 1483 1473 βασιλεῖ,
1514 1439 1559 1465 καὶ
1583 1439 1651 1474 πρὸς
1669 1439 1776 1474 ἄμυναν
1803 1439 1887 1465 αὐτον

1087 1484 1149 1520 ’τὴν
1175 1484 1278 1519 Ἀρείου
1301 1484 1466 1519 παρακαλεῖ,
1495 1483 1588 1510 λαϐεῖν
1612 1492 1674 1510 τινα
1698 1484 1763 1519 παρ’
1779 1484 1886 1510 ἐκείνου

1099 1530 1233 1565 τιμωρίαν
1249 1529 1416 1564 βουλόμενος.
1429 1530 1485 1556 Καὶ
1496 1529 1664 1565 παραχρῆμα
1676 1529 1825 1564 γράμματα
1836 1529 1888 1565 τὴν

1107 1574 1301 1610 Ἀλεξανδρέων
1322 1574 1536 1609 καταλαμῆἀνει,
1562 1575 1756 1610 μετάπεμπτον
1770 1575 1887 1608 ἄγεσθαι

1101 1622 1218 1657 Ἀρειον,
1231 1621 1307 1656 δίκην
1323 1620 1472 1647 ἀκολάστου
1491 1620 1615 1655 γλώσσης
1632 1620 1678 1646 καὶ
1701 1620 1812 1655 γνώμης
1836 1621 1888 1655 ὑφ-

1100 1666 1190 1698 έξοντα
1195 1686 1201 1692 .

1134 1711 1160 1738 9.
1179 1711 1222 1743 Ὡς
1236 1709 1282 1737 οὖν
1297 1712 1378 1746 ἤγετο
1395 1711 1469 1747 παρὰ
1483 1711 1593 1746 βασιλέα
1608 1712 1657 1746 τῆς
1683 1711 1887 1747 Ἀλεξανδρείας

1102 1757 1219 1792 Ἄρειος,
1237 1756 1330 1790 γέγονέ
1346 1765 1375 1782 τε
1398 1755 1467 1782 κατὰ
1487 1756 1664 1791 Καισάρειαν,
1683 1757 1729 1782 καὶ
1745 1758 1800 1788 τοῖς
1821 1756 1888 1792 περὶ

1101 1802 1238 1833 Εὑσέόιον,
1251 1801 1361 1835 Θέογνίν
1377 1800 1411 1836 (c)
1425 1809 1455 1827 τε
1472 1801 1518 1827 καὶ
1533 1801 1622 1837 Μάριν
1640 1802 1811 1836 συγγέγονεν.
1827 1802 1887 1828 Ἐν-

1100 1847 1186 1874 ταῦθά
1202 1856 1247 1882 μοι
1265 1847 1358 1873 σκόπει
1373 1848 1426 1874 τῶν
1441 1847 1597 1882 προσ-ϐολῶν
1609 1847 1659 1882 τὴν
1678 1848 1885 1882 χαλεπωτάτην,

1101 1894 1146 1920 καὶ
1167 1894 1227 1920 ὅθεν
1248 1894 1286 1929 τῷ
1310 1894 1428 1928 μεγίστῳ
1451 1893 1599 1928 Ἀθανασίῳ
1626 1893 1728 1920 κλύδων
1751 1893 1888 1929 ἐπανέστη

1101 1937 1154 1964 τῶν
1174 1937 1343 1972 πειρασμῶν.
1363 1937 1497 1969 Κοινωνός
1515 1937 1564 1972 μὲν
1579 1937 1664 1970 λόγων
1684 1938 1775 1969 αὐτοῖς
1796 1939 1810 1964 ὁ
1829 1945 1888 1964 κοι-

1100 1982 1183 2014 νωνὸς
1199 1982 1245 2008 καὶ
1265 1981 1318 2008 τῶν
1340 1981 1462 2016 τρόπων
1478 1982 1600 2008 κοινωνεῖ
1612 1981 1640 2008 δὲ
1656 1982 1702 2008 καὶ
1717 1981 1855 2017 τραπέζης
1871 1983 1887 2009 ὁ

1101 2027 1227 2059 κοινωνὸς
1238 2027 1285 2054 καὶ
1300 2027 1348 2061 τῆς
1363 2026 1429 2062 πρὸς
1439 2026 1504 2053 Θεὸν
1518 2027 1617 2062 μάχης.
1634 2027 1725 2053 Πάντα
1737 2036 1766 2053 τε
1780 2027 1886 2062 διηγεῖ-

268 2068 334 2091 cunt
359 2071 462 2099 mutua,
477 2072 506 2094 ut
530 2075 616 2104 neque
638 2069 703 2104 Deo,
726 2071 793 2106 proh
809 2072 948 2100 furorem!
966 2081 1049 2108 neque

1100 2082 1144 2101 ται
1156 2073 1189 2100 τὰ
1206 2074 1265 2100 κατ’
1281 2073 1371 2104 αὑτὸν,
1390 2073 1436 2099 καὶ
1449 2073 1615 2106 συμῦοὑλους
1628 2072 1759 2107 ἀλλήλους
1777 2073 1887 2099 ποιοῦν-

267 2108 416 2140 Athanasio
437 2119 589 2147 parcerent.
607 2115 681 2143 Alias
708 2117 799 2151 itaque
823 2118 951 2146 adversus
977 2119 1049 2146 illum

1100 2127 1155 2150 ται,
1166 2118 1212 2144 τοῦ
1231 2119 1298 2153 μήτε
1315 2116 1392 2148 Θεοῦ,
1409 2116 1458 2151 φεῦ
1472 2117 1521 2152 τῆς
1535 2117 1648 2152 μανίαςῐ
1665 2117 1727 2152 μήτ’
1739 2115 1785 2144 οῦν
1803 2117 1886 2143 Ἀθα-

267 2161 401 2183 consuunt
417 2158 583 2193 calumnias;
599 2160 721 2189 homines
737 2162 793 2198 qui,
806 2164 952 2191 secundum
968 2165 1049 2192 maxi-

1100 2164 1191 2190 νασίου
1209 2163 1362 2197 φείσασθαι.
1386 2163 1529 2189 Ῥάπτουσι
1552 2162 1695 2198 τοιγαροῦν
1718 2163 1813 2198 ἑτέρας
1824 2165 1886 2190 κατ’

268 2207 340 2228 mum
367 2202 476 2237 Isaiam,
500 2205 653 2239 parturiunt
679 2207 796 2235 laborem
817 2213 845 2236 et
865 2209 972 2244 pariunt
999 2211 1049 2238 ini-

1102 2209 1182 2236 αὑτοῦ
1196 2210 1242 2236 καὶ
1266 2209 1345 2236 πάλιν
1363 2208 1543 2243 συκοφαντίας
1564 2209 1672 2240 ἐκεῖνοι,
1695 2208 1730 2239 οἵ,
1755 2208 1825 2234 κατὰ
1839 2209 1886 2235 τὶν

266 2246 407 2281 quitatem,
420 2249 464 2283 qui
482 2255 629 2284 posuerunt
647 2252 815 2281 mendacium
831 2262 905 2289 spem
921 2263 1007 2290 suam,
1021 2263 1049 2285 et

1102 2253 1249 2288 παμμέγαν
1272 2253 1400 2284 Ἡσαΐαν,
1431 2252 1524 2278 κύουσι
1552 2252 1647 2285 πόνον,
1675 2253 1721 2278 καὶ
1745 2253 1886 2280 τίκτουσιν

266 2292 412 2320 dixerunt:
427 2292 565 2322 Mendacio
579 2296 735 2331 obtegemur
751 2307 757 2325 :
775 2306 934 2333 omnemque
950 2302 1047 2328 verbo-

1101 2290 1224 2333 dvottt’av',
1240 2298 1264 2323 οἳ
1281 2297 1376 2332 ψεῦδος
1389 2297 1479 2324 ἔθεντο
1489 2296 1537 2332 τὴν
1553 2297 1647 2324 ἐλπίδα
1658 2317 1665 2329 ,
1682 2298 1739 2328 καὶ,
1760 2298 1804 2334 Τῷ
1821 2299 1886 2333 ψεύ-

266 2345 326 2366 rum
338 2340 428 2368 funem
442 2347 560 2376 movent,
576 2347 604 2370 ut
617 2343 712 2371 throno
736 2350 860 2372 sanctum
879 2346 966 2374 virum
982 2347 1049 2381 deji-

265 2383 350 2417 riant,
364 2389 391 2412 et
407 2386 468 2414 belli
483 2392 578 2415 contra
600 2389 766 2417 Christianos
782 2391 972 2420 Alexandriam
996 2394 1048 2420 vel-

265 2430 305 2457 uti
321 2435 406 2458 tutam
435 2440 525 2461 arcem
545 2436 719 2475 constituant.
745 2437 936 2472 Imperatorem
957 2439 1047 2474 itaque

265 2475 392 2504 adierunt
408 2486 414 2503 :
436 2478 513 2507 Arius
530 2480 638 2515 quidem
652 2489 711 2510 sese
729 2482 899 2516 defensurus,
916 2483 1048 2513 Eusebius

266 2525 356 2549 autem
365 2528 392 2551 et
406 2525 472 2552 socii
485 2527 624 2554 mendacio
639 2529 842 2562 patroeinaturi.
853 2530 1047 2558 testimonium-

266 2574 321 2602 que
338 2575 430 2598 conlra
445 2571 622 2600 Athanasium
633 2578 660 2600 et
674 2579 765 2601 contra
783 2575 922 2602 veritatem
939 2576 1046 2604 dicturi.

267 2613 411 2651 Postquam
420 2623 508 2646 autem
520 2619 673 2654 imperatori
682 2625 810 2652 astantes,
820 2621 853 2648 de
862 2621 940 2648 rebus
950 2621 974 2648 in
985 2628 1047 2656 syn-

267 2661 320 2689 odo
339 2663 423 2697 gestis
438 2664 594 2702 interrogati
608 2670 708 2698 essent,
727 2667 816 2693 statim
835 2667 897 2694 aliis
919 2667 951 2693 dc
968 2667 1047 2694 rebus

268 2708 348 2736 Verba
361 2708 506 2738 facientes:
519 2710 577 2739 Non
589 2711 636 2745 ita,
652 2711 737 2745 aiunt,
751 2713 906 2747 imperator,
919 2719 989 2747 πει-ε
1004 2712 1044 2740 fe-

303 2775 341 2813 (ai
353 2776 425 2813 ῌρός
438 2776 514 2803 deest
527 2777 553 2804 in
562 2777 687 2813 omnibus
702 2784 767 2813 mss.

305 2810 451 2848 (ᾓρὶιειεσ
470 2819 535 2838 mss.
556 2812 652 2846 nostri,
671 2812 834 2848 ἀνεχώρουν.
857 2812 915 2841 Mox
941 2813 1006 2848 Reg.
1021 2817 1047 2842 ct

268 2845 345 2874 Colb.
359 2846 385 2879 Ι,
396 2845 533 2879 Θεόγνιον.

1100 2343 1148 2375 Bst,
1169 2342 1254 2375 εἶπον,
1273 2343 1534 2378 σκεπασθησόμεθα·
1557 2343 1604 2369 καὶ
1625 2343 1714 2369 πάντα
1731 2343 1836 2374 κάλων,
1853 2345 1885 2371 τὸ

1099 2389 1146 2416 τοῦ
1162 2389 1387 2424 λόγου,κινοῦσιν,
1404 2389 1473 2415 ὥστε
1488 2388 1533 2415 τοῦ
1551 2389 1644 2424 θρόνου
1663 2389 1707 2415 τὸν
1721 2389 1797 2424 ἅγιον
1814 2390 1884 2416 καθ-

1099 2435 1177 2468 ελεῖν,
1194 2435 1240 2462 καὶ
1262 2435 1309 2461 τοῦ
1333 2435 1402 2462 κατὰ
1418 2434 1585 2470 Χριστιανῶν
1607 2435 1724 2469 πολέμου
1738 2434 1787 2470 τὴν
1810 2435 1885 2461 Ἀλε-

1100 2481 1241 2516 ξάνδρειαν
1261 2480 1427 2516 ὁρμητήριον
1446 2480 1566 2514 ἀσφαλὲς
1585 2479 1761 2515 ποιήσασθαι.
1781 2481 1882 2516 ᾜεσαν

1099 2525 1144 2554 οὖν
1168 2527 1242 2562 παρὰ
1265 2526 1390 2562 βασιλέα,
1417 2527 1525 2562 Ἄρειος
1553 2527 1603 2561 μὲν
1626 2526 1881 2562 ἀπολογησόμενος,

1098 2571 1227 2604 Εὐσέϐιος
1247 2572 1274 2598 δὲ
1286 2573 1334 2598 καὶ
1348 2572 1372 2598 οἱ
1384 2571 1452 2607 ἀμφ’
1469 2571 1550 2598 αὐτὸν
1573 2571 1611 2606 τῷ
1624 2571 1715 2606 ψεύδει
1732 2572 1882 2607 συνηγορή-

1101 2627 1207 2650 σοντες,
1231 2617 1388 2644 ’Δθανασίου
1409 2617 1437 2643 δὲ
1460 2618 1507 2644 καὶ
1529 2617 1578 2652 τῆς
1602 2617 1731 2652 ἀληθείας
1755 2618 1882 2653 φανερῶς

1099 2664 1400 2700 καταμαρτυρήσαντες.
1422 2663 1498 2690 Ἐπεὶ
1512 2663 1540 2689 δὲ
1553 2663 1591 2699 τῷ
1610 2663 1713 2698 βασιλεῖ
1729 2663 1885 2699 παραστάν-

1097 2718 1143 2742 τες
1161 2710 1196 2737 τὰ
1221 2709 1313 2737 εἰκότα
1334 2710 1398 2745 περὶ
1421 2709 1475 2736 τῶν
1497 2710 1530 2745 τῇ
1556 2709 1654 2745 συνόδῳ
1678 2709 1883 2744 πεπραγμένων

1134 2778 1169 2812 (ι’)
1181 2777 1386 2820 ηοξ-λθεόγνιον
1407 2777 1488 2820 [‘aulo
1498 2778 1652 2820 pushcditi,
1665 2778 1786 2820 xa'LnZOsv
1801 2779 1816 2806 ὀ
1830 2779 1882 2820 pe:

1100 2821 1189 2853 γιστος
1213 2812 1369 2846 Ἀθανάσιος
1394 2813 1514 2841 κλύδωνα
1538 2812 1682 2849 ἐπανέστη.
1707 2812 1883 2850 Manuscripti

1102 2854 1130 2876 υι
1142 2856 1168 2877 lli
1182 2853 1267 2876 textu.
