2027 3042
593 151 673 181 VITA
693 153 721 180 S.
740 150 928 180 ATHANASII
946 149 1094 179 INCERTO
1112 150 1286 180 AUCTORE.

1669 161 1752 184 CXCIII

133 214 305 251 tmeskv,
320 213 419 241 αὐτίκα
434 213 498 248 περὶ
510 213 559 248 μὲν
572 213 626 240 τῶν
640 212 738 245 ἄλλων,
750 213 805 248 Οὐχ
818 211 918 243 οὕτως,

976 210 1059 238 rimus
1068 229 1076 242 .
1091 211 1162 246 quod
1174 218 1277 239 sacram
1297 217 1417 239 mensam
1436 211 1573 246 everterit,
1587 211 1753 249 ealicemque

132 261 248 297 ἔφησαν,
265 258 288 287 ὢ
305 259 427 295 βασιλεῦ,
442 260 592 295 ἀνιιὶιμεθα,
605 260 636 287 τὸ
646 260 694 295 μὲν
703 259 753 294 τῆς
764 260 840 295 ἱερᾶς
854 267 918 294 τρα-

132 308 230 343 πέζης,
247 307 278 333 τὸ
292 306 319 333 δὲ
330 306 377 333 τοῦ
390 306 520 342 μυστικοῦ
538 306 678 342 ποτηρίου,
688 307 762 337 ὅπως
770 305 918 341 ἀνέστρεψε

134 353 184 388 μὲν
201 352 319 387 εκείνην.
329 351 444 385 κατέαξε
459 352 489 378 δὲ
504 354 592 383 τοῦτο,
607 353 653 378 καὶ
665 353 705 383 είς
719 351 804 378 λεπτὰ
811 351 918 384 διεῖλεν,

132 400 207 430 ὅπως
218 398 248 425 δὲ
264 399 312 425 καὶ
327 398 373 425 τὸν
391 399 422 424 ὲκ
433 398 483 433 τῆς
504 398 700 433 Ἀλεξανδρέων
715 399 748 433 τῇ
771 398 846 424 πόλει
859 406 919 424 συν-

133 442 206 478 ήθως
214 443 421 478 ἐκπεμπόμενον
429 444 501 470 σῖτον
508 443 682 470 διακωλύσειν
688 443 829 478 ἠπείλησεο
835 442 919 470 ταῦτα

133 489 223 520 λυπεῖ,
239 488 325 516 ταῦτα
337 489 444 516 δάκνει·
461 488 547 515 ταῦτα
558 489 630 520 τίνος
646 489 677 515 οὺ
689 489 777 524 ψυχῆς
792 489 917 520 ἅπτεται,

133 536 182 562 καὶ⁵
192 535 387 571 άδαμαντίνηςς
406 534 514 561 Τούτων
530 534 668 570 μάρτυρες
685 534 876 570 Ἀδαμάντινός
888 543 918 561 τε

134 581 183 608 καὶ
206 580 348 607 Ἀνουὸἱων
365 579 415 615 (α),
435 579 581 616 ’Δρσεθίων
592 587 622 605 τε
636 580 683 606 καὶ
697 579 799 615 Πέτρος
808 579 918 606 ἐπίσκο-

133 635 181 653 ποι
194 635 200 641 ·
219 627 283 661 παρ’
300 622 337 653 ὧν
362 626 408 651 ἐπὶ
426 626 492 652 πᾶσι.
517 624 622 656 τούτοις
643 624 826 659 ἐξελεγχθεὶς,
840 625 918 660 δίκην

135 672 186 707 μὲν
200 672 249 707 τὴν
262 671 340 704 ἀξίαν
352 672 466 707 ἀπέδρα,
478 671 615 706 διαδράναι
635 671 663 698 δὲ
681 672 728 698 καὶ
741 671 790 706 τὴν
814 672 918 707 ἀποκή-

135 717 211 752 ρυξιν
223 717 297 752 ὅμως
311 717 360 743 οὐκ
374 716 502 752 ἠδυνήθη,
519 716 586 743 ἀλλὰ
603 716 700 748 κοινῶς
716 717 768 743 ὑπὸ
787 717 836 752 τῆς
853 707 918 744 συνί

133 763 194 790 ίδου
202 763 303 798 πάσης,
318 762 355 794 ὡς
369 762 495 789 τοιούτων
507 762 634 798 ἀθέσμων
649 762 737 798 ἔργων
750 763 795 789 καὶ
803 763 917 790 ἀνοσίων

133 809 271 844 τολμητὴς
285 809 495 843 ἐκκεκήρυκται.
513 808 621 835 Τούτων
638 807 678 834 ἔτι
696 808 849 844 λεγομένων
869 808 915 844 (b),

132 856 148 881 ὁ
164 854 292 889 βασιλεὺς
307 853 338 880 τὸ
352 854 456 889 πρῶτον
482 854 570 889 ἠσυχῆ
591 855 638 881 καὶ¹
655 854 716 881 καθ’
734 854 830 881 ἑαυτὸν
856 855 917 881 ὲτα-

134 900 248 934 ράττετο
259 907 266 913 ·
283 899 329 925 καὶ
340 898 415 930 τέλος
428 899 481 926 τῶν
497 898 573 926 ὤτων
587 899 760 935 ἀναρτηθεὶς,
780 900 819 931 εις
832 899 917 935 ὀργὴν

132 945 272 975 ἐκπίπτει,
289 945 335 971 κα)¹
348 944 396 980 τὴν
414 945 442 970 ὲν
459 944 582 976 Γαλλίαις
600 944 745 980 ὑπερορίαν
756 945 802 971 τοῦ
815 944 918 971 δικαίου

133 989 362 1024 καταψηφίζεται,
375 989 490 1016 ἐνταῦθα
507 990 586 1025 μόνον
602 990 650 1016 καὶ
662 987 727 1025 ἦθος
746 990 793 1016 καὶ
806 989 918 1024 γνώμην

132 1035 303 1071 διαφθαρεὶς,
319 1036 366 1062 καὶ
384 1035 541 1071 ἀμφοτέρας
563 1036 618 1067 τοῖς
637 1035 702 1071 περὶ
721 1035 849 1062 Εὑσέῧιον
868 1035 918 1067 τὰς

133 1081 217 1112 ἀκοὰς
231 1081 351 1112 ὑπανείς.
365 1081 518 1108 Κλέπτουσι
534 1081 588 1117 γὰρ
608 1081 647 1116 τῷ
661 1081 728 1113 ὄντι,
741 1082 788 1108 καὶ
803 1081 919 1116 διαφθείη

135 1135 226 1163 ρουσιν
238 1127 290 1162 ἤθη
300 1127 417 1162 χρηστὰ,
429 1127 499 1154 κατὰ
511 1127 556 1154 τὸν
568 1127 678 1154 εἰπόντα
697 1127 787 1162 σοφὸν,
813 1127 918 1162 ὁμιλίαι

133 1175 217 1201 κακαί
226 1183 232 1190 ·
246 1175 365 1208 καίτοιγε
380 1174 429 1209 τὴν
442 1175 538 1210 ἑτέραν
547 1173 678 1208 ἀκεραίαν
690 1174 733 1200 ἀεὶ
746 1173 785 1208 τῷ
799 1181 917 1207 κατηγο-

135 1220 260 1255 ρουμένῳ
278 1220 419 1254 φυλάττων
430 1228 437 1234 ·
454 1220 523 1255 ὅπερ
537 1219 617 1246 οἱονεί
634 1219 670 1254 (ι’)
689 1227 730 1251 τις
745 1218 818 1254 αὐτῷ
842 1220 919 1254 ῥυτὶς

133 1266 244 1300 ἐγένετο
255 1267 301 1293 καὶ
311 1267 414 1297 σπῖλος,
432 1266 553 1301 ἄρρυπον
567 1265 672 1297 ἑαυτὸν,
689 1265 723 1292 τά
737 1273 768 1299 γε
784 1265 852 1291 ἄλλα
871 1265 919 1291 καὶ

133 1312 254 1348 καθαρὸν
264 1313 381 1348 συντηρή
386 1321 471 1338 σαντι.
480 1312 539 1338 Εἰσὶ
551 1312 579 1338 δὲ
591 1311 716 1346 οἴφασιν,
726 1311 919 1347 ἀκριϐέστερον

131 1359 180 1385 καὶ
188 1357 288 1385 σκοποῦ
297 1357 365 1392 τάχα
377 1358 423 1384 καὶ
431 1358 547 1393 κρίσεως
557 1357 684 1392 λογισμὸν
692 1358 808 1392 ἔχοντες,
815 1357 852 1388 ὡς
860 1357 919 1384 οὐδὲ

132 1403 304 1438 καταγνώσει
322 1405 376 1431 τινὶ
394 1405 426 1439 τῇ
445 1404 513 1439 πρὸς
537 1404 694 1431 Ἀθανάσιον
718 1404 819 1438 ταύτην
835 1403 918 1431 αὑτοῦ

133 1451 276 1486 κατέκρινε
285 1450 333 1485 τὴν
343 1450 500 1485 ὑπερορίαν,
509 1449 566 1476 ἀλλ’
577 1449 671 1476 ὲνώσει
682 1449 738 1476 τῶν
751 1449 919 1484 Ἐκκλησιῶν

135 1497 234 1532 μᾶλλον
256 1497 304 1524 καὶ
327 1497 480 1532 συμφωνίᾳ,
497 1496 568 1524 ὣστε
581 1497 756 1524 καταστεῖλαι
773 1497 822 1533 τὴν
836 1498 918 1533 ζάλην

133 1542 238 1573 αὑταῖς,
254 1542 301 1568 καὶ
318 1541 440 1576 κοιμίσαι
456 1540 631 1576 τὸνθόρυόον.
646 1541 752 1577 Ἐπειδὴ
760 1541 815 1577 γὰρ
825 1542 918 1574 στάσις

131 1588 181 1623 οὐχ
197 1589 214 1622 ὴ
233 1587 352 1622 τυχοῦσα
364 1587 414 1623 τήν
428 1595 458 1613 τε
478 1587 686 1623 Ἀλεξανδρέων,
702 1587 788 1623 ὁπόση
801 1585 851 1622 ἦν,
869 1588 917 1614 καὶ

131 1634 182 1669 τῆς
200 1633 338 1667 Αἰγύπτου
357 1633 386 1660 δὲ
402 1633 558 1669 κατειλήφει
579 1633 614 1660 τὰ
633 1633 728 1665 πλείω,
752 1634 917 1661 κατάστασιν

131 1679 236 1710 ἐκεῖνος
247 1679 302 1709 τοῖς
319 1677 462 1712 πράγμασι
493 1677 686 1712 μηχανώμενος
695 1697 702 1710 ,
714 1677 833 1704 ἐκποδὼν
846 1677 918 1712 ἔγνω

131 1724 164 1750 τό
186 1732 217 1758 γε
241 1723 288 1750 νῦν
305 1723 366 1758 ἔχον
381 1722 544 1758 ποιήσασθαι
565 1722 732 1750 Ἀθανάσιον.
748 1723 840 1759 Ταύτῃ
862 1724 917 1758 γὰρ

131 1769 181 1800 τὰς
198 1769 252 1796 τῶν
270 1769 357 1796 ἄλλων
375 1768 531 1795 ἐπισκόπων
547 1767 712 1804 θεραπεῦσαι
727 1768 848 1804 γνώμας,
872 1771 918 1797 καὶ

931 1562 952 1592 C

971 257 1137 285 contractum
1153 258 1179 285 in
1196 258 1392 286 minutissimas
1401 263 1492 293 partes
1509 260 1660 294 redegerit;
1671 267 1751 295 quam

971 303 1041 336 quod
1067 303 1244 331 comminatus
1271 304 1318 337 sit,
1345 311 1374 332 se
1401 304 1529 332 frumenti
1559 310 1752 339 commeatum,

971 348 1134 376 Alexandria
1153 350 1180 377 in
1198 350 1291 378 urbem
1302 351 1446 378 transmitti
1455 351 1561 379 solitum
1576 352 1752 388 scimpeditu-

970 401 1029 421 rum
1043 403 1051 426 ς
1064 395 1122 423 Μαι
1138 395 1256 423 dolorem
1268 395 1380 428 faciunt,
1392 397 1450 424 hate
1463 397 1595 429 mordent,
1610 397 1667 424 haec
1678 397 1754 432 cujus

969 441 1088 469 animum
1104 441 1146 469 vel
1170 442 1372 469 adamantinutn
1397 450 1448 470 non
1474 449 1600 470 moveant
1621 443 1633 469 τ
1652 443 1752 470 Horum

970 489 1053 514 testes
1070 491 1134 514 sunt
1147 487 1342 514 Adamantinus
1353 507 1360 518 ,
1374 486 1511 520 Anubion,
1535 487 1684 515 Arbetltion
1695 507 1702 519 ,
1727 493 1753 514 et

968 531 1066 559 Petrus
1073 531 1191 568 episcopi
1203 541 1210 560 :
1220 540 1234 560 a
1243 533 1340 567 quibus
1348 534 1415 560 boru
1420 541 1478 561 mce
1485 534 1607 561 omnium
1616 540 1753 570 gestorum

969 580 1122 613 convictus,
1133 580 1293 616 supplicium
1308 581 1416 614 quidem
1430 581 1534 617 eliugit,
1556 582 1753 609 abdicationem

969 631 1059 654 tamen
1071 626 1188 661 ell'ugere
1200 634 1252 654 non
1266 627 1367 660 valuit;
1391 627 1438 655 sed
1450 628 1485 655 ah
1498 628 1621 655 universa
1639 630 1754 663 synodo,

968 677 997 699 ut
1010 672 1188 699 nefandorum
1202 676 1285 707 atque
1301 672 1443 707 impiorum
1458 673 1590 707 ejusmodi
1605 673 1753 701 facinorum

969 723 1063 745 auctor
1073 718 1214 745 abdicatus
1230 722 1258 745 et
1279 718 1417 753 depositus
1435 723 1486 745 est.
1503 719 1570 746 Dum
1588 719 1646 746 haec
1660 720 1695 746 ita
1710 719 1754 747 di-

968 768 1104 796 cerentur,
1125 763 1272 798 imperator
1286 764 1400 798 primum
1424 765 1522 792 silebat
1542 765 1685 800 animoque
1701 771 1754 793 tur-

967 810 1083 838 babatur
1099 819 1106 837 :
1120 817 1152 837 ac
1167 811 1274 837 demum
1291 809 1336 836 tali
1360 810 1452 837 auditu
1469 817 1628 845 suspensus,
1643 812 1669 838 in
1685 811 1752 839 lram

968 857 1102 891 prorupit,
1115 855 1234 891 justique
1248 855 1297 882 viri
1313 856 1438 883 exsilium
1451 857 1477 883 in
1492 856 1595 885 Gallias
1609 858 1753 891 decernit;

970 901 996 928 in
1017 901 1069 929 hoc
1094 902 1181 929 solum
1200 906 1228 929 et
1247 902 1337 929 animo
1351 906 1378 929 et
1398 903 1532 930 sententia
1556 908 1710 938 corruptus,
1722 911 1755 932 ae

968 952 1111 982 utramque
1119 947 1278 976 Eusebianis
1287 955 1380 976 aurem
1389 948 1549 982 subiiciens.
1566 948 1669 976 Revera
1680 949 1752 977 enim

968 994 1182 1022 circumveniunt
1195 998 1223 1021 et
1243 998 1420 1028 corrumpunt
1443 994 1527 1022 honos
1547 1001 1636 1022 mores
1647 1014 1655 1027 ,
1670 999 1700 1023 ut
1715 995 1754 1023 ait

968 1041 1087 1075 sapiens,
1111 1039 1242 1074 colloquia
1259 1046 1351 1074 prava.
1374 1039 1446 1067 Sane
1465 1047 1572 1075 semper
1589 1045 1668 1068 antea
1683 1041 1752 1069 alte-

969 1093 1026 1113 ram
1051 1093 1143 1112 aurem
1168 1086 1298 1120 integram
1320 1089 1349 1112 et
1367 1085 1552 1121 incorruptam
1566 1092 1696 1115 accusata
1713 1095 1754 1115 re-

968 1136 1090 1158 servarat
1104 1139 1111 1158 :
1128 1135 1155 1157 at
1170 1135 1234 1158 tunc
1248 1131 1304 1158 hac
1318 1130 1367 1165 ipsi
1383 1131 1490 1159 macula
1505 1135 1532 1159 et
1545 1131 1619 1160 labes
1634 1132 1752 1165 inhaesit,

968 1176 1013 1210 qui
1034 1183 1063 1204 se
1084 1180 1161 1203 antea
1181 1176 1365 1210 incorruptum
1392 1183 1543 1211 purumque
1567 1183 1753 1205 conservarat.

969 1221 1037 1248 Sunt
1049 1221 1095 1255 qui
1109 1221 1219 1252 dicant,
1239 1224 1266 1247 et
1288 1220 1359 1248 forte
1383 1221 1538 1248 accuratius
1566 1229 1676 1257 scopum
1695 1222 1754 1257 ejus

969 1272 1051 1302 atque
1062 1266 1193 1301 judicium
1209 1271 1377 1300 compertum
1393 1266 1538 1299 habentes,
1556 1273 1618 1295 eum
1634 1275 1687 1296 non
1700 1275 1756 1304 ptu-

969 1319 1011 1339 me
1033 1316 1060 1339 et
1075 1311 1255 1338 damnationis
1275 1317 1356 1338 causa
1373 1311 1469 1339 exsilio
1489 1312 1618 1341 multasse
1632 1314 1754 1342 Athana-

969 1359 1057 1391 sium;
1076 1358 1123 1385 sed
1137 1362 1166 1385 ut
1183 1357 1366 1385 Ecclesiarum
1381 1359 1571 1394 tranquillitati
1592 1363 1620 1388 et
1638 1365 1753 1388 concor:

969 1404 1020 1432 dia:
1035 1403 1199 1438 provideret,
1217 1407 1405 1438 tempestatem
1428 1405 1547 1438 sedaret,
1562 1412 1594 1433 ac
1611 1406 1755 1435 tumultum

969 1452 1164 1484 compesceret.
1180 1447 1247 1480 Quia
1260 1449 1331 1476 enim
1346 1449 1443 1477 seditio
1465 1457 1517 1478 non
1535 1457 1617 1486 parva
1637 1451 1754 1479 Alexan-

970 1495 1055 1522 driam
1071 1498 1165 1526 totam,
1180 1498 1261 1528 atque
1280 1492 1389 1529 Egypti
1406 1494 1552 1521 maximam
1563 1499 1667 1530 partem
1683 1496 1756 1523 inva-

969 1544 1055 1572 serat,
1083 1539 1304 1574 tranquillitatem
1326 1539 1372 1567 ille
1399 1540 1481 1567 rebus
1507 1539 1606 1568 all'erre
1628 1545 1753 1574 conatus,

969 1586 1089 1614 decrevit
1103 1592 1153 1620 pro
1165 1592 1198 1613 eo
1212 1584 1318 1613 scilicet
1333 1589 1454 1619 tempore
1476 1585 1654 1613 Athanasium
1677 1585 1754 1615 ablo-

970 1640 1044 1668 gare.
1061 1632 1116 1660 Hac
1135 1632 1206 1660 enim
1233 1631 1339 1659 ratione
1351 1652 1360 1665 ,
1377 1638 1406 1659 se
1431 1631 1545 1659 aliorum
1566 1631 1754 1668 episcoporum

970 1679 1075 1706 animas
1087 1677 1267 1706 emolliturum
1284 1677 1404 1711 putabat,
1420 1681 1501 1711 atque
1516 1677 1542 1704 in
1554 1684 1636 1705 unam
1659 1669 1755 1705 omnes

970 1723 1132 1752 sententiam
1146 1723 1315 1755 adacturum,
1331 1722 1354 1749 si
1371 1721 1458 1756 palam
1471 1722 1607 1750 hominem
1620 1723 1687 1752 urbe
1697 1723 1754 1759 pel-

971 1770 1037 1797 leret
1049 1769 1076 1797 in
1095 1768 1230 1796 exsilium.

131 1816 172 1847 εἰς
191 1815 272 1842 ταὺτὸ
307 1816 468 1849 συναγαγεῖν
489 1814 592 1846 πάντας
622 1813 765 1848 ἐσκέψατο,
786 1815 811 1841 εί
826 1816 948 1852 φανερῶς
961 1814 1118 1851 ὑπερορίσει
1136 1813 1183 1840 τὸν
1195 1813 1280 1849 ἄνδρα
1292 1812 1344 1848 τῆς
1354 1813 1470 1846 πόλεως.

168 1863 211 1890 10.
238 1861 306 1888 Ἀλλ’
322 1863 336 1888 ὸ
350 1861 398 1897 μὲν
413 1862 442 1887 ὲν
451 1861 555 1892 τούτοις
569 1861 698 1888 καταλύει
713 1861 758 1887 τὸν
775 1861 832 1896 βίον
843 1870 919 1897 τρια-

132 1908 222 1943 κοστῷ
235 1908 284 1943 μὲν
297 1908 348 1943 τῆς
360 1907 498 1943 βασιλείας
511 1907 576 1934 ἔτει.
589 1907 706 1942 πέμπτῳ
721 1905 749 1933 δὲ
762 1908 810 1934 καὶ¹
822 1908 919 1943 ἑξηκο-

133 1954 189 1990 στῷ
213 1954 262 1990 τῆς
275 1954 392 1989 ἡλικίας,
407 1953 538 1988 διαδόχοις
557 1954 606 1988 τῆς
629 1953 767 1988 βασιλείας
777 1955 832 1985 τοῖς
849 1955 918 1982 υἱέσι

133 2000 313 2036 χρησάμενος,
324 1999 373 2026 καὶ
388 1998 488 2034 ταύτην
503 1999 542 2029 είς
552 1999 650 2030 αὐτοὺς
660 1998 833 2026 καταδιελών.
845 2001 919 2027 Κων-

133 2046 263 2082 σταντίνῳ
281 2046 330 2081 μὲν
346 2045 400 2081 γὰρ
422 2044 460 2081 τῷ
480 2044 581 2080 μείζονι
596 2045 649 2071 τῶν
662 2044 729 2072 ύὶὦν
746 2045 856 2080 μείζονα
870 2046 918 2073 καὶ

132 2092 182 2128 τὴν
193 2091 280 2128 ἀρχὴν
294 2091 452 2119 καταλείπει
465 2099 471 2106 ·
484 2091 533 2127 τὴν
548 2091 576 2117 δὲ
589 2090 720 2125 διαθήκην
741 2091 918 2128 πρεσϐυτέρῳ

131 2137 186 2164 τινὶ
200 2135 376 2173 παρατίθησι,
389 2136 480 2172 κρύφα
497 2136 545 2172 τὴν
559 2136 663 2171 ’Δρείου
678 2137 754 2163 νόσον
767 2137 812 2163 καὶ
827 2138 856 2165 ὲν
866 2146 918 2173 μυ-

132 2183 174 2219 χῷ
188 2183 239 2218 τῆς
251 2182 340 2218 ψυχῆς
360 2183 492 2214 νοσοῦντι,
513 2183 588 2214 ὅστις
609 2182 728 2217 ἔκρυπτε
754 2183 801 2209 καὶ
815 2182 919 2219 ταύτην

1004 1862 1049 1890 l0.
1067 1861 1120 1889 Sed
1147 1861 1250 1888 interea
1271 1859 1315 1888 ille
1339 1860 1420 1888 vitam
1445 1860 1514 1889 obiit
1527 1880 1536 1894 ,
1555 1860 1661 1896 imperii
1680 1869 1754 1891 anno

970 1907 1119 1941 uicesimo,
1142 1906 1231 1934 aetatis
1255 1906 1424 1941 sexagesimo
1445 1907 1539 1942 quinto
1561 1915 1568 1934 :
1591 1907 1755 1944 imperiique

968 1960 1141 1981 antecessores
1153 1952 1246 1980 habuit
1258 1951 1339 1984 ﬁlios,
1355 1951 1452 1986 quibus
1466 1952 1532 1980 illud
1546 1953 1635 1987 ipsum
1651 1954 1754 1982 divise-

969 2002 1022 2027 rat.
1043 1998 1128 2026 Porro
1138 1997 1315 2026 Constantino
1330 1998 1446 2026 ﬁliorum
1468 1999 1575 2034 majori,
1591 1999 1678 2033 majus
1690 2000 1755 2028 reli-

970 2046 1029 2080 qttil
1045 2045 1185 2080 imperium
1198 2054 1205 2072 :
1219 2048 1462 2079 testamentumque
1475 2045 1633 2080 presbytero
1644 2045 1752 2073 cuidam

970 2089 1124 2123 committit,
1136 2089 1205 2117 clam
1218 2093 1246 2116 et
1256 2089 1281 2116 in
1296 2089 1401 2117 occulto
1409 2088 1504 2116 animat
1520 2096 1575 2117 sua:
1584 2089 1640 2116 Arii
1659 2090 1756 2117 morbo

971 2136 1117 2168 laboranti,
1134 2136 1180 2171 qui
1203 2142 1255 2162 una
1270 2138 1462 2163 testamentum
1483 2139 1511 2162 et
1526 2135 1649 2162 morbum
1672 2141 1754 2162 suum

972 2182 1079 2210 celabat
1095 2191 1102 2209 :
1116 2189 1131 2209 a
1153 2181 1299 2216 multisque
1323 2180 1522 2216 interrogatus,
1549 2187 1584 2207 an
1607 2180 1753 2214 imperator

134 2229 205 2264 μετὰ
228 2229 279 2264 τῆς
297 2228 376 2255 νόσου
387 2236 395 2244 θ
416 2229 464 2256 καὶ
484 2229 558 2265 παρὰ
571 2228 677 2255 πολλῶν
692 2228 878 2264 ἐρωτώμενος,
896 2229 918 2255 ei

973 2232 1071 2256 testato
1096 2227 1269 2259 decessisset,
1289 2233 1448 2261 responsum
1468 2225 1572 2253 distulit
1585 2244 1593 2257 .
1611 2230 1692 2259 atque
1705 2231 1753 2251 oc-

132 2275 179 2301 ὲπὶ
200 2274 343 2309 διαθήκαις
367 2274 382 2300 ό
402 2273 527 2309 βασιλεὺς
550 2273 752 2309 τελευτήσειεν,
772 2274 858 2300 εἰπεῖν
875 2274 919 2300 άν-

132 2320 275 2347 εδάλλετο·
291 2320 434 2351 κοινωνοὺς
447 2319 518 2346 οὕτω
528 2319 690 2355 πράγματος
705 2319 861 2355 ἀπορρήτου
873 2319 919 2346 καὶ

131 2367 194 2398 τοὺς
205 2366 388 2397 οἰκειοτάτους
402 2365 457 2392 τῶν
472 2364 602 2400 βασιλέως
616 2364 751 2399 εὐνούχων
765 2365 919 2400 πεποιημέ-

131 2420 186 2443 νος.
204 2411 282 2439 Ἐπεὶ
294 2411 323 2438 δὲ
333 2410 514 2447 βραδύναντος
523 2411 727 2438 Κωνσταντίνου
739 2411 803 2445 περὶ
813 2410 861 2446 τὴν
875 2411 920 2437 ἄν·

131 2456 200 2488 οδον,
218 2457 233 2484 ὁ
245 2456 336 2493 τρίτος
347 2455 402 2484 τῶν
416 2457 482 2484 υἱῶν
494 2457 682 2489 Κωνστάντιος
710 2456 819 2492 πρῶτος
835 2464 922 2491 παρα·

131 2502 236 2536 γένοιτο
246 2502 274 2535 ἐξ
290 2501 464 2537 Ἀντιοχείας,
478 2502 625 2538 ἐγχειρίζει
636 2501 773 2538 λαθραίως
785 2502 860 2537 αὑτῷ
870 2502 919 2537 τὴν

130 2547 178 2573 τοῦ
192 2547 293 2582 πατρὸς
305 2547 449 2583 διαθήκην,
461 2548 508 2574 καὶ
520 2547 604 2583 μόνην
616 2549 680 2584 παρ’
693 2547 776 2574 αὑτοῦ
794 2548 840 2574 καὶ
856 2547 919 2584 μίαν

130 2593 202 2619 αἰτεῖ
216 2593 305 2628 χάριν,
323 2593 393 2620 ὥστε
408 2594 464 2625 τοῖς
482 2593 587 2630 Ἀρείου
610 2593 734 2620 κάκεῖνον
745 2593 919 2629 συναπαχθῆ-

130 2648 175 2667 ναι
187 2647 195 2654 ⁸
211 2639 257 2666 καὶ
270 2638 372 2674 ταύτην
387 2638 504 2674 ἀμοιϐὴν
525 2638 574 2674 τῆς
586 2638 723 2673 βασιλείας
742 2638 782 2674 τῷ
792 2638 918 2674 ἀθανάτῳ

131 2684 237 2720 βασιλεῖ
254 2685 363 2721 Χριστῷ
384 2685 485 2716 δίδωσι,
510 2684 541 2711 τὺ
567 2685 604 2720 μὴ
625 2684 689 2711 Θεὸν
712 2685 803 2716 αὐτὸν,
827 2684 850 2711 ὢ
869 2685 919 2720 τῆς

131 2731 276 2763 ἁπονοίαςῐ
306 2732 372 2767 μηδὲ
387 2731 435 2758 τοῦ
450 2730 551 2762 παντὸς
566 2729 636 2758 εἶναι
648 2731 686 2766 (d)
697 2730 839 2765 δεσπότην.
854 2731 919 2756 Συν-

167 2799 207 2836 (a)
223 2799 262 2836 ita
277 2808 343 2828 mss.
355 2799 426 2836 Editi
447 2808 521 2833 vero,
531 2801 611 2831 male,
629 2799 772 2836 ἀνθρώπου
787 2799 863 2835 βίων.

166 2836 205 2870 (b)
224 2835 260 2862 Ita
276 2843 341 2863 mss.
354 2835 422 2862 Editi
442 2842 515 2868 vero,
532 2835 742 2870 ἐπιλεγομένων.

167 2871 203 2903 (ε)
219 2871 264 2898 Sic
281 2878 347 2899 mss.
363 2871 434 2898 Editi
451 2878 526 2903 vero,
548 2870 707 2905 φυλάττοντι
722 2870 812 2899 οἱονεί.
834 2870 914 2903 Infra,

971 2273 1037 2302 culti
1054 2273 1154 2309 negotii
1180 2272 1319 2300 eunuchos
1341 2271 1497 2306 imperatori
1525 2270 1754 2298 familiarissimos

970 2318 1095 2347 conscios
1121 2318 1219 2346 eﬂ'ecit.
1237 2317 1304 2348 Cum
1325 2321 1415 2344 autem
1432 2321 1607 2344 cunctaretur
1622 2315 1755 2344 Constan-

971 2364 1045 2391 tinus
1058 2364 1206 2395 accedere;
1229 2362 1310 2390 tertio
1325 2362 1440 2390 liliorum
1460 2361 1620 2389 Constantio
1642 2360 1687 2396 qni
1699 2361 1755 2388 Au-

972 2409 1070 2437 tiochia
1086 2409 1160 2444 prior
1174 2408 1302 2440 advenit,
1323 2411 1516 2435 testamentum
1534 2405 1655 2439 tradidit,
1671 2410 1755 2440 atque

971 2463 1052 2482 unam
1069 2455 1104 2482 ab
1114 2455 1160 2482 illo
1172 2453 1290 2489 postulat
1305 2453 1431 2488 gratiam,
1441 2457 1470 2479 nt
1487 2452 1520 2479 ad
1531 2451 1648 2479 Arianas
1657 2457 1685 2479 et
1696 2451 1755 2486 ipse

973 2501 1102 2528 transiret
1121 2503 1211 2534 partes
1228 2507 1235 2526 :
1252 2503 1334 2534 atque
1347 2505 1407 2526 eam
1431 2498 1476 2525 ille
1494 2496 1639 2524 immortali
1669 2497 1755 2532 impo-

973 2545 1057 2573 ratori
1071 2545 1200 2578 Christo,
1223 2544 1313 2572 collati
1337 2543 1441 2579 imperii
1457 2543 1571 2578 gratiam
1588 2541 1699 2576 retulit;
1725 2547 1756 2570 ut

972 2591 1058 2627 ipsum
1074 2598 1124 2619 nec
1139 2590 1223 2618 Deum
1239 2597 1300 2618 esse
1311 2611 1319 2624 ,
1335 2597 1353 2617 o
1372 2589 1518 2617 amentiam
1533 2589 1540 2616 !
1565 2596 1653 2624 neque
1667 2588 1755 2615 domi-

972 2645 1035 2665 num
1046 2641 1216 2672 agnosceret.
1235 2636 1384 2671 Sociusque
1398 2635 1453 2663 illis
1467 2634 1587 2662 audaciae
1608 2633 1755 2660 accedebat

971 2691 1050 2718 supra
1063 2684 1151 2711 dictus
1165 2681 1307 2714 Eusebius,
1328 2686 1357 2709 et
1373 2681 1418 2716 qui
1433 2688 1494 2708 cum
1509 2687 1542 2707 eo
1555 2684 1643 2712 erant,
1654 2679 1706 2706 rati
1723 2685 1754 2706 se

973 2730 1100 2764 temporis
1123 2728 1350 2765 opportunitatem
1373 2735 1434 2755 esse
1457 2731 1564 2755 nactos.
1581 2725 1644 2754 Haec
1661 2729 1752 2754 autem

970 2798 1004 2836 ἦν
1015 2801 1090 2828 deest
1106 2802 1131 2828 in
1146 2800 1232 2827 tribus
1248 2797 1450 2836 manuscriptis.
1517 2831 1534 2836 __
1549 2831 1556 2836 I

1007 2837 1045 2871 (dt
1065 2836 1176 2864 Codices
1195 2837 1247 2875 duo
1261 2832 1340 2861 εἶναι.
1355 2829 1406 2862 Alii
1419 2839 1480 2872 cum
1490 2831 1582 2871 editis,
1596 2829 1706 2858 ειδέναι.
