2027 3042
279 147 360 170 cxcxv

964 138 1230 168 Ριιοιεοοιιεκκι.

280 212 335 230 una
350 203 404 230 illis
425 202 466 230 ria
479 209 538 230 esse
553 201 693 230 videbatur
705 202 763 229 Arii
778 201 967 234 continuandi,
982 207 1010 229 et
1024 210 1057 228 re

1115 201 1250 236 ιφήπτετο
1263 200 1291 228 δὲ
1303 201 1393 232 αὐτοῖς
1406 200 1452 227 τοῦ
1465 199 1639 236 τολμήματος
1654 200 1701 227 καὶ
1711 201 1725 227 6
1735 197 1903 236 προρρηθιὶς

283 249 371 276 ritntis
385 249 548 280 evertendre,
560 249 581 275 si
600 249 740 276 Athanasii
758 253 786 275 et
802 248 859 282 ipse
872 247 995 275 exsilium
1014 248 1062 274 ob—

282 296 413 330 sign-asset
430 306 435 322 :
449 295 525 330 quasi
539 295 623 329 probe
636 300 663 322 et
685 295 747 329 jure
764 295 902 321 decretum
913 298 999 321 esset.
1024 294 1062 320 Ad

280 349 360 376 qtlllll
385 349 440 369 rem
465 349 560 368 manus
587 341 638 368 illis
660 341 859 375 promptissima
880 341 1063 367 exsecrandus

280 387 332 414 iste
356 387 482 415 sacerdos
499 386 570 419 fuit,
586 387 631 421 qui
646 394 706 412 cum
723 386 783 413 aliis
801 385 896 412 domus
910 385 992 411 etiam
1011 385 1063 411 im-

280 433 422 468 peratoria)
439 433 611 467 prtepositom
631 431 674 458 ubi
690 431 868 465 corrupisset,
885 438 945 458 cum
957 435 1061 464 partem

278 480 386 506 Arianm
399 479 546 514 impietatis
563 486 612 505 nec
631 478 768 505 minimam
782 485 842 505 esse
865 482 1060 505 commonstra-

278 526 327 552 vit.
350 524 391 551 Ab
412 532 445 551 eo
471 530 586 557 namque
611 524 644 550 ad
670 523 787 556 reliquos
816 522 896 549 etiam
925 523 1062 549 eunuchus

278 572 390 598 morbus
406 570 536 604 pervasit,
547 569 592 603 qui
605 567 746 603 perfaciles
765 573 843 594 erant
857 568 890 594 ad
904 568 1061 602 improbita-

279 623 332 656 tem
358 617 572 647 admittendam,
586 619 614 642 et
626 615 683 650 apti
705 615 740 641 ad
761 622 821 642 eam
838 614 897 642 aliis
913 614 1062 641 communi-

276 663 402 690 candam.
423 661 477 688 lmo
505 661 562 694 ipsa
602 660 772 694 imperatoris
796 667 873 693 uxor,
895 659 1060 694 blasphemis

276 708 406 744 paulatim
428 706 569 741 colloquiis
592 711 718 739 corrupta
731 723 740 737 ,
758 705 852 732 eadem
878 704 935 739 ipsa
954 712 1060 739 quoque

277 755 337 782 labe
362 753 459 781 infecta
481 756 533 779 est.
552 750 607 778 Nec
631 751 744 778 multum
761 756 851 784 postea
873 750 929 785 ipse
955 758 1060 785 quoque

276 801 432 834 imperator,
446 799 498 826 heu
522 798 598 829 mihi,
614 805 754 824 servorum
780 797 898 822 facinora
915 801 956 823 est
972 796 1058 822 imita-

274 851 331 879 tus,
347 846 402 877 ubi,
414 845 533 879 inquam,
543 849 635 870 contra
650 842 787 869 dominuut
804 849 882 869 suum
897 843 1057 872 insurraxit,

1114 247 1252 278 Εὑσέόιος.
1267 246 1314 273 καὶ
1341 247 1366 273 οἱ
1386 247 1434 273 σὺν
1447 246 1521 281 αὺτῷ
1535 246 1564 273 δὲ
1584 246 1694 278 πάντες.
1719 245 1816 281 καιροῦ
1828 254 1902 281 τηνι.

1114 293 1200 320 καῦτα
1219 292 1348 319 λάϐεσθαι
1374 292 1507 325 δόξαντες.
1530 292 1587 319 Μία
1604 292 1632 318 δὲ
1648 293 1739 324 αὺτοῖς
1757 291 1861 328 Ἀρείου
1871 299 1902 317 τε

1113 338 1251 370 σύστασις,
1272 339 1319 364 καὶ
1331 339 1380 373 τῆς
1392 338 1521 374 ἀληθείας
1540 339 1627 365 ἐδόκει
1643 338 1800 370 κατάλυσις.
1814 339 1839 364 εί
1852 338 1902 372 τὴν

1118 382 1277 410 ’Δθανασίου
1296 384 1344 410 καὶ
1354 392 1430 414 ουτος
1443 384 1590 419 ὑπερορίαν
1605 383 1845 419 ὲπισφραγίσαιτο,
1863 382 1901 414 ὡς

1110 427 1140 456 εὖ
1156 430 1256 465 μᾶλλον
1269 430 1316 456 καὶ
1327 429 1365 465 τῷ
1378 430 1474 465 δικαίῳ
1488 430 1686 465 γεγενημένην.
1713 430 1785 465 Πρὸς
1803 430 1817 456 ὃ
1839 429 1902 464 χεὶρ

1111 477 1202 508 αὐτοῖς
1219 477 1413 512 ἀνυσιμωτάτη
1428 477 1474 504 καὶ
1486 478 1500 504 ὁ
1517 476 1614 512 μιαρὸς
1630 477 1732 508 ἐκεῖνος
1744 477 1834 512 ἱερεὺς
1850 476 1899 510 γέ-

1111 531 1199 557 γονεν,
1214 523 1242 554 ὃς
1258 523 1326 558 μετὰ
1337 523 1391 549 τῶν
1404 523 1491 550 ἄλλων
1506 524 1552 552 καὶ
1574 524 1619 550 τὸν
1637 524 1666 550 ἐν
1681 524 1738 554 τοῖς
1754 522 1900 558 βασιλείοις

1112 573 1290 607 πραιπόσιτον
1307 572 1483 608 ὑποφθείρας,
1500 572 1582 608 μέρος
1601 572 1631 599 οὐ
1648 571 1679 598 τὸ
1693 571 1832 606 ἐλάχιστον
1852 570 1899 597 καὶ

1110 616 1190 643 αὑτὸν
1203 617 1251 652 τῆς
1272 617 1376 652 Ἀρείου
1389 617 1547 650 κακοδοξίας
1560 616 1699 650 ἀπέδειξεν
1714 616 1764 651 (η).
1781 616 1827 642 Ἐκ
1837 615 1900 642 τού-

1109 671 1156 689 του
1169 663 1222 699 γὰρ
1235 663 1350 690 διέϐαινε
1361 665 1407 690 καὶ
1415 664 1454 695 εἰς
1464 664 1526 695 τοὺς
1537 663 1645 694 λοιποὺς
1659 662 1712 688 τῶν
1727 661 1862 697 εὐνούχων
1881 662 1898 696 ή

1114 709 1199 740 νόσος,
1222 710 1344 746 εὐχερεῖς
1360 710 1440 741 ὄντας
1460 709 1539 743 φύσει
1554 709 1599 735 καὶ
1613 708 1772 743 μεταλαϐεῖν
1786 707 1896 738 κακίας.

1110 756 1158 782 καὶ
1170 755 1328 791 μεταδοῦναι
1343 755 1403 781 λίαν
1417 755 1593 790 ἐπιτηδείους.
1607 755 1662 781 Καὶ
1675 755 1691 789 ἡ
1707 754 1754 780 τοῦ
1765 752 1897 788 βασιλέως

1109 801 1137 828 δὲ
1157 801 1276 836 γαμετὴ,
1299 802 1358 832 ταῖς
1383 801 1550 836 βλασφήμοις
1569 801 1638 826 κατὰ
1662 799 1759 835 μικρὸν
1777 798 1898 833 ὁμιλίαις

1109 846 1298 882 διαφθαρεῖσα,
1311 847 1360 881 τῆς
1379 846 1474 880 ὁμοίας
1493 846 1539 872 καὶ
1552 845 1619 880 αὑτὴ
1632 845 1720 880 λύμης
1731 843 1895 878 ὲμπίπλατο.

275 899 357 928 atque
372 893 493 926 improbe
510 892 699 925 imperatorem
719 898 795 917 suum
814 889 902 917 affecit
921 894 1057 916 contume-

1111 879 1174 916 Μετ’
1189 879 1219 917 ού
1236 890 1302 916 πολὺ
1320 879 1348 916 δέ
1362 879 1408 917 καλ
1427 891 1441 916 ὁ
1457 890 1591 925 βασιλεὺς,
1607 891 1634 916 οἵ
1646 898 1703 924 μοι,
1722 889 1757 915 τὰ
1777 889 1830 914 τῶν
1844 897 1894 914 πο-

276 940 310 966 lia
323 949 333 966 ς
347 939 380 965 ad
396 938 452 965 Arii
469 938 532 964 item
548 937 707 964 sententiam
722 937 864 971 abreptus;
878 936 913 962 ita
931 941 960 962 ut
971 937 996 962 in
1012 936 1058 962 illo

277 985 434 1019 impleretur
445 983 509 1010 illud
523 982 647 1010 Jeremia:
663 991 669 1009 :
689 981 774 1008 Etiam
791 982 840 1015 ipsi
852 987 968 1015 pastores
981 981 1058 1015 impie

276 1036 382 1066 egerunt
397 1031 425 1056 in
439 1037 478 1056 me
494 1029 514 1056 ¹.
537 1028 617 1056 Jubct
640 1028 731 1062 itaque
749 1027 792 1054 ille
815 1032 843 1053 ut
861 1027 920 1061 ejus
935 1027 1056 1053 doctrina

277 1078 330 1102 vim
347 1076 493 1105 obtineret,
510 1079 538 1100 et
551 1079 579 1100 ut
590 1073 666 1106 quasi
681 1073 752 1098 illius
766 1071 844 1105 jussu
865 1071 982 1106 episcopi
1006 1071 1057 1097 im-

276 1122 360 1156 probe
370 1121 512 1152 scntircut,
526 1123 553 1146 et
567 1119 731 1152 impietatem
745 1118 988 1150 amplecterentur;
1005 1124 1057 1143 non

275 1169 496 1201 obtemperantes
514 1164 622 1198 quidem
637 1183 644 1195 ,
668 1163 716 1191 sed
733 1168 823 1197 potius
839 1162 1055 1190 reformidantes.

275 1213 305 1240 in
323 1219 374 1240 tam
386 1212 461 1247 gravi
475 1215 646 1245 tempestate,
662 1214 689 1236 et
704 1214 778 1236 tanta
804 1209 933 1244 procella,
958 1209 1057 1243 guber-

276 1265 382 1287 natores
389 1258 570 1285 Ecclesiarum
579 1261 667 1288 erant,
675 1254 1057 1290 MaximusJerosolymorum,

275 1305 438 1332 Athanasius
459 1302 646 1333 Alexandriae,
662 1301 719 1334 qui,
737 1301 842 1328 tametsi
860 1300 887 1327 in
902 1300 997 1328 exsilio
1012 1301 1057 1328 de-

276 1352 358 1386 gebat
374 1369 382 1383 ,
401 1348 582 1384 gubernacula
607 1354 660 1374 non
678 1347 830 1379 dimiserat,
854 1350 881 1374 et
903 1346 1057 1373 Alexander

275 1396 588 1430 Constantinopolitanus

1111 937 1199 971 νήρων
1213 936 1277 972 ἕδρα
1289 936 1399 968 δούλων,
1412 936 1458 963 τοῦ
1475 937 1540 963 ἰδίου
1559 935 1689 963 δεσπότου
1705 935 1777 970 φημὶ
1798 934 1896 967 κατεξ-

1110 982 1236 1014 αναστὰς,
1250 983 1296 1009 καὶ
1312 983 1352 1014 είς
1367 983 1412 1010 τὸν
1421 982 1503 1009 αὑτοῦ
1516 983 1607 1014 κακῶς
1619 982 1761 1018 ἐξυϐρίσας
1773 981 1894 1016 βασιλέα,

1109 1029 1156 1055 καὶ
1170 1028 1209 1063 τῷ
1228 1029 1331 1064 ’Δρείου
1353 1029 1535 1064 συναπαχθεὶς
1550 1030 1718 1064 φρονήματι·
1734 1029 1772 1060 ὡς
1788 1028 1835 1054 καὶ
1850 1028 1894 1054 ἐπ’

1109 1074 1184 1108 αὐτῷ
1197 1074 1227 1100 τὸ
1239 1074 1286 1100 τοῦ
1300 1074 1372 1101 θείου
1384 1074 1579 1110 πεπληρῶσθαι
1599 1074 1741 1110 Ἰερεμίου,
1758 1074 1798 1100 ὅτι
1812 1082 1822 1098 r
1839 1072 1895 1099 Καὶ

1106 1120 1132 1145 οἱ
1152 1120 1278 1155 ποιμένες
1295 1120 1409 1154 ἠσέϐουν
1425 1122 1464 1151 είς
1479 1121 1538 1155 ἐμέ.
1559 1130 1567 1146 ι
1583 1120 1695 1146 Κελεύει
1705 1119 1848 1155 τοιγαροῦν
1859 1118 1895 1145 τὰ

1108 1165 1210 1191 ἐκείνου
1223 1167 1343 1201 κρατεῖν,
1364 1166 1410 1192 καὶ
1422 1165 1515 1201 ὥσπερ
1529 1165 1558 1198 ἐξ
1573 1166 1757 1200 ἐπιτάγματος
1776 1165 1812 1199 (b)
1831 1164 1895 1195 τοὺς

1107 1211 1271 1243 ἐπισκόπους
1300 1212 1433 1247 φρονῆσαι
1457 1212 1559 1243 κακῶς,
1584 1212 1631 1238 καὶ
1656 1211 1692 1246 μὴ
1721 1210 1893 1240 πεισθέντας,

1107 1256 1174 1283 ἀλλὰ
1185 1257 1338 1292 πτήξαντας
1356 1258 1464 1292 μᾶλλον,
1494 1257 1669 1285 ἀσπάσασθαι
1692 1257 1741 1292 τὴν
1756 1256 1894 1283 ἀσέϐειαν.

1108 1303 1278 1338 κυϐερνῆται
1291 1304 1319 1330 δὲ
1331 1304 1386 1330 τῶν
1407 1304 1573 1340 Ἐκκλησιῶν
1588 1304 1616 1330 ὲν
1630 1303 1701 1330 οὓτω
1717 1303 1830 1338 χειμῶνι
1847 1311 1895 1337 με-

1108 1349 1182 1384 γάλῳ
1197 1350 1244 1376 καὶ
1256 1349 1370 1376 κλύδωνι
1382 1350 1506 1386 Μάξιμος
1521 1351 1570 1386 μὲν
1592 1350 1795 1386 Ἰεροσολύμων,
1816 1349 1895 1376 Ἀθα-

1108 1394 1199 1426 vasto;
1219 1394 1248 1420 δὲ
1267 1395 1477 1430 Ἀλεξανδρείας,
1492 1395 1521 1427 ὃς
1535 1396 1585 1423 κάν
1599 1397 1631 1431 τῇ
1656 1396 1788 1432 ὑπερορίᾳ
1803 1395 1841 1422 ὢν
1863 1396 1894 1422 οῦ

277 1443 386 1478 μεθίετο
399 1441 454 1469 τῶν
466 1441 576 1472 οἰάκων,
601 1439 649 1467 καὶ
668 1439 840 1474 Ἀλέξανδρος
863 1439 892 1465 δὲ
909 1438 959 1473 τῆς
979 1439 1289 1473 Κωνσταντινουπόλεως
1301 1440 1377 1473 ὕντες
1397 1441 1554 1476 ἐτύγχανον.

311 1490 355 1517 Η.
374 1489 508 1516 Eusebius
529 1494 609 1522 porro
632 1495 681 1522 pro
705 1487 844 1521 impietate
859 1486 957 1514 ardens
974 1487 1057 1514 auda-

1142 1488 1186 1515 11.
1205 1489 1332 1520 Εὐσέϐιος
1347 1489 1384 1522 δὲ,
1401 1489 1500 1526 θερμόν
1518 1498 1545 1516 τι
1559 1490 1648 1517 πνέων
1669 1490 1716 1517 καὶ
1741 1489 1895 1525 πάντολμον

275 1537 465 1570 cissimusque,
480 1534 706 1569 opportunitatem
722 1538 749 1560 et
771 1533 830 1560 loca
841 1551 849 1565 ,
869 1537 900 1560 ut
918 1532 945 1560 in
960 1534 1058 1568 pugnis

274 1584 363 1612 solent
379 1583 475 1617 optimi
491 1582 686 1615 imperatores,
709 1579 740 1606 ad
763 1579 886 1607 veritatis
904 1580 1058 1607 subtersio-

275 1637 337 1658 nem
365 1630 513 1656 observans
545 1636 553 1654 :
586 1625 742 1661 huiusmodi
776 1625 914 1660 quidpiam
943 1625 1055 1660 cogitat.

275 1676 370 1703 Arium
390 1672 538 1702 introducit
559 1670 820 1705 Constantinopolim
833 1689 842 1703 ,
863 1677 924 1697 cum
940 1670 1057 1698 maxima

277 1729 386 1757 pompa,
404 1721 441 1747 ita
457 1724 487 1747 ut
503 1718 617 1753 quaestio
631 1718 658 1744 in
671 1716 758 1744 aliena
776 1717 886 1751 regione
899 1715 1056 1747 haberetur,

275 1776 337 1794 rum
353 1765 519 1793 Athanasius
538 1765 645 1798 quidem
662 1764 688 1791 in
704 1763 801 1790 exsilio
816 1767 982 1795 versaretur,
999 1762 1058 1789 nul-

276 1814 370 1847 Iusque
391 1813 518 1843 adesset,
537 1810 583 1845 qui
601 1817 695 1837 sanam
711 1809 860 1836 doctrinam
878 1807 1029 1836 vindicaret
1047 1816 1055 1841 ;

276 1861 330 1888 imo
347 1860 493 1893 imperator
505 1862 534 1885 et
552 1857 728 1892 magistratus
741 1862 835 1883 omnes
847 1855 880 1882 ad
897 1854 977 1882 aliam
995 1861 1057 1889 par-

275 1912 330 1933 tem
348 1905 530 1936 transissent,
550 1908 658 1938 propter
681 1902 872 1937 oppugnaturis
894 1900 1056 1928 absentiam.

276 1951 338 1978 llicc
349 1950 393 1977 ille
405 1957 495 1976 secum
515 1949 666 1982 reputabat.
681 1948 715 1974 At
725 1954 859 1981 supernus
880 1946 924 1973 ille
947 1947 1058 1980 sapiens

276 2002 433 2023 mconotuus
456 1994 510 2021 alio
537 1994 617 2020 modo
639 2000 695 2020 rem
720 1991 1057 2027 dispensavit,parvoque

275 2049 339 2068 casu
365 2039 544 2074 improbitatis
570 2039 699 2073 impetum
727 2038 876 2072 repressit,
902 2042 930 2065 et
954 2042 1056 2072 quanto

276 2087 362 2122 stragis
376 2086 431 2113 Arii
447 2086 579 2112 adversus
594 2085 719 2118 pietatem
738 2084 827 2118 lingua
842 2084 963 2118 vigebat,
980 2087 1057 2110 tanto

275 2134 336 2168 plus
352 2131 411 2165 eius
425 2131 553 2158 intestina
573 2129 652 2164 paulo
669 2133 762 2163 postea
779 2128 944 2156 diﬁluebant.
957 2130 996 2156 Ac
1010 2137 1056 2157 va-

1108 1534 1177 1570 ὑπὲρ
1192 1534 1327 1568 ἀσεϐείας,
1339 1536 1386 1561 καὶ
1397 1536 1509 1571 καιροὺς
1521 1537 1567 1563 καὶ
1576 1537 1685 1568 τόπους,
1700 1536 1794 1572 ὥσπερ
1806 1537 1834 1562 ἐν
1847 1536 1898 1572 μά·

1107 1588 1167 1614 χαις
1181 1581 1251 1607 κατὰ
1266 1582 1329 1613 τοὺς
1343 1582 1512 1617 εὐμηχάνους
1529 1582 1584 1608 τῶν
1604 1583 1763 1618 στρατηγῶν
1782 1583 1822 1614 είς
1836 1583 1896 1610 ἐπί-

1107 1625 1181 1651 θεσιν
1195 1626 1243 1660 τῆς
1255 1626 1393 1661 ἀληθείας,
1409 1627 1556 1663 ἐπιτηρῶν,
1572 1628 1672 1655 τοιόνδε
1692 1637 1718 1654 τι
1735 1629 1894 1656 ἐπινοεῖται.

1107 1671 1218 1706 Είσάγει
1231 1671 1276 1698 τὸν
1290 1672 1398 1708 Ἀρειον
1410 1673 1450 1704 είς
1463 1674 1512 1709 τὴν
1525 1674 1728 1701 Κωνσταντίνου
1746 1674 1815 1710 μετὰ
1829 1674 1896 1701 πολ-

1107 1715 1155 1752 λῆς
1171 1717 1240 1744 πάνυ
1255 1717 1303 1752 τῆς
1323 1717 1475 1750 αύθεντίας,
1486 1718 1556 1759 time
1570 1720 1619 1754 τὴν
1635 1719 1747 1755 ζήτησιν
1767 1721 1796 1745 ὲν
1815 1719 1896 1746 ἀλλο·

1106 1762 1176 1798 δαπῇ
1192 1763 1410 1797 γενέσθαι,δντος
1429 1765 1479 1800 μὲν
1493 1766 1539 1792 ἐπὶ
1555 1766 1604 1801 τῆς
1618 1766 1767 1802 ὑπερορίας
1785 1766 1896 1794 Ἀθανα-

1107 1809 1175 1841 σίου,
1199 1809 1312 1846 μηδενὸς
1335 1810 1363 1837 δὲ
1378 1812 1511 1847 παρόντος
1528 1812 1574 1839 τοῦ
1591 1813 1660 1849 ὑπὲρ
1681 1813 1719 1848 (ιτ)
1743 1813 1797 1840 τῶν
1807 1813 1896 1849 ὀρθῶν

1106 1854 1247 1890 δογμάτων
1259 1855 1450 1891 ἀνθεξομένου,
1467 1857 1534 1885 ἀλλά
1549 1859 1596 1885 καὶ
1613 1859 1744 1894 βασιλέως
1757 1859 1832 1895 αὐτῷ
1848 1860 1897 1886 καὶ

1106 1901 1160 1928 τῶν
1174 1903 1203 1929 ὲν
1217 1902 1287 1929 τέλει
1307 1904 1565 1940 προστεοησομένων
1579 1906 1705 1933 ἁπάντων
1723 1905 1766 1932 διά
1784 1906 1832 1941 τὴν
1848 1907 1896 1934 τοῦ

1106 1947 1297 1979 ἀντιτείνοντος
1308 1949 1436 1984 ἐρημίαν.
1447 1949 1539 1976 Ταῦτα
1550 1951 1564 1976 ό
1577 1950 1625 1985 μὲν
1635 1951 1747 1977 ἐσκόπει
1760 1951 1820 1978 καθ’
1832 1953 1892 1978 ἑαυ-

1105 1993 1150 2020 τόν
1159 2001 1167 2008 ·
1183 1994 1285 2030 ἑτέρως
1300 1994 1328 2021 δὲ
1342 1995 1422 2021 πάλιν
1446 1996 1460 2021 ό
1472 1996 1552 2030 σοφὸς
1564 1996 1665 2023 ἄνωθεν
1678 1997 1819 2032 οἰκονόμος
1835 2006 1898 2032 μετ-

1106 2039 1236 2072 εσκεύαζε
1249 2040 1283 2066 τὰ
1297 2040 1418 2072 τοιαῦτα,
1432 2041 1532 2077 μικράν
1547 2041 1585 2077 ((1)
1603 2050 1664 2068 τινα
1679 2043 1798 2078 ἐγκοπὴν
1808 2043 1897 2075 διδοὺς

1105 2087 1138 2122 τῇ
1152 2085 1240 2122 θερμῇ
1257 2087 1327 2122 φορᾷ
1341 2087 1391 2122 τῆς
1403 2087 1502 2118 κακίας
1513 2095 1520 2102 ⁸
1536 2088 1584 2114 καὶ
1597 2088 1652 2123 ὅσῳ
1667 2096 1720 2124 περ
1742 2088 1777 2124 (e)
1797 2089 1896 2126 Ἀρείῳ

1108 2131 1208 2166 μᾶλλον
1223 2131 1298 2167 ἔρρει
1312 2132 1382 2158 κατὰ
1390 2132 1440 2167 τῆς
1455 2133 1624 2169 εὐσεϐείαςή
1640 2133 1761 2168 γλῶσσα,
1775 2135 1897 2170 τοσούτῳ

274 2185 342 2206 cuos
357 2177 464 2212 quidem
479 2176 625 2209 intestinis,
635 2183 737 2202 vacuus
748 2174 897 2202 visceribus
913 2174 939 2201 in
949 2175 1057 2209 impuris

1111 2177 1191 2204 πλέον
1203 2178 1272 2213 αὐτὴ
1287 2179 1335 2205 καὶ
1348 2178 1382 2205 τὰ
1401 2178 1474 2205 ἔνδον
1491 2179 1559 2215 μετὰ
1576 2180 1662 2216 βραχὺ
1678 2181 1823 2217 συνερρύη.
1842 2182 1898 2208 Καὶ

274 2224 342 2251 locis
352 2223 432 2250 Arius
445 2222 581 2257 projectus
593 2225 646 2247 est.
664 2219 740 2247 Justa
760 2227 838 2254 pinna
852 2219 980 2246 eﬂrieuati
989 2221 1057 2252 oris,

275 2277 307 2296 ac
323 2267 466 2303 putredine
490 2266 560 2300 pleni
578 2265 707 2300 pravique
720 2265 795 2292 vasis
809 2264 888 2298 digna
906 2264 1056 2291 evacuatio.

274 2313 322 2340 Illo
337 2313 418 2346 igitur
441 2311 478 2338 ita
494 2311 585 2338 anima
607 2310 643 2337 ita
662 2316 777 2344 corpore
800 2308 989 2337 miserabiliter
1002 2309 1057 2336 dis-

275 2364 365 2393 rupto,
391 2357 520 2384 Eusebius
542 2361 622 2391 atque
640 2357 704 2383 socii
721 2362 801 2382 omne
833 2355 924 2382 suhiro
944 2354 1055 2385 bellum,

274 2411 369 2431 omnes
383 2403 544 2430 conturbare
571 2402 621 2429 nisi
644 2407 705 2429 sunt
719 2421 727 2434 ,
745 2405 836 2436 utpote
848 2400 945 2435 quibus
969 2400 1055 2427 instar

274 2457 401 2479 maturum
428 2450 455 2476 in
481 2449 555 2476 hisce
569 2448 680 2484 agendis
694 2453 772 2475 erant
789 2448 981 2483 imperatorum
1005 2455 1055 2475 eu-

274 2496 355 2523 nuchi
369 2504 376 2522 :
396 2494 509 2522 scelesta
524 2494 585 2525 illa,
603 2494 718 2521 violenta
739 2501 771 2520 ac
789 2501 878 2520 rerum
895 2493 1054 2520 mutationi-

275 2542 325 2568 Ιιυε
342 2547 452 2574 semper
465 2547 496 2566 ac
518 2538 669 2567 confusioni
691 2539 834 2573 gaudentia
854 2539 999 2573 mancipia.
1015 2540 1055 2566 Ac

274 2587 312 2613 ltli
333 2586 440 2621 quidem
456 2584 538 2620 priori
554 2591 603 2612 suo
616 2591 698 2619 scopo
710 2585 879 2617 insistebant,
895 2589 925 2612 ut
949 2585 1055 2612 scilicet

275 2632 448 2660 Athanasium
462 2651 471 2662 ,
494 2631 591 2659 throno
604 2630 683 2658 simul
696 2635 723 2657 et
737 2631 831 2662 verbo,
847 2635 875 2658 et
892 2631 1014 2658 doctrina
1028 2635 1055 2657 i-t

274 2677 370 2704 ilducia
402 2676 621 2705 intercluderent.
648 2678 684 2704 At
705 2677 809 2704 diversa
838 2677 918 2711 plane
944 2676 1053 2712 sapiens

310 2734 318 2748 ¹
331 2732 433 2759 Jerem.
449 2740 481 2763 ιι,
494 2732 520 2760 8.

308 2790 346 2824 (ο)
358 2789 470 2821 Quidam
486 2797 549 2816 mss.
564 2789 712 2823 ὑπέδειξεν.

307 2823 346 2857 (I1)
358 2824 402 2861 βία
422 2823 529 2861 i-odices
545 2832 648 2852 orunes.
667 2825 735 2852 Εοιίιί
750 2833 823 2857 vero.
841 2826 888 2852 tiri.
900 2825 1050 2861 τάγματος.

309 2860 344 2895 (ε)
358 2857 394 2884 Ιιιι
407 2859 518 2892 quidam
531 2861 649 2887 codices.
665 2860 735 2887 Editi
751 2868 825 2890 vero.
840 2861 887 2887 τοῦ
899 2857 961 2889 ὑπόζ

1108 2224 1184 2257 κενὸς
1199 2224 1247 2260 μὲν
1264 2225 1397 2258 ἐγκάτων,
1413 2225 1489 2257 κενὸς
1504 2225 1532 2252 δὲ
1545 2226 1704 2262 σπλάγχνων
1725 2228 1754 2253 ὲν
1771 2228 1897 2264 βεεήλοις

1107 2269 1199 2301 τόποις
1215 2270 1322 2304 ’Λρειος
1349 2270 1462 2305 ἔρριπτο
1488 2270 1539 2306 ([)·
1560 2271 1621 2307 δίκη
1642 2271 1733 2298 δικαία
1762 2273 1898 2308 στόματος

1108 2315 1266 2348 ἀκολάστου,
1294 2315 1340 2342 καὶ
1361 2316 1480 2352 σαπρίας
1495 2322 1626 2352 γεμοντος
1640 2318 1760 2354 πονηροῦ
1783 2319 1898 2352 σκεύους

1107 2361 1171 2394 ἀξία
1193 2360 1317 2393 κένωσις.
1340 2361 1418 2388 Οὕτω
1433 2362 1577 2398 τοιγαροῦν
1592 2363 1674 2390 αὑτοῦ
1689 2364 1737 2390 καὶ
1752 2364 1830 2400 σῶμα
1848 2366 1896 2391 καὶ

1106 2406 1194 2442 ψυχὴν
1210 2406 1333 2438 ἐλεεινῶς
1355 2407 1570 2443 ἀπορῤήξαντος,
1595 2408 1724 2441 Εὐσέϐιος
1752 2418 1782 2436 τε
1806 2411 1854 2437 καὶ
1870 2413 1896 2438 ot

1107 2453 1172 2488 ’περὶ⁹
1187 2453 1268 2480 αὐτὸν
1291 2453 1336 2480 τδν
1356 2454 1445 2480 πάντα
1463 2454 1580 2490 πόλεμον
1599 2455 1752 2491 ὑπήρχοντο
1779 2458 1826 2484 καὶ
1846 2459 1896 2494 τὴν

1108 2499 1207 2534 μάχην,
1223 2499 1271 2526 καὶ
1293 2499 1435 2534 ταράττειν
1456 2499 1579 2532 ἅπαντας
1592 2501 1762 2537 ἐπεχείρουν,
1779 2503 1829 2530 ὅσα
1848 2505 1897 2531 καὶ

1106 2546 1200 2580 χεῖρας
1215 2545 1244 2571 ἐν
1256 2546 1313 2576 τοῖς
1323 2545 1451 2576 τοιούτοις
1466 2546 1528 2578 τοὺς
1541 2547 1595 2573 τῶν
1610 2547 1741 2582 βασιλέων
1752 2548 1897 2584 εὐνούχους

1107 2590 1223 2625 ἔχοντες,
1238 2590 1272 2617 τὰ
1290 2591 1413 2626 μοχθηρὰ
1437 2591 1470 2627 δὴ
1485 2592 1569 2618 ταῦτα
1598 2593 1644 2619 καὶ
1665 2593 1832 2630 θερμουργὰ,
1849 2596 1897 2621 καὶ

1107 2636 1276 2671 πραγμάτων
1292 2637 1453 2672 μεταϐολαῖς
1469 2638 1512 2664 ἀεὶ
1525 2639 1572 2665 καὶ
1589 2639 1734 2674 συγχύσεσι
1754 2641 1894 2676 χαίροντα.

1107 2682 1162 2708 Καὶ
1181 2682 1206 2708 οἱ
1227 2682 1276 2717 μὲν
1299 2682 1401 2718 εἴχοντο
1422 2683 1470 2710 τοῦ
1492 2685 1574 2711 πάλαι
1592 2685 1706 2719 σκοποῦ,
1730 2687 1777 2713 καὶ
1791 2685 1896 2722 θρόνων

1142 2791 1183 2831 (Δ)
1196 2792 1268 2831 _Etliti
1283 2797 1310 2820 ct
1326 2793 1434 2831 quidam
1450 2802 1517 2831 mss.
1535 2795 1652 2831 μακράν.

1193 2827 1232 2868 ita
1245 2836 1310 2856 tuss.
1328 2827 1609 2868 quidanmElituilvero
1619 2831 1687 2868 jam
1699 2832 1771 2868 περί,

1141 2863 1175 2895 (ί)
1193 2862 1260 2890 Tres
1276 2862 1467 2900 manuscripti,
1483 2866 1498 2891 ὁ
1513 2865 1603 2897 ἄθλιος
1617 2862 1742 2903 (pf.in
