2027 3042
301 119 381 141 CXCVI

992 109 1258 139 PROLECOIENA.

303 171 399 198 subeat
420 169 580 206 supplicium
596 190 603 203 ,
624 169 645 197 si
660 170 687 196 in
703 168 802 196 talibus
816 168 1035 203 deprehendatur
1046 169 1078 195 de

1143 168 1253 203 γμάτων
1279 168 1325 194 καὶ
1340 168 1491 203 διαιτηταῖς
1506 169 1745 205 ἐγχειριςομένων,
1761 169 1873 206 νόμιμον
1884 171 1927 198 αὶ-

304 215 385 243 Iictis.
400 214 560 242 Archelaum
585 214 677 248 itaque
696 214 782 240 virum
808 213 858 240 sibi
881 213 1042 240 l'ainiliarem
1061 218 1088 239 et

303 261 479 288 domesticum
493 280 500 291 .
515 268 565 287 una
591 268 652 287 cum
669 260 765 287 Nomm
783 265 838 286 tum
863 259 1006 287 Phoenices
1024 267 1089 294 pra:-

300 306 382 336 [ειιιι.
410 307 442 333 ad
456 314 548 332 earum
573 307 796 341 perquisitionem
824 313 914 333 rerum
931 306 1023 335 mittil.
1048 306 1086 332 Illi

281 382 284 386 I
302 352 348 378 ubi
367 351 465 385 Tyrum
479 351 651 378 advenissent
668 359 675 378 :
691 351 717 378 in
738 351 781 378 illa
803 352 900 385 quippe
925 351 1087 377 Athanasius

300 396 476 430 probationes
493 397 525 424 de
541 397 683 432 praestigiis
699 397 750 424 illis
774 396 960 430 exspectabat.
976 396 1084 430 paulum

302 442 412 473 dilatum
425 449 466 470 est
482 450 607 475 examen,
621 451 652 470 ac
666 443 726 469 ideo
740 443 964 476 quemadmodum
981 443 1087 469 videba-

301 492 356 521 tur,
368 488 439 523 quod
455 494 628 515 accusatores
641 492 867 522 exspectarentnr
879 488 922 522 qui
944 487 1009 520 ipsis
1021 495 1085 513 ocuo

300 533 333 561 lis
341 534 536 561 exsecrandum
549 533 652 560 facinus
665 537 867 567 perspexerant.
880 531 1009 559 Utautem
1023 541 1086 559 vere

299 584 415 606 eventus
432 580 469 606 rei
492 579 593 610 docuit,
608 579 670 612 quia
692 577 762 605 Deus
785 585 902 612 superne
917 586 972 605 rem
993 577 1085 611 hujus-

301 625 371 652 ιιιοαί
401 624 592 659 perspiciebat,
609 629 690 658 atque
707 624 853 651 clementer
870 631 927 650 eam
946 624 1084 651 intermis~

299 671 402 698 sionem
418 670 476 698 tieri
493 669 670 704 dispensavit,
693 678 747 704 quo
762 670 818 705 ipse
833 670 939 697 tandem
955 670 1084 696 Arsenius

299 718 418 749 adesset,
443 716 521 750 cujus
540 722 599 744 erat
615 724 710 743 manus
723 716 876 748 demortua,
899 716 998 750 iniusta
1016 723 1084 750 prae-

298 765 382 797 cisio,
411 764 525 798 talisque
550 762 691 798 tragtedia.
720 761 850 789 Arsenius
875 769 989 796 namque
1014 769 1083 788 unus

299 815 358 837 erat
370 818 403 837 ex
418 810 500 844 gradu
517 809 648 836 lectorum
661 829 669 841 ,
690 807 735 842 qui
750 808 784 835 ob
800 812 934 835 secretum
950 807 1083 842 quoddam

1140 215 1185 239 τον
1201 213 1349 249 ὑποστῆναι
1364 214 1410 239 καὶ
1420 214 1565 249 τιμωρίαν,
1593 215 1642 241 ἐὰν
1661 215 1708 240 ἐπὶ
1726 215 1856 248 τοιούτοις
1875 216 1929 251 ἁλῷ

1140 258 1346 293 ἁμαρτήμασιν.
1371 259 1511 293 ’Λρχέλαον
1527 259 1670 294 τοιγαροῦν
1687 261 1770 295 ἄνδρα
1786 262 1839 288 τῶν
1857 263 1929 298 αὑτῷ

1141 303 1286 330 συνεστίων
1315 304 1361 329 καὶ
1381 304 1533 339 όμοφόρων.
1557 305 1614 339 ἅμα
1640 305 1686 331 καὶ
1707 306 1799 341 Νόννῳ
1819 306 1856 342 (αἱ)
1870 309 1929 334 τότε

1139 349 1263 383 Φοινίκης
1282 349 1400 384 ἄρχοντι,
1429 349 1498 375 κατὰ
1526 349 1639 385 ζήτησιν
1660 351 1713 376 τῶν
1732 351 1859 378 τοιούτων
1880 353 1927 379 ὲκ-

1141 394 1252 428 πέμπει.
1271 395 1346 420 Ἐπεὶ
1359 395 1386 420 δὲ
1403 392 1474 422 οὗτοι
1489 395 1556 430 πρὸς
1572 397 1604 431 τῇ
1621 395 1700 431 Τύρῳ
1717 398 1876 431 γεγόνασιν·
1896 399 1926 424 ὲν

1139 440 1206 475 αὐτῇ
1221 439 1276 475 γὰρ
1301 440 1458 473 Ἀθανάσιος
1471 442 1534 473 τοὺς
1548 442 1612 476 περὶ
1628 442 1677 477 τῆς
1690 443 1815 477 γοητείας
1831 443 1926 478 ἔμενεν

1138 485 1281 520 ὲλέγχους-
1302 487 1474 521 ὑπερετίθετο
1496 488 1593 523 μικρὸν
1622 489 1639 523 ἡ
1658 488 1790 521 ἐξέτασις,
1817 490 1854 524 τῷ
1877 490 1926 525 μὲν

1137 531 1224 557 δοκεῖν
1241 532 1303 563 τοὺς
1324 532 1378 559 ἀπὸ
1393 533 1442 568 τῆς
1458 533 1660 569 Ἀλεξανδρείας
1680 535 1849 570 κατηγόρους
1864 536 1926 567 τοὺς

1137 576 1228 607 αὐτοῖς
1242 576 1323 610 δῆθεν
1337 577 1485 612 ὀφθαλμοῖς
1505 578 1535 604 τὸ
1553 578 1637 613 μῦσος
1662 578 1764 610 ἰδόντας
1780 580 1926 614 ἐκδεχομέ-

1137 631 1169 658 νη
1180 630 1186 636 “
1206 622 1243 653 ὡς
1259 623 1287 648 δὲ
1303 622 1332 649 τὸ
1353 623 1429 654 τέλος
1447 623 1501 650 ἀπὸ
1511 623 1561 658 τῆς
1574 623 1702 658 ἀληθείας
1717 624 1862 656 δείκνυσιν,
1883 625 1926 652 ὅτι

1137 668 1202 699 Θεὸς
1211 668 1312 695 ἄνωθεν
1320 667 1353 703 ἦν
1369 669 1473 704 ἐφορῶν
1488 669 1522 696 τὰ
1535 669 1654 701 τοιαῦτα,
1670 670 1715 696 καὶ
1728 669 1776 705 τὴν
1792 670 1927 706 ἀναϐολὴν

1137 714 1333 750 φιλανθρώπως
1348 716 1580 750 οίκονομοὺμενος,
1595 716 1663 742 ὥστε
1676 716 1721 742 καὶ
1732 716 1811 743 αὑτὸν
1831 717 1927 752 Ἀρσέ-

1136 769 1191 787 νιον
1201 761 1351 796 ἐπιστῆναι,
1367 759 1424 797 οὖή
1440 761 1523 797 νεκρὰ
1535 762 1595 797 χεὶρ
1609 763 1656 788 καὶ
1672 763 1688 797 ή
1704 762 1793 793 ἄδικος
1806 763 1924 799 ὲκτομὴ,

1136 805 1183 832 καὶ
1196 805 1337 841 ὴτοσαύτη
1350 807 1487 842 τραγῳδία
1496 807 1543 833 τοῦ
1555 807 1701 842 δράματος.
1719 807 1854 842 Ἀρσένιος
1867 807 1924 843 γὰρ

298 855 401 882 facinus
427 855 496 882 haud
519 854 591 882 leves
612 855 724 881 daturus
742 861 846 888 paruas,
864 853 953 888 fugam
972 853 1078 887 cogitat,

1133 848 1209 883 οὗτος
1226 849 1265 883 εἷς
1281 852 1329 887 μὲν
1340 852 1471 890 ἐτύγχανε
1484 853 1531 879 τοῦ
1545 853 1647 888 βαθμοῦ
1660 854 1713 880 τῶν
1727 854 1922 887 ἀνα-γνωστῶν,

296 906 379 935 atque
393 900 541 927 Athanasio
561 904 589 926 et
608 899 735 927 Ecclesiae
753 906 783 925 se
799 899 921 932 proripit.
937 897 977 924 illi
991 898 1082 932 itaque

297 946 399 973 malitia
423 946 568 980 sapientes,
595 944 712 979 maligna
737 944 882 970 adversarii
901 944 1006 978 portio,
1031 943 1082 970 rati

298 997 434 1025 nunquam
447 997 575 1017 ausurum
587 989 744 1020 Arsenium.
759 996 810 1016 non
825 990 903 1016 modo
916 989 949 1015 ad
964 989 1081 1015 medium

293 1035 425 1068 judicium
438 1036 594 1070 procedere,
612 1035 659 1062 sed
675 1042 708 1062 ne
731 1035 814 1069 ipsam
831 1035 938 1069 quidem
971 1034 1079 1062 domum

296 1083 414 1115 obtueri,
429 1083 463 1110 ob
482 1082 614 1109 nefarium
628 1082 731 1109 scilicet
753 1085 780 1108 et
800 1081 988 1108 detestandum
1016 1079 1080 1107 illud

297 1129 444 1163 ﬂagitium;
461 1128 520 1155 ideo
533 1127 638 1155 scilicet
652 1126 798 1154 abscissam
819 1133 928 1152 manum
945 1125 981 1152 illi
994 1125 1079 1152 ascri-

297 1174 407 1205 bebant.
419 1178 500 1207 atque
519 1173 544 1199 id
557 1172 768 1204 contendebant,
783 1176 812 1198 ut
822 1175 903 1198 tantae
920 1170 1077 1205 impietatis,

298 1219 365 1247 tanti
379 1219 470 1253 ﬂagitii
485 1218 586 1245 crimen
612 1218 668 1252 ipse
690 1217 802 1245 subiret.
820 1217 909 1250 Quare
922 1215 1079 1252 frequenter

297 1272 392 1291 nomen
409 1264 513 1290 Arsenii
525 1262 710 1298 proferebant.

1133 897 1177 923 διά
1202 905 1262 923 τινα
1290 897 1319 923 δὲ
1349 898 1448 933 πρᾶξιν
1474 898 1527 924 τῶν
1555 899 1717 934 ἀπορρήτων
1742 898 1779 933 (ὁ)
1795 899 1873 930 δίκας
1888 900 1920 926 οὐ

1132 943 1261 978 μεμπτὰς
1281 943 1408 970 ἁποτίσαι
1426 943 1539 979 μέλλων,
1557 944 1677 979 δρασμὸν
1695 945 1790 977 ὲννοεῖ,
1807 945 1854 971 καὶ
1867 953 1918 979 φυ-

1132 987 1360 1030 γὰς,’Δθανασίον
1381 989 1427 1015 καὶ
1449 988 1499 1023 τῆς
1522 988 1683 1024 Ἐκκλησίας
1697 989 1868 1016 καθίσταται.
1886 991 1918 1016 Οἱ

1131 1032 1196 1066 γοῦν
1211 1033 1286 1068 σοφοὶ
1298 1033 1346 1069 τὴν
1361 1034 1459 1075 κακίαν
1473 1034 1582 1066 ἐκεῖνοι,
1597 1035 1614 1070 ἡ
1628 1034 1731 1070 πονηρὰ
1740 1034 1786 1060 τοῦ
1801 1035 1918 1061 ἀντικει-

1131 1079 1211 1113 μένου
1227 1080 1316 1115 μερὶς,
1329 1080 1461 1115 μηδέποτε
1470 1080 1603 1116 τολμῆσαι
1623 1081 1769 1116 ’Δρσένιον,
1782 1081 1831 1116 οὐχ
1843 1081 1918 1112 ὅπως

1129 1125 1169 1155 εἰς
1186 1124 1266 1160 μέσον
1285 1125 1315 1152 τὸ
1330 1126 1504 1162 δικαστήριον
1522 1127 1675 1162 παρελθεῖν,
1692 1127 1760 1154 ἀλλὰ
1775 1128 1842 1163 μηδὲ
1865 1129 1917 1154 αὑ-

1128 1171 1177 1205 τῆς
1191 1170 1328 1206 προκύψαι
1345 1172 1429 1207 μικρὰ
1450 1173 1500 1208 τῆς
1512 1172 1600 1203 οἰκίας
1613 1172 1740 1208 οἰόμενοι,
1758 1173 1802 1199 διὰ
1818 1173 1849 1199 τὸ
1865 1173 1916 1208 τῆς

1128 1215 1253 1250 πράξεως
1281 1217 1376 1250 ἐναγὲς
1405 1218 1451 1244 καὶ
1475 1218 1657 1250 ἀπόπτυστον,
1687 1218 1731 1245 διὰ
1752 1218 1832 1244 τοῦτο
1850 1218 1917 1252 γοῦν

1128 1261 1202 1297 αὐτῷ
1215 1270 1244 1288 τε
1255 1262 1304 1297 τὴν
1317 1264 1394 1298 χεῖρα
1413 1263 1580 1299 ὲπὲγραψον,
1599 1263 1646 1290 καὶ
1662 1263 1692 1290 τὸ
1707 1263 1834 1290 τοσοῦτον
1849 1264 1917 1290 ἀσέ-

295 1311 383 1346 δημα,
399 1311 447 1337 καὶ
471 1311 502 1337 τὺ
541 1310 635 1346 μῦσος,
661 1310 741 1337 αὑτὸν
754 1310 902 1346 ὑποστῆναι
918 1309 1075 1337 διετείνοντο
1093 1309 1188 1346 μόνον’
1219 1313 1265 1337 καὶ
1288 1311 1320 1337 τὸ
1345 1311 1430 1346 ὄνομα
1447 1312 1566 1346 συνεχῶς
1586 1312 1722 1347 ’Δρσενίου
1747 1312 1916 1347 προέτεινον.

331 1359 375 1385 15.
393 1358 475 1385 Fama
497 1365 563 1393 ergo
589 1358 708 1392 undique
732 1358 844 1392 perlata,
867 1359 974 1385 Arsenii
998 1365 1078 1385 causa

1166 1357 1210 1385 15.
1231 1358 1371 1393 Πανταιχοῦ
1387 1358 1476 1385 τοίνυν
1495 1359 1545 1394 τῆς
1559 1360 1652 1394 φήμης
1671 1360 1856 1396 διαῤῥυείσης,
1880 1361 1918 1392 ὡς

297 1403 473 1431 Athanasium
487 1405 521 1431 de
535 1403 664 1431 veneﬁcio
676 1403 852 1438 judicandum
871 1403 915 1436 iri,
932 1403 1078 1438 deindeque

1129 1403 1184 1440 ἄρα
1198 1404 1335 1440 μέλλοιοδι’
1357 1406 1493 1441 Ἀρσένιον
1515 1405 1672 1438 Ἀθανάσιος
1692 1394 1831 1443 κρίνεσθαι
1848 1409 1917 1443 γοή-

297 1458 326 1478 re
337 1450 371 1477 ad
392 1450 476 1484 ipsum
491 1451 636 1478 Arsenium
651 1450 834 1484 perveniente,
845 1449 1080 1477 commiseratione

301 1501 389 1525 motus
403 1497 448 1524 ille
463 1502 528 1530 erga
539 1496 717 1523 Athanasium
729 1515 738 1528 ,
752 1503 784 1523 ac
796 1496 937 1527 veritatem
964 1496 1079 1523 misera-

297 1547 351 1574 tus,
367 1548 486 1575 namque
497 1541 554 1576 ipsa
566 1546 629 1569 ante
642 1548 801 1576 generosam
817 1541 890 1568 illam
906 1541 1024 1568 animam
1037 1541 1079 1567 in-

296 1587 410 1614 teritura
426 1590 494 1613 erat.
511 1586 562 1613 Per
575 1585 676 1614 bonum
700 1587 770 1614 malo
788 1587 958 1619 medetur,et
971 1585 1079 1613 clande-

297 1633 395 1659 stinam
421 1632 510 1666 fugam
538 1636 632 1665 aperta
657 1631 784 1665 loquendi
810 1631 934 1659 libertate
956 1631 1078 1666 corrigit.

295 1678 447 1712 Omniaque
462 1685 509 1704 sua
522 1677 597 1704 nihili
611 1677 722 1707 ducens,
737 1677 810 1704 brevi
830 1676 932 1712 Tyrum
946 1677 1077 1711 pervenit,

294 1724 369 1751 solus
384 1724 434 1751 soli
447 1723 595 1751 Athanasio
610 1730 639 1751 sc
663 1723 756 1754 sistit,
772 1728 855 1757 atque
874 1723 1002 1757 privatim
1016 1729 1076 1749 eum

295 1770 432 1797 convenit.
444 1769 494 1802 Qui
505 1769 620 1797 Arscnio
637 1769 663 1796 id
683 1769 770 1796 solum
788 1769 833 1796 dat
850 1768 965 1799 consilii.
978 1768 1003 1795 id
1014 1775 1078 1803 sug~

295 1815 376 1849 gerit,
393 1819 422 1841 ut
437 1822 470 1842 ne
482 1819 546 1841 ante
555 1815 687 1849 judicium
700 1819 854 1849 appareret,
868 1821 956 1848 neque
966 1821 996 1841 se
1008 1821 1076 1848 quo-

295 1861 429 1894 rumpiam
443 1860 529 1887 oculis
543 1865 635 1894 aperte
653 1860 780 1894 proderet
795 1869 802 1887 :
820 1867 854 1887 ne
869 1859 993 1887 fortassis
1012 1859 1077 1894 quid

295 1904 334 1931 illi
351 1904 414 1931 mali
429 1904 534 1931 scelesti
550 1903 681 1931 inferrent
693 1913 700 1931 ε
714 1904 760 1938 qui
782 1904 804 1931 si
824 1903 891 1932 nihil
905 1904 977 1931 aliud
990 1923 998 1936 ,
1021 1903 1076 1931 sal-

295 1953 350 1976 tem
360 1949 491 1984 judicium
505 1949 682 1977 declinarent.
699 1949 831 1977 Arseuius
843 1957 906 1984 ergo
922 1950 958 1976 ita
969 1957 999 1977 se
1014 1957 1076 1985 ges—

294 1994 342 2027 sit,
355 2001 387 2021 ac
402 1994 429 2021 in
443 1993 578 2021 tutissimo
599 1994 700 2021 latebat
722 1994 790 2022 loco.
803 1993 876 2022 Inter
888 1995 944 2022 haac
966 1995 1076 2022 minime

1129 1450 1218 1482 τείας·
1233 1450 1327 1478 ἔπειτα
1341 1451 1369 1477 δὲ
1383 1452 1427 1478 καὶ
1441 1451 1478 1483 ὠς
1493 1452 1573 1478 αὑτὸν
1598 1452 1733 1488 ’Δρσένιον
1745 1453 1795 1488 ήδη
1814 1455 1918 1490 παρελ-

1129 1496 1238 1531 θούσης,
1254 1494 1343 1523 οἶκτον
1365 1498 1467 1529 ἐκεῖνος
1501 1498 1659 1525 Ἀθανασίου
1683 1499 1782 1531 λαϐὼν,
1797 1500 1845 1527 καί
1867 1501 1916 1537 τὴν

1128 1541 1256 1576 ἀλήθείαν
1266 1543 1378 1577 ἐλεήσας
1388 1551 1395 1558 ο
1411 1545 1458 1570 καὶ
1474 1543 1529 1579 γὰρ
1541 1543 1652 1579 ἔμελλεν
1662 1544 1731 1579 αὕτη
1747 1546 1916 1580 προαπόλλυ-

1130 1587 1190 1614 σθαι
1206 1587 1256 1622 τῆς
1270 1589 1396 1622 γενναίας
1408 1588 1497 1624 ψυχῆς
1507 1597 1514 1604 ·
1532 1589 1607 1625 καλῷ
1623 1590 1653 1617 τὸ
1665 1590 1748 1617 κακὸν
1763 1591 1849 1623 ίᾶται,
1867 1593 1916 1618 καὶ

1127 1632 1176 1667 τὴν
1190 1632 1321 1668 λαθραίαν
1338 1633 1444 1669 ἐκείνην
1460 1634 1548 1669 φυγὴν
1564 1635 1704 1671 παρρησίᾳ.
1714 1637 1819 1672 φανερᾷ
1833 1637 1916 1672 θερα-

1128 1677 1216 1704 πεύει.
1233 1679 1287 1705 Καὶ
1299 1678 1387 1705 πάντα
1401 1680 1461 1707 καθ’
1477 1680 1572 1707 ἑαυτὸν
1586 1682 1615 1707 ὲν
1628 1681 1715 1708 οὐδενὶ
1724 1682 1850 1718 θέμενος,
1866 1682 1915 1718 τὴν

1128 1721 1214 1758 Τύρθν
1235 1723 1264 1748 ὲν
1283 1722 1365 1758 ὀλίγῳ
1388 1724 1599 1759 καταλαμϐάνει,
1624 1726 1671 1752 καὶ
1695 1726 1768 1762 μόνῳ
1789 1727 1914 1762 πρόσεισι

1129 1768 1208 1802 μόνος
1233 1767 1393 1804 Ἀθανασίῳ,
1411 1769 1458 1796 καὶ
1476 1770 1535 1796 κατ’
1561 1771 1629 1797 ἰδίαν
1656 1771 1730 1806 αὐτῷ
1745 1771 1912 1806 συγγίνεται.

1133 1811 1161 1839 '0
1173 1813 1201 1839 δὲ
1211 1812 1289 1840 τοῦτο
1305 1813 1383 1849 μόνον
1411 1815 1438 1840 ‘A
1444 1815 1540 1850 ρσενίῳ
1554 1815 1742 1851 συμϐουλεύει,
1760 1817 1808 1843 καὶ
1821 1817 1914 1844 ὑποτί-

1127 1857 1214 1894 θησιν,
1241 1858 1310 1886 ὥστε
1330 1860 1367 1895 μὴ
1378 1860 1431 1895 πρὸ
1450 1861 1499 1895 τῆς
1517 1861 1595 1896 δίκης
1615 1861 1824 1897 ἐμφανισθῆναι,
1847 1862 1912 1898 μηδὲ

1125 1904 1203 1940 δῆλον
1219 1905 1314 1931 ἑαυτὸν
1335 1905 1482 1941 ὀφθαλμοῖς
1505 1915 1560 1933 τισι
1579 1907 1608 1933 τὸ
1626 1907 1756 1943 παράπαν
1777 1907 1910 1934 ἐνθεῖναι·

1125 1950 1198 1983 ὅπως
1216 1951 1252 1986 μή
1268 1960 1294 1978 τι
1307 1951 1353 1978 καὶ
1365 1952 1449 1979 κακὸν
1461 1953 1524 1984 ἴσως
1534 1952 1614 1979 αὑτὸν
1627 1953 1651 1979 οἱ
1667 1953 1748 1980 κακοὶ
1764 1953 1894 1989 δράσειαν
1903 1961 1909 1967 ·

1125 1998 1219 2033 ῆγουν,
1236 1998 1260 2024 εί
1277 1997 1313 2033 μὴ
1331 1998 1420 2030 τοῦτο,
1435 1998 1504 2025 ἀλλὰ
1514 1998 1562 2034 τὴν
1573 1998 1649 2034 δίκην
1664 1999 1732 2030 τέως
1741 1999 1908 2026 ἐκκλίνωσιν.

293 2040 450 2075 quiescebat
464 2040 573 2070 invidia.
590 2048 676 2075 neque
690 2041 828 2069 Athanasii
851 2041 929 2068 malis
943 2040 1073 2068 exsatiata

1131 2043 1266 2079 ’Δρσένιος
1282 2043 1330 2078 μὲν
1345 2041 1390 2069 οὖν
1404 2042 1490 2075 οὕτως
1503 2043 1599 2076 ἐποίει,
1616 2043 1663 2070 καὶ
1675 2043 1867 2078 ἀσφαλέστατα
1878 2041 1910 2078 ἦν

292 2091 371 2120 erat;
383 2087 429 2114 sed
439 2087 472 2114 ad
492 2085 560 2113 alias
581 2087 744 2121 procedebat
764 2086 889 2121 insidias,
902 2094 934 2114 ac
949 2092 1020 2114 coetu
1039 2087 1073 2114 ad

294 2133 409 2160 tribunal
423 2132 519 2160 iterum
531 2137 679 2161 oonwcalo
688 2132 811 2159 adulterii
820 2132 924 2160 crimen
939 2132 1074 2160 intentant

292 2177 384 2211 pravis
407 2175 549 2204 alectibus
568 2176 672 2203 carenti
695 2176 809 2203 homini.
833 2175 949 2211 Fuilque
977 2177 1071 2204 drama

293 2222 444 2256 huiusmodi
459 2229 467 2249 :
485 2222 625 2250 mulierem
639 2221 782 2257 quamdam
797 2221 970 2250 introducunt
986 2222 1072 2258 impu-

291 2267 365 2295 denti
384 2267 468 2300 vultu,
481 2267 661 2294 abominanda
686 2271 786 2301 mente,
809 2275 870 2302 quae
892 2267 1000 2303 egregie
1025 2275 1072 2295 ca-

292 2313 401 2340 lumniis
414 2317 577 2340 assueverat.
593 2313 676 2347 Igitur
685 2313 730 2340 illa
744 2313 946 2346 calumniatrix.
958 2313 1071 2348 pecunia

290 2365 380 2393 empta
403 2359 493 2386 aiebat
517 2365 547 2385 se
562 2359 636 2386 domi
661 2359 801 2394 excepisse
825 2359 1024 2390 Athanasium.
1045 2364 1072 2388 et

290 2405 398 2440 pietatis
423 2408 451 2432 et
470 2404 580 2434 virtutis
595 2411 687 2432 causa.
705 2405 773 2433 Cum
795 2411 885 2433 autent
907 2405 940 2433 ad
957 2405 1069 2433 mediam

288 2451 399 2479 circiter
413 2455 519 2479 noctem
537 2455 645 2478 ventum
665 2456 749 2483 esset.
763 2451 900 2479 contraria
915 2451 1026 2478 omnino
1038 2451 1071 2479 iis

288 2504 349 2532 qua
362 2497 556 2529 existimasset,
569 2497 679 2530 vidisse,
696 2504 858 2532 passamque
875 2496 910 2524 ab
927 2497 973 2525 illo
996 2504 1070 2525 esse.

290 2542 337 2570 Sic
349 2542 394 2570 illa
410 2547 568 2575 accusante.
584 2543 678 2571 aderat
691 2542 857 2570 Athanasius
875 2542 931 2570 haec
946 2543 1069 2576 audiens,

288 2595 349 2615 cum
365 2587 465 2623 illoque
478 2589 609 2617 intererat
620 2588 779 2616 Timotheus
795 2588 946 2623 presbyter,
963 2587 1029 2615 l'oris
1036 2587 1070 2616 ad

284 2634 395 2667 jannam
411 2638 534 2663 stantes:
548 2635 597 2670 qui
614 2635 745 2662 adversus
759 2641 818 2662 eam
834 2633 997 2661 calumniam
1021 2633 1071 2661 ali-

287 2681 351 2715 quid
367 2681 501 2715 excogitat
514 2681 623 2715 sapiens
639 2685 667 2708 et
677 2679 754 2707 valde
766 2686 940 2714 generosum.
950 2678 1070 2714 Repente

288 2729 358 2754 enim
376 2734 436 2754 cum
455 2726 606 2754 Athanasio
618 2726 764 2761 ingressus,
783 2731 900 2760 eumque
916 2725 999 2760 probe
1026 2732 1068 2752 re-

322 2815 360 2850 (a)
371 2815 471 2843 Omnes
482 2821 548 2843 mss.
560 2814 664 2850 Νόννῳ.
680 2814 762 2848 Editi,
779 2814 867 2850 Νόνῳ.

1125 2088 1320 2123 κρυπτόμενοςι
1340 2089 1369 2115 '0
1386 2088 1481 2123 φθόνος
1490 2089 1518 2114 δὲ
1534 2089 1585 2115 οὑκ
1597 2089 1704 2124 ἠρέμει,
1719 2089 1779 2116 οὐδέ
1794 2098 1856 2116 τινα
1868 2089 1910 2116 κό-

1127 2142 1172 2169 ρον
1185 2134 1242 2169 ᾔδει
1254 2134 1307 2161 τῶν
1329 2133 1487 2160 Ἀθανασίου
1502 2134 1604 2165 κακῶν,
1619 2134 1687 2161 ἀλλὰ
1707 2134 1754 2161 καὶ
1769 2135 1838 2170 πρὸς
1851 2135 1908 2161 ἑτέ-

1125 2186 1175 2214 ρας
1188 2178 1306 2215 ἐχώρουν
1317 2179 1476 2210 ὲπιὸουλάς·
1492 2179 1538 2205 καὶ
1551 2178 1597 2205 τοῦ
1611 2179 1732 2214 βήματος
1749 2178 1828 2212 αὖθις
1845 2188 1907 2212 συγ-

1124 2223 1309 2259 κροτηθέντος,
1329 2223 1452 2260 μοιχείας
1474 2224 1599 2259 ἔγκλημα
1619 2225 1721 2260 ἐπῆγον
1739 2224 1778 2260 τῷ
1798 2225 1904 2253 ἀπαθεῖ.

1124 2270 1179 2296 Καὶ
1203 2269 1338 2305 τδδρᾶμα
1363 2269 1480 2296 τοιοῦτο·
1500 2269 1519 2295 Γ
1520 2270 1616 2296 υναῖκά
1642 2279 1703 2297 τινα
1728 2271 1904 2306 παράγουσιν.

1122 2314 1217 2350 ἀναιδῆ
1239 2314 1289 2350 τὴν
1303 2314 1373 2349 ww,
1390 2314 1518 2350 βδελυρὰν
1534 2314 1582 2350 τὴν
1595 2315 1723 2348 διάνοιαν,
1739 2315 1861 2351 ἀκριϐῶς
1872 2314 1905 2340 τὰ

1124 2360 1297 2395 συκοφαντῶν
1322 2360 1490 2396 ἠσκημένην.
1518 2361 1591 2397 Αὐτὴ
1617 2359 1664 2388 οὖν
1688 2362 1704 2397 ή
1735 2361 1902 2397 συκοφάντις,

1121 2406 1270 2442 χρημάτων
1280 2405 1358 2433 ὢνιον
1368 2406 1509 2442 γενομένη.
1523 2406 1625 2442 ἔλεγεν,
1639 2407 1676 2439 ὡς
1688 2406 1847 2440 ὑπεδέξαιτο
1858 2406 1902 2442 μὲν

1122 2453 1156 2488 τῇ
1170 2451 1244 2488 οἰκίᾳ
1256 2452 1302 2478 τὸν
1322 2451 1478 2478 Ἀθανάσιον
1489 2452 1629 2483 εὐλαόείας
1643 2451 1722 2487 χάριν
1736 2453 1784 2479 καὶ
1795 2451 1899 2488 ἀρετῆς·

1118 2498 1179 2525 ἐπεὶ
1194 2497 1224 2524 δὲ
1241 2497 1305 2533 περὶ
1319 2497 1404 2533 μέσας
1413 2497 1517 2531 γένοιτο
1527 2497 1638 2529 νύκτας,
1655 2497 1783 2525 τάναντία
1806 2496 1900 2524 παντά-

1118 2551 1200 2570 πασιν
1216 2539 1253 2569 ὧν
1270 2542 1412 2578 ὑπείληφε,
1427 2543 1492 2578 παρ’
1504 2542 1586 2569 αὐτοῦ
1602 2543 1649 2570 καὶ
1660 2543 1723 2570 ἰδεῖν
1736 2543 1783 2570 καὶ
1797 2542 1896 2570 παθεῖν.

1117 2589 1210 2616 Ταῦτα
1229 2589 1278 2624 τῆς
1295 2588 1445 2624 κατηγόρου
1460 2587 1621 2625 διεξιούσης,
1637 2589 1726 2625 παρῆν
1740 2588 1845 2616 ἀκούων
1857 2586 1897 2614 καὶ

1122 2634 1290 2666 ’Δθανάσιος,
1312 2633 1459 2670 συμπαρῆν
1475 2634 1503 2660 δὲ
1521 2634 1595 2670 αὐτῷ
1611 2635 1658 2661 καὶ
1670 2634 1801 2670 Τιμόθεος
1813 2635 1828 2660 ό
1838 2640 1898 2668 πρε-

1117 2679 1245 2716 σϐύτερος
1256 2678 1318 2712 ἔξω,
1332 2679 1407 2715 παρὰ
1422 2681 1455 2715 τῇ
1466 2679 1537 2715 πύλῃ
1554 2680 1669 2711 ἑστῶτες
1681 2689 1687 2695 ·
1699 2680 1772 2712 ὅστις
1788 2678 1896 2706 ἐπινοετι

1119 2726 1164 2752 ταί
1176 2734 1203 2752 τι
1216 2726 1284 2762 πρὸς
1296 2726 1345 2762 τὴν
1357 2725 1491 2761 διαϐολὴν,
1506 2725 1613 2753 συνετὸν
1626 2725 1695 2761 ἄγαν
1711 2727 1757 2753 καὶ
1771 2724 1892 2760 γενναῖον-

1160 2813 1198 2849 (b)
1212 2813 1278 2842 Tres
1295 2821 1359 2842 mss.
1375 2814 1539 2848 ὲπιῤῥήτων.
