2027 3042
601 178 680 205 Vll‘A
701 181 729 205 δ.
750 178 932 205 ATHANASII
953 176 1100 204 INCERTO
1120 175 1291 204 AUCTORE.

1665 179 1752 201 ωςκη

148 237 241 270 Ἀφνω
250 235 304 271 γὰρ
317 236 365 262 σὺν
389 234 540 269 Ἀθανασὶῳ
557 234 692 261 ἐπιπεσὼν
705 234 753 269 (η),
769 235 892 260 κάκεῖνον
903 231 927 259 εἰ

985 238 1150 267 prtesentans
1161 231 1320 259 Timotheus
1337 239 1343 257 :
1363 231 1465 261 Mulier,
1482 231 1528 262 ait,
1545 231 1653 265 egotibi
1674 238 1754 258 noctu

148 283 218 318 μάλα
237 280 452 316 ὑποκρινάμενος
466 281 480 307 ὁ
496 281 634 315 Τιμόθεος,
648 281 745 312 Γύναι,
758 281 849 315 φησὶν,
870 279 924 314 ἐγώ

146 336 186 354 σοι
197 327 304 362 νύκτωρ
316 327 454 362 ἐπήγαγον
469 326 517 362 τὴν
532 326 602 361 βίαν,
612 326 650 358 ὡς
661 326 729 362 αὑτὴ
742 326 840 360 λέγεις.
854 325 922 360 ETd);

151 373 181 400 'H
197 373 226 399 δὲ
249 373 316 408 πρὸς
334 373 397 403 τοὺς
420 371 556 403 δικαστὰς,
577 372 614 403 ὡς
635 370 707 407 εἶχεν
721 372 800 403 εὐθὺς
824 371 924 406 ἰταμῶς

144 419 214 452 ἄγαν
225 418 272 444 καὶ
288 417 472 452 ἀναισχύντως
482 418 688 453 ὲπιστραφεῖσα,
699 415 781 448 οὗτός
802 426 863 452 μου,
874 426 925 452 φη-

146 466 198 494 σὶν.
207 463 344 498 όφθορεύς
355 460 444 495 ὀὗτος
457 465 471 490 ὀ
483 463 532 498 τῆς
545 463 654 497 ἁγνείας
667 462 806 493 ἐπίϐουλος
815 470 822 477 ν
837 459 922 493 οὗτος,

144 510 194 543 oux
202 509 289 541 ἄλλος,
295 510 309 536 ὁ
316 509 380 544 παρ’
388 509 449 543 ἐμοὶ
457 508 620 540 καταλύσας,
627 508 673 534 καὶ
680 507 800 538 ἀντιδοὺς
808 507 856 543 τὴν
865 506 925 541 βίαν

144 554 195 589 τῆς
204 554 322 589 χάριτος.
333 555 388 589 Τῆς
398 554 545 580 ἀκολάστου
559 553 648 580 τοίνυν
659 553 764 588 ἐκείνης
774 551 859 583 οὕτως
872 551 925 578 ἀπὸ

143 601 198 626 τῶν
209 601 306 635 ἐαυτῆς
321 599 450 635 ῥημάτων
461 599 643 634 ἐλεγχθείσης,
656 599 701 625 καὶ
713 597 817 624 οἴκοθεν
829 599 842 624 ό
857 598 926 633 μάρ-

143 654 201 677 τυς,
218 646 250 672 τὸ
262 645 307 672 τοῦ
324 645 413 679 λόγου,
426 645 564 680 φανείσης,
578 645 635 672 ἀνθ’
644 641 681 671 ὧν
695 644 755 671 οὐδὲ
767 644 856 670 αὐτῶν
867 644 925 678 ᾔδει

143 690 188 716 τδν
205 690 251 717 ὑπ’
274 691 381 725 ἐκείνης
399 690 641 725 κατηγορούμενον,
659 690 732 721 ὅστις
748 686 797 724 ἦν,
813 689 860 715 καὶ
878 688 924 714 τοῦ

143 736 301 771 πλάσματος
314 737 343 762 ἐν
357 736 465 771 φανερῷ
476 736 673 771 γυμνωθέντος,
686 737 710 763 οἱ
718 735 844 762 δικασταὶ
858 736 926 771 πρὸς

143 783 157 810 ὁ
173 791 198 809 τι
213 782 260 809 καὶ
277 782 422 817 χρήσονται
437 781 528 808 λοιπὸν
542 782 647 813 ἑαυτοῖς
667 781 717 808 οὐκ
732 781 842 813 εἰδότες,
860 782 926 816 ἥσυ-

143 829 189 863 χόν
202 836 227 854 τι
240 827 286 854 καὶ
298 827 414 862 γαληνὸν
431 827 623 862 ύπομειδιῶσιν
633 835 640 842 ·
660 827 728 863 ὅπερ
743 827 836 854 εῐωθεν
853 827 925 862 ἀμη-

143 873 223 908 χανία
230 875 327 906 ποιεῖν,
339 872 471 908 ἐντροπὴν
481 873 566 907 ὅψεως
575 873 723 908 ἐπικρῦψαι
733 873 924 908 μηχανωμένη.

976 283 1029 309 vim
1043 281 1131 312 intuli,
1147 284 1176 306 ut
1196 279 1252 314 ipsa
1267 278 1318 304 ais.
1334 276 1448 312 Egone?
1463 276 1530 304 Tum
1546 276 1589 304 illa
1604 277 1636 304 ad
1651 276 1756 312 iudices

977 334 1106 355 conversa
1121 332 1201 360 quam
1223 324 1364 357 citissime,
1381 327 1504 358 proterve
1519 323 1594 350 valde
1617 330 1650 350 ac
1670 323 1757 358 impu-

977 375 1094 401 denter:
1110 372 1168 404 llic,
1182 372 1227 400 ait.
1241 375 1282 399 est
1295 375 1436 405 corruptor
1450 377 1525 398 meus
1536 390 1544 402 ,
1562 370 1606 397 hic
1625 371 1757 398 castitatis

977 428 1043 447 mea:
1056 419 1206 446 insidiator.
1223 417 1281 450 Hic,
1299 425 1352 444 non
1364 417 1441 448 alius,
1455 421 1495 444 est
1511 416 1555 451 qui
1571 417 1605 443 ad
1617 424 1659 443 me
1669 417 1757 443 diver-

978 470 1061 497 satus,
1082 464 1134 491 vim
1156 471 1205 498 pro
1221 458 1306 497 gratia
1320 461 1421 488 retulit.
1437 460 1521 496 Igitur
1543 461 1695 494 impudente
1711 461 1754 487 illa

977 510 1017 537 sic
1034 509 1090 536 suis
1105 509 1190 543 ipsius
1205 507 1294 534 verbis
1308 505 1440 537 convicta,
1456 510 1482 532 et
1495 505 1521 532 in
1538 505 1653 540 scipsam
1668 510 1737 532 teste
1747 525 1755 536 ,

979 557 1007 578 ut
1023 553 1057 579 ita
1086 552 1184 583 dicam,
1205 554 1362 585 apparente,
1378 549 1475 583 quippe
1492 557 1551 583 quae
1566 550 1682 577 nesciret
1697 550 1757 584 qui-

978 598 1038 626 dem
1053 603 1132 631 quem
1148 596 1252 624 illorum
1268 599 1407 622 accusaret
1421 602 1428 621 :
1443 602 1525 629 reque
1547 595 1583 622 ita
1606 596 1693 630 palam
1718 595 1758 622 fa-

978 647 1020 671 cta
1031 662 1039 675 ,
1053 642 1168 678 judices,
1187 641 1250 676 quid
1263 645 1355 675 postea
1364 640 1484 668 facerent
1493 641 1657 675 ignorantes,
1667 642 1758 675 quiete

979 695 1059 723 atque
1078 687 1222 723 tranquille
1248 687 1384 715 subrisere
1395 707 1403 720 ,
1419 691 1448 714 ut
1463 687 1532 715 solet
1549 687 1606 714 ﬁeri
1621 687 1666 714 ubi
1680 687 1757 719 quis-

979 735 1050 769 piam
1077 735 1104 762 in
1124 734 1228 762 consilii
1247 733 1354 767 inopia,
1374 733 1464 760 vultus
1487 734 1613 761 ruborem
1632 733 1758 767 obtegere

979 784 1102 807 conatur.
1116 779 1168 814 lpsi
1180 786 1296 814 namque
1307 779 1397 806 omnia
1417 782 1496 806 erant
1510 778 1671 810 Athanasio,
1684 779 1757 813 judi-

979 833 1036 858 ces,
1050 830 1144 858 testes,
1157 830 1337 852 accusatores.
1348 824 1435 858 Quare
1446 824 1512 859 legis
1523 825 1682 852 sententiam
1693 832 1758 852 con-

979 877 1020 899 tra
1035 871 1247 899 calumniatores
1264 870 1438 902 omittentes,
1460 870 1492 898 ad
1508 869 1631 898 veneﬁcii
1654 870 1756 898 crimen

143 920 173 946 οι
190 919 243 954 γὰρ
256 919 331 945 αὐτοὶ
349 918 438 945 πάντα
446 916 516 953 ἦσαν
537 918 696 953 Ἀθανασίῳ,
714 919 761 945 καὶ
772 918 873 953 κριταὶ,
882 919 927 945 καὶ

980 922 1183 949 convertuntur,
1200 917 1344 951 insanique
1365 917 1392 944 in
1414 916 1531 944 secunda
1560 917 1733 944 accusatione
1748 936 1756 949 ,

145 965 294 1000 μάρτυρες.
312 965 358 991 καὶ
371 966 527 1000 κατήγοροι.
547 965 592 991 Διὸ
611 964 658 991 καὶ
671 964 720 999 τὴν
734 964 804 991 κατά
815 963 869 990 τῶν
884 972 927 990 συ-

143 1011 284 1044 κοφαντῶν
303 1010 440 1045 ἀπόφασιν
455 1011 501 1037 τοῦ
514 1010 596 1046 νόμου
615 1009 821 1046 παραλιπόντες,
836 1010 881 1037 ἐπὶ
896 1010 927 1036 τὸ

143 1056 192 1090 τῆς
205 1056 331 1091 γοητείας
353 1056 478 1092 ἔγκλημα
505 1056 658 1091 τρέπονται,
683 1057 739 1088 τοῖς
751 1056 886 1091 δευτέροις
903 1057 927 1082 oi.

143 1101 252 1137 ἀνόητοι
266 1101 438 1137 παραμύθιόν
450 1110 477 1128 τι
488 1102 536 1137 τῆς
550 1101 684 1137 προτέρας
698 1101 829 1137 αἰσχύνης
847 1102 927 1136 ἐφευ-

145 1148 200 1182 ρεῖν
213 1147 417 1179 σπουδάζοντες.
432 1148 468 1174 Τὸ
482 1147 509 1174 δέ
520 1145 554 1183 ἦν
571 1148 679 1183 ἐλεγχος
698 1147 796 1182 μᾶλλον
806 1147 852 1174 τοῦ
866 1147 928 1183 ψεύ-

142 1192 204 1224 δους
215 1193 435 1228 ἐπιφανέστερος.
446 1192 618 1228 Προσάγουσι
634 1193 669 1228 (Ir)
680 1193 768 1220 τοίνυν
779 1193 828 1229 τὴν
839 1194 926 1229 χεῖρα,

145 1238 232 1274 μῦσος
244 1239 413 1274 οἰκτίρμοσιν
427 1239 584 1274 ὀφθαλμοῖς,
597 1239 657 1266 οὐδὲ
670 1239 755 1274 ψιλῶς
769 1239 848 1275 μόνον
865 1239 928 1266 ἰδεῖν

143 1283 268 1311 ἀνεκτόν.
285 1283 392 1319 Ταύτην
411 1284 523 1319 ἀπηνῶς
543 1285 642 1311 ἐκεῖνοι
665 1285 712 1311 καὶ
734 1284 849 1316 ἀναιδῶς
868 1285 928 1311 ἐπι-

145 1329 262 1360 σείοντες
284 1329 323 1364 τῷ
343 1329 423 1364 ἁγίῳ.
437 1329 510 1365 Αὕτη
525 1338 582 1361 σου,
596 1330 688 1365 φησὶν,
714 1330 866 1362 Ἀθανάσιε,
881 1331 928 1358 καὶ

145 1374 261 1409 σιγῶσα,
285 1376 447 1410 κατηγορεῖ·
472 1374 540 1411 αὕτη
551 1384 598 1402 σου
619 1375 747 1410 ἀφύκτως
767 1375 857 1411 ἔχεται
881 1376 929 1402 καὶ

145 1420 283 1455 στερρῶς·
300 1419 402 1456 ταύτην
416 1420 446 1446 οὐ
462 1420 561 1454 λόγοις,
577 1420 606 1447 οὐ
619 1421 712 1456 τέχνῃ,
729 1422 778 1448 οὐκ
791 1420 859 1456 ἄλλῃ
875 1421 928 1448 τινὶ

147 1467 254 1500 μηχανῇ
269 1466 371 1503 δυνήσῃ
391 1466 542 1500 διαφυγεῖν.
560 1467 647 1493 Ἴσασι
659 1468 759 1499 πάντες
782 1467 927 1502 ’Λρσένιον,

145 1509 175 1539 οὗ
196 1513 238 1544 σὺ,
262 1512 336 1539 ἄδικε
354 1512 402 1539 καὶ
417 1512 517 1544 ἀνόσιε,
532 1512 583 1548 τὴν
602 1514 680 1548 χεῖρα
692 1512 794 1547 ταύτην
817 1513 927 1548 ἒκοψας.

144 1558 241 1592 Λέγοις
251 1558 283 1585 ἂν
292 1559 342 1593 ἤδη
351 1558 453 1588 λοιπὸν,
465 1559 506 1592 ἐφ’
523 1554 545 1592 ᾧ
557 1557 689 1594 κέχρησαι
699 1557 795 1593 ταύτῃ,
804 1559 850 1584 καὶ
861 1558 928 1593 πρὸς

144 1604 171 1630 τί
185 1604 238 1640 ἄρα
254 1604 301 1639 τὴν
314 1604 434 1640 ἐκκοπὴν
445 1605 478 1639 (ε)
494 1603 607 1639 ἔδρασας
619 1612 626 1636 ;
645 1604 673 1630 '0
684 1604 712 1630 δὲ
726 1604 827 1640 πραειᾳ
839 1605 925 1639 φωνῇ,

146 1650 193 1676 καὶ
207 1650 245 1682 ὡς
257 1650 288 1676 ἂν
302 1650 372 1676 εἴποι
384 1650 456 1684 ψυχὴ
470 1649 591 1686 τοιαύτη,
604 1650 650 1676 καὶ
662 1649 696 1676 τὰ
708 1649 825 1686 Χριστοῦ
841 1650 928 1676 πάντα

145 1696 245 1733 ζηλοῦν
257 1697 420 1729 σπεύδουσα,
431 1697 470 1728 ὃς,
478 1697 586 1732 ἀνόμως
596 1697 648 1723 ὑπὸ
660 1696 792 1723 Ἰουδαίων
802 1696 928 1732 κρινόμε-

145 1750 189 1774 νος
202 1742 252 1768 οὐκ
268 1742 366 1776 ἐρίζων
376 1739 410 1777 ἦν
423 1742 484 1768 οὺδέ
493 1741 665 1777 κραυγάζων,
681 1741 737 1768 ἀλλ’
749 1741 786 1773 ὡς
795 1740 927 1776 πρόϐατον

146 1787 192 1813 ἐπὶ
198 1787 306 1821 σφαγὴν
314 1787 404 1822 ἤγετο,
413 1787 448 1813 τὰ
456 1787 504 1823 μὲν
512 1787 579 1818 ὅλως
587 1786 679 1821 σιγῶν,
689 1786 722 1813 τὰ
732 1786 760 1812 δὲ
767 1785 929 1821 «pauca-tro-

145 1833 314 1868 κρινόμενος·
331 1833 379 1864 Τίς
391 1831 474 1865 οὖνὲξ
483 1832 569 1868 ὑμῶν,
582 1833 675 1867 φησὶν,
694 1832 830 1868 ’Δρσένιον
844 1832 929 1865 ἐγνω-

147 1878 213 1912 mite;
231 1879 246 1915 ἢ
259 1879 300 1910 τίς
313 1879 327 1905 ὀ
341 1878 442 1912 ταύτην
453 1877 535 1905 αὐτοῦ
558 1879 607 1913 τὴν
618 1878 708 1912 δεξιὰν
722 1877 842 1914 ἀκριϐῶς
859 1875 928 1903 εἶναι

145 1924 223 1955 εἰδώς
235 1932 241 1955 ;
255 1924 311 1950 Οὐκ
321 1924 418 1958 ὀλίγων
424 1924 453 1950 δὲ
465 1925 532 1959 πρὸς
541 1924 626 1951 ταῦτα
640 1924 689 1958 τῆς
700 1923 832 1959 καθέδρας
844 1923 930 1950 διανα-

146 1969 276 2000 στάντων,
284 1969 330 1995 καὶ
342 1970 370 1995 ’Δ
375 1969 435 2003 ρσέν
440 1977 477 1996 ιον
485 1969 574 2000 αὐτὸν,
583 1969 629 1995 καὶ
636 1968 685 2004 τὴν
691 1970 777 2004 χεῖρα,
786 1969 832 1995 καὶ
841 1967 928 1995 πάντα

146 2014 244 2040 εἰδέναι
272 2014 364 2048 σαφῶς
391 2014 604 2050 διατεινομένων,
633 2014 715 2045 λύσας
741 2013 848 2046 αὐτίκα,
878 2013 929 2049 τὴν

145 2059 247 2095 σκηνὴν
262 2059 426 2091 Ἀθανάσιος,
437 2060 539 2086 κελεύει
551 2059 692 2095 παρελθεῖν
703 2060 742 2091 εἰς
754 2060 850 2094 μέσους
869 2060 929 2096 ’Λρ-

146 2104 243 2132 σένιον.
275 2105 349 2131 Ἐπεὶ
377 2105 406 2131 δὲ
431 2102 508 2137 οὗτος
532 2105 644 2141 εἰσήχθη
673 2105 769 2138 ζῶντε
786 2107 832 2132 καὶ
850 2107 928 2142 ὑγιὴς

144 2149 229 2185 ἄμφω
241 2149 275 2176 τὰ
290 2152 374 2185 χεῖρε,
393 2150 518 2186 προσχὼν
528 2151 584 2182 τοῖς
595 2159 625 2177 τε
642 2151 802 2187 κατηγόροις
814 2152 861 2179 καὶ
873 2155 928 2184 τοῖς

145 2196 252 2230 κριταῖς
264 2196 277 2223 ὁ
291 2196 433 2230 μακάριος,
449 2196 496 2222 καὶ
506 2196 666 2232 δριμύτερον
680 2197 816 2232 ἐμὸλέψας
827 2198 926 2230 αὐτοῖς.

145 2242 201 2276 Οὐχ
219 2238 305 2273 οὗτος,
321 2241 383 2277 ἔφη,
405 2242 557 2276 Ἀρσένιος;
583 2243 631 2277 οὐχ
645 2239 722 2274 οὗτος
745 2243 759 2269 ὁ
780 2245 843 2279 παρ’
864 2244 928 2278 ὑμῖν

144 2287 241 2322 νεκρὸς
264 2287 310 2313 καὶ
331 2287 380 2322 τὴν
396 2289 474 2322 χεῖρα
493 2287 552 2314 καθ’
565 2288 636 2323 ὑμᾶς
650 2288 859 2323 ἀποϐεὸληκώςς
881 2290 929 2324 οὐχ

144 2330 221 2364 οὗτος
234 2333 248 2358 ὁ
260 2333 341 2359 πᾶσιν
360 2333 559 2368 ’Δλεξανδρεῦσι
572 2333 723 2369 γνὼριμος;
734 2335 787 2360 Καὶ
795 2334 852 2369 ἅμα
863 2334 930 2371 πρὸς

143 2378 174 2404 τὸ
185 2379 347 2414 μεσαίτατον
357 2379 437 2406 αὑτὸν
456 2380 676 2416 ἐπισπασάμενος
688 2380 735 2407 τοῦ
744 2380 927 2418 δικαστηρίου,

143 2423 181 2455 ὡς
196 2423 230 2450 ἂν
244 2424 291 2450 καὶ
305 2424 382 2460 δῆλος
395 2424 542 2460 ὀφθαλμοῖς
557 2425 599 2460 εἴη
616 2428 671 2457 τοῖς
687 2428 778 2457 πᾶσιν,
794 2426 930 2453 ὺπεκϐἀλ-

145 2469 184 2496 λει
197 2470 292 2505 πρῶτα
311 2470 359 2506 τὴν
375 2471 479 2503 δεξιάν·
502 2470 560 2497 εἶτα
576 2471 681 2498 κελεύει
695 2472 764 2507 πρὸς
783 2472 849 2507 ὕψος
862 2473 928 2499 ἀνα-

143 2516 229 2542 τεῖναι
249 2515 295 2541 καὶ
316 2515 364 2550 τὴν
382 2515 470 2548 λαιὰν,
492 2517 539 2543 κιιί
555 2517 624 2552 μέγα
647 2526 673 2544 τι
694 2518 740 2544 καὶ
755 2517 873 2551 γεγωνὸν
891 2517 929 2552 (Δ)

145 2560 311 2596 ἀνακράξας,
327 2559 370 2587 οἷα
381 2561 443 2593 τοὺς
460 2562 566 2597 μακρὰν
578 2563 628 2598 τῆς
638 2562 765 2599 ἀληθείας
777 2562 854 2594 ὄντας
865 2563 929 2588 ἀνα-

145 2605 319 2640 καλούμενος,
346 2604 429 2638 υῦτος
448 2608 506 2642 μὲν,
523 2605 546 2634 ὦ
560 2608 664 2643 ἄνδρες,
692 2608 836 2644 Ἀρσένιος,
860 2607 925 2643 ἔφη’

948 2262 968 2289 D

978 964 1120 999 requirunt
1139 963 1246 998 pristini
1274 963 1386 998 pudoris
1406 963 1527 990 levamen
1540 984 1548 997 ,
1572 963 1643 997 quod
1667 964 1757 998 potius

977 1014 1038 1036 erat
1055 1009 1172 1043 apertior
1186 1009 1321 1036 mendacii
1343 1008 1528 1043 reprehensio.
1549 1008 1654 1036 Manum
1668 1009 1759 1043 itaque

978 1055 1138 1090 producunt,
1155 1061 1211 1082 rem
1226 1055 1420 1082 exsecrandam
1429 1054 1649 1082 misericordibus
1660 1055 1756 1088 oculis,

978 1107 1065 1135 neque
1081 1099 1122 1127 vel
1137 1099 1194 1128 solo
1207 1100 1274 1128 visui
1291 1100 1440 1128 ferendam.
1459 1100 1533 1127 Hanc
1555 1100 1700 1128 crudeliter
1721 1101 1758 1128 illi

978 1150 1005 1172 et
1017 1145 1187 1180 impudenter
1203 1149 1298 1173 sancto
1309 1145 1367 1172 viro
1381 1145 1512 1181 agitantes
1525 1155 1531 1172 :
1546 1145 1608 1173 Haec
1620 1152 1657 1178 te,
1671 1146 1757 1180 aiunt,

978 1191 1120 1224 Athanasi,
1135 1190 1176 1218 vel
1190 1190 1272 1218 silens
1284 1195 1392 1219 accusat
1404 1199 1411 1218 :
1427 1191 1483 1218 haec
1496 1196 1521 1218 te
1535 1192 1646 1218 ﬁrmiter
1656 1198 1688 1219 ac
1701 1192 1760 1220 eius

979 1237 1077 1273 eﬁugio
1094 1242 1192 1271 urget:
1208 1237 1279 1265 hanc
1303 1245 1353 1264 nec
1367 1237 1456 1265 verbis
1469 1257 1476 1270 ,
1492 1245 1542 1266 nec
1568 1238 1695 1272 artiﬁcio,
1711 1246 1760 1266 nec

979 1283 1032 1310 alia
1052 1283 1147 1318 quavis
1162 1283 1286 1310 machina
1302 1282 1422 1317 eﬁ‘ugies.
1438 1283 1649 1312 Noruntomues
1675 1285 1759 1312 Arse-

979 1329 1052 1355 nium
1071 1347 1079 1360 ,
1098 1329 1140 1356 cui
1150 1319 1199 1361 'tu,
1216 1329 1307 1363 inique
1318 1333 1345 1356 et
1358 1329 1540 1364 impurissime
1549 1330 1759 1363 homo,manum

979 1373 1050 1401 hanc
1066 1374 1220 1409 amputasti.
1236 1374 1285 1402 Dic
1296 1382 1360 1410 ergo
1371 1375 1440 1410 jam,
1453 1382 1533 1410 quam
1547 1377 1581 1404 ad
1598 1384 1653 1404 rem
1666 1377 1710 1404 illa
1730 1385 1761 1405 es

979 1427 1056 1452 usus,
1073 1424 1099 1447 et
1111 1421 1144 1447 ad
1166 1427 1245 1455 quem
1261 1427 1337 1448 usum
1364 1421 1512 1449 abscideris
1537 1422 1619 1451 illam.
1634 1423 1701 1450 Tum
1716 1423 1762 1450 ille

979 1464 1084 1499 placida
1097 1472 1172 1496 voce,
1193 1472 1222 1492 ut
1236 1466 1348 1493 decebat
1361 1467 1440 1494 talem
1455 1468 1584 1501 animam,
1598 1476 1658 1503 qua:
1670 1470 1760 1496 omnia

979 1511 1099 1538 studiose
1123 1513 1322 1546 exsequebatur
1345 1513 1482 1541 Christum
1512 1516 1682 1549 spectantia,
1714 1517 1760 1551 qui

981 1564 1042 1584 cum
1060 1556 1176 1591 iuiquea
1195 1557 1294 1586 ludatis
1305 1559 1483 1593 judicaretur,
1500 1567 1553 1587 non
1570 1561 1761 1593 contendebat,

981 1609 1068 1636 neque
1084 1603 1234 1637 clamabat,
1261 1605 1307 1632 sed
1326 1609 1453 1640 tanquam
1469 1607 1529 1633 ovis
1552 1606 1585 1633 ad
1600 1606 1699 1633 catdem
1714 1607 1763 1634 du-

980 1649 1100 1681 cebatur,
1119 1650 1215 1683 partim
1243 1650 1353 1677 omnino
1379 1651 1483 1683 silens,
1500 1651 1597 1686 partim
1622 1657 1763 1680 mansueto

981 1695 1147 1728 respondens
1173 1704 1180 1721 :
1205 1695 1271 1729 Quis
1294 1701 1430 1729 vestrum,
1463 1697 1519 1728 ait,
1545 1697 1689 1725 Arsenium
1714 1705 1763 1725 no-

982 1740 1021 1766 vit
1031 1740 1042 1766 ?
1053 1745 1100 1768 aut
1118 1741 1180 1775 quis
1196 1747 1322 1768 accurate
1336 1743 1399 1775 scit,
1413 1743 1483 1770 hanc
1494 1743 1553 1778 ejus
1569 1751 1628 1771 esse
1637 1744 1763 1772 manum?

981 1788 1020 1814 Ad
1036 1786 1093 1813 haec
1112 1791 1201 1814 autem
1215 1795 1268 1815 non
1286 1787 1378 1822 paucis
1398 1788 1525 1816 cathedra
1541 1789 1723 1823 surgentibus,
1737 1794 1764 1816 et

982 1833 1124 1860 Arsenium
1148 1832 1236 1866 ipsum
1262 1833 1372 1868 ejusque
1385 1840 1494 1860 manum
1521 1841 1550 1861 se
1572 1834 1656 1869 probe
1683 1841 1764 1862 nosse

981 1878 1224 1910 contendentibus,
1241 1879 1350 1906 solvens
1359 1879 1449 1906 statim
1465 1886 1573 1907 scenam
1589 1879 1762 1910 Athanasius.

979 1925 1055 1958 jubet
1080 1924 1106 1951 in
1135 1924 1252 1951 medium
1277 1924 1383 1958 prodire
1404 1924 1560 1953 Arsenium.
1580 1924 1647 1963 Cum
1674 1930 1763 1953 autem

983 1971 1027 1998 ille
1035 1970 1111 1998 vivus
1120 1971 1304 2005 ambabusque
1314 1970 1436 1998 manibus
1449 1978 1532 1998 sanus
1540 1970 1665 1999 inductus
1675 1977 1764 2005 esset,

984 2023 1038 2044 tum
1054 2017 1149 2044 beatus
1172 2015 1215 2043 ille
1233 2016 1276 2043 vir
1290 2020 1463 2043 accusatores
1475 2020 1503 2043 et
1519 2016 1624 2051 judices
1639 2016 1764 2050 intuitus,

983 2067 1114 2096 torveque
1126 2062 1249 2089 homines
1267 2061 1400 2096 aspiciens
1415 2069 1424 2088 :
1443 2061 1537 2089 Nonne
1550 2082 1557 2094 ,
1585 2062 1638 2095 ait,
1654 2063 1699 2090 hic
1724 2069 1766 2089 est

982 2107 1135 2135 Arsenius?
1154 2114 1243 2135 nonne
1256 2107 1300 2134 hic
1320 2113 1372 2140 est,
1394 2107 1439 2142 qui
1464 2108 1611 2136 secundum
1629 2115 1675 2135 vos
1694 2115 1765 2135 mor-

984 2157 1044 2180 tuus
1066 2157 1129 2186 est,
1146 2157 1173 2179 et
1197 2159 1305 2179 manum
1325 2152 1440 2178 amisit?
1455 2159 1545 2179 nonne
1569 2152 1613 2179 hic
1641 2152 1766 2178 omnibus

983 2197 1173 2225 Alexandrinis
1191 2201 1233 2225 est
1252 2197 1356 2225 notus?
1371 2202 1399 2224 et
1415 2198 1493 2224 simul
1512 2197 1545 2224 ad
1570 2197 1687 2224 medium
1715 2197 1765 2223 tri-

984 2243 1065 2270 bunal
1080 2244 1216 2270 adducens
1233 2243 1320 2274 illum,
1339 2247 1369 2270 ut
1392 2243 1513 2270 omnium
1535 2247 1639 2278 pateret
1667 2242 1764 2273 oculis,

984 2289 1070 2322 primo
1085 2288 1224 2315 dexteram
1240 2288 1331 2316 educit
1345 2296 1352 2314 :
1369 2288 1433 2315 hinc
1453 2288 1531 2322 jubet
1549 2287 1622 2315 illum
1640 2287 1765 2315 attollere

983 2333 1139 2365 sinistram,
1168 2338 1247 2369 atque
1270 2342 1366 2369 magna
1385 2335 1493 2369 altaque
1517 2340 1583 2361 voce
1596 2333 1762 2364 exclamans,

984 2379 1060 2411 quasi
1083 2385 1130 2405 eos
1157 2379 1201 2412 qui
1228 2379 1307 2414 longe
1331 2385 1410 2406 erant
1435 2387 1450 2406 a
1475 2379 1587 2406 veritate
1603 2383 1762 2405 revocaret-

985 2423 1033 2451 Hic
1047 2444 1055 2456 ,
1076 2431 1093 2451 ο
1114 2424 1184 2456 viri,
1207 2425 1315 2459 inquit,
1335 2425 1488 2452 Arsenius:
1511 2424 1551 2452 lite
1576 2431 1672 2452 manus
1693 2424 1765 2451 illius

983 2475 1055 2503 sunt,
1070 2471 1263 2506 amputationis
1279 2472 1430 2508 nescia:(e).
1449 2472 1517 2500 Tum
1530 2473 1644 2500 Arsenio
1658 2472 1764 2505 relicto,

984 2517 1017 2543 ad
1032 2521 1202 2544 accusatores
1225 2525 1372 2546 conversus
1387 2528 1395 2545 :
1409 2518 1431 2546 0
1447 2519 1596 2551 mirabiles,
1613 2518 1709 2553 inquit,
1722 2518 1766 2554 ju-

982 2563 1066 2593 dices,
1084 2570 1161 2597 rogo,
1178 2563 1301 2598 quisnam
1325 2565 1348 2591 is
1360 2564 1397 2591 sit
1418 2564 1567 2596 ostendite,
1582 2569 1610 2592 et
1624 2565 1764 2599 cujusnant

983 2609 1039 2636 haec
1053 2609 1172 2636 abscissa
1185 2617 1290 2642 manus,
1301 2617 1358 2644 qua:
1367 2617 1416 2637 nos
1430 2611 1621 2643 amputationis
1637 2609 1765 2638 accusat?

145 2651 224 2680 αὗται
245 2653 275 2680 δὲ
292 2655 382 2689 χεῖρες
402 2655 516 2688 ἐκείνου,
542 2655 590 2691 τὴν
609 2656 728 2690 ἐκκοπὴν
749 2655 925 2690 ἀγνοήσασαι.
946 2655 997 2682 Τὸν
1008 2656 1035 2682 δὲ
1048 2657 1112 2692 παρ’
1125 2657 1216 2687 αὐτοῖς
1237 2657 1384 2692 Ἀρσένιον,
1404 2658 1506 2684 ἀπιδὼν
1519 2658 1587 2693 πρὸς
1600 2659 1663 2690 τοὺς
1679 2665 1764 2691 κατη-

145 2700 254 2735 γόρους,
266 2697 302 2726 Ὦ
317 2700 473 2736 θαυμάσιοι,
485 2701 561 2736 φησὶ,
580 2702 715 2733 δικασταὶ,
727 2701 796 2734 ἀξιῶ
807 2702 849 2734 τίς
860 2703 889 2729 τέ
906 2704 962 2729 ἐστι
976 2702 1071 2735 δεῖξαι,
1086 2704 1133 2730 καὶ
1152 2703 1224 2735 τίνος
1238 2704 1254 2739 ἡ
1273 2703 1438 2739 ωιτμηθεῖςα
1456 2703 1517 2740 χεὶρ
1540 2704 1620 2740 αὕτη,
1637 2705 1684 2731 καὶ
1697 2705 1764 2740 ἡμῖν

145 2744 181 2777 ὡς
193 2753 245 2771 την
257 2746 375 2782 ἐκτομὴν
391 2747 587 2782 ἐργασαμένοις
604 2746 705 2783 ταύτης
722 2747 908 2783 ἐγχαλουμένη
922 2756 929 2780 ;

192 2812 219 2845 a)
230 2811 299 2841 Tres
313 2821 379 2842 mss.
395 2815 574 2845 ἐπεισπεσὼν.

192 2849 218 2882 b)
230 2849 343 2886 Quidam
361 2858 424 2886 mss.
442 2851 600 2886 προάγουσι.

180 2885 218 2920 (ο)
231 2884 282 2910 Alii
297 2885 426 2920 ἐκτομὴν.

285 2931 420 2962 Panos.
437 2932 496 2964 Gn.
510 2933 609 2966 XXV.

1016 2817 1056 2852 (ά)
1069 2817 1235 2859 S_i_c_quidam
1256 2817 1364 2846 codices
1382 2824 1465 2849 recte.
1489 2819 1540 2848 Alii
1554 2827 1618 2848 vero
1635 2822 1765 2855 yeyovfc,

983 2861 1043 2880 cum
1058 2855 1147 2880 editis.

1019 2887 1054 2923 (ε)
1069 2887 1149 2916 Forte
1162 2888 1257 2916 vitiosa
1274 2888 1362 2917 lectio.

1612 2946 1641 2967 ιη
