2027 3042
278 132 379 153 CXCVIII

957 123 1228 153 PROLEGOMENA.

1553 149 1562 163 Ι

316 185 358 214 u.
380 186 455 214 Tunc
470 194 521 214 non
534 187 605 215 ultra
620 186 754 221 iudicibus
771 183 918 215 tolerabilis
932 186 1059 214 cathedra

1148 187 1192 214 M.
1206 187 1272 214 Τότε
1282 187 1331 214 οὐκ
1352 187 1391 214 ἔτι
1404 187 1464 214 οὐδὲ
1482 187 1551 223 αὐτὴ
1563 188 1620 219 τοῖς
1635 187 1776 220 δικασταῖς
1792 188 1899 221 άνεκτδς

279 233 341 266 fuit,
355 234 401 261 sed
418 241 468 260 una
483 241 542 260 cum
554 233 725 266 satellitibus,
743 241 776 260 ea
791 233 896 266 relicta,
908 233 997 261 tristes
1011 232 1060 259 ad-

280 281 390 308 modum
405 287 437 306 ac
450 279 567 306 demissa
587 279 655 306 facie
667 279 801 306 evidentia
815 279 924 314 pudoris
940 279 1015 313 signa
1036 278 1063 306 in

279 325 355 351 vultu
374 323 503 355 ferentes,
518 323 683 351 abscessere.
695 322 787 358 Itaque
803 323 918 358 populus
928 331 990 350 cum
1003 323 1064 351 illos

279 371 318 399 sic
329 370 499 405 perturbatos
515 374 649 402 cerneret,
663 377 695 397 ac
710 376 771 397 cum
795 370 897 405 pudore
911 374 940 397 et.
954 369 1062 397 tristitia

279 425 294 442 ιι
322 415 448 443 tribunali
467 415 604 447 recedere,
632 416 710 451 quasi
737 423 830 444 eorum
843 420 871 443 et
892 423 947 444 sure
963 415 1064 450 pariter

279 462 428 497 lmpietatis
448 462 538 489 studio
556 461 755 495 eil‘erveseeret,
769 462 824 497 jam
848 462 919 490 enim
939 462 995 489 Arii
1019 462 1063 489 lue

278 516 346 543 pene
361 508 477 543 repletus
489 512 548 536 erat
566 517 572 535 :
589 512 615 535 et
626 508 754 543 alioquin,
777 513 806 536 ut
823 513 849 536 et
873 508 1006 543 episcopis
1037 512 1064 536 et

279 554 434 588 imperatori
449 558 555 588 gratum
579 553 690 587 faceret,
701 554 878 581 Athanasium
889 553 985 581 laedere
1001 558 1062 581 ten-

277 599 390 632 tabant,
415 607 448 627 ac
475 599 593 634 undique
615 599 703 626 virum
723 599 947 632 circumsistunt,
972 599 1063 627 verbis

278 646 501 680 perstringentes,
514 653 611 672 manus
629 645 797 673 inferentes:
819 645 962 679 Garrulus,
982 653 1063 673 vene-

277 693 356 724 tlcus,
377 691 423 727 qui
447 692 517 719 male
536 696 638 726 pereat,
660 692 774 725 aientcs,
801 691 939 726 multaque
959 691 1012 718 alia
1029 691 1062 719 iis

276 737 369 773 pejora
389 757 397 770 ,
412 745 471 773 qua:
486 737 553 764 nihil
568 745 633 765 sane
644 738 677 764 ad
689 738 762 764 illum
784 738 946 770 attinebant,
968 737 1015 764 sed
1029 737 1063 765 ad

277 791 325 811 eos
349 783 395 819 qui
423 783 481 811 haec
501 782 665 818 proferrent,
692 790 752 818 quae
775 783 856 811 etiam
888 783 1062 812 clementiora

274 835 356 857 erant
373 830 405 856 iis
422 836 482 864 qua:
501 829 552 863 ipsi
572 828 667 856 audire
682 829 878 857 merebantur:
896 833 951 856 tum
963 829 1062 864 judici-

1117 231 1153 268 (a)
1169 232 1186 267 ή
1202 232 1330 268 καθέδρα,
1347 232 1415 260 ἀλλὰ
1427 232 1473 260 καὶ
1487 231 1588 268 ταύτην
1600 232 1667 268 μετά
1678 232 1732 259 τῶν
1748 233 1900 269 δορυφόρων

1116 278 1303 310 ἀπολιπόντες,
1317 278 1474 314 σκυθρωποὶ
1488 278 1549 306 λίαν
1563 279 1611 306 καὶ
1629 280 1772 314 κατηφεῖς,
1788 280 1857 315 σαφῆ
1869 278 1902 306 τὰ

1117 323 1237 359 σύμϐολα
1250 325 1299 359 τῆς
1322 323 1453 359 αἰσχύνης
1467 323 1512 350 ἐπὶ
1527 323 1582 350 τῶν
1598 323 1684 358 ὄψεων
1702 323 1829 359 φέροντες
1843 324 1901 350 ἀνι-

1116 369 1231 406 χώρουν.
1248 370 1285 397 Τὸ
1306 369 1370 405 γοῦν
1391 370 1504 406 πλῆθος,
1525 369 1611 402 οὕτως
1632 370 1730 401 αὐτοὺς
1751 369 1848 400 ίδόντες
1858 377 1901 395 τε·

1115 416 1314 451 ταραγμένους,
1338 416 1386 443 καὶ
1403 416 1451 443 σὺν
1468 415 1583 452 αἰσχύνῃ
1599 415 1646 442 καὶ
1660 415 1764 451 ἀθυμίᾳ
1775 414 1822 442 τοῦ
1830 415 1900 441 δικαρ

1117 462 1227 498 στηρίου
1240 462 1455 496 ἀποφοιτῶντας,
1467 462 1514 488 καὶ
1529 462 1623 497 ὥσπερ
1641 461 1712 495 ὑπὲρ
1731 461 1841 488 ἐκείνων
1856 461 1901 488 καὶ

1115 508 1165 543 τῆς
1180 508 1272 542 κοινῆς
1282 507 1408 538 ἀσεϐείας
1416 506 1595 541 ζηλώσαντες,
1607 506 1670 542 (ἤδη
1681 506 1736 541 γὰρ
1743 506 1792 540 τῆς
1800 505 1901 541 ’Δρείου

1115 554 1204 590 λύμης
1228 553 1327 585 ἱκανῶς
1352 553 1556 589 ὐποπέπληστο,
1571 552 1657 584 ἄλλως
1681 561 1711 578 τε
1733 552 1761 579 δὲ
1777 552 1823 579 καὶ
1848 552 1901 583 τοῖς

1115 599 1273 631 ἐπισκόποις
1291 599 1338 626 καὶ
1362 597 1466 633 βασιλεῖ
1476 598 1674 635 χαριζόμενοι,)
1683 597 1809 632 βλάπτειν
1827 596 1902 623 Ἄϐας

1114 646 1206 672 νάσιον
1220 645 1390 680 ἐπεχείρουν,
1404 645 1451 672 καὶ
1471 645 1657 680 περιίστανται
1668 643 1799 670 πάντοθεν
1813 643 1900 676 αὐτὸν,

1116 692 1219 729 ῥήμασι
1231 691 1381 727 βάλλοντες,
1394 693 1488 728 χεῖρας
1502 691 1660 725 ἐπάγοντες,
1673 692 1687 717 ὁ
1703 690 1794 726 λῆρος,
1804 691 1818 716 ὁ
1827 689 1899 724 γόης,

1115 740 1129 766 ὁ
1144 738 1237 770 κακῶς
1248 737 1442 773 ἀπολούμενος,
1452 737 1499 763 καὶ
1516 736 1600 763 πολλὰ
1614 736 1696 772 ἕτερα
1710 736 1794 772 χείρω
1808 735 1900 762 τοῦτον

1115 784 1323 816 ἀποκαλοῦντες·
1343 783 1361 810 ἀ
1375 784 1442 820 πρὸς
1455 783 1504 819 μὲν
1515 784 1618 810 ἐκεῖνον
1633 783 1709 810 οὐδὲν
1731 783 1799 814 ὅλως
1815 783 1901 810 κοινὸν

1115 829 1197 865 εἷχον⁸
1217 830 1286 865 πρὸς
1299 829 1397 861 αὐτοὺς
1410 829 1439 855 δὲ
1455 829 1518 860 τοὺς
1528 829 1665 863 λέγοντας,
1678 829 1725 855 καὶ
1741 828 1830 864 πολλῷ
1855 828 1901 855 τοῦ

274 876 327 903 bus
338 875 567 906 conviciabantur,
580 874 651 910 quod
663 882 714 902 non
728 875 814 910 poenis
825 880 905 910 atque
915 875 1060 910 suppliciis_

1112 876 1218 908 δέοντος
1233 874 1302 911 ἦσαν
1319 875 1572 911 φιλανθρωπότερα,
1585 875 1631 902 καὶ
1640 872 1678 901 ὧν
1692 874 1769 900 αὐτοὶ
1782 873 1901 909 ὑπῆρχον

278 922 368 957 potius
387 928 468 956 quam
488 920 618 956 legitimis
641 921 818 955 argumentis,
840 922 1000 949 sententiam
1022 926 1064 948 tu-

274 968 382 999 tissent,
400 973 433 994 ac
455 971 568 994 mortem
580 966 641 1001 ipsi,
664 971 760 1001 suopte
773 969 932 1000 nutu,]usto
949 967 1063 994 commi-

272 1016 423 1042 nabantur.
438 1013 504 1040 Cum
523 1017 597 1040 tanta
611 1016 701 1040 tamen
717 1012 813 1040 seditio
828 1013 945 1040 excitata
958 1012 1062 1046 fuisset,

278 1065 306 1087 et
322 1063 413 1086 tantus
427 1058 592 1085 tumultusin
605 1057 703 1093 populo
715 1063 835 1091 coortus,
850 1058 917 1086 nihil
932 1066 991 1086 eam
1007 1067 1063 1086 rem

269 1105 364 1133 'Gallio
380 1105 494 1139 curavit,
510 1104 556 1139 qui
571 1108 625 1131 tum
637 1103 781 1140 praefectus
800 1110 859 1132 erat
872 1105 1007 1139 civitatis;
1026 1106 1063 1133 ita

278 1151 378 1178 malum
390 1150 501 1178 ulterius
516 1157 691 1185 pervasurum
711 1150 832 1183 fecisset,
850 1150 900 1178 nisi
917 1151 1064 1178 Archelaus

268 1197 455 1229 'descendens,
470 1197 613 1224 verborum
629 1197 755 1223 suasione
771 1201 798 1224 et
819 1196 928 1224 lenitate
956 1197 1061 1231 plebem

278 1245 410 1275 sedasset,
427 1243 658 1277 Athanasiumque
671 1243 705 1270 ab
727 1243 761 1270 iis
782 1250 843 1270 mox
868 1242 1061 1275 dilaniandum,

274 1298 311 1317 ex
328 1290 424 1318 mediis
437 1289 527 1325 populi
543 1289 670 1316 manibus
688 1289 842 1322 eripuisset.
860 1289 983 1324 clamque
996 1290 1063 1317 urbe

268 1336 462 1364 subduxisset.
473 1335 538 1362 Erat
551 1343 632 1370 porro
641 1335 791 1362 Archelaus
804 1334 945 1362 tribunalis
955 1335 1062 1370 quidem

277 1381 421 1418 prafectus
439 1390 447 1408 :
463 1382 558 1417 virque
569 1381 637 1409 alias
650 1381 887 1416 prudentissimus,
903 1381 1064 1409 mansuetis-

268 1429 375 1460 simus,
390 1435 422 1455 ac
440 1427 544 1455 dicendi
563 1427 745 1462 peritissimus
762 1430 924 1462 paratusque
941 1427 974 1454 ad
991 1435 1062 1454 mor-

277 1475 313 1501 tis
330 1473 478 1509 periculum
492 1472 657 1506 adeundum,
671 1472 693 1500 si
711 1472 737 1500 id
751 1480 818 1507 opus
835 1472 940 1500 fuisset.
956 1473 1004 1501 Hic
1016 1481 1063 1507 po-

270 1520 338 1554 pulo
356 1519 454 1547 furenti
469 1519 578 1546 minime
590 1519 698 1551 cedens,
713 1519 809 1546 suadet
817 1518 966 1545 Athanasio
976 1522 1003 1545 ut
1015 1526 1063 1553 per

1115 922 1224 950 ἀκούειν
1236 922 1317 954 ἄξιον
1336 922 1412 949 αὐτοί
1422 931 1451 949 τε
1460 923 1516 953 τοῖς
1534 921 1672 953 δικασταῖς
1685 920 1901 956 διαλοιδορούμε-

1114 977 1165 1000 νοι,
1179 969 1219 995 ὅτι
1237 969 1273 1004 μὴ
1291 969 1396 1000 ποιναῖς
1414 968 1513 1004 μᾶλλον
1527 967 1575 994 καὶ
1591 967 1745 1003 τιμωρίαις,
1765 966 1832 993 ἀλλὰ
1846 967 1902 997 τοῖς

1114 1016 1146 1042 ἐκ
1157 1015 1210 1042 τῶν
1224 1015 1314 1050 νόμων
1328 1014 1449 1050 ἐλέγχοις
1455 1013 1503 1049 τὴν
1515 1013 1603 1050 ψῆφον
1616 1012 1779 1049 ἐπέτρεψαν,
1793 1012 1840 1039 καὶ
1853 1011 1902 1038 θά-

1113 1069 1192 1088 νατον
1208 1060 1312 1087 οἴκοθεν
1325 1060 1406 1087 αὐτοὶ
1429 1060 1509 1087 πάλιν
1533 1059 1722 1095 ἀπειλούμενοι
1740 1059 1779 1095 τῷ
1794 1058 1901 1094 δικαίῳ.

1113 1107 1286 1142 Τοσαύτηςδὲ
1298 1107 1372 1141 ὅμως
1390 1106 1508 1138 στάσεως
1528 1105 1781 1142 ἀναρριπισθείσης,
1796 1105 1844 1132 καὶ
1853 1113 1901 1141 τη-

1113 1153 1242 1188 λικαύτης
1257 1153 1370 1186 ἀταξίας
1377 1152 1492 1188 ἐχούσης
1507 1152 1553 1180 τὸν
1563 1153 1659 1188 δῆμον,
1671 1152 1746 1178 οὐδὲν
1755 1151 1823 1183 ὅλως
1836 1151 1901 1187 ἐμέο

1113 1199 1178 1234 λησε
1193 1198 1232 1234 τῷ
1257 1198 1400 1229 Γαλλίωνι,
1425 1198 1454 1230 ὃς
1476 1196 1545 1233 ἦρχε
1555 1197 1615 1224 τότε
1629 1198 1678 1233 τῆς
1700 1197 1812 1229 πόλεως·
1830 1196 1899 1224 ὥστε

1113 1244 1164 1271 κᾶν
1191 1245 1294 1280 προέϐη
1309 1244 1338 1271 τὺ
1355 1244 1440 1271 κακὸν
1461 1244 1623 1279 περαιτέρω,
1643 1244 1667 1269 εί
1690 1242 1727 1278 μὴ
1747 1242 1900 1278 Ἀρχέλαος,

1113 1290 1244 1322 καταϐὰς,
1261 1290 1349 1317 πειθοῖ
1357 1299 1386 1316 τε
1403 1289 1489 1324 λόγων
1509 1290 1555 1316 καὶ
1571 1289 1721 1324 ήμερὸτητι
1743 1288 1843 1314 λεαίνει
1871 1287 1903 1314 τὸ

1113 1335 1223 1370 πλῆθος,
1236 1335 1282 1361 καὶ
1301 1335 1431 1370 μέλλοντα
1448 1333 1613 1361 διασπᾶσθαι
1623 1333 1668 1359 τὸν
1690 1332 1856 1364 “Αθανάσιον,
1870 1332 1902 1358 ἐκ

1115 1382 1204 1416 μέσων
1216 1375 1270 1408 τῶν
1279 1381 1326 1408 τοῦ
1337 1381 1422 1417 δήμου
1438 1381 1549 1417 χειρῶν,
1572 1379 1653 1406 αὑτὸν
1670 1378 1837 1414 ἀφαρπάζει,
1853 1378 1901 1404 καὶ

1112 1427 1246 1463 λαθραίως
1263 1427 1393 1462 ὑπεξάγει
1418 1427 1469 1462 τῆς
1491 1426 1604 1458 πόλεως.
1628 1424 1682 1453 Ἦν
1699 1425 1727 1452 δὲ
1756 1424 1902 1460 ’Λρχέλαος

1112 1470 1189 1505 οὗτος
1198 1473 1243 1500 τοῦ
1255 1473 1395 1509 κριτηρίου
1413 1473 1462 1508 μὲν
1482 1471 1631 1508 προεστώς·
1647 1471 1730 1498 τᾶλλα
1740 1470 1768 1497 δέ
1782 1471 1829 1497 καὶ
1849 1478 1903 1496 σω-

1114 1519 1292 1555 φρονέστατος
1298 1519 1345 1545 καὶ
1353 1518 1567 1550 ἐπιεικέστατος,
1578 1516 1626 1543 καὶ
1632 1517 1718 1543 εἰπεῖν
1724 1515 1902 1547 ἱκανώτατος,

275 1569 396 1593 secretos
410 1565 485 1592 urbis
495 1564 584 1591 exitus
608 1563 716 1591 evadat.
734 1562 802 1590 Cum
818 1563 908 1597 itaque
923 1562 967 1590 ille
981 1569 1011 1590 ea
1028 1563 1061 1590 de

1113 1569 1136 1594 εί
1154 1567 1181 1594 δέ
1198 1576 1249 1593 που
1266 1567 1312 1593 καὶ
1324 1566 1439 1593 θανάτου
1457 1565 1510 1591 δέοι
1524 1564 1701 1599 καταφρονεῖν
1718 1563 1900 1598 ἑτοιμότατος.

271 1618 356 1638 causa
368 1609 435 1637 urbe
442 1609 615 1641 excessisset,
627 1607 714 1636 coacti
726 1607 896 1642 injustissimi
910 1607 945 1634 illi
958 1607 1062 1641 judices

274 1656 424 1683 deliberant
453 1658 547 1682 contra
572 1658 717 1686 sanctum,
755 1659 886 1687 reumque
916 1651 1060 1679 allatorum

269 1701 416 1729 criminum
430 1700 616 1736 pronuntiant.
633 1699 765 1726 Scribant
781 1702 852 1730 acta,
879 1705 939 1733 qum
959 1697 1061 1732 ubique

271 1747 432 1782 divulgant:
455 1745 712 1774 intercluduntcttm
733 1745 809 1772 aditu
831 1745 953 1772 omnium
973 1745 1062 1780 regio-

272 1800 355 1825 num,
371 1792 493 1825 urbium,
515 1791 688 1819 ecclesiarum
710 1799 717 1818 :
743 1790 872 1826 omnique
897 1791 1002 1818 ratione
1019 1798 1062 1818 os.

272 1839 388 1866 tendunt
409 1838 580 1866 tenebrarum
604 1837 667 1869 ﬁlii,
688 1843 719 1864 se
741 1836 820 1872 longe
844 1837 938 1865 abesse
957 1837 1024 1864 velle
1043 1845 1059 1864 a

273 1888 347 1910 tanta
364 1882 482 1910 luce.lra
498 1883 562 1910 item
575 1881 918 1910 incenduntConstantium
932 1883 1060 1910 adversus

272 1927 367 1959 illum;
382 1926 419 1954 ita
438 1930 468 1953 ut
490 1926 572 1954 etiam
588 1927 716 1962 pecunias
727 1931 755 1954 et
771 1927 888 1955 honores
904 1927 1061 1954 decerneret

273 1973 307 2000 iis
339 1974 385 2007 qui
423 1976 470 2000 aut
488 1971 588 1999 vivum-
603 1972 772 2005 indicarent,
794 1977 840 1999 aut
861 1973 959 2000 mortui
979 1977 1059 2006 caput

273 2018 410 2046 ali'errcnt.
427 2018 472 2046 Ille
485 2025 548 2046 vero
559 2025 591 2046 ac
602 2018 625 2046 si
637 2025 690 2046 non
706 2019 776 2046 intra
793 2017 907 2046 Romani
923 2018 991 2046 ﬁnes
1004 2019 1055 2046 im-

272 2064 358 2101 perii,
382 2064 430 2092 sed
451 2064 532 2092 etiam
553 2067 630 2092 extra
651 2064 744 2091 orbem
764 2064 890 2091 exsulare
914 2064 1006 2100 jussus
1029 2069 1057 2092 et

272 2112 439 2144 damnatus,
464 2110 622 2138 sexennium
649 2111 675 2137 in
703 2110 762 2137 lacu
786 2111 860 2138 sicco
879 2116 907 2138 et
928 2111 1058 2145 inaquoso

272 2159 358 2184 latens
379 2157 493 2192 peregit.
516 2155 583 2189 Cum
610 2161 699 2183 autem
717 2155 742 2183 ei
766 2163 800 2183 ne
824 2156 860 2182 ita
887 2156 994 2191 quidem
1023 2156 1057 2183 ad

272 2202 352 2230 tinem
370 2209 454 2237 usque
474 2202 556 2229 latere
580 2201 690 2234 liceret,
718 2201 765 2228 sed
788 2200 908 2228 futurum
931 2206 1005 2229 esset
1027 2207 1057 2229 ut

273 2250 435 2284 insequente
460 2248 502 2276 die
525 2252 679 2282 caperetur,
706 2247 807 2282 ubique
831 2247 903 2274 enim
929 2252 1056 2282 accurate
1073 2242 1094 2269 ι)

272 2295 488 2330 perquirebatur,
519 2299 546 2321 et
566 2293 793 2328 investigabatur,
819 2293 909 2320 divina
940 2294 1055 2328 quadam

271 2342 440 2376 providentia
455 2345 482 2368 et
492 2340 598 2368 visione
610 2339 669 2367 lacu
680 2346 814 2373 egressus,
830 2339 912 2366 alium
927 2339 954 2366 in
967 2341 1054 2367 locum

271 2387 402 2420 procedit.
419 2385 482 2413 Post
495 2390 620 2412 metuens
635 2392 669 2412 ne
688 2385 745 2412 illic
757 2391 865 2420 quoque
877 2385 1055 2419 comprehen-

270 2440 318 2459 sus
334 2432 482 2468 periculum
509 2431 541 2457 iis
558 2434 665 2458 crearet
689 2430 735 2465 qui
762 2437 792 2458 se
815 2430 994 2464 recepissent,
1021 2437 1054 2457 ex

270 2479 448 2506 orientalibus
467 2478 608 2505 discedens
636 2478 774 2512 partibus,
809 2477 842 2504 ad
875 2476 1056 2505 occidentales

270 2525 405 2553 concedit.

308 2662 350 2690 l5.
371 2662 521 2696 lmperabat
541 2666 596 2689 tum
613 2662 640 2689 in
662 2661 807 2689 Occidente
831 2660 964 2688 Constans
983 2659 1054 2687 Con-

263 2708 380 2735 stantini
392 2708 485 2740 frater,
503 2708 550 2743 qtti
564 2716 650 2744 nuper
663 2709 739 2736 fratri
755 2709 932 2736 Constantino
949 2715 1055 2735 succes-

305 2808 344 2845 (α)
355 2809 422 2837 Tres
436 2818 501 2838 mss.
514 2811 637 2838 ἀνεκτόν.

300 2843 342 2880 (ο)
357 2845 395 2872 ita
409 2853 476 2872 mss.
495 2845 565 2873 Editi
578 2854 639 2874 vero
651 2846 823 2879 δικαιότατοι,
839 2846 950 2875 ironice.

1111 1611 1194 1645 Οὗτος
1223 1610 1270 1639 οὖν
1298 1612 1372 1645 εἴξας
1396 1611 1550 1647 μαινομένῳ
1571 1609 1609 1645 τῷ
1636 1609 1723 1644 δήμῳ,
1747 1608 1833 1634 πείθει
1855 1608 1902 1634 τὸν

1117 1659 1276 1686 Ἀθανάσιον
1298 1659 1326 1684 ἐν
1345 1659 1480 1694 κρυπταῖς
1495 1658 1545 1692 τῆς
1562 1656 1665 1687 πόλεως
1676 1654 1774 1687 ἐξόδοις
1790 1652 1903 1687 ὑπεξελ-

1110 1704 1175 1731 θεῖν.
1198 1704 1252 1730 Τοῦ
1274 1703 1303 1730 δὲ
1317 1704 1360 1730 διὰ
1385 1703 1471 1729 ταῦτα
1496 1703 1545 1738 τὴν
1565 1701 1641 1728 πόλιν
1669 1699 1856 1732 ἀπολιπόντος,
1875 1700 1902 1726 οἱ

1110 1750 1269 1778 ἀδικώτατοι
1298 1749 1334 1786 (b)
1357 1749 1492 1780 δικασταὶ,
1521 1747 1702 1779 συνελθόντες,
1728 1746 1902 1782 βουλεύονται

1109 1797 1179 1823 κατὰ
1195 1796 1242 1823 τοῦ
1254 1795 1343 1830 ἁγίου,
1353 1795 1526 1831 ψηφίζονται,
1534 1793 1739 1828 ἀποφαίνονται,
1751 1792 1904 1819 ὑπεύθυνον

1108 1844 1165 1874 τοῖς
1180 1841 1392 1877 ἐγκεκλημένοις
1404 1841 1552 1867 ποιοῦνταιο
1567 1839 1718 1874 γράφουσιν
1736 1838 1903 1874 ὑπομνήμα-

1107 1897 1152 1920 τα,
1165 1887 1300 1923 πανταχοῦ
1314 1887 1524 1922 διαπέμπουσιν,
1537 1886 1705 1913 ἐκκλείουσιν
1712 1885 1793 1911 αὐτὸν
1809 1884 1905 1920 πάσης

1109 1934 1210 1971 χώρας.
1222 1934 1334 1966 πόλεως,
1353 1933 1510 1968 ἐκκλησίας,
1523 1932 1603 1959 παντὶ
1618 1932 1710 1967 τρόπῳ
1731 1930 1904 1959 δεικνύουσιν

1107 1983 1132 2008 al
1145 1981 1192 2008 τοῦ
1206 1981 1317 2012 σκότους
1334 1980 1387 2006 uio!
1406 1979 1512 2015 μακρὰν
1535 1976 1603 2005 εἶναι
1623 1976 1766 2013 βούλεσθαι
1778 1976 1904 2004 τοιούτου

1108 2027 1206 2063 φωτός.
1227 2025 1448 2062 Ἐξοργίζουσιδέ
1461 2025 1507 2051 καὶ
1519 2023 1708 2051 Κωνστάντιον
1726 2026 1763 2058 (ε)
1781 2023 1842 2049 κατ’
1856 2024 1906 2051 αὐ-

1107 2073 1166 2105 τοῦ,
1186 2072 1323 2103 τοσοῦτον,
1334 2071 1407 2098 ὥστε
1424 2071 1471 2098 κα)⁵
1489 2071 1617 2106 χρήματα
1633 2069 1774 2105 καὶτιμὰς
1790 2069 1905 2097 ὑποτεί-

1107 2128 1163 2146 νειν
1183 2120 1239 2150 τοῖς
1262 2118 1279 2153 ἢ
1298 2117 1385 2150 ζῶντα
1401 2117 1446 2144 τὸν
1462 2116 1544 2152 ἀνδρα
1566 2116 1741 2152 μηνύσουσιν,
1758 2115 1774 2151 ἦ
1790 2117 1905 2153 ἀναιρε-

1107 2162 1198 2194 θέντος
1213 2162 1263 2198 τὴν
1282 2161 1402 2196 κεφαλὴν
1414 2161 1541 2187 οἴσουσιν.
1567 2161 1596 2186 '0
1609 2160 1636 2186 δὲ
1656 2159 1781 2197 καθάπερ
1794 2161 1843 2187 οὐκ
1870 2161 1904 2188 ὲν

1108 2208 1181 2244 ὅροις
1199 2208 1248 2243 τῆς
1263 2207 1407 2242 Ῥωμαίων
1428 2207 1526 2242 ἀρχῆς,
1538 2206 1594 2233 ἀλλ’
1617 2205 1670 2238 ἔξω
1684 2207 1731 2233 καὶ
1743 2207 1826 2242 αὐτῆς
1847 2207 1901 2242 τῆς

1109 2254 1270 2289 οἰκουμένης
1285 2253 1334 2288 τὴν
1358 2252 1505 2287 φυγαδείαν
1522 2252 1717 2288 κατακριθεὶς,
1744 2252 1823 2279 ἕκτον
1848 2253 1904 2288 μὲν

1108 2298 1166 2330 ἔτος
1183 2299 1211 2325 ἐν
1222 2297 1316 2334 λάκκῳ
1330 2297 1384 2324 τινὶ
1396 2297 1470 2334 ξηρῷ
1479 2298 1636 2324 παντάπασι
1651 2297 1700 2324 καὶ
1713 2297 1821 2333 ἀνύδρῳ
1835 2296 1905 2324 λαν-

1108 2343 1195 2371 θάνων
1211 2342 1370 2379 ἐκρύπτετο·
1391 2343 1452 2369 ἐπεὶ
1474 2342 1502 2368 δὲ
1520 2342 1586 2378 μηδὲ
1597 2341 1667 2369 οὕτω
1683 2341 1773 2369 λαϐεῖν
1796 2339 1831 2378 ἦν
1852 2341 1903 2369 διὰ

1106 2389 1208 2421 τέλους,
1228 2389 1285 2416 ἀλλ’
1299 2387 1394 2423 ἔμελλε
1404 2388 1452 2424 τῆς
1471 2388 1600 2423 ἐπιούσης
1613 2387 1782 2415 ἁλίσκεσθαι·
1793 2396 1903 2415 παντα-

1107 2434 1154 2470 χοῦ
1180 2434 1235 2469 γὰρ
1250 2432 1372 2468 ἀκριὸὦς
1387 2432 1508 2469 ἐξῃτεῖτο
1529 2433 1575 2459 καὶ
1588 2432 1753 2468 ἀνιχνεύετο·
1769 2431 1829 2467 θείᾳ
1841 2432 1903 2459 τινὶ

1107 2480 1221 2515 προνοίᾳ
1244 2479 1291 2506 καὶ
1315 2478 1375 2514 ὕψει
1391 2478 1437 2505 τοῦ
1467 2479 1568 2505 λάκκου
1594 2477 1901 2514 ὑπεξελθὼνκάλλαχοῦ

1109 2526 1275 2561 μεταϐαίνει.
1302 2526 1429 2558 Ἔπειτα,
1451 2525 1541 2557 δείσας
1567 2525 1604 2561 μὴ
1625 2525 1672 2551 καὶ
1694 2526 1782 2551 ἐκεῖσε
1812 2524 1901 2551 πάλιν

1106 2573 1186 2605 ἁλοὺς
1213 2573 1335 2600 κινδύνου
1359 2574 1416 2604 τοῖς
1435 2572 1645 2607 ὑποδεξαμένοις
1661 2572 1746 2604 αἴτιος
1758 2574 1898 2607 καταστῇ,

1105 2618 1174 2654 πρὸς
1185 2619 1234 2654 τὴν
1247 2619 1364 2654 ἑσπέραν
1375 2618 1429 2645 ἀπὸ
1449 2618 1498 2652 τῆς
1513 2617 1582 2652 ἑῴας
1596 2617 1750 2653 μετεφοίτα.

1143 2663 1186 2690 15.
1205 2661 1293 2699 Ἧρχε
1310 2663 1338 2690 δὲ
1364 2663 1449 2698 αὺτῆς
1471 2662 1621 2698 τηνικαῦτα
1643 2662 1775 2694 Κώνστας
1789 2663 1802 2689 ό
1816 2662 1902 2688 Κων-

1109 2708 1246 2735 σταντίνου
1263 2708 1385 2743 ἀδελφὸς,
1409 2708 1470 2744 ἄρτι
1495 2707 1540 2735 τὸν
1555 2708 1670 2743 ἀδελφὸν
1690 2707 1901 2734 Κωνσταντῖνον

1142 2809 1176 2844 (c)
1190 2809 1228 2836 Ita
1242 2817 1307 2837 mss.
1317 2809 1388 2836 Editi
1399 2817 1472 2845 vero,
1484 2810 1588 2846 μακρὸν
1601 2808 1670 2838 εἶναι
1680 2808 1898 2845 βουλεύεσθαι...

1101 2845 1305 2873 Κωνσταντῖνον
1311 2866 1317 2878 ,
1338 2846 1415 2873 male.
