2027 3042
625 177 705 204 VITA
727 177 756 204 S.
778 174 963 204 ATHANASII
982 176 1132 205 INCERTO
1152 176 1327 206 AUCTORE.

1701 188 1778 209 CXCIX

162 234 360 271 διαδεξάμενος,
374 235 413 268 ὃς,
425 235 496 264 οὕτω
507 234 556 274 τὴν
567 238 654 274 ἀρχὴν
669 239 781 272 διαθεὶς,
795 238 888 275 ὥσπερ
905 247 940 266 κα

1001 243 1090 272 serat.
1107 238 1151 274 qui
1166 247 1226 266 cum
1242 239 1277 266 ita
1290 236 1323 266 de
1341 238 1453 274 imperio
1467 239 1614 273 statuisset,
1630 245 1658 268 ut
1671 242 1779 275 dicitur,

162 280 393 316 λέγεται,δέχεται
407 282 473 318 πρὸς
489 285 521 318 τῇ
543 284 672 319 ’Δκυληῖᾳ
687 284 762 320 παρά
779 283 818 318 τῷ
832 283 946 319 ποταμῷ

163 325 253 361 ’Δλσῳ
264 325 312 361 τὴν
322 326 449 362 τελευτὴν
466 327 585 354 ὲπιθέσει
594 327 642 363 τῆς
657 329 793 364 στρατιᾶς.
806 328 845 364 Τῇ
857 327 947 364 Εὐρώ-

161 378 200 407 πῃ
211 371 355 407 τοιγαροῦν
370 372 525 405 Ἀθανάσιος
538 374 659 408 ἐπιστὰς,
675 375 775 410 Ἰουλίῳ
789 383 817 402 τε
839 373 947 410 Ῥώμης

159 416 313 451 ἑπισκόπῳ,
338 417 407 452 πρὸς
430 417 459 444 δὲ
476 419 523 445 καὶ
555 419 629 454 αὑτῴ
659 419 764 454 βασιλεῖ
788 419 946 447 Κώνσταντι

158 460 325 496 παραϐαλὼν
350 462 385 489 τά
412 463 473 489 κατ’
499 464 580 491 αὑτὸν
615 465 757 500 διηγεῖται.
789 465 890 493 Μαθὼν
917 466 946 493 δὲ

158 506 206 542 τὴν
232 507 277 535 ἐπὶ
306 510 480 545 καταστροφῇ
505 509 555 545 μὲν
591 510 704 544 ἑαυτῶν,
739 511 884 548 διαστροφῇ
917 513 946 540 δὲ

157 552 208 587 τῆς
234 553 373 590 ὀρθοδόξου
394 555 512 587 πίστεως
530 557 559 583 ὲν
584 557 732 593 ’Δντιοχείᾳ
752 558 945 594 συγκροτηθεῖ-

159 607 219 631 σαν,
244 600 281 632 ὡς
295 601 332 636 μὴ
357 599 455 636 ὤφελε,
472 601 591 636 σύνοδον,
612 603 658 630 καὶ
680 603 722 630 ὅτι
741 603 875 639 Γεώργιός
891 613 942 639 τις,

158 645 274 680 πονηρὸν
296 645 342 672 τοῦ
369 646 556 683 ἀντικειμένου
571 648 714 685 γεώργιον,
737 651 777 682 εἰς
794 650 840 676 τὸν
861 651 943 678 αὐτοῦ

163 689 256 726 θρόνον
272 691 326 727 ὅσῳ
348 692 452 719 οὐδέπω
476 693 565 729 μέλλει
581 695 830 728 ἀντικαθίστασθαι,
851 697 943 733 φέρειν

157 735 208 762 οὐκ
232 734 314 771 εἶχεν,
334 737 391 764 ἀλλ’
410 738 529 774 ἔγραφεν
557 740 711 776 ἁπανταχοῦ
729 741 778 777 τῆς
792 742 941 776 Αἰγύπτου,

154 782 194 818 τῷ
218 783 322 819 κλήρῳ,
347 785 404 816 τοῖς
429 785 457 811 ἐν
479 785 568 819 τέλει,
597 786 636 822 τῷ
661 788 749 823 δήμῳ,
765 789 942 824 παρακαλῶν,

154 827 285 861 ἀπειλῶν,
316 829 460 862 νουθετῶν,
489 832 661 865 παντοδαπὰς
688 833 798 861 ἑλίττων
819 834 896 866 ὀδοὺς
913 836 942 863 ἐν

152 876 210 906 τοῖς
225 875 395 910 γράμμασιν,
413 876 482 903 ὥστε
506 879 711 913 ἀπαραδέκτους
737 882 826 915 μεῖναι
844 881 942 908 παντάα

1000 284 1134 312 exercitus
1153 285 1194 311 sui
1219 285 1349 312 seditione
1369 285 1402 312 ad
1424 284 1573 320 Aquileiam
1591 293 1673 321 prope
1687 286 1780 314 Alsum

999 330 1107 358 ﬂuvium
1126 330 1206 358 ﬁnem
1224 331 1286 358 vitae
1313 331 1427 365 accepit.
1449 330 1478 358 In
1499 331 1630 367 Europam
1651 339 1712 359 cum
1733 333 1780 360 ad-

999 377 1297 410 venissetAthanasius,
1309 376 1409 404 Julium
1423 377 1488 404 adiit
1504 377 1596 404 Romm
1606 378 1760 412 episcopum
1770 398 1778 409 ,

999 424 1116 458 itemque
1129 423 1305 452 Constantem
1322 424 1522 459 imperatorem,
1542 423 1641 459 quibus
1660 432 1721 452 suas
1735 432 1778 452 res

999 474 1201 497 commemorat.
1237 469 1304 497 Cum
1331 470 1448 498 audisset
1474 475 1564 497 autem
1594 470 1627 497 de
1655 471 1776 505 synodo,

997 523 1077 550 quam
1099 515 1133 542 ad
1153 522 1229 542 suam
1246 516 1363 551 ipsorum
1383 515 1544 551 perniciem,
1564 519 1592 543 ct
1609 517 1642 544 ad
1661 517 1722 545 ﬁdei
1734 524 1778 544 or-

997 561 1121 588 thodoxa
1142 561 1262 594 ruinam,
1282 561 1431 589 Antiochiae
1446 562 1517 591 nullo
1535 563 1595 598 jure
1610 568 1776 598 coegerant;

997 610 1023 634 et
1036 607 1107 642 quod
1122 607 1254 643 Georgius
1263 608 1370 643 quidam
1383 628 1391 641 ,
1406 616 1519 643 pravum
1536 610 1702 643 adversarii,
1728 618 1776 637 seu

997 652 1115 685 diaboli,
1137 652 1280 689 γεώργιον,
1300 654 1325 681 id
1345 658 1387 681 est
1414 654 1591 690 agricultura,
1605 655 1631 682 in
1649 655 1776 683 thronum

996 705 1072 725 suum
1087 697 1162 726 brevi
1180 699 1383 727 constituendus
1397 704 1478 733 esset,
1493 707 1549 727 rem
1566 709 1618 728 non
1634 700 1711 734 tulit;
1727 702 1775 729 sed

996 743 1094 778 ubique
1112 751 1160 780 per
1179 744 1324 781 [Egyptum
1347 746 1452 774 litteras
1470 747 1557 781 misit,
1580 746 1669 782 clero,
1691 746 1777 782 magi-

995 789 1137 822 stratibus,
1151 790 1248 824 populo
1258 810 1266 822 ,
1282 798 1394 825 rogans,
1411 792 1593 824 comminans,
1608 793 1754 820 admonens
1765 813 1774 826 ,

994 841 1088 862 omnes
1099 835 1157 862 vias
1173 835 1272 863 litteris
1292 840 1382 863 terens
1393 836 1465 869 suis;
1485 841 1514 864 ut
1528 835 1681 865 nullatenus
1696 837 1775 864 Aria-

995 880 1054 908 nica
1066 880 1169 908 zizania
1185 881 1351 915 reciperent,
1374 882 1531 917 seminaque
1550 887 1630 910 recta:
1645 883 1774 910 doctrinm

154 928 222 947 πσσι
239 920 292 948 τῶν
310 922 412 957 Ἀρείου
433 922 568 956 ζιζανίων,
596 925 642 951 καὶ
660 925 749 960 πάσης
772 927 859 962 ἀμιγῆ
883 927 940 962 βλα-

992 925 1166 961 blasphemiis
1189 926 1262 954 nullo
1286 927 1367 954 modo
1387 928 1603 955 commiscerent.
1630 927 1773 955 Eusebiani

155 965 279 1001 σφημίας
301 967 374 1002 αύτῷ
386 968 435 1003 τῆς
450 969 601 1004 ὀρθοδοξίας
612 971 727 1007 τηρῆσαι
737 971 771 999 τά
787 973 939 1008 σπέρματα.

153 1012 186 1038 Ol
210 1011 239 1038 δὲ
267 1012 331 1048 περὶ
360 1014 499 1046 Εύσὲϐιον,
522 1015 602 1042 δεινοὶ
622 1017 668 1043 καὶ
694 1016 851 1054 παρασῦραί
867 1027 938 1051 τινα,

153 1057 199 1084 καὶ
215 1058 432 1093 ὑποποιήσασθαι
456 1060 542 1093 ὅντες,
556 1061 595 1094 ὡς
613 1061 663 1097 ἤδη
672 1063 771 1099 πολλὴν
787 1064 879 1100 ἐώρων
893 1064 939 1091 τοῦ

151 1103 391 1140 ἀπολογησομένου
405 1106 454 1142 τὴν
467 1107 599 1143 ἐρημίαν,
617 1108 665 1145 ὅλῃ
681 1109 790 1145 γλώσσῃ
808 1110 874 1146 πρὸς
895 1111 940 1138 τὸν

138 1149 267 1184 ’βασιλέα
296 1152 470 1184 κατειπόντες
495 1153 663 1187 Ἀθανασίου,
690 1156 737 1182 καὶ
757 1156 803 1183 τὸν
831 1156 940 1184 ιῠκολον

153 1196 256 1222 ἐκεῖνον
270 1197 318 1223 καὶ
332 1197 420 1233 ἀφελῆ
441 1198 629 1227 Κωνστάντιον
640 1200 700 1228 ὅλον
710 1202 939 1239 ἐπισπασάμενοι,

153 1241 200 1286 και
222 1241 361 1278 ὁμόψηφον
379 1243 418 1279 (a)
444 1245 536 1277 αὐτοῖς
557 1245 677 1281 θέμενοι,
711 1247 869 1276 Ἀθανασίου
891 1250 940 1286 μὲν

153 1285 312 1322 καθαίρεσιν
330 1289 428 1324 καὶμὴ
456 1291 588 1326 παρόντος
611 1293 852 1329 καταψηφίζονται·
873 1295 942 1332 Γρη-

153 1334 244 1369 γόριον
258 1334 286 1361 δέ
312 1344 374 1363 τινα
394 1337 427 1372 τῇ
450 1337 655 1374 Ἀλεξανδρέων,
668 1339 770 1376 λύσσης
788 1341 942 1377 ἀναπεπλη-

154 1380 253 1416 σμένον
270 1382 450 1417 Ἀρειανικῆς,
467 1384 681 1419 ἀντεισάγουσιν.
696 1385 773 1413 Οὕτω
782 1386 809 1413 δὲ
826 1387 894 1423 πρὸς
909 1388 940 1415 τὸ

151 1425 247 1452 δοκοῦν
260 1427 347 1454 ταῦτα
370 1428 582 1464 διοικησάμενοι,
600 1430 670 1458 κατὰ
690 1431 789 1467 πολλὴν
814 1433 865 1468 ἤδη
889 1433 940 1469 τὴν

152 1471 274 1504 ἐξουσίαν
288 1474 335 1500 καὶ
344 1473 433 1508 δόγμα
444 1475 541 1502 οἰκεῖον
556 1475 721 1512 εἰσφέρουσι.
737 1477 884 1513 Γρηγόριος
899 1479 938 1512 δὲ,

153 1518 237 1553 μήπω
252 1519 301 1554 τῆς
322 1519 516 1556 Ἀλεξανδρέων
528 1521 635 1554 ἐπιϐὰς,
647 1522 683 1554 ὡς
700 1522 748 1559 ἤδη
762 1523 811 1559 τῆς
833 1524 942 1561 Ἐκκλη-

153 1563 214 1596 σίας
227 1565 376 1600 προεστὼς,
396 1567 442 1593 καὶ
456 1567 503 1594 τοῦ
527 1568 621 1604 θρόνου
645 1569 876 1606 ἀντιποιούμενος,
891 1572 938 1599 καὶ
951 1587 974 1619 c

153 1610 249 1646 ὥσπερ
281 1611 353 1647 ἔχειν
379 1614 444 1648 παρ’
473 1614 562 1650 ἐαυτῷ
586 1615 756 1651 προσδοκῶν,
788 1618 855 1653 ὅπερ
884 1618 937 1646 οὐδ’

152 1656 220 1691 ὅναρ
240 1657 311 1690 ἕξειν
339 1657 476 1692 ¹ὴλτιίςετο,
505 1661 648 1696 γράμμασι
679 1662 769 1697 χειρὸς
800 1662 866 1696 ἰδίας
891 1665 939 1692 καὶ

152 1701 234 1733 αὐτὸς
244 1702 387 1729 ἐπιστοῦτο
398 1703 432 1730 τὰ
447 1703 604 1740 δεδογμένα.
622 1705 746 1733 Τοιοῦτον
756 1706 810 1742 γὰρ
818 1707 938 1735 ἀναίδεια

152 1747 200 1774 καὶ
243 1748 376 1784 κουφότης
411 1749 440 1776 ὲν
470 1751 563 1786 χερσὶν
593 1751 664 1787 ἔχειν
691 1752 735 1779 ἀεὶ
764 1752 871 1780 δοκοῦσι
903 1753 938 1781 τὰ

153 1793 376 1829 προσδοκώμενα.
403 1795 531 1829 Εὑσέῦιος
549 1796 651 1833 μέντοι,
673 1798 702 1829 ὃς
721 1799 768 1825 καὶ
792 1799 937 1835 ἀξιόμαχος

151 1836 186 1874 ἦν
206 1839 257 1875 τῆς
287 1840 413 1873 ἀσεϐείας
426 1842 624 1879 προασπιστὴς,
648 1844 710 1870 ἐπεὶ
735 1845 805 1872 κατὰ
825 1844 937 1882 γνώμην

151 1885 225 1920 αὐτῷ
236 1885 271 1913 τὰ
285 1887 404 1922 παρόντα
422 1887 534 1920 διέθετο,
548 1889 729 1925 πρεσϐεύεται
741 1890 809 1926 πρὸς
818 1890 935 1925 Ἰούλιον,

151 1931 250 1967 πολλὴν
261 1932 309 1967 μὲν
317 1932 474 1960 Ἀθανασίου
483 1934 654 1970 καταδρομὴν
668 1937 696 1962 ἐν
707 1937 766 1968 ταῖς
783 1937 936 1970 ἐπιστολαῖς

152 1978 343 2013 ποιησάμενος·
373 1979 482 2014 πέμψας
498 1979 527 2006 δὲ
546 1980 592 2007 καὶ
604 1980 637 2012 ἃς
652 1980 754 2016 sapae:
770 1983 829 2009 κατ’
853 1983 936 2010 αὑτοῦ

156 2022 301 2056 ἐπιϐουλὰς
314 2025 360 2051 καὶ
384 2026 574 2059 συκοφαντίας,
587 2027 634 2053 καὶ
646 2026 773 2063 δικαστὴν
792 2028 850 2063 ἅμα
869 2028 935 2055 καθ-

153 2067 216 2100 ίζων
230 2068 275 2095 τοῦ
302 2069 397 2105 ἀνδρὸς
423 2070 470 2096 καὶ
485 2071 648 2108 ἐπιτιμητὴν
663 2071 709 2098 τὸν
729 2072 845 2100 Ἰούλιον.
859 2073 888 2099 '0
907 2074 936 2101 δὲ

151 2110 196 2147 (ἦν
207 2113 260 2149 γὰρ
270 2114 318 2149 οὐχ
343 2113 399 2147 οἷος
419 2115 560 2151 πλάσμασι
584 2117 630 2143 καὶ
642 2116 729 2149 δόλοις
738 2117 856 2150 εὐκόλως
869 2119 937 2146 ὐπο-

151 2157 276 2193 συρῆναι,
289 2158 354 2185 ἀλλὰ
367 2159 414 2186 καὶ
426 2161 550 2196 φωρᾶσαι
561 2161 646 2188 ταῦτα
654 2162 700 2188 καὶ
708 2164 824 2190 συνεῖναι
837 2163 935 2199 μᾶλλον

148 2202 302 2238 ὀξύτατος),
319 2203 354 2230 τὰ
368 2204 499 2232 Εὐσεὸίου
511 2206 662 2242 γράμματα
681 2208 874 2244 κομισάμενος,
888 2210 934 2236 καὶ

990 978 1070 1005 porro
1087 977 1180 1005 graves
1195 970 1227 998 ad
1240 971 1468 1006 persuadendum,
1488 975 1515 999 et
1532 972 1564 998 ad
1580 971 1772 1002 simulandum.

990 1015 1033 1042 ubi
1051 1016 1177 1043 viderunt
1188 1015 1282 1051 procul
1298 1016 1392 1043 abesse
1408 1016 1453 1050 qui
1470 1024 1579 1044 causam
1601 1016 1771 1049 defenderet.

989 1060 1119 1088 eiirenata
1152 1061 1240 1097 lingua
1272 1061 1341 1096 apud
1375 1061 1561 1096 imperatorem
1600 1061 1774 1088 criminantes

989 1106 1180 1138 Athanasium,
1208 1111 1288 1141 atque
1316 1105 1471 1141 perfacilem
1490 1106 1563 1133 illum
1583 1110 1611 1134 et
1623 1105 1773 1140 simplicem

990 1150 1179 1179 Constantium
1196 1152 1391 1184 subornantes,
1412 1152 1445 1180 ad
1465 1152 1679 1187 sententiamque
1696 1160 1772 1180 suam

990 1198 1187 1234 pertrahentcs.
1202 1196 1339 1224 Athanasii
1356 1197 1418 1224 licet
1438 1196 1558 1225 absentis
1579 1197 1771 1232 depositionem

992 1244 1140 1271 decernunt
1164 1254 1170 1271 :
1192 1243 1350 1278 Gregorium
1373 1250 1437 1270 vero
1459 1243 1618 1279 quemdam,
1644 1243 1773 1271 Arianico

991 1289 1098 1325 plenum
1119 1289 1229 1321 furore,
1254 1289 1442 1317 Alexandriam
1474 1289 1614 1316 intruduut
1638 1289 1664 1316 in
1688 1289 1773 1316 Atha-

990 1335 1057 1362 nasii
1082 1334 1180 1362 locum.
1205 1331 1240 1362 Ut
1260 1339 1348 1362 autem
1367 1335 1497 1362 arbitratu
1518 1342 1568 1362 suo
1586 1335 1643 1363 hate
1659 1335 1694 1362 ita
1715 1334 1772 1362 dis-

990 1385 1135 1416 pensat-unt
1157 1402 1165 1415 ,
1207 1388 1303 1416 magna
1332 1380 1387 1415 jam
1421 1388 1480 1408 eum
1518 1384 1652 1417 potestate
1694 1389 1771 1410 suam

990 1426 1109 1454 inferunt
1142 1427 1303 1454 doctrinam.
1338 1426 1485 1462 Gregorius
1515 1433 1622 1461 autem,
1650 1429 1771 1456 nondum

990 1472 1183 1500 Alexandriam
1196 1473 1332 1508 ingressus
1342 1493 1350 1505 ,
1363 1473 1440 1507 quasi
1459 1472 1514 1506 jam
1531 1473 1659 1501 Ecclesiae
1673 1473 1772 1509 praesul

989 1522 1077 1551 esset,
1090 1522 1118 1545 ct
1136 1517 1260 1545 thronum
1275 1522 1448 1552 occupasset;
1466 1522 1494 1545 et
1506 1518 1581 1553 quasi
1595 1519 1652 1554 jam
1669 1519 1719 1546 sibi
1738 1526 1772 1546 ea

989 1563 1118 1591 ohvcnire
1141 1569 1280 1597 cerneret,
1305 1571 1366 1598 qua:
1387 1571 1422 1592 ne
1449 1571 1497 1599 per
1515 1571 1638 1592 somnum
1660 1563 1769 1599 quidem

989 1613 1144 1643 sperasset,
1161 1608 1258 1636 litteris
1279 1609 1384 1644 propria
1401 1617 1481 1636 manu
1493 1609 1654 1644 conscriptis
1663 1611 1770 1637 decreta

989 1653 1045 1689 ipse
1059 1653 1246 1682 conlirmabat.
1268 1650 1341 1681 Talis
1354 1653 1425 1681 enim
1444 1659 1485 1682 est
1506 1654 1671 1690 impudentia
1683 1659 1711 1682 et
1728 1654 1770 1682 le-

989 1700 1072 1732 vitas,
1095 1700 1121 1727 in
1146 1707 1225 1728 manu
1244 1707 1352 1735 semper
1370 1699 1416 1728 illa
1442 1701 1543 1728 habere
1566 1708 1596 1728 se
1611 1705 1689 1736 putat
1709 1708 1770 1736 qua

987 1750 1189 1779 exspectantur.
1212 1746 1344 1774 Eusebius
1361 1751 1460 1779 autem,
1476 1746 1661 1781 dignus-sane
1676 1745 1770 1782 impie-

988 1791 1052 1819 tatis
1075 1791 1265 1827 antesignanus
1275 1811 1284 1826 ,
1299 1791 1344 1819 ubi
1357 1799 1390 1819 ex
1405 1791 1536 1820 sententia
1548 1800 1596 1820 sua
1607 1800 1651 1820 res
1667 1793 1770 1821 consti-

988 1840 1051 1864 tuta:
1068 1836 1161 1869 fuere,
1177 1837 1280 1872 legatos
1297 1838 1380 1865 mittit
1403 1838 1437 1865 ad
1453 1837 1553 1865 Julium
1564 1857 1572 1871 ,
1590 1838 1768 1866 Athanasium

988 1881 1014 1908 in
1037 1881 1160 1916 epistolis
1174 1881 1231 1909 suis
1246 1882 1421 1910 vehementer
1435 1889 1586 1916 accusans;
1609 1883 1683 1910 misit
1703 1883 1767 1910 item

987 1931 1034 1952 eas
1048 1932 1116 1960 quas
1130 1930 1224 1953 contra
1235 1926 1323 1953 virum
1335 1931 1472 1954 struxerat
1483 1927 1633 1955 calumnias
1648 1932 1676 1955 et
1688 1935 1768 1963 syco-

987 1971 1113 2005 phantias
1124 1990 1133 2004 .
1154 1970 1271 2005 iudicem
1282 1971 1397 2000 simulet
1411 1977 1591 2008 correptorem
1601 1973 1768 2002 constituens

985 2015 1094 2044 Julium.
1123 2017 1158 2044 At
1188 2017 1231 2045 ille
1260 2016 1367 2054 (neque
1386 2018 1456 2045 enim
1479 2018 1540 2046 talis
1556 2024 1614 2047 erat
1628 2020 1672 2054 qui
1691 2027 1767 2048 com-

986 2062 1085 2090 mentis
1099 2067 1125 2090 et
1141 2062 1209 2090 dolis
1222 2062 1302 2090 facile
1317 2063 1579 2098 circumveniretur;
1605 2064 1660 2093 imo
1676 2067 1768 2100 potius

985 2108 1234 2143 perspicaeissimus
1268 2109 1302 2136 ad
1326 2109 1477 2145 huiusmodi
1513 2117 1557 2138 res
1579 2111 1767 2145 intelligendas

986 2154 1297 2189 acdeprehendendas),
1319 2161 1379 2182 eum
1396 2154 1504 2182 Eusebii
1525 2155 1628 2183 litteras
1649 2157 1769 2191 accepis-

985 2205 1044 2234 set,
1062 2207 1095 2227 ac
1113 2200 1256 2233 diligenter
1270 2204 1297 2227 et
1314 2204 1418 2228 attente
1432 2201 1609 2235 periegisset,
1629 2200 1767 2229 intellecta

150 2250 302 2282 σπουδαίως
315 2250 384 2285 ἄγαν
403 2253 452 2279 καὶ
467 2253 654 2289 προσεχόντως
670 2255 739 2282 αὑτά
755 2255 875 2288 διελθὼν,
890 2258 935 2284 καὶ

990 2252 1080 2272 earum
1097 2245 1224 2272 futilitate
1234 2265 1243 2277 ,
1258 2245 1424 2272 contrariam
1437 2245 1494 2281 ipse
1508 2245 1567 2273 tutit
1584 2247 1748 2273 sententiam
1758 2265 1766 2278 ,

149 2295 224 2331 σαφῆ
255 2296 387 2332 φλυαρίαν
410 2297 474 2324 ὅντα
493 2300 674 2335 κατανοήσας,
691 2301 844 2328 τούναντίον
854 2303 935 2334 αὐτὸς

146 2342 401 2377 ἀπψηφισάμενος,
422 2343 467 2369 καὶ
485 2345 644 2379 γράμμασιν
661 2345 817 2374 Ἀθανάσιον
835 2348 934 2384 ὀχυρώ-

147 2396 207 2420 σας,
225 2388 362 2423 ἐκπέμπει
387 2389 456 2425 πρὸς
477 2390 689 2425 Ἀλεξανδρείαν,
710 2393 760 2419 οὐκ
784 2393 862 2428 ὀλίγα
886 2395 933 2421 καὶ

145 2432 200 2459 τῶν
216 2435 360 2470 προπετῶς
374 2435 454 2462 αὐτὸν
470 2436 636 2464 καθελόντων
658 2437 807 2474 ἁψάμενος.

183 2477 227 2504 ιο.
242 2478 295 2505 Τοῦ
308 2479 336 2505 δὲ
352 2479 420 2514 πρὸς
437 2479 487 2516 τὴν
499 2480 600 2507 οῐκείαν
616 2481 813 2516 καταγομένου,
826 2482 888 2514 τοὺς
902 2482 930 2509 ὲν

153 2522 303 2560 ¹Δντιοχείᾳ.
327 2526 548 2561 συνειλεγμένους
570 2526 684 2562 θόρυϐος
700 2528 730 2554 οὐ
750 2528 847 2563 μικρὸς
870 2525 928 2563 εἶχε

147 2569 195 2596 καὶ
205 2569 275 2602 δέος,
302 2569 350 2606 μὴ,
371 2570 572 2607 προληφθείσης
596 2572 745 2607 Ἀθανασίῳ
761 2573 811 2607 τῆς
833 2572 931 2607 ἐκκλη-

148 2615 217 2649 ektq,
227 2617 400 2653 ἀποτειχισθῇ
417 2617 507 2645 λοιπὸν
521 2618 610 2649 αὐτοῖς
623 2619 639 2654 ἡ
656 2618 723 2654 πρὸς
730 2617 931 2653 Ἀλεξάνδρειαν

146 2662 273 2696 πάροδος.
301 2662 394 2690 Ταῦτά
410 2672 450 2690 τοι
467 2664 513 2691 καὶ
532 2664 577 2691 τὸν
606 2664 655 2699 μὲν
677 2664 746 2690 ὲλεῑν
774 2663 885 2698 (μᾶλλον
905 2663 932 2689 δὲ

147 2707 273 2744 ἀνελεῖν),
295 2708 517 2744 ὲσπούδαζον,τῷ
525 2709 611 2745 θρόνῳ
624 2709 652 2735 δὲ
666 2709 931 2745 Γρηγὸριονὰντεισ-

146 2755 268 2788 αγαγεῖν.
285 2754 330 2780 Διὺ
351 2754 383 2790 δὴ
401 2755 448 2782 καὶ
459 2755 507 2791 τὴν
526 2755 653 2791 ταχίστην
664 2756 744 2782 αὐτὸν
755 2756 873 2789 κατῆγον
889 2756 927 2787 είς

153 2798 363 2835 Ἀλεξάνδρειαν.
379 2800 548 2836 Συνέπραττε
560 2800 588 2826 δὲ
604 2800 745 2836 Γρηγορίῳ
755 2800 801 2836 τὴν
817 2800 927 2827 κάθοδον

986 2290 1165 2318 Athanasium
1183 2290 1281 2318 litteris
1294 2290 1425 2317 munitum
1444 2291 1502 2318 suis
1518 2290 1632 2318 remittit
1647 2290 1767 2317 Alexan-

985 2336 1092 2368 driam,
1117 2342 1166 2363 nec
1189 2342 1284 2370 parum
1309 2335 1467 2370 perstrinxit
1486 2342 1533 2363 eos
1559 2335 1604 2370 qui
1625 2335 1774 2385 deposuis]

984 2386 1053 2409 seni.
1214 2386 1220 2392 '

1020 2474 1063 2502 16.
1093 2475 1158 2502 Cum
1183 2479 1272 2502 autem
1297 2474 1342 2502 ille
1367 2473 1556 2502 Alexandriam
1581 2473 1763 2509 pervenisset,

981 2520 1053 2548 haud
1074 2521 1194 2548 modicus
1216 2521 1345 2548 tumultus
1366 2527 1398 2548 ac
1415 2526 1515 2548 tremor
1535 2520 1634 2546 invasit
1654 2526 1701 2546 eos
1712 2519 1760 2554 qni

984 2567 1134 2595 Antiochia:
1153 2567 1308 2602 congregati
1332 2571 1430 2600 erant;
1452 2567 1567 2598 veritos,
1585 2573 1618 2593 ne
1638 2565 1661 2593 si
1678 2565 1764 2592 Atha-

987 2612 1078 2640 nasius
1101 2612 1249 2640 Ecclesiam
1274 2615 1428 2646 occuparet,
1453 2612 1543 2638 aditus
1569 2611 1619 2638 sibi
1649 2609 1765 2638 Alexan-

983 2658 1068 2685 driam
1097 2658 1335 2685 intercluderetur.
1355 2657 1536 2691 Quamobrem
1561 2657 1646 2690 ipsum
1667 2663 1764 2690 capere

983 2704 1055 2739 (imo
1081 2704 1171 2738 potius
1192 2703 1337 2738 occidere)
1370 2702 1565 2737 qumrilabant,
1594 2701 1622 2728 in
1652 2702 1764 2736 ejusque

982 2751 1068 2779 locum
1084 2751 1244 2785 Gregorium
1258 2750 1407 2790 intrudere.
1422 2749 1512 2782 Quare
1526 2755 1605 2783 quam
1621 2747 1764 2775 celerrime

981 2799 1069 2834 ipsum
1090 2797 1281 2826 Alexandriam
1305 2797 1485 2826 deduxerunt.
1518 2795 1677 2831 Gregorium
1696 2801 1764 2822 vero

183 2901 220 2938 (α)
237 2901 280 2931 Sic
294 2910 361 2931 mss.
377 2903 447 2932 Editi
465 2911 539 2932 vero.
554 2903 779 2939 ἐπισπασάμενοι,
808 2902 854 2930 καὶ
868 2902 1016 2937 όμόψυγον.
