  <div class='ocr_page' id='page_1' title='image "/cluster/home/n/w/nwhite01/storage/ocr_20150623/25/njp.32101010944591/205.png"; bbox 0 0 2027 3042; ppageno 0'>
   <div class='ocr_carea' id='block_1_1' title="bbox 281 135 1228 173">
    <p class='ocr_par' dir='ltr' id='par_1_1' title="bbox 281 135 1228 173">
     <span class='ocr_line' id='line_1_1' title="bbox 281 135 1228 173; baseline 0.004 -13"><span class='ocrx_word' id='word_1_1' title='bbox 281 152 314 173; x_wconf 60' lang='grc' dir='ltr'>ε,</span> <span class='ocrx_word' id='word_1_2' title='bbox 958 135 1228 164; x_wconf 75' lang='lat' dir='ltr'><strong>rnOLsconENA.</strong></span> 
     </span>
    </p>
   </div>
   <div class='ocr_carea' id='block_1_2' title="bbox 282 188 1055 234">
    <p class='ocr_par' dir='ltr' id='par_1_2' title="bbox 282 193 1055 234">
     <span class='ocr_line' id='line_1_2' title="bbox 282 193 1055 234; baseline -0.013 -5"><span class='ocrx_word' id='word_1_3' title='bbox 282 200 461 229; x_wconf 76' lang='lat' dir='ltr'><strong>comitabatur</strong></span> <span class='ocrx_word' id='word_1_4' title='bbox 481 199 610 234; x_wconf 83' lang='lat' dir='ltr'><strong>Syrianus</strong></span> <span class='ocrx_word' id='word_1_5' title='bbox 627 196 698 228; x_wconf 80' lang='lat' dir='ltr'><strong>dux,</strong></span> <span class='ocrx_word' id='word_1_6' title='bbox 718 203 777 223; x_wconf 89' lang='lat' dir='ltr'><strong>cum</strong></span> <span class='ocrx_word' id='word_1_7' title='bbox 798 201 847 222; x_wconf 84' lang='lat' dir='ltr'><strong>sua</strong></span> <span class='ocrx_word' id='word_1_8' title='bbox 867 193 981 221; x_wconf 75' lang='lat' dir='ltr'><strong>militum</strong></span> <span class='ocrx_word' id='word_1_9' title='bbox 1000 200 1055 220; x_wconf 90' lang='lat' dir='ltr'><strong>ma-</strong></span> 
     </span>
    </p>
   </div>
   <div class='ocr_carea' id='block_1_3' title="bbox 1107 188 1891 234">
    <p class='ocr_par' dir='ltr' id='par_1_3' title="bbox 1107 188 1891 228">
     <span class='ocr_line' id='line_1_3' title="bbox 1107 188 1891 228; baseline -0.006 -9"><span class='ocrx_word' id='word_1_10' title='bbox 1107 193 1152 219; x_wconf 78' lang='grc' dir='ltr'>καὶ</span> <span class='ocrx_word' id='word_1_11' title='bbox 1165 191 1291 228; x_wconf 82' lang='grc' dir='ltr'>Σνριανὺς</span> <span class='ocrx_word' id='word_1_12' title='bbox 1302 192 1316 218; x_wconf 84' lang='grc' dir='ltr'><em>ὁ</em></span> <span class='ocrx_word' id='word_1_13' title='bbox 1333 191 1495 227; x_wconf 78' lang='grc' dir='ltr'>στρατηγὸς,</span> <span class='ocrx_word' id='word_1_14' title='bbox 1510 191 1577 227; x_wconf 79' lang='grc' dir='ltr'>μετὰ</span> <span class='ocrx_word' id='word_1_15' title='bbox 1590 190 1639 225; x_wconf 78' lang='grc' dir='ltr'>τῆς</span> <span class='ocrx_word' id='word_1_16' title='bbox 1651 189 1695 216; x_wconf 84' lang='grc' dir='ltr'><strong>ὑπ’</strong></span> <span class='ocrx_word' id='word_1_17' title='bbox 1705 188 1786 215; x_wconf 77' lang='grc' dir='ltr'>αὑτὸν</span> <span class='ocrx_word' id='word_1_18' title='bbox 1801 188 1891 225; x_wconf 68' lang='grc' dir='ltr'>χειρὸς</span> 
     </span>
    </p>
   </div>
   <div class='ocr_carea' id='block_1_4' title="bbox 284 239 1060 281">
    <p class='ocr_par' dir='ltr' id='par_1_4' title="bbox 284 239 1060 281">
     <span class='ocr_line' id='line_1_4' title="bbox 284 239 1060 281; baseline -0.014 -6"><span class='ocrx_word' id='word_1_19' title='bbox 284 256 320 275; x_wconf 89' lang='lat' dir='ltr'><strong>nu</strong></span> <span class='ocrx_word' id='word_1_20' title='bbox 331 267 340 281; x_wconf 88' lang='lat'><strong>,</strong></span> <span class='ocrx_word' id='word_1_21' title='bbox 358 247 395 274; x_wconf 82' lang='lat' dir='ltr'><strong>ita</strong></span> <span class='ocrx_word' id='word_1_22' title='bbox 406 245 518 281; x_wconf 82' lang='lat' dir='ltr'><strong>jubente</strong></span> <span class='ocrx_word' id='word_1_23' title='bbox 533 245 710 278; x_wconf 79' lang='lat' dir='ltr'><strong>imperatore,</strong></span> <span class='ocrx_word' id='word_1_24' title='bbox 730 245 760 268; x_wconf 89' lang='lat' dir='ltr'><strong>ut</strong></span> <span class='ocrx_word' id='word_1_25' title='bbox 784 239 932 268; x_wconf 93' lang='lat' dir='ltr'><strong>Athanasio</strong></span> <span class='ocrx_word' id='word_1_26' title='bbox 946 245 1040 266; x_wconf 86' lang='lat' dir='ltr'><strong>necem</strong></span> <span class='ocrx_word' id='word_1_27' title='bbox 1051 257 1060 268; x_wconf 88' lang='lat'><strong>,</strong></span> 
     </span>
    </p>
   </div>
   <div class='ocr_carea' id='block_1_5' title="bbox 284 284 1059 330">
    <p class='ocr_par' dir='ltr' id='par_1_5' title="bbox 284 284 1059 330">
     <span class='ocr_line' id='line_1_5' title="bbox 284 284 1059 330; baseline -0.017 -7"><span class='ocrx_word' id='word_1_28' title='bbox 284 294 415 330; x_wconf 79' lang='lat' dir='ltr'><strong>Gregorio</strong></span> <span class='ocrx_word' id='word_1_29' title='bbox 425 292 607 327; x_wconf 92' lang='lat' dir='ltr'><strong>episcopatum</strong></span> <span class='ocrx_word' id='word_1_30' title='bbox 625 288 772 316; x_wconf 86' lang='lat' dir='ltr'><strong>conferret.</strong></span> <span class='ocrx_word' id='word_1_31' title='bbox 795 286 853 319; x_wconf 83' lang='lat' dir='ltr'><strong>Qua</strong></span> <span class='ocrx_word' id='word_1_32' title='bbox 876 292 957 320; x_wconf 89' lang='lat' dir='ltr'><strong>porro</strong></span> <span class='ocrx_word' id='word_1_33' title='bbox 968 284 1009 311; x_wconf 87' lang='lat' dir='ltr'><strong>via</strong></span> <span class='ocrx_word' id='word_1_34' title='bbox 1027 290 1059 310; x_wconf 77' lang='lat' dir='ltr'><strong>ex</strong></span> 
     </span>
    </p>
   </div>
   <div class='ocr_carea' id='block_1_6' title="bbox 284 330 1057 372">
    <p class='ocr_par' dir='ltr' id='par_1_6' title="bbox 284 330 1057 372">
     <span class='ocr_line' id='line_1_6' title="bbox 284 330 1057 372; baseline -0.018 -3"><span class='ocrx_word' id='word_1_35' title='bbox 284 342 370 369; x_wconf 85' lang='lat' dir='ltr'><strong>media</strong></span> <span class='ocrx_word' id='word_1_36' title='bbox 383 346 476 367; x_wconf 90' lang='lat' dir='ltr'><strong>eorum</strong></span> <span class='ocrx_word' id='word_1_37' title='bbox 489 343 587 372; x_wconf 77' lang='lat' dir='ltr'><strong>sagena</strong></span> <span class='ocrx_word' id='word_1_38' title='bbox 603 335 720 370; x_wconf 68' lang='lat' dir='ltr'><strong>effugere</strong></span> <span class='ocrx_word' id='word_1_39' title='bbox 738 331 856 368; x_wconf 72' lang='lat' dir='ltr'><strong>poluerit</strong></span> <span class='ocrx_word' id='word_1_40' title='bbox 873 330 1038 358; x_wconf 85' lang='lat' dir='ltr'><strong>Athanasius</strong></span> <span class='ocrx_word' id='word_1_41' title='bbox 1050 349 1057 361; x_wconf 87' lang='lat'><strong>,</strong></span> 
     </span>
    </p>
   </div>
   <div class='ocr_carea' id='block_1_7' title="bbox 283 379 1058 415">
    <p class='ocr_par' dir='ltr' id='par_1_7' title="bbox 283 379 1058 415">
     <span class='ocr_line' id='line_1_7' title="bbox 283 379 1058 415; baseline -0.015 -2"><span class='ocrx_word' id='word_1_42' title='bbox 283 393 346 414; x_wconf 82' lang='lat' dir='ltr'><strong>mox</strong></span> <span class='ocrx_word' id='word_1_43' title='bbox 362 385 491 412; x_wconf 86' lang='lat' dir='ltr'><strong>dicemus.</strong></span> <span class='ocrx_word' id='word_1_44' title='bbox 508 383 574 410; x_wconf 88' lang='lat' dir='ltr'><strong>Cum</strong></span> <span class='ocrx_word' id='word_1_45' title='bbox 594 381 650 415; x_wconf 81' lang='lat' dir='ltr'><strong>iam</strong></span> <span class='ocrx_word' id='word_1_46' title='bbox 664 379 705 408; x_wconf 88' lang='lat' dir='ltr'><strong>sol</strong></span> <span class='ocrx_word' id='word_1_47' title='bbox 719 379 752 406; x_wconf 88' lang='lat' dir='ltr'><strong>ad</strong></span> <span class='ocrx_word' id='word_1_48' title='bbox 773 385 897 405; x_wconf 83' lang='lat' dir='ltr'><strong>occasum</strong></span> <span class='ocrx_word' id='word_1_49' title='bbox 919 379 1058 410; x_wconf 72' lang='lat' dir='ltr'><strong>vergeret,</strong></span> 
     </span>
    </p>
   </div>
   <div class='ocr_carea' id='block_1_8' title="bbox 284 421 1058 459">
    <p class='ocr_par' dir='ltr' id='par_1_8' title="bbox 284 421 1058 459">
     <span class='ocr_line' id='line_1_8' title="bbox 284 421 1058 459; baseline -0.017 1"><span class='ocrx_word' id='word_1_50' title='bbox 284 432 351 459; x_wconf 84' lang='lat' dir='ltr'><strong>urbs</strong></span> <span class='ocrx_word' id='word_1_51' title='bbox 363 435 416 459; x_wconf 90' lang='lat' dir='ltr'><strong>tota</strong></span> <span class='ocrx_word' id='word_1_52' title='bbox 431 430 530 458; x_wconf 88' lang='lat' dir='ltr'><strong>festum</strong></span> <span class='ocrx_word' id='word_1_53' title='bbox 546 427 701 455; x_wconf 83' lang='lat' dir='ltr'><strong>celebrabat</strong></span> <span class='ocrx_word' id='word_1_54' title='bbox 717 432 749 452; x_wconf 93' lang='lat' dir='ltr'><strong>ac</strong></span> <span class='ocrx_word' id='word_1_55' title='bbox 766 422 937 459; x_wconf 78' lang='lat' dir='ltr'><strong>pervigilium</strong></span> <span class='ocrx_word' id='word_1_56' title='bbox 954 421 1058 456; x_wconf 74' lang='lat' dir='ltr'><strong>agebat.</strong></span> 
     </span>
    </p>
   </div>
   <div class='ocr_carea' id='block_1_9' title="bbox 281 466 1060 513">
    <p class='ocr_par' dir='ltr' id='par_1_9' title="bbox 281 466 1060 513">
     <span class='ocr_line' id='line_1_9' title="bbox 281 466 1060 513; baseline -0.018 -7"><span class='ocrx_word' id='word_1_57' title='bbox 281 478 351 506; x_wconf 83' lang='lat' dir='ltr'><strong>Tum</strong></span> <span class='ocrx_word' id='word_1_58' title='bbox 366 477 443 513; x_wconf 88' lang='lat' dir='ltr'><strong>quasi</strong></span> <span class='ocrx_word' id='word_1_59' title='bbox 463 476 490 503; x_wconf 91' lang='lat' dir='ltr'><strong>in</strong></span> <span class='ocrx_word' id='word_1_60' title='bbox 512 481 600 510; x_wconf 77' lang='lat' dir='ltr'><strong>pugna</strong></span> <span class='ocrx_word' id='word_1_61' title='bbox 626 472 706 500; x_wconf 89' lang='lat' dir='ltr'><strong>irruit</strong></span> <span class='ocrx_word' id='word_1_62' title='bbox 722 472 786 504; x_wconf 82' lang='lat' dir='ltr'><strong>dux,</strong></span> <span class='ocrx_word' id='word_1_63' title='bbox 804 470 988 502; x_wconf 75' lang='lat' dir='ltr'><strong>instructaque</strong></span> <span class='ocrx_word' id='word_1_64' title='bbox 1002 466 1060 494; x_wconf 87' lang='lat' dir='ltr'><strong>acie</strong></span> 
     </span>
    </p>
   </div>
   <div class='ocr_carea' id='block_1_10' title="bbox 281 513 1059 552">
    <p class='ocr_par' dir='ltr' id='par_1_10' title="bbox 281 513 1059 552">
     <span class='ocr_line' id='line_1_10' title="bbox 281 513 1059 552; baseline -0.018 0"><span class='ocrx_word' id='word_1_65' title='bbox 281 523 365 552; x_wconf 82' lang='lat' dir='ltr'><strong>cinxit</strong></span> <span class='ocrx_word' id='word_1_66' title='bbox 379 521 534 550; x_wconf 82' lang='lat' dir='ltr'><strong>ecclesiam.</strong></span> <span class='ocrx_word' id='word_1_67' title='bbox 550 519 611 546; x_wconf 69' lang='lat' dir='ltr'><strong>Haec</strong></span> <span class='ocrx_word' id='word_1_68' title='bbox 623 518 667 545; x_wconf 90' lang='lat' dir='ltr'><strong>ubi</strong></span> <span class='ocrx_word' id='word_1_69' title='bbox 681 521 769 544; x_wconf 88' lang='lat' dir='ltr'><strong>castra</strong></span> <span class='ocrx_word' id='word_1_70' title='bbox 788 515 928 549; x_wconf 82' lang='lat' dir='ltr'><strong>conspexit</strong></span> <span class='ocrx_word' id='word_1_71' title='bbox 939 513 1059 540; x_wconf 86' lang='lat' dir='ltr'><strong>Athana-</strong></span> 
     </span>
    </p>
   </div>
   <div class='ocr_carea' id='block_1_11' title="bbox 281 562 1057 601">
    <p class='ocr_par' dir='ltr' id='par_1_11' title="bbox 281 562 1057 601">
     <span class='ocr_line' id='line_1_11' title="bbox 281 562 1057 601; baseline -0.015 -4"><span class='ocrx_word' id='word_1_72' title='bbox 281 570 357 601; x_wconf 90' lang='lat' dir='ltr'><strong>sius,</strong></span> <span class='ocrx_word' id='word_1_73' title='bbox 379 568 452 595; x_wconf 91' lang='lat' dir='ltr'><strong>curis</strong></span> <span class='ocrx_word' id='word_1_74' title='bbox 468 566 578 601; x_wconf 88' lang='lat' dir='ltr'><strong>plenus,</strong></span> <span class='ocrx_word' id='word_1_75' title='bbox 597 572 650 591; x_wconf 91' lang='lat' dir='ltr'><strong>non</strong></span> <span class='ocrx_word' id='word_1_76' title='bbox 677 570 730 597; x_wconf 91' lang='lat' dir='ltr'><strong>quo</strong></span> <span class='ocrx_word' id='word_1_77' title='bbox 748 562 807 596; x_wconf 87' lang='lat' dir='ltr'><strong>ipse</strong></span> <span class='ocrx_word' id='word_1_78' title='bbox 831 568 883 588; x_wconf 91' lang='lat' dir='ltr'><strong>non</strong></span> <span class='ocrx_word' id='word_1_79' title='bbox 906 563 1057 594; x_wconf 85' lang='lat' dir='ltr'><strong>caperetur,</strong></span> 
     </span>
    </p>
   </div>
   <div class='ocr_carea' id='block_1_12' title="bbox 280 604 1059 649">
    <p class='ocr_par' dir='ltr' id='par_1_12' title="bbox 280 604 1059 649">
     <span class='ocr_line' id='line_1_12' title="bbox 280 604 1059 649; baseline -0.015 -7"><span class='ocrx_word' id='word_1_80' title='bbox 280 614 327 642; x_wconf 85' lang='lat' dir='ltr'><strong>sed</strong></span> <span class='ocrx_word' id='word_1_81' title='bbox 342 612 476 649; x_wconf 85' lang='lat' dir='ltr'><strong>quomodo</strong></span> <span class='ocrx_word' id='word_1_82' title='bbox 495 610 583 646; x_wconf 90' lang='lat' dir='ltr'><strong>potius</strong></span> <span class='ocrx_word' id='word_1_83' title='bbox 603 609 706 636; x_wconf 91' lang='lat' dir='ltr'><strong>nullum</strong></span> <span class='ocrx_word' id='word_1_84' title='bbox 725 608 767 635; x_wconf 88' lang='lat' dir='ltr'><strong>sui</strong></span> <span class='ocrx_word' id='word_1_85' title='bbox 781 614 860 634; x_wconf 89' lang='lat' dir='ltr'><strong>causa</strong></span> <span class='ocrx_word' id='word_1_86' title='bbox 874 604 972 640; x_wconf 90' lang='lat' dir='ltr'><strong>popqu</strong></span> <span class='ocrx_word' id='word_1_87' title='bbox 983 604 1059 632; x_wconf 87' lang='lat' dir='ltr'><strong>dam-</strong></span> 
     </span>
    </p>
   </div>
   <div class='ocr_carea' id='block_1_13' title="bbox 280 651 1058 692">
    <p class='ocr_par' dir='ltr' id='par_1_13' title="bbox 280 651 1058 692">
     <span class='ocr_line' id='line_1_13' title="bbox 280 651 1058 692; baseline -0.014 -4"><span class='ocrx_word' id='word_1_88' title='bbox 280 669 343 689; x_wconf 92' lang='lat' dir='ltr'><strong>num</strong></span> <span class='ocrx_word' id='word_1_89' title='bbox 358 660 515 690; x_wconf 86' lang='lat' dir='ltr'><strong>inferretur,</strong></span> <span class='ocrx_word' id='word_1_90' title='bbox 532 655 653 692; x_wconf 63' lang='lat' dir='ltr'><strong>praecipit</strong></span> <span class='ocrx_word' id='word_1_91' title='bbox 674 654 787 682; x_wconf 83' lang='lat' dir='ltr'><strong>diacono</strong></span> <span class='ocrx_word' id='word_1_92' title='bbox 802 657 831 680; x_wconf 89' lang='lat' dir='ltr'><strong>ut</strong></span> <span class='ocrx_word' id='word_1_93' title='bbox 846 652 996 680; x_wconf 87' lang='lat' dir='ltr'><strong>orationem</strong></span> <span class='ocrx_word' id='word_1_94' title='bbox 1018 651 1058 677; x_wconf 95' lang='lat' dir='ltr'><strong>in-</strong></span> 
     </span>
    </p>
   </div>
   <div class='ocr_carea' id='block_1_14' title="bbox 280 696 1057 741">
    <p class='ocr_par' dir='ltr' id='par_1_14' title="bbox 280 696 1057 741">
     <span class='ocr_line' id='line_1_14' title="bbox 280 696 1057 741; baseline -0.014 -7"><span class='ocrx_word' id='word_1_95' title='bbox 280 707 374 741; x_wconf 80' lang='lat' dir='ltr'><strong>cipiat.</strong></span> <span class='ocrx_word' id='word_1_96' title='bbox 397 704 554 732; x_wconf 83' lang='lat' dir='ltr'><strong>Orationem</strong></span> <span class='ocrx_word' id='word_1_97' title='bbox 584 708 664 736; x_wconf 90' lang='lat' dir='ltr'><strong>porro</strong></span> <span class='ocrx_word' id='word_1_98' title='bbox 695 699 831 728; x_wconf 85' lang='lat' dir='ltr'><strong>canticum</strong></span> <span class='ocrx_word' id='word_1_99' title='bbox 863 698 947 725; x_wconf 79' lang='lat' dir='ltr'><strong>totius</strong></span> <span class='ocrx_word' id='word_1_100' title='bbox 967 696 1057 732; x_wconf 89' lang='lat' dir='ltr'><strong>populi</strong></span> 
     </span>
    </p>
   </div>
   <div class='ocr_carea' id='block_1_15' title="bbox 279 743 1058 787">
    <p class='ocr_par' dir='ltr' id='par_1_15' title="bbox 279 743 1058 787">
     <span class='ocr_line' id='line_1_15' title="bbox 279 743 1058 787; baseline -0.013 -9"><span class='ocrx_word' id='word_1_101' title='bbox 279 751 413 787; x_wconf 87' lang='lat' dir='ltr'><strong>quoddam</strong></span> <span class='ocrx_word' id='word_1_102' title='bbox 434 748 549 783; x_wconf 78' lang='lat' dir='ltr'><strong>excepit.</strong></span> <span class='ocrx_word' id='word_1_103' title='bbox 567 746 636 774; x_wconf 84' lang='lat' dir='ltr'><strong>Hinc</strong></span> <span class='ocrx_word' id='word_1_104' title='bbox 655 749 750 773; x_wconf 83' lang='lat' dir='ltr'><strong>exorto</strong></span> <span class='ocrx_word' id='word_1_105' title='bbox 770 751 868 780; x_wconf 78' lang='lat' dir='ltr'><strong>magno</strong></span> <span class='ocrx_word' id='word_1_106' title='bbox 882 743 1001 770; x_wconf 89' lang='lat' dir='ltr'><strong>clamore</strong></span> <span class='ocrx_word' id='word_1_107' title='bbox 1018 746 1058 768; x_wconf 88' lang='lat' dir='ltr'><strong>at-</strong></span> 
     </span>
    </p>
   </div>
   <div class='ocr_carea' id='block_1_16' title="bbox 279 787 1056 832">
    <p class='ocr_par' dir='ltr' id='par_1_16' title="bbox 279 787 1056 832">
     <span class='ocr_line' id='line_1_16' title="bbox 279 787 1056 832; baseline -0.013 -8"><span class='ocrx_word' id='word_1_108' title='bbox 279 804 331 832; x_wconf 85' lang='lat' dir='ltr'><strong>que</strong></span> <span class='ocrx_word' id='word_1_109' title='bbox 352 799 482 824; x_wconf 86' lang='lat' dir='ltr'><strong>concentu</strong></span> <span class='ocrx_word' id='word_1_110' title='bbox 497 814 505 827; x_wconf 90' lang='lat'><strong>,</strong></span> <span class='ocrx_word' id='word_1_111' title='bbox 522 793 560 820; x_wconf 93' lang='lat' dir='ltr'><strong>uti</strong></span> <span class='ocrx_word' id='word_1_112' title='bbox 582 792 640 820; x_wconf 90' lang='lat' dir='ltr'><strong>lieri</strong></span> <span class='ocrx_word' id='word_1_113' title='bbox 651 792 738 823; x_wconf 87' lang='lat' dir='ltr'><strong>solet,</strong></span> <span class='ocrx_word' id='word_1_114' title='bbox 762 798 777 818; x_wconf 86' lang='lat' dir='ltr'><strong>a</strong></span> <span class='ocrx_word' id='word_1_115' title='bbox 795 797 893 824; x_wconf 78' lang='lat' dir='ltr'><strong>magno</strong></span> <span class='ocrx_word' id='word_1_116' title='bbox 915 788 974 815; x_wconf 83' lang='lat' dir='ltr'><strong>viro</strong></span> <span class='ocrx_word' id='word_1_117' title='bbox 990 787 1056 822; x_wconf 84' lang='lat' dir='ltr'><strong>jussi</strong></span> 
     </span>
    </p>
   </div>
   <div class='ocr_carea' id='block_1_17' title="bbox 279 834 1057 876">
    <p class='ocr_par' dir='ltr' id='par_1_17' title="bbox 279 834 1057 876">
     <span class='ocr_line' id='line_1_17' title="bbox 279 834 1057 876; baseline -0.013 -7"><span class='ocrx_word' id='word_1_118' title='bbox 279 846 342 870; x_wconf 91' lang='lat' dir='ltr'><strong>sunt</strong></span> <span class='ocrx_word' id='word_1_119' title='bbox 354 849 401 876; x_wconf 86' lang='lat' dir='ltr'><strong>per</strong></span> <span class='ocrx_word' id='word_1_120' title='bbox 412 840 534 868; x_wconf 86' lang='lat' dir='ltr'><strong>eamdem</strong></span> <span class='ocrx_word' id='word_1_121' title='bbox 546 845 639 866; x_wconf 91' lang='lat' dir='ltr'><strong>omnes</strong></span> <span class='ocrx_word' id='word_1_122' title='bbox 649 837 724 864; x_wconf 83' lang='lat' dir='ltr'><strong>exire</strong></span> <span class='ocrx_word' id='word_1_123' title='bbox 737 836 860 870; x_wconf 86' lang='lat' dir='ltr'><strong>januam.</strong></span> <span class='ocrx_word' id='word_1_124' title='bbox 874 834 938 861; x_wconf 89' lang='lat' dir='ltr'><strong>Duci</strong></span> <span class='ocrx_word' id='word_1_125' title='bbox 955 841 1018 861; x_wconf 88' lang='lat' dir='ltr'><strong>vero</strong></span> <span class='ocrx_word' id='word_1_126' title='bbox 1030 837 1057 860; x_wconf 84' lang='lat' dir='ltr'><strong>et</strong></span> 
     </span>
    </p>
   </div>
   <div class='ocr_carea' id='block_1_18' title="bbox 279 880 1055 918">
    <p class='ocr_par' dir='ltr' id='par_1_18' title="bbox 279 880 1055 918">
     <span class='ocr_line' id='line_1_18' title="bbox 279 880 1055 918; baseline -0.012 -3"><span class='ocrx_word' id='word_1_127' title='bbox 279 887 411 916; x_wconf 85' lang='lat' dir='ltr'><strong>militibus</strong></span> <span class='ocrx_word' id='word_1_128' title='bbox 435 885 554 914; x_wconf 86' lang='lat' dir='ltr'><strong>studium</strong></span> <span class='ocrx_word' id='word_1_129' title='bbox 577 889 636 912; x_wconf 88' lang='lat' dir='ltr'><strong>erat</strong></span> <span class='ocrx_word' id='word_1_130' title='bbox 661 883 770 918; x_wconf 84' lang='lat' dir='ltr'><strong>populi,</strong></span> <span class='ocrx_word' id='word_1_131' title='bbox 796 889 883 916; x_wconf 86' lang='lat' dir='ltr'><strong>neque</strong></span> <span class='ocrx_word' id='word_1_132' title='bbox 897 880 945 908; x_wconf 91' lang='lat' dir='ltr'><strong>ulli</strong></span> <span class='ocrx_word' id='word_1_133' title='bbox 960 886 1055 907; x_wconf 88' lang='lat' dir='ltr'><strong>manus</strong></span> 
     </span>
    </p>
   </div>
   <div class='ocr_carea' id='block_1_19' title="bbox 278 925 1056 968">
    <p class='ocr_par' dir='ltr' id='par_1_19' title="bbox 278 925 1056 968">
     <span class='ocr_line' id='line_1_19' title="bbox 278 925 1056 968; baseline -0.013 -6"><span class='ocrx_word' id='word_1_134' title='bbox 278 933 465 968; x_wconf 76' lang='lat' dir='ltr'><strong>coniecerunt.</strong></span> <span class='ocrx_word' id='word_1_135' title='bbox 477 931 531 959; x_wconf 89' lang='lat' dir='ltr'><strong>Sed</strong></span> <span class='ocrx_word' id='word_1_136' title='bbox 545 930 750 958; x_wconf 86' lang='lat' dir='ltr'><strong>erantomnium</strong></span> <span class='ocrx_word' id='word_1_137' title='bbox 761 928 832 955; x_wconf 88' lang='lat' dir='ltr'><strong>oculi</strong></span> <span class='ocrx_word' id='word_1_138' title='bbox 842 928 868 954; x_wconf 94' lang='lat' dir='ltr'><strong>in</strong></span> <span class='ocrx_word' id='word_1_139' title='bbox 880 925 1056 954; x_wconf 85' lang='lat' dir='ltr'><strong>Athanasium</strong></span> 
     </span>
    </p>
   </div>
   <div class='ocr_carea' id='block_1_20' title="bbox 279 972 1056 1012">
    <p class='ocr_par' dir='ltr' id='par_1_20' title="bbox 279 972 1056 1012">
     <span class='ocr_line' id='line_1_20' title="bbox 279 972 1056 1012; baseline -0.012 -5"><span class='ocrx_word' id='word_1_140' title='bbox 279 979 395 1012; x_wconf 85' lang='lat' dir='ltr'><strong>intenti,</strong></span> <span class='ocrx_word' id='word_1_141' title='bbox 412 983 440 1005; x_wconf 93' lang='lat' dir='ltr'><strong>ut</strong></span> <span class='ocrx_word' id='word_1_142' title='bbox 456 984 617 1012; x_wconf 89' lang='lat' dir='ltr'><strong>quocunque</strong></span> <span class='ocrx_word' id='word_1_143' title='bbox 628 983 690 1004; x_wconf 86' lang='lat' dir='ltr'><strong>eum</strong></span> <span class='ocrx_word' id='word_1_144' title='bbox 707 975 734 1002; x_wconf 92' lang='lat' dir='ltr'><strong>in</strong></span> <span class='ocrx_word' id='word_1_145' title='bbox 750 975 810 1002; x_wconf 91' lang='lat' dir='ltr'><strong>loco</strong></span> <span class='ocrx_word' id='word_1_146' title='bbox 821 974 943 1002; x_wconf 86' lang='lat' dir='ltr'><strong>viderent</strong></span> <span class='ocrx_word' id='word_1_147' title='bbox 962 972 1056 1000; x_wconf 88' lang='lat' dir='ltr'><strong>interi-</strong></span> 
     </span>
    </p>
   </div>
   <div class='ocr_carea' id='block_1_21' title="bbox 279 1019 1055 1057">
    <p class='ocr_par' dir='ltr' id='par_1_21' title="bbox 279 1019 1055 1057">
     <span class='ocr_line' id='line_1_21' title="bbox 279 1019 1055 1057; baseline -0.013 -4"><span class='ocrx_word' id='word_1_148' title='bbox 279 1029 393 1054; x_wconf 88' lang='lat' dir='ltr'><strong>merent.</strong></span> <span class='ocrx_word' id='word_1_149' title='bbox 408 1024 443 1052; x_wconf 76' lang='lat' dir='ltr'><strong>At</strong></span> <span class='ocrx_word' id='word_1_150' title='bbox 457 1023 501 1051; x_wconf 89' lang='lat' dir='ltr'><strong>ille</strong></span> <span class='ocrx_word' id='word_1_151' title='bbox 521 1023 548 1050; x_wconf 89' lang='lat' dir='ltr'><strong>in</strong></span> <span class='ocrx_word' id='word_1_152' title='bbox 560 1023 637 1049; x_wconf 86' lang='lat' dir='ltr'><strong>turba</strong></span> <span class='ocrx_word' id='word_1_153' title='bbox 652 1021 761 1057; x_wconf 89' lang='lat' dir='ltr'><strong>populi,</strong></span> <span class='ocrx_word' id='word_1_154' title='bbox 777 1019 854 1054; x_wconf 90' lang='lat' dir='ltr'><strong>quasi</strong></span> <span class='ocrx_word' id='word_1_155' title='bbox 870 1025 962 1046; x_wconf 88' lang='lat' dir='ltr'><strong>eorum</strong></span> <span class='ocrx_word' id='word_1_156' title='bbox 977 1024 1055 1046; x_wconf 87' lang='lat' dir='ltr'><strong>unus.</strong></span> 
     </span>
    </p>
   </div>
   <div class='ocr_carea' id='block_1_22' title="bbox 279 1062 1057 1107">
    <p class='ocr_par' dir='ltr' id='par_1_22' title="bbox 279 1062 1057 1107">
     <span class='ocr_line' id='line_1_22' title="bbox 279 1062 1057 1107; baseline -0.015 -7"><span class='ocrx_word' id='word_1_157' title='bbox 279 1080 327 1107; x_wconf 87' lang='lat' dir='ltr'><strong>per</strong></span> <span class='ocrx_word' id='word_1_158' title='bbox 338 1071 455 1099; x_wconf 90' lang='lat' dir='ltr'><strong>medium</strong></span> <span class='ocrx_word' id='word_1_159' title='bbox 466 1069 609 1097; x_wconf 89' lang='lat' dir='ltr'><strong>tumultum</strong></span> <span class='ocrx_word' id='word_1_160' title='bbox 621 1073 649 1095; x_wconf 88' lang='lat' dir='ltr'><strong>et</strong></span> <span class='ocrx_word' id='word_1_161' title='bbox 665 1067 768 1101; x_wconf 88' lang='lat' dir='ltr'><strong>plebem</strong></span> <span class='ocrx_word' id='word_1_162' title='bbox 781 1065 913 1095; x_wconf 86' lang='lat' dir='ltr'><strong>evadens,</strong></span> <span class='ocrx_word' id='word_1_163' title='bbox 934 1063 974 1090; x_wconf 90' lang='lat' dir='ltr'><strong>sic</strong></span> <span class='ocrx_word' id='word_1_164' title='bbox 987 1062 1057 1089; x_wconf 88' lang='lat' dir='ltr'><strong>mili-</strong></span> 
     </span>
    </p>
   </div>
   <div class='ocr_carea' id='block_1_23' title="bbox 277 1109 1055 1148">
    <p class='ocr_par' dir='ltr' id='par_1_23' title="bbox 277 1109 1055 1148">
     <span class='ocr_line' id='line_1_23' title="bbox 277 1109 1055 1148; baseline -0.012 -5"><span class='ocrx_word' id='word_1_165' title='bbox 277 1123 333 1144; x_wconf 86' lang='lat' dir='ltr'><strong>tum</strong></span> <span class='ocrx_word' id='word_1_166' title='bbox 359 1115 452 1144; x_wconf 86' lang='lat' dir='ltr'><strong>oculos</strong></span> <span class='ocrx_word' id='word_1_167' title='bbox 471 1115 558 1142; x_wconf 85' lang='lat' dir='ltr'><strong>latens</strong></span> <span class='ocrx_word' id='word_1_168' title='bbox 580 1114 682 1148; x_wconf 76' lang='lat' dir='ltr'><strong>etfugit.</strong></span> <span class='ocrx_word' id='word_1_169' title='bbox 707 1112 740 1139; x_wconf 89' lang='lat' dir='ltr'><strong>Et</strong></span> <span class='ocrx_word' id='word_1_170' title='bbox 760 1112 799 1139; x_wconf 89' lang='lat' dir='ltr'><strong>sic</strong></span> <span class='ocrx_word' id='word_1_171' title='bbox 816 1110 921 1145; x_wconf 81' lang='lat' dir='ltr'><strong>fugiens</strong></span> <span class='ocrx_word' id='word_1_172' title='bbox 943 1109 1055 1136; x_wconf 79' lang='lat' dir='ltr'><strong>Romam</strong></span> 
     </span>
    </p>
   </div>
   <div class='ocr_carea' id='block_1_24' title="bbox 277 1155 1054 1198">
    <p class='ocr_par' dir='ltr' id='par_1_24' title="bbox 277 1155 1054 1198">
     <span class='ocr_line' id='line_1_24' title="bbox 277 1155 1054 1198; baseline -0.013 -8"><span class='ocrx_word' id='word_1_173' title='bbox 277 1163 442 1198; x_wconf 85' lang='lat' dir='ltr'><strong>remigravit.</strong></span> <span class='ocrx_word' id='word_1_174' title='bbox 459 1160 605 1195; x_wconf 81' lang='lat' dir='ltr'><strong>Gregorius</strong></span> <span class='ocrx_word' id='word_1_175' title='bbox 620 1166 685 1186; x_wconf 85' lang='lat' dir='ltr'><strong>vero</strong></span> <span class='ocrx_word' id='word_1_176' title='bbox 697 1162 826 1192; x_wconf 88' lang='lat' dir='ltr'><strong>occupata</strong></span> <span class='ocrx_word' id='word_1_177' title='bbox 844 1156 899 1190; x_wconf 87' lang='lat' dir='ltr'><strong>jam</strong></span> <span class='ocrx_word' id='word_1_178' title='bbox 916 1155 1034 1182; x_wconf 83' lang='lat' dir='ltr'><strong>Ecclesia</strong></span> <span class='ocrx_word' id='word_1_179' title='bbox 1046 1175 1054 1187; x_wconf 87' lang='lat'><strong>,</strong></span> 
     </span>
    </p>
   </div>
   <div class='ocr_carea' id='block_1_25' title="bbox 277 1201 1055 1237">
    <p class='ocr_par' dir='ltr' id='par_1_25' title="bbox 277 1201 1055 1237">
     <span class='ocr_line' id='line_1_25' title="bbox 277 1201 1055 1237; baseline -0.013 0"><span class='ocrx_word' id='word_1_180' title='bbox 277 1209 407 1236; x_wconf 85' lang='lat' dir='ltr'><strong>adversus</strong></span> <span class='ocrx_word' id='word_1_181' title='bbox 421 1215 514 1236; x_wconf 89' lang='lat' dir='ltr'><strong>sanam</strong></span> <span class='ocrx_word' id='word_1_182' title='bbox 527 1206 605 1234; x_wconf 81' lang='lat' dir='ltr'><strong>fidem</strong></span> <span class='ocrx_word' id='word_1_183' title='bbox 619 1212 694 1232; x_wconf 86' lang='lat' dir='ltr'><strong>arma</strong></span> <span class='ocrx_word' id='word_1_184' title='bbox 709 1204 836 1232; x_wconf 84' lang='lat' dir='ltr'><strong>audacter</strong></span> <span class='ocrx_word' id='word_1_185' title='bbox 844 1202 968 1237; x_wconf 89' lang='lat' dir='ltr'><strong>arripuit.</strong></span> <span class='ocrx_word' id='word_1_186' title='bbox 978 1201 1055 1234; x_wconf 83' lang='lat' dir='ltr'><strong>Quod</strong></span> 
     </span>
    </p>
   </div>
   <div class='ocr_carea' id='block_1_26' title="bbox 277 1248 1054 1284">
    <p class='ocr_par' dir='ltr' id='par_1_26' title="bbox 277 1248 1054 1284">
     <span class='ocr_line' id='line_1_26' title="bbox 277 1248 1054 1284; baseline -0.013 -1"><span class='ocrx_word' id='word_1_187' title='bbox 277 1263 338 1283; x_wconf 88' lang='lat' dir='ltr'><strong>cum</strong></span> <span class='ocrx_word' id='word_1_188' title='bbox 368 1263 420 1282; x_wconf 92' lang='lat' dir='ltr'><strong>non</strong></span> <span class='ocrx_word' id='word_1_189' title='bbox 449 1254 532 1281; x_wconf 88' lang='lat' dir='ltr'><strong>ferret</strong></span> <span class='ocrx_word' id='word_1_190' title='bbox 555 1251 753 1279; x_wconf 81' lang='lat' dir='ltr'><strong>Alexandrinus</strong></span> <span class='ocrx_word' id='word_1_191' title='bbox 780 1248 910 1284; x_wconf 89' lang='lat' dir='ltr'><strong>populus,</strong></span> <span class='ocrx_word' id='word_1_192' title='bbox 932 1255 1054 1282; x_wconf 83' lang='lat' dir='ltr'><strong>magnam</strong></span> 
     </span>
    </p>
   </div>
   <div class='ocr_carea' id='block_1_27' title="bbox 278 1294 1054 1331">
    <p class='ocr_par' dir='ltr' id='par_1_27' title="bbox 278 1294 1054 1331">
     <span class='ocr_line' id='line_1_27' title="bbox 278 1294 1054 1331; baseline -0.013 -2"><span class='ocrx_word' id='word_1_193' title='bbox 278 1301 425 1329; x_wconf 87' lang='lat' dir='ltr'><strong>concitavit</strong></span> <span class='ocrx_word' id='word_1_194' title='bbox 441 1299 611 1331; x_wconf 83' lang='lat' dir='ltr'><strong>seditionem,</strong></span> <span class='ocrx_word' id='word_1_195' title='bbox 633 1304 665 1324; x_wconf 91' lang='lat' dir='ltr'><strong>ac</strong></span> <span class='ocrx_word' id='word_1_196' title='bbox 680 1295 808 1330; x_wconf 86' lang='lat' dir='ltr'><strong>templum</strong></span> <span class='ocrx_word' id='word_1_197' title='bbox 821 1294 941 1329; x_wconf 82' lang='lat' dir='ltr'><strong>Dionysii</strong></span> <span class='ocrx_word' id='word_1_198' title='bbox 955 1294 1054 1320; x_wconf 88' lang='lat' dir='ltr'><strong>dictum</strong></span> 
     </span>
    </p>
   </div>
   <div class='ocr_carea' id='block_1_28' title="bbox 278 1339 1054 1380">
    <p class='ocr_par' dir='ltr' id='par_1_28' title="bbox 278 1339 1054 1380">
     <span class='ocr_line' id='line_1_28' title="bbox 278 1339 1054 1380; baseline -0.013 -5"><span class='ocrx_word' id='word_1_199' title='bbox 278 1347 406 1376; x_wconf 83' lang='lat' dir='ltr'><strong>incendit.</strong></span> <span class='ocrx_word' id='word_1_200' title='bbox 420 1344 574 1380; x_wconf 85' lang='lat' dir='ltr'><strong>llujusmodi</strong></span> <span class='ocrx_word' id='word_1_201' title='bbox 586 1342 700 1370; x_wconf 90' lang='lat' dir='ltr'><strong>tumultu</strong></span> <span class='ocrx_word' id='word_1_202' title='bbox 711 1345 820 1376; x_wconf 87' lang='lat' dir='ltr'><strong>propter</strong></span> <span class='ocrx_word' id='word_1_203' title='bbox 830 1339 964 1367; x_wconf 89' lang='lat' dir='ltr'><strong>Christum</strong></span> <span class='ocrx_word' id='word_1_204' title='bbox 976 1339 1054 1366; x_wconf 65' lang='lat' dir='ltr'><strong>laesus</strong></span> 
     </span>
    </p>
   </div>
   <div class='ocr_carea' id='block_1_29' title="bbox 267 1385 1055 1431">
    <p class='ocr_par' dir='ltr' id='par_1_29' title="bbox 267 1385 1055 1431">
     <span class='ocr_line' id='line_1_29' title="bbox 267 1385 1055 1431; baseline -0.015 -8"><span class='ocrx_word' id='word_1_205' title='bbox 267 1395 328 1424; x_wconf 64' lang='lat' dir='ltr'><strong>.fuit</strong></span> <span class='ocrx_word' id='word_1_206' title='bbox 347 1391 616 1431; x_wconf 74' lang='lat' dir='ltr'><strong>etiani_|nagnus.vir</strong></span> <span class='ocrx_word' id='word_1_207' title='bbox 641 1389 669 1416; x_wconf 91' lang='lat' dir='ltr'><strong>S.</strong></span> <span class='ocrx_word' id='word_1_208' title='bbox 692 1387 790 1416; x_wconf 85' lang='lat' dir='ltr'><strong>Paulus</strong></span> <span class='ocrx_word' id='word_1_209' title='bbox 807 1385 1055 1420; x_wconf 88' lang='lat' dir='ltr'><strong>Constantinopoli-</strong></span> 
     </span>
    </p>
   </div>
   <div class='ocr_carea' id='block_1_30' title="bbox 277 1431 1056 1472">
    <p class='ocr_par' dir='ltr' id='par_1_30' title="bbox 277 1431 1056 1472">
     <span class='ocr_line' id='line_1_30' title="bbox 277 1431 1056 1472; baseline -0.014 -4"><span class='ocrx_word' id='word_1_210' title='bbox 277 1446 347 1468; x_wconf 68' lang='lat' dir='ltr'><strong>tanae</strong></span> <span class='ocrx_word' id='word_1_211' title='bbox 364 1440 491 1467; x_wconf 66' lang='lat' dir='ltr'><strong>Ecclesiae</strong></span> <span class='ocrx_word' id='word_1_212' title='bbox 505 1442 559 1464; x_wconf 90' lang='lat' dir='ltr'><strong>tum</strong></span> <span class='ocrx_word' id='word_1_213' title='bbox 577 1435 691 1472; x_wconf 58' lang='lat' dir='ltr'><strong>praesul,</strong></span> <span class='ocrx_word' id='word_1_214' title='bbox 714 1434 865 1467; x_wconf 89' lang='lat' dir='ltr'><strong>thronoque</strong></span> <span class='ocrx_word' id='word_1_215' title='bbox 877 1437 987 1460; x_wconf 77' lang='lat' dir='ltr'><strong>exactus</strong></span> <span class='ocrx_word' id='word_1_216' title='bbox 999 1431 1056 1465; x_wconf 90' lang='lat' dir='ltr'><strong>ipse</strong></span> 
     </span>
    </p>
   </div>
   <div class='ocr_carea' id='block_1_31' title="bbox 278 1476 1054 1521">
    <p class='ocr_par' dir='ltr' id='par_1_31' title="bbox 278 1476 1054 1521">
     <span class='ocr_line' id='line_1_31' title="bbox 278 1476 1054 1521; baseline -0.013 -8"><span class='ocrx_word' id='word_1_217' title='bbox 278 1492 404 1521; x_wconf 81' lang='lat' dir='ltr'><strong>quoque,</strong></span> <span class='ocrx_word' id='word_1_218' title='bbox 416 1484 586 1518; x_wconf 82' lang='lat' dir='ltr'><strong>Romamque</strong></span> <span class='ocrx_word' id='word_1_219' title='bbox 601 1481 723 1516; x_wconf 76' lang='lat' dir='ltr'><strong>fugiens,</strong></span> <span class='ocrx_word' id='word_1_220' title='bbox 741 1477 883 1506; x_wconf 82' lang='lat' dir='ltr'><strong>Athanasii</strong></span> <span class='ocrx_word' id='word_1_221' title='bbox 900 1477 989 1505; x_wconf 90' lang='lat' dir='ltr'><strong>socius</strong></span> <span class='ocrx_word' id='word_1_222' title='bbox 1005 1476 1054 1503; x_wconf 91' lang='lat' dir='ltr'><strong>fuit</strong></span> 
     </span>
    </p>
   </div>
   <div class='ocr_carea' id='block_1_32' title="bbox 277 1522 1054 1567">
    <p class='ocr_par' dir='ltr' id='par_1_32' title="bbox 277 1522 1054 1567">
     <span class='ocr_line' id='line_1_32' title="bbox 277 1522 1054 1567; baseline -0.014 -8"><span class='ocrx_word' id='word_1_223' title='bbox 277 1531 389 1567; x_wconf 87' lang='lat' dir='ltr'><strong>pietatis</strong></span> <span class='ocrx_word' id='word_1_224' title='bbox 405 1530 508 1565; x_wconf 89' lang='lat' dir='ltr'><strong>pariter</strong></span> <span class='ocrx_word' id='word_1_225' title='bbox 525 1535 555 1555; x_wconf 94' lang='lat' dir='ltr'><strong>ac</strong></span> <span class='ocrx_word' id='word_1_226' title='bbox 575 1526 767 1562; x_wconf 89' lang='lat' dir='ltr'><strong>periculorum.</strong></span> <span class='ocrx_word' id='word_1_227' title='bbox 782 1524 958 1551; x_wconf 82' lang='lat' dir='ltr'><strong>Constantem</strong></span> <span class='ocrx_word' id='word_1_228' title='bbox 973 1522 1054 1556; x_wconf 77' lang='lat' dir='ltr'><strong>igitur</strong></span> 
     </span>
    </p>
   </div>
   <div class='ocr_carea' id='block_1_33' title="bbox 276 1568 1054 1610">
    <p class='ocr_par' dir='ltr' id='par_1_33' title="bbox 276 1568 1054 1610">
     <span class='ocr_line' id='line_1_33' title="bbox 276 1568 1054 1610; baseline -0.014 -6"><span class='ocrx_word' id='word_1_229' title='bbox 276 1577 314 1605; x_wconf 89' lang='lat' dir='ltr'><strong>ibi</strong></span> <span class='ocrx_word' id='word_1_230' title='bbox 334 1581 415 1610; x_wconf 88' lang='lat' dir='ltr'><strong>atque</strong></span> <span class='ocrx_word' id='word_1_231' title='bbox 434 1574 534 1602; x_wconf 75' lang='lat' dir='ltr'><strong>Juliuin</strong></span> <span class='ocrx_word' id='word_1_232' title='bbox 552 1572 753 1602; x_wconf 73' lang='lat' dir='ltr'><strong>convenientes,</strong></span> <span class='ocrx_word' id='word_1_233' title='bbox 774 1573 831 1596; x_wconf 91' lang='lat' dir='ltr'><strong>tum</strong></span> <span class='ocrx_word' id='word_1_234' title='bbox 848 1575 908 1603; x_wconf 70' lang='lat' dir='ltr'><strong>quae</strong></span> <span class='ocrx_word' id='word_1_235' title='bbox 925 1568 1000 1604; x_wconf 87' lang='lat' dir='ltr'><strong>passi</strong></span> <span class='ocrx_word' id='word_1_236' title='bbox 1015 1575 1054 1595; x_wconf 87' lang='lat' dir='ltr'><strong>es-</strong></span> 
     </span>
    </p>
   </div>
   <div class='ocr_carea' id='block_1_34' title="bbox 277 1613 1048 1654">
    <p class='ocr_par' dir='ltr' id='par_1_34' title="bbox 277 1613 1048 1654">
     <span class='ocr_line' id='line_1_34' title="bbox 277 1613 1048 1654; baseline -0.013 -5"><span class='ocrx_word' id='word_1_237' title='bbox 277 1625 337 1649; x_wconf 83' lang='lat' dir='ltr'><strong>sent</strong></span> <span class='ocrx_word' id='word_1_238' title='bbox 362 1619 430 1654; x_wconf 84' lang='lat' dir='ltr'><strong>ipsi,</strong></span> <span class='ocrx_word' id='word_1_239' title='bbox 453 1623 508 1645; x_wconf 90' lang='lat' dir='ltr'><strong>tum</strong></span> <span class='ocrx_word' id='word_1_240' title='bbox 526 1623 690 1652; x_wconf 62' lang='lat' dir='ltr'><strong>quaecunque</strong></span> <span class='ocrx_word' id='word_1_241' title='bbox 712 1614 765 1641; x_wconf 87' lang='lat' dir='ltr'><strong>alia</strong></span> <span class='ocrx_word' id='word_1_242' title='bbox 788 1617 881 1640; x_wconf 92' lang='lat' dir='ltr'><strong>contra</strong></span> <span class='ocrx_word' id='word_1_243' title='bbox 904 1613 1048 1640; x_wconf 84' lang='lat' dir='ltr'><strong>veritatem</strong></span> 
     </span>
    </p>
   </div>
   <div class='ocr_carea' id='block_1_35' title="bbox 277 1657 1054 1698">
    <p class='ocr_par' dir='ltr' id='par_1_35' title="bbox 277 1657 1054 1698">
     <span class='ocr_line' id='line_1_35' title="bbox 277 1657 1054 1698; baseline -0.013 -5"><span class='ocrx_word' id='word_1_244' title='bbox 277 1664 419 1693; x_wconf 85' lang='lat' dir='ltr'><strong>Eusebiani</strong></span> <span class='ocrx_word' id='word_1_245' title='bbox 447 1663 645 1698; x_wconf 82' lang='lat' dir='ltr'><strong>designassent,</strong></span> <span class='ocrx_word' id='word_1_246' title='bbox 670 1663 844 1686; x_wconf 88' lang='lat' dir='ltr'><strong>enarrarunt.</strong></span> <span class='ocrx_word' id='word_1_247' title='bbox 870 1657 968 1684; x_wconf 88' lang='lat' dir='ltr'><strong>Statim</strong></span> <span class='ocrx_word' id='word_1_248' title='bbox 989 1663 1054 1691; x_wconf 61' lang='lat' dir='ltr'><strong>ergo</strong></span> 
     </span>
    </p>
   </div>
   <div class='ocr_carea' id='block_1_36' title="bbox 277 1703 1052 1746">
    <p class='ocr_par' dir='ltr' id='par_1_36' title="bbox 277 1703 1052 1746">
     <span class='ocr_line' id='line_1_36' title="bbox 277 1703 1052 1746; baseline -0.013 -7"><span class='ocrx_word' id='word_1_249' title='bbox 277 1713 423 1746; x_wconf 84' lang='lat' dir='ltr'><strong>imperator</strong></span> <span class='ocrx_word' id='word_1_250' title='bbox 435 1709 568 1736; x_wconf 84' lang='lat' dir='ltr'><strong>Constans</strong></span> <span class='ocrx_word' id='word_1_251' title='bbox 581 1706 659 1733; x_wconf 89' lang='lat' dir='ltr'><strong>fratri</strong></span> <span class='ocrx_word' id='word_1_252' title='bbox 670 1712 749 1739; x_wconf 87' lang='lat' dir='ltr'><strong>super</strong></span> <span class='ocrx_word' id='word_1_253' title='bbox 764 1704 816 1731; x_wconf 87' lang='lat' dir='ltr'><strong>hac</strong></span> <span class='ocrx_word' id='word_1_254' title='bbox 830 1711 860 1731; x_wconf 84' lang='lat' dir='ltr'><strong>re</strong></span> <span class='ocrx_word' id='word_1_255' title='bbox 871 1703 976 1730; x_wconf 87' lang='lat' dir='ltr'><strong>litteras</strong></span> <span class='ocrx_word' id='word_1_256' title='bbox 989 1704 1052 1730; x_wconf 88' lang='lat' dir='ltr'><strong>mit-</strong></span> 
     </span>
    </p>
   </div>
   <div class='ocr_carea' id='block_1_37' title="bbox 278 1748 1054 1786">
    <p class='ocr_par' dir='ltr' id='par_1_37' title="bbox 278 1748 1054 1786">
     <span class='ocr_line' id='line_1_37' title="bbox 278 1748 1054 1786; baseline -0.014 -1"><span class='ocrx_word' id='word_1_257' title='bbox 278 1758 319 1785; x_wconf 91' lang='lat' dir='ltr'><strong>tit.</strong></span> <span class='ocrx_word' id='word_1_258' title='bbox 342 1755 409 1784; x_wconf 90' lang='lat' dir='ltr'><strong>Cum</strong></span> <span class='ocrx_word' id='word_1_259' title='bbox 430 1759 520 1781; x_wconf 88' lang='lat' dir='ltr'><strong>autem</strong></span> <span class='ocrx_word' id='word_1_260' title='bbox 539 1751 605 1780; x_wconf 87' lang='lat' dir='ltr'><strong>nihil</strong></span> <span class='ocrx_word' id='word_1_261' title='bbox 631 1751 792 1786; x_wconf 86' lang='lat' dir='ltr'><strong>proficeret,</strong></span> <span class='ocrx_word' id='word_1_262' title='bbox 817 1748 947 1784; x_wconf 85' lang='lat' dir='ltr'><strong>synodum</strong></span> <span class='ocrx_word' id='word_1_263' title='bbox 975 1748 1054 1775; x_wconf 83' lang='lat' dir='ltr'><strong>aliam</strong></span> 
     </span>
    </p>
   </div>
   <div class='ocr_carea' id='block_1_38' title="bbox 276 1793 1051 1831">
    <p class='ocr_par' dir='ltr' id='par_1_38' title="bbox 276 1793 1051 1831">
     <span class='ocr_line' id='line_1_38' title="bbox 276 1793 1051 1831; baseline -0.012 -2"><span class='ocrx_word' id='word_1_264' title='bbox 276 1803 431 1830; x_wconf 87' lang='lat' dir='ltr'><strong>universam</strong></span> <span class='ocrx_word' id='word_1_265' title='bbox 456 1799 621 1827; x_wconf 86' lang='lat' dir='ltr'><strong>Athanasius</strong></span> <span class='ocrx_word' id='word_1_266' title='bbox 645 1802 725 1831; x_wconf 83' lang='lat' dir='ltr'><strong>atque</strong></span> <span class='ocrx_word' id='word_1_267' title='bbox 747 1794 847 1822; x_wconf 82' lang='lat' dir='ltr'><strong>Paulus</strong></span> <span class='ocrx_word' id='word_1_268' title='bbox 872 1793 1051 1829; x_wconf 89' lang='lat' dir='ltr'><strong>postularunt.</strong></span> 
     </span>
    </p>
   </div>
   <div class='ocr_carea' id='block_1_39' title="bbox 276 1840 1053 1885">
    <p class='ocr_par' dir='ltr' id='par_1_39' title="bbox 276 1840 1053 1885">
     <span class='ocr_line' id='line_1_39' title="bbox 276 1840 1053 1885; baseline -0.012 -8"><span class='ocrx_word' id='word_1_269' title='bbox 276 1848 477 1885; x_wconf 88' lang='lat' dir='ltr'><strong>Depositionem</strong></span> <span class='ocrx_word' id='word_1_270' title='bbox 507 1846 605 1881; x_wconf 86' lang='lat' dir='ltr'><strong>quippe</strong></span> <span class='ocrx_word' id='word_1_271' title='bbox 635 1851 729 1874; x_wconf 88' lang='lat' dir='ltr'><strong>suam,</strong></span> <span class='ocrx_word' id='word_1_272' title='bbox 760 1849 812 1868; x_wconf 93' lang='lat' dir='ltr'><strong>non</strong></span> <span class='ocrx_word' id='word_1_273' title='bbox 838 1840 889 1867; x_wconf 89' lang='lat' dir='ltr'><strong>alia</strong></span> <span class='ocrx_word' id='word_1_274' title='bbox 913 1842 946 1868; x_wconf 89' lang='lat' dir='ltr'><strong>de</strong></span> <span class='ocrx_word' id='word_1_275' title='bbox 972 1848 1053 1868; x_wconf 86' lang='lat' dir='ltr'><strong>causa</strong></span> 
     </span>
    </p>
   </div>
   <div class='ocr_carea' id='block_1_40' title="bbox 278 1887 1054 1926">
    <p class='ocr_par' dir='ltr' id='par_1_40' title="bbox 278 1887 1054 1926">
     <span class='ocr_line' id='line_1_40' title="bbox 278 1887 1054 1926; baseline -0.012 -4"><span class='ocrx_word' id='word_1_276' title='bbox 278 1895 377 1923; x_wconf 88' lang='lat' dir='ltr'><strong>factam</strong></span> <span class='ocrx_word' id='word_1_277' title='bbox 404 1893 530 1925; x_wconf 85' lang='lat' dir='ltr'><strong>aiebant,</strong></span> <span class='ocrx_word' id='word_1_278' title='bbox 553 1897 633 1926; x_wconf 88' lang='lat' dir='ltr'><strong>quam</strong></span> <span class='ocrx_word' id='word_1_279' title='bbox 656 1894 686 1916; x_wconf 91' lang='lat' dir='ltr'><strong>ut</strong></span> <span class='ocrx_word' id='word_1_280' title='bbox 708 1896 800 1916; x_wconf 86' lang='lat' dir='ltr'><strong>secum</strong></span> <span class='ocrx_word' id='word_1_281' title='bbox 824 1894 877 1914; x_wconf 84' lang='lat' dir='ltr'><strong>una</strong></span> <span class='ocrx_word' id='word_1_282' title='bbox 902 1894 968 1914; x_wconf 81' lang='lat' dir='ltr'><strong>sana</strong></span> <span class='ocrx_word' id='word_1_283' title='bbox 989 1887 1054 1914; x_wconf 86' lang='lat' dir='ltr'><strong>lides</strong></span> 
     </span>
    </p>
   </div>
   <div class='ocr_carea' id='block_1_41' title="bbox 278 1942 462 1971">
    <p class='ocr_par' dir='ltr' id='par_1_41' title="bbox 278 1942 462 1971">
     <span class='ocr_line' id='line_1_41' title="bbox 278 1942 462 1971; baseline -0.022 -2"><span class='ocrx_word' id='word_1_284' title='bbox 278 1942 462 1971; x_wconf 83' lang='lat' dir='ltr'><strong>damnaretur.</strong></span> 
     </span>
    </p>
   </div>
   <div class='ocr_carea' id='block_1_42' title="bbox 1112 234 1891 274">
    <p class='ocr_par' dir='ltr' id='par_1_42' title="bbox 1112 234 1891 274">
     <span class='ocr_line' id='line_1_42' title="bbox 1112 234 1891 274; baseline -0.004 -10"><span class='ocrx_word' id='word_1_285' title='bbox 1112 237 1332 274; x_wconf 84' lang='grc' dir='ltr'><strong>προηγούμενος,</strong></span> <span class='ocrx_word' id='word_1_286' title='bbox 1366 237 1437 264; x_wconf 83' lang='grc' dir='ltr'>οὕτω</span> <span class='ocrx_word' id='word_1_287' title='bbox 1467 237 1642 268; x_wconf 62' lang='grc' dir='ltr'>κελεύσαντος</span> <span class='ocrx_word' id='word_1_288' title='bbox 1676 234 1807 271; x_wconf 79' lang='grc' dir='ltr'>βασιλέως</span> <span class='ocrx_word' id='word_1_289' title='bbox 1821 255 1828 267; x_wconf 96' lang='grc'><strong>,</strong></span> <span class='ocrx_word' id='word_1_290' title='bbox 1857 235 1891 261; x_wconf 73' lang='grc' dir='ltr'><strong>ῐν*</strong></span> 
     </span>
    </p>
   </div>
   <div class='ocr_carea' id='block_1_43' title="bbox 1117 280 1893 319">
    <p class='ocr_par' dir='ltr' id='par_1_43' title="bbox 1117 280 1893 319">
     <span class='ocr_line' id='line_1_43' title="bbox 1117 280 1893 319; baseline -0.005 -9"><span class='ocrx_word' id='word_1_291' title='bbox 1117 283 1264 318; x_wconf 80' lang='grc' dir='ltr'>Ἀθανασίῳ</span> <span class='ocrx_word' id='word_1_292' title='bbox 1287 283 1336 319; x_wconf 80' lang='grc' dir='ltr'>μὲν</span> <span class='ocrx_word' id='word_1_293' title='bbox 1355 283 1478 316; x_wconf 82' lang='grc' dir='ltr'>θάνατον,</span> <span class='ocrx_word' id='word_1_294' title='bbox 1503 283 1598 317; x_wconf 72' lang='grc' dir='ltr'>ἐκεινῳ</span> <span class='ocrx_word' id='word_1_295' title='bbox 1612 281 1641 308; x_wconf 75' lang='grc' dir='ltr'>δὲ</span> <span class='ocrx_word' id='word_1_296' title='bbox 1666 281 1714 317; x_wconf 86' lang='grc' dir='ltr'>τὴν</span> <span class='ocrx_word' id='word_1_297' title='bbox 1739 280 1893 316; x_wconf 68' lang='grc' dir='ltr'>ἐπισκοπὴν</span> 
     </span>
    </p>
   </div>
   <div class='ocr_carea' id='block_1_44' title="bbox 1111 327 1893 365">
    <p class='ocr_par' dir='ltr' id='par_1_44' title="bbox 1111 327 1893 365">
     <span class='ocr_line' id='line_1_44' title="bbox 1111 327 1893 365; baseline -0.004 -9"><span class='ocrx_word' id='word_1_298' title='bbox 1111 329 1364 365; x_wconf 82' lang='grc' dir='ltr'>πραγματεύσηται.</span> <span class='ocrx_word' id='word_1_299' title='bbox 1379 330 1472 362; x_wconf 82' lang='grc' dir='ltr'>Ὅπως</span> <span class='ocrx_word' id='word_1_300' title='bbox 1487 330 1516 356; x_wconf 76' lang='grc' dir='ltr'>δὲ</span> <span class='ocrx_word' id='word_1_301' title='bbox 1537 329 1583 356; x_wconf 76' lang='grc' dir='ltr'><strong>καὶ</strong></span> <span class='ocrx_word' id='word_1_302' title='bbox 1593 329 1732 362; x_wconf 81' lang='grc' dir='ltr'><strong>διαφυγεῖν</strong></span> <span class='ocrx_word' id='word_1_303' title='bbox 1758 328 1790 354; x_wconf 82' lang='grc' dir='ltr'><strong>ὲκ</strong></span> <span class='ocrx_word' id='word_1_304' title='bbox 1807 327 1893 362; x_wconf 80' lang='grc' dir='ltr'><strong>μέσης</strong></span> 
     </span>
    </p>
   </div>
   <div class='ocr_carea' id='block_1_45' title="bbox 1109 373 1893 411">
    <p class='ocr_par' dir='ltr' id='par_1_45' title="bbox 1109 373 1893 411">
     <span class='ocr_line' id='line_1_45' title="bbox 1109 373 1893 411; baseline -0.004 -9"><span class='ocrx_word' id='word_1_305' title='bbox 1109 376 1206 408; x_wconf 71' lang='grc' dir='ltr'>αὐτοὺς</span> <span class='ocrx_word' id='word_1_306' title='bbox 1222 376 1272 411; x_wconf 83' lang='grc' dir='ltr'>τῆς</span> <span class='ocrx_word' id='word_1_307' title='bbox 1299 377 1420 411; x_wconf 84' lang='grc' dir='ltr'><strong>σαγήνης</strong></span> <span class='ocrx_word' id='word_1_308' title='bbox 1449 375 1606 406; x_wconf 77' lang='grc' dir='ltr'>Ἀθανάσιος</span> <span class='ocrx_word' id='word_1_309' title='bbox 1626 375 1744 409; x_wconf 78' lang='grc' dir='ltr'><strong>ἴσχυσεν,</strong></span> <span class='ocrx_word' id='word_1_310' title='bbox 1774 374 1789 400; x_wconf 83' lang='grc' dir='ltr'><strong><em>ὁ</em></strong></span> <span class='ocrx_word' id='word_1_311' title='bbox 1814 373 1893 407; x_wconf 82' lang='grc' dir='ltr'>λόγος</span> 
     </span>
    </p>
   </div>
   <div class='ocr_carea' id='block_1_46' title="bbox 1108 419 1894 458">
    <p class='ocr_par' dir='ltr' id='par_1_46' title="bbox 1108 419 1894 458">
     <span class='ocr_line' id='line_1_46' title="bbox 1108 419 1894 458; baseline -0.004 -10"><span class='ocrx_word' id='word_1_312' title='bbox 1108 422 1232 457; x_wconf 79' lang='grc' dir='ltr'><strong>δηλώσει.</strong></span> <span class='ocrx_word' id='word_1_313' title='bbox 1248 422 1316 457; x_wconf 84' lang='grc' dir='ltr'>Ἤδη</span> <span class='ocrx_word' id='word_1_314' title='bbox 1331 422 1395 458; x_wconf 76' lang='grc' dir='ltr'>περὶ</span> <span class='ocrx_word' id='word_1_315' title='bbox 1418 421 1492 448; x_wconf 84' lang='grc' dir='ltr'>δύσιν</span> <span class='ocrx_word' id='word_1_316' title='bbox 1507 422 1582 452; x_wconf 73' lang='grc' dir='ltr'>ὄντος</span> <span class='ocrx_word' id='word_1_317' title='bbox 1596 421 1680 456; x_wconf 82' lang='grc' dir='ltr'><strong>ἡλίου,</strong></span> <span class='ocrx_word' id='word_1_318' title='bbox 1696 421 1713 455; x_wconf 89' lang='grc' dir='ltr'>ὴ</span> <span class='ocrx_word' id='word_1_319' title='bbox 1736 420 1784 455; x_wconf 85' lang='grc' dir='ltr'>μὲν</span> <span class='ocrx_word' id='word_1_320' title='bbox 1813 419 1894 450; x_wconf 79' lang='grc' dir='ltr'>πόλις</span> 
     </span>
    </p>
   </div>
   <div class='ocr_carea' id='block_1_47' title="bbox 1109 459 1894 504">
    <p class='ocr_par' dir='ltr' id='par_1_47' title="bbox 1109 459 1894 504">
     <span class='ocr_line' id='line_1_47' title="bbox 1109 459 1894 504; baseline -0.004 -9"><span class='ocrx_word' id='word_1_321' title='bbox 1109 468 1281 504; x_wconf 82' lang='grc' dir='ltr'>ἐορτάζοντές</span> <span class='ocrx_word' id='word_1_322' title='bbox 1309 477 1340 495; x_wconf 83' lang='grc' dir='ltr'><strong>τε</strong></span> <span class='ocrx_word' id='word_1_323' title='bbox 1366 468 1414 495; x_wconf 75' lang='grc' dir='ltr'>καὶ</span> <span class='ocrx_word' id='word_1_324' title='bbox 1440 468 1646 503; x_wconf 77' lang='grc' dir='ltr'>παννυχίζοντες</span> <span class='ocrx_word' id='word_1_325' title='bbox 1673 459 1766 502; x_wconf 45' lang='grc' dir='ltr'>ἦσαν]</span> <span class='ocrx_word' id='word_1_326' title='bbox 1777 466 1840 500; x_wconf 76' lang='grc' dir='ltr'>ἥκει</span> <span class='ocrx_word' id='word_1_327' title='bbox 1864 465 1894 492; x_wconf 82' lang='grc' dir='ltr'>δὲ</span> 
     </span>
    </p>
   </div>
   <div class='ocr_carea' id='block_1_48' title="bbox 1109 511 1894 550">
    <p class='ocr_par' dir='ltr' id='par_1_48' title="bbox 1109 511 1894 550">
     <span class='ocr_line' id='line_1_48' title="bbox 1109 511 1894 550; baseline -0.005 -9"><span class='ocrx_word' id='word_1_328' title='bbox 1109 514 1201 550; x_wconf 84' lang='grc' dir='ltr'>ὥσπερ</span> <span class='ocrx_word' id='word_1_329' title='bbox 1215 515 1243 541; x_wconf 81' lang='grc' dir='ltr'>ὲν</span> <span class='ocrx_word' id='word_1_330' title='bbox 1256 514 1354 550; x_wconf 81' lang='grc' dir='ltr'><strong>μάχαις</strong></span> <span class='ocrx_word' id='word_1_331' title='bbox 1370 515 1384 540; x_wconf 82' lang='grc' dir='ltr'>ὁ</span> <span class='ocrx_word' id='word_1_332' title='bbox 1410 514 1570 549; x_wconf 87' lang='grc' dir='ltr'>στρατηγὸς,</span> <span class='ocrx_word' id='word_1_333' title='bbox 1585 513 1634 548; x_wconf 86' lang='grc' dir='ltr'>τὴν</span> <span class='ocrx_word' id='word_1_334' title='bbox 1657 511 1785 547; x_wconf 84' lang='grc' dir='ltr'>στρατιὰν</span> <span class='ocrx_word' id='word_1_335' title='bbox 1799 511 1894 538; x_wconf 78' lang='grc' dir='ltr'>διατά-</span> 
     </span>
    </p>
   </div>
   <div class='ocr_carea' id='block_1_49' title="bbox 1109 554 1894 596">
    <p class='ocr_par' dir='ltr' id='par_1_49' title="bbox 1109 554 1894 596">
     <span class='ocr_line' id='line_1_49' title="bbox 1109 554 1894 596; baseline -0.005 -9"><span class='ocrx_word' id='word_1_336' title='bbox 1109 560 1166 593; x_wconf 84' lang='grc' dir='ltr'>ξας,</span> <span class='ocrx_word' id='word_1_337' title='bbox 1185 561 1231 587; x_wconf 78' lang='grc' dir='ltr'>καὶ</span> <span class='ocrx_word' id='word_1_338' title='bbox 1244 560 1335 596; x_wconf 80' lang='grc' dir='ltr'>κύκλῳ</span> <span class='ocrx_word' id='word_1_339' title='bbox 1346 560 1395 596; x_wconf 85' lang='grc' dir='ltr'>τὴν</span> <span class='ocrx_word' id='word_1_340' title='bbox 1405 559 1551 596; x_wconf 78' lang='grc' dir='ltr'>ἐκκλησίαν</span> <span class='ocrx_word' id='word_1_341' title='bbox 1565 557 1708 586; x_wconf 82' lang='grc' dir='ltr'>διαλαόών.</span> <span class='ocrx_word' id='word_1_342' title='bbox 1722 557 1829 593; x_wconf 85' lang='grc' dir='ltr'><strong>Ταύτην</strong></span> <span class='ocrx_word' id='word_1_343' title='bbox 1846 554 1894 583; x_wconf 79' lang='grc' dir='ltr'>οὖν</span> 
     </span>
    </p>
   </div>
   <div class='ocr_carea' id='block_1_50' title="bbox 1107 602 1895 642">
    <p class='ocr_par' dir='ltr' id='par_1_50' title="bbox 1107 602 1895 642">
     <span class='ocr_line' id='line_1_50' title="bbox 1107 602 1895 642; baseline -0.005 -10"><span class='ocrx_word' id='word_1_344' title='bbox 1107 606 1157 642; x_wconf 84' lang='grc' dir='ltr'>τὴν</span> <span class='ocrx_word' id='word_1_345' title='bbox 1185 605 1361 641; x_wconf 78' lang='grc' dir='ltr'>παρεμϐολὴν</span> <span class='ocrx_word' id='word_1_346' title='bbox 1390 605 1462 640; x_wconf 79' lang='grc' dir='ltr'>ὁρῶν</span> <span class='ocrx_word' id='word_1_347' title='bbox 1484 604 1650 636; x_wconf 81' lang='grc' dir='ltr'>Ἀθανάσιος,</span> <span class='ocrx_word' id='word_1_348' title='bbox 1672 603 1719 630; x_wconf 68' lang='grc' dir='ltr'>καὶ</span> <span class='ocrx_word' id='word_1_349' title='bbox 1746 602 1895 638; x_wconf 76' lang='grc' dir='ltr'>φροντίδων</span> 
     </span>
    </p>
   </div>
   <div class='ocr_carea' id='block_1_51' title="bbox 1108 648 1895 687">
    <p class='ocr_par' dir='ltr' id='par_1_51' title="bbox 1108 648 1895 687">
     <span class='ocr_line' id='line_1_51' title="bbox 1108 648 1895 687; baseline -0.004 -10"><span class='ocrx_word' id='word_1_350' title='bbox 1108 651 1304 687; x_wconf 76' lang='grc' dir='ltr'>πληρούμενος,</span> <span class='ocrx_word' id='word_1_351' title='bbox 1321 651 1370 686; x_wconf 74' lang='grc' dir='ltr'><strong>οὐχ</strong></span> <span class='ocrx_word' id='word_1_352' title='bbox 1386 650 1459 682; x_wconf 82' lang='grc' dir='ltr'>ὅπως</span> <span class='ocrx_word' id='word_1_353' title='bbox 1473 649 1506 676; x_wconf 87' lang='grc' dir='ltr'>ἂν</span> <span class='ocrx_word' id='word_1_354' title='bbox 1523 650 1603 681; x_wconf 81' lang='grc' dir='ltr'>αὐτὸς</span> <span class='ocrx_word' id='word_1_355' title='bbox 1621 649 1658 685; x_wconf 78' lang='grc' dir='ltr'>μὴ</span> <span class='ocrx_word' id='word_1_356' title='bbox 1674 648 1739 684; x_wconf 83' lang='grc' dir='ltr'>ἁλῷ,</span> <span class='ocrx_word' id='word_1_357' title='bbox 1749 648 1806 675; x_wconf 82' lang='grc' dir='ltr'>ἀλλ’</span> <span class='ocrx_word' id='word_1_358' title='bbox 1819 648 1895 680; x_wconf 80' lang='grc' dir='ltr'>ὅπως</span> 
     </span>
    </p>
   </div>
   <div class='ocr_carea' id='block_1_52' title="bbox 1108 694 1894 733">
    <p class='ocr_par' dir='ltr' id='par_1_52' title="bbox 1108 694 1894 733">
     <span class='ocr_line' id='line_1_52' title="bbox 1108 694 1894 733; baseline -0.005 -9"><span class='ocrx_word' id='word_1_359' title='bbox 1108 697 1141 724; x_wconf 85' lang='grc' dir='ltr'>ἃν</span> <span class='ocrx_word' id='word_1_360' title='bbox 1158 697 1258 733; x_wconf 83' lang='grc' dir='ltr'>μᾶλλον</span> <span class='ocrx_word' id='word_1_361' title='bbox 1271 696 1309 731; x_wconf 83' lang='grc' dir='ltr'>τῷ</span> <span class='ocrx_word' id='word_1_362' title='bbox 1322 696 1378 731; x_wconf 83' lang='grc' dir='ltr'><strong>λαῷ</strong></span> <span class='ocrx_word' id='word_1_363' title='bbox 1395 695 1513 731; x_wconf 85' lang='grc' dir='ltr'>μηδεμία</span> <span class='ocrx_word' id='word_1_364' title='bbox 1527 695 1561 722; x_wconf 84' lang='grc' dir='ltr'>δι’</span> <span class='ocrx_word' id='word_1_365' title='bbox 1577 695 1658 722; x_wconf 80' lang='grc' dir='ltr'>αὑτὸν</span> <span class='ocrx_word' id='word_1_366' title='bbox 1675 695 1778 729; x_wconf 86' lang='grc' dir='ltr'>γένοιτο</span> <span class='ocrx_word' id='word_1_367' title='bbox 1793 694 1894 730; x_wconf 78' lang='grc' dir='ltr'>βλάϐη,</span> 
     </span>
    </p>
   </div>
   <div class='ocr_carea' id='block_1_53' title="bbox 1109 740 1895 779">
    <p class='ocr_par' dir='ltr' id='par_1_53' title="bbox 1109 740 1895 779">
     <span class='ocr_line' id='line_1_53' title="bbox 1109 740 1895 779; baseline -0.004 -10"><span class='ocrx_word' id='word_1_368' title='bbox 1109 743 1234 779; x_wconf 84' lang='grc' dir='ltr'>σημαίνει</span> <span class='ocrx_word' id='word_1_369' title='bbox 1253 742 1302 777; x_wconf 81' lang='grc' dir='ltr'>μὲν</span> <span class='ocrx_word' id='word_1_370' title='bbox 1317 741 1398 777; x_wconf 80' lang='grc' dir='ltr'>εὐχὴν</span> <span class='ocrx_word' id='word_1_371' title='bbox 1414 741 1532 777; x_wconf 72' lang='grc' dir='ltr'>κηρῦξαι</span> <span class='ocrx_word' id='word_1_372' title='bbox 1546 741 1585 776; x_wconf 84' lang='grc' dir='ltr'>τῷ</span> <span class='ocrx_word' id='word_1_373' title='bbox 1597 740 1723 776; x_wconf 82' lang='grc' dir='ltr'>διακόνῳ·</span> <span class='ocrx_word' id='word_1_374' title='bbox 1740 740 1790 775; x_wconf 80' lang='grc' dir='ltr'>τὴν</span> <span class='ocrx_word' id='word_1_375' title='bbox 1811 740 1895 775; x_wconf 69' lang='grc' dir='ltr'>εὐχὴν</span> 
     </span>
    </p>
   </div>
   <div class='ocr_carea' id='block_1_54' title="bbox 1106 784 1895 824">
    <p class='ocr_par' dir='ltr' id='par_1_54' title="bbox 1106 784 1895 824">
     <span class='ocr_line' id='line_1_54' title="bbox 1106 784 1895 824; baseline -0.005 -9"><span class='ocrx_word' id='word_1_376' title='bbox 1106 789 1135 815; x_wconf 73' lang='grc' dir='ltr'>δὲ</span> <span class='ocrx_word' id='word_1_377' title='bbox 1151 789 1206 824; x_wconf 79' lang='grc' dir='ltr'><strong>ᾠδή</strong></span> <span class='ocrx_word' id='word_1_378' title='bbox 1234 787 1333 819; x_wconf 82' lang='grc' dir='ltr'>τις-τοῦ</span> <span class='ocrx_word' id='word_1_379' title='bbox 1354 787 1473 822; x_wconf 80' lang='grc' dir='ltr'>πλήθους</span> <span class='ocrx_word' id='word_1_380' title='bbox 1494 788 1569 822; x_wconf 83' lang='grc' dir='ltr'>κοινῇ</span> <span class='ocrx_word' id='word_1_381' title='bbox 1592 786 1734 821; x_wconf 75' lang='grc' dir='ltr'><strong>διεδέχετο.</strong></span> <span class='ocrx_word' id='word_1_382' title='bbox 1750 784 1816 812; x_wconf 78' lang='grc' dir='ltr'>Εἶτα</span> <span class='ocrx_word' id='word_1_383' title='bbox 1829 785 1895 820; x_wconf 64' lang='grc' dir='ltr'>βοῆς</span> 
     </span>
    </p>
   </div>
   <div class='ocr_carea' id='block_1_55' title="bbox 1106 831 1895 870">
    <p class='ocr_par' dir='ltr' id='par_1_55' title="bbox 1106 831 1895 870">
     <span class='ocr_line' id='line_1_55' title="bbox 1106 831 1895 870; baseline -0.004 -9"><span class='ocrx_word' id='word_1_384' title='bbox 1106 844 1135 861; x_wconf 83' lang='grc' dir='ltr'><strong>τε</strong></span> <span class='ocrx_word' id='word_1_385' title='bbox 1152 834 1251 870; x_wconf 79' lang='grc' dir='ltr'>πολλῆς</span> <span class='ocrx_word' id='word_1_386' title='bbox 1274 834 1321 860; x_wconf 80' lang='grc' dir='ltr'>καὶ</span> <span class='ocrx_word' id='word_1_387' title='bbox 1343 833 1510 868; x_wconf 85' lang='grc' dir='ltr'>συμφωνίας,</span> <span class='ocrx_word' id='word_1_388' title='bbox 1527 833 1564 864; x_wconf 85' lang='grc' dir='ltr'>ὡς</span> <span class='ocrx_word' id='word_1_389' title='bbox 1581 832 1664 864; x_wconf 74' lang='grc' dir='ltr'>εἰκὸς,</span> <span class='ocrx_word' id='word_1_390' title='bbox 1679 831 1832 867; x_wconf 86' lang='grc' dir='ltr'>γινομένης,</span> <span class='ocrx_word' id='word_1_391' title='bbox 1849 831 1895 858; x_wconf 76' lang='grc' dir='ltr'><strong>διὰ</strong></span> 
     </span>
    </p>
   </div>
   <div class='ocr_carea' id='block_1_56' title="bbox 1106 876 1893 916">
    <p class='ocr_par' dir='ltr' id='par_1_56' title="bbox 1106 876 1893 916">
     <span class='ocr_line' id='line_1_56' title="bbox 1106 876 1893 916; baseline -0.006 -9"><span class='ocrx_word' id='word_1_392' title='bbox 1106 881 1156 916; x_wconf 80' lang='grc' dir='ltr'>τῆς</span> <span class='ocrx_word' id='word_1_393' title='bbox 1173 881 1257 915; x_wconf 80' lang='grc' dir='ltr'>αὐτῆς</span> <span class='ocrx_word' id='word_1_394' title='bbox 1272 880 1394 911; x_wconf 74' lang='grc' dir='ltr'>ἅπαντας</span> <span class='ocrx_word' id='word_1_395' title='bbox 1417 878 1516 912; x_wconf 82' lang='grc' dir='ltr'>ἐξιέναι</span> <span class='ocrx_word' id='word_1_396' title='bbox 1529 878 1614 914; x_wconf 83' lang='grc' dir='ltr'>πύλης</span> <span class='ocrx_word' id='word_1_397' title='bbox 1633 878 1685 904; x_wconf 80' lang='grc' dir='ltr'>ὑπὸ</span> <span class='ocrx_word' id='word_1_398' title='bbox 1700 877 1746 904; x_wconf 83' lang='grc' dir='ltr'><strong>τοῦ</strong></span> <span class='ocrx_word' id='word_1_399' title='bbox 1774 876 1893 912; x_wconf 78' lang='grc' dir='ltr'>μεγάλου</span> 
     </span>
    </p>
   </div>
   <div class='ocr_carea' id='block_1_57' title="bbox 1107 922 1895 962">
    <p class='ocr_par' dir='ltr' id='par_1_57' title="bbox 1107 922 1895 962">
     <span class='ocr_line' id='line_1_57' title="bbox 1107 922 1895 962; baseline -0.006 -9"><span class='ocrx_word' id='word_1_400' title='bbox 1107 926 1298 962; x_wconf 80' lang='grc' dir='ltr'><strong>προστέτακτο.</strong></span> <span class='ocrx_word' id='word_1_401' title='bbox 1315 924 1358 960; x_wconf 83' lang='grc' dir='ltr'>Τῷ</span> <span class='ocrx_word' id='word_1_402' title='bbox 1376 926 1426 960; x_wconf 81' lang='grc' dir='ltr'>μὲν</span> <span class='ocrx_word' id='word_1_403' title='bbox 1440 922 1487 951; x_wconf 74' lang='grc' dir='ltr'>οὖν</span> <span class='ocrx_word' id='word_1_404' title='bbox 1504 923 1648 960; x_wconf 80' lang='grc' dir='ltr'>στρατηγῷ</span> <span class='ocrx_word' id='word_1_405' title='bbox 1663 923 1709 950; x_wconf 82' lang='grc' dir='ltr'>καὶ</span> <span class='ocrx_word' id='word_1_406' title='bbox 1725 924 1780 953; x_wconf 84' lang='grc' dir='ltr'>τοῖς</span> <span class='ocrx_word' id='word_1_407' title='bbox 1790 922 1834 949; x_wconf 76' lang='grc' dir='ltr'>ὑπ’</span> <span class='ocrx_word' id='word_1_408' title='bbox 1845 923 1895 948; x_wconf 79' lang='grc' dir='ltr'><strong>αὺ-</strong></span> 
     </span>
    </p>
   </div>
   <div class='ocr_carea' id='block_1_58' title="bbox 1104 967 1894 1007">
    <p class='ocr_par' dir='ltr' id='par_1_58' title="bbox 1104 967 1894 1007">
     <span class='ocr_line' id='line_1_58' title="bbox 1104 967 1894 1007; baseline -0.005 -9"><span class='ocrx_word' id='word_1_409' title='bbox 1104 973 1150 998; x_wconf 76' lang='grc' dir='ltr'><strong>τὸν</strong></span> <span class='ocrx_word' id='word_1_410' title='bbox 1167 972 1230 1007; x_wconf 86' lang='grc' dir='ltr'>φίλα</span> <span class='ocrx_word' id='word_1_411' title='bbox 1243 971 1279 1007; x_wconf 80' lang='grc' dir='ltr'><strong>(η)</strong></span> <span class='ocrx_word' id='word_1_412' title='bbox 1294 980 1324 998; x_wconf 85' lang='grc' dir='ltr'><strong>τε</strong></span> <span class='ocrx_word' id='word_1_413' title='bbox 1339 969 1373 1006; x_wconf 79' lang='grc' dir='ltr'>ἦν</span> <span class='ocrx_word' id='word_1_414' title='bbox 1386 970 1454 1006; x_wconf 83' lang='grc' dir='ltr'>πρὸς</span> <span class='ocrx_word' id='word_1_415' title='bbox 1465 970 1496 996; x_wconf 85' lang='grc' dir='ltr'>τὸ</span> <span class='ocrx_word' id='word_1_416' title='bbox 1510 970 1622 1006; x_wconf 81' lang='grc' dir='ltr'>πλῆθος,</span> <span class='ocrx_word' id='word_1_417' title='bbox 1635 969 1682 996; x_wconf 81' lang='grc' dir='ltr'><strong>καὶ</strong></span> <span class='ocrx_word' id='word_1_418' title='bbox 1697 967 1894 996; x_wconf 74' lang='grc' dir='ltr'>οὺδενὶτούτων</span> 
     </span>
    </p>
   </div>
   <div class='ocr_carea' id='block_1_59' title="bbox 1105 1014 1894 1054">
    <p class='ocr_par' dir='ltr' id='par_1_59' title="bbox 1105 1014 1894 1054">
     <span class='ocr_line' id='line_1_59' title="bbox 1105 1014 1894 1054; baseline -0.005 -9"><span class='ocrx_word' id='word_1_419' title='bbox 1105 1020 1198 1054; x_wconf 83' lang='grc' dir='ltr'>χεῖρας</span> <span class='ocrx_word' id='word_1_420' title='bbox 1213 1017 1325 1052; x_wconf 78' lang='grc' dir='ltr'>ἐπῆγον·</span> <span class='ocrx_word' id='word_1_421' title='bbox 1343 1016 1410 1043; x_wconf 82' lang='grc' dir='ltr'>ἀλλὰ</span> <span class='ocrx_word' id='word_1_422' title='bbox 1426 1016 1494 1053; x_wconf 73' lang='grc' dir='ltr'>πρὸς</span> <span class='ocrx_word' id='word_1_423' title='bbox 1509 1016 1587 1051; x_wconf 83' lang='grc' dir='ltr'>μόνον</span> <span class='ocrx_word' id='word_1_424' title='bbox 1603 1017 1654 1048; x_wconf 81' lang='grc' dir='ltr'>πᾶς</span> <span class='ocrx_word' id='word_1_425' title='bbox 1668 1015 1803 1050; x_wconf 81' lang='grc' dir='ltr'>ὀφθαλμὸς</span> <span class='ocrx_word' id='word_1_426' title='bbox 1819 1014 1894 1050; x_wconf 80' lang='grc' dir='ltr'>ἐώρα</span> 
     </span>
    </p>
   </div>
   <div class='ocr_carea' id='block_1_60' title="bbox 1104 1061 1891 1098">
    <p class='ocr_par' dir='ltr' id='par_1_60' title="bbox 1104 1061 1891 1098">
     <span class='ocr_line' id='line_1_60' title="bbox 1104 1061 1891 1098; baseline -0.005 -7"><span class='ocrx_word' id='word_1_427' title='bbox 1104 1065 1149 1091; x_wconf 77' lang='grc' dir='ltr'><strong>τὸν</strong></span> <span class='ocrx_word' id='word_1_428' title='bbox 1168 1063 1333 1095; x_wconf 82' lang='grc' dir='ltr'>Ἀθανάσιον,</span> <span class='ocrx_word' id='word_1_429' title='bbox 1355 1064 1422 1090; x_wconf 78' lang='grc' dir='ltr'>ὅπου</span> <span class='ocrx_word' id='word_1_430' title='bbox 1437 1063 1530 1098; x_wconf 81' lang='grc' dir='ltr'>περᾶν</span> <span class='ocrx_word' id='word_1_431' title='bbox 1543 1061 1623 1089; x_wconf 76' lang='grc' dir='ltr'>αὑτὸν</span> <span class='ocrx_word' id='word_1_432' title='bbox 1647 1062 1745 1093; x_wconf 79' lang='grc' dir='ltr'><strong>ἰδόντες</strong></span> <span class='ocrx_word' id='word_1_433' title='bbox 1761 1061 1891 1088; x_wconf 83' lang='grc' dir='ltr'>ἀνέλοιεν.</span> 
     </span>
    </p>
   </div>
   <div class='ocr_carea' id='block_1_61' title="bbox 1111 1105 1893 1145">
    <p class='ocr_par' dir='ltr' id='par_1_61' title="bbox 1111 1105 1893 1145">
     <span class='ocr_line' id='line_1_61' title="bbox 1111 1105 1893 1145; baseline -0.005 -9"><span class='ocrx_word' id='word_1_434' title='bbox 1111 1111 1139 1136; x_wconf 89' lang='lat'><strong>&#39;0</strong></span> <span class='ocrx_word' id='word_1_435' title='bbox 1152 1110 1190 1143; x_wconf 85' lang='grc' dir='ltr'>δὲ,</span> <span class='ocrx_word' id='word_1_436' title='bbox 1207 1110 1254 1136; x_wconf 85' lang='grc' dir='ltr'><strong>τοῦ</strong></span> <span class='ocrx_word' id='word_1_437' title='bbox 1271 1109 1336 1136; x_wconf 85' lang='grc' dir='ltr'>λαοῦ</span> <span class='ocrx_word' id='word_1_438' title='bbox 1353 1110 1434 1145; x_wconf 81' lang='grc' dir='ltr'>μέρος</span> <span class='ocrx_word' id='word_1_439' title='bbox 1443 1109 1598 1145; x_wconf 87' lang='grc' dir='ltr'>γενόμενος,</span> <span class='ocrx_word' id='word_1_440' title='bbox 1612 1109 1659 1134; x_wconf 73' lang='grc' dir='ltr'>καὶ</span> <span class='ocrx_word' id='word_1_441' title='bbox 1670 1105 1714 1134; x_wconf 82' lang='grc' dir='ltr'>οἷα</span> <span class='ocrx_word' id='word_1_442' title='bbox 1723 1107 1776 1134; x_wconf 83' lang='grc' dir='ltr'><strong>τῶν</strong></span> <span class='ocrx_word' id='word_1_443' title='bbox 1788 1107 1893 1133; x_wconf 82' lang='grc' dir='ltr'>πολλῶν</span> 
     </span>
    </p>
   </div>
   <div class='ocr_carea' id='block_1_62' title="bbox 1105 1153 1892 1191">
    <p class='ocr_par' dir='ltr' id='par_1_62' title="bbox 1105 1153 1892 1191">
     <span class='ocr_line' id='line_1_62' title="bbox 1105 1153 1892 1191; baseline -0.005 -8"><span class='ocrx_word' id='word_1_444' title='bbox 1105 1154 1154 1188; x_wconf 78' lang='grc' dir='ltr'>εἷς,</span> <span class='ocrx_word' id='word_1_445' title='bbox 1166 1156 1209 1183; x_wconf 82' lang='grc' dir='ltr'><strong>διὰ</strong></span> <span class='ocrx_word' id='word_1_446' title='bbox 1224 1156 1306 1191; x_wconf 87' lang='grc' dir='ltr'>μέσου</span> <span class='ocrx_word' id='word_1_447' title='bbox 1323 1155 1369 1183; x_wconf 86' lang='grc' dir='ltr'><strong>τοῦ</strong></span> <span class='ocrx_word' id='word_1_448' title='bbox 1387 1155 1500 1191; x_wconf 75' lang='grc' dir='ltr'>Θορύϐου</span> <span class='ocrx_word' id='word_1_449' title='bbox 1519 1155 1620 1182; x_wconf 73' lang='grc' dir='ltr'>καὶτοῦ</span> <span class='ocrx_word' id='word_1_450' title='bbox 1636 1154 1754 1189; x_wconf 72' lang='grc' dir='ltr'>πλήθους</span> <span class='ocrx_word' id='word_1_451' title='bbox 1768 1153 1892 1185; x_wconf 86' lang='grc' dir='ltr'>διελθὼν,</span> 
     </span>
    </p>
   </div>
   <div class='ocr_carea' id='block_1_63' title="bbox 1105 1200 1892 1238">
    <p class='ocr_par' dir='ltr' id='par_1_63' title="bbox 1105 1200 1892 1238">
     <span class='ocr_line' id='line_1_63' title="bbox 1105 1200 1892 1238; baseline -0.004 -10"><span class='ocrx_word' id='word_1_452' title='bbox 1105 1203 1151 1229; x_wconf 77' lang='grc' dir='ltr'>καὶ</span> <span class='ocrx_word' id='word_1_453' title='bbox 1166 1203 1250 1238; x_wconf 83' lang='grc' dir='ltr'>ταύτῃ</span> <span class='ocrx_word' id='word_1_454' title='bbox 1260 1202 1433 1238; x_wconf 79' lang='grc' dir='ltr'>στρατιωτῶν</span> <span class='ocrx_word' id='word_1_455' title='bbox 1445 1202 1556 1237; x_wconf 78' lang='grc' dir='ltr'>ὄμματα</span> <span class='ocrx_word' id='word_1_456' title='bbox 1571 1200 1672 1232; x_wconf 80' lang='grc' dir='ltr'>λαϐὼν,</span> <span class='ocrx_word' id='word_1_457' title='bbox 1686 1200 1780 1236; x_wconf 71' lang='grc' dir='ltr'>ᾤχετο.</span> <span class='ocrx_word' id='word_1_458' title='bbox 1803 1200 1892 1225; x_wconf 84' lang='grc' dir='ltr'><strong>Ἑκεί-</strong></span> 
     </span>
    </p>
   </div>
   <div class='ocr_carea' id='block_1_64' title="bbox 1105 1245 1888 1284">
    <p class='ocr_par' dir='ltr' id='par_1_64' title="bbox 1105 1245 1888 1284">
     <span class='ocr_line' id='line_1_64' title="bbox 1105 1245 1888 1284; baseline -0.006 -9"><span class='ocrx_word' id='word_1_459' title='bbox 1105 1257 1149 1279; x_wconf 83' lang='grc' dir='ltr'><strong>νος</strong></span> <span class='ocrx_word' id='word_1_460' title='bbox 1165 1249 1213 1284; x_wconf 76' lang='grc' dir='ltr'>μὲν</span> <span class='ocrx_word' id='word_1_461' title='bbox 1228 1246 1274 1274; x_wconf 84' lang='grc' dir='ltr'><strong>οὖν</strong></span> <span class='ocrx_word' id='word_1_462' title='bbox 1285 1249 1325 1280; x_wconf 83' lang='grc' dir='ltr'><strong>είς</strong></span> <span class='ocrx_word' id='word_1_463' title='bbox 1338 1247 1388 1283; x_wconf 81' lang='grc' dir='ltr'><strong>τὴν</strong></span> <span class='ocrx_word' id='word_1_464' title='bbox 1408 1247 1516 1282; x_wconf 85' lang='grc' dir='ltr'>Ῥώμην</span> <span class='ocrx_word' id='word_1_465' title='bbox 1528 1246 1598 1273; x_wconf 74' lang='grc' dir='ltr'>οὕτω</span> <span class='ocrx_word' id='word_1_466' title='bbox 1609 1245 1747 1281; x_wconf 80' lang='grc' dir='ltr'>διαφυγὼν</span> <span class='ocrx_word' id='word_1_467' title='bbox 1757 1245 1888 1279; x_wconf 80' lang='grc' dir='ltr'>ἐπανῆκε.</span> 
     </span>
    </p>
   </div>
   <div class='ocr_carea' id='block_1_65' title="bbox 1104 1289 1892 1330">
    <p class='ocr_par' dir='ltr' id='par_1_65' title="bbox 1104 1289 1892 1330">
     <span class='ocr_line' id='line_1_65' title="bbox 1104 1289 1892 1330; baseline -0.006 -9"><span class='ocrx_word' id='word_1_468' title='bbox 1104 1295 1252 1330; x_wconf 85' lang='grc' dir='ltr'>Γρηγόριος</span> <span class='ocrx_word' id='word_1_469' title='bbox 1268 1294 1306 1325; x_wconf 82' lang='grc' dir='ltr'>δὲ,</span> <span class='ocrx_word' id='word_1_470' title='bbox 1323 1293 1373 1328; x_wconf 84' lang='grc' dir='ltr'>τῆς</span> <span class='ocrx_word' id='word_1_471' title='bbox 1393 1292 1555 1328; x_wconf 85' lang='grc' dir='ltr'>Ἐκκλησίας</span> <span class='ocrx_word' id='word_1_472' title='bbox 1570 1292 1620 1328; x_wconf 74' lang='grc' dir='ltr'>ἤδη</span> <span class='ocrx_word' id='word_1_473' title='bbox 1641 1292 1790 1328; x_wconf 81' lang='grc' dir='ltr'>κρατήσας,</span> <span class='ocrx_word' id='word_1_474' title='bbox 1820 1289 1892 1317; x_wconf 87' lang='grc' dir='ltr'><strong>κατά</strong></span> 
     </span>
    </p>
   </div>
   <div class='ocr_carea' id='block_1_66' title="bbox 1104 1337 1892 1376">
    <p class='ocr_par' dir='ltr' id='par_1_66' title="bbox 1104 1337 1892 1376">
     <span class='ocr_line' id='line_1_66' title="bbox 1104 1337 1892 1376; baseline -0.005 -10"><span class='ocrx_word' id='word_1_475' title='bbox 1104 1340 1154 1374; x_wconf 83' lang='grc' dir='ltr'>τῆς</span> <span class='ocrx_word' id='word_1_476' title='bbox 1167 1339 1251 1376; x_wconf 81' lang='grc' dir='ltr'>ὀρθῆς</span> <span class='ocrx_word' id='word_1_477' title='bbox 1279 1339 1397 1371; x_wconf 84' lang='grc' dir='ltr'>πίστεως</span> <span class='ocrx_word' id='word_1_478' title='bbox 1413 1339 1498 1370; x_wconf 80' lang='grc' dir='ltr'>ἀδεῶς</span> <span class='ocrx_word' id='word_1_479' title='bbox 1521 1338 1664 1370; x_wconf 79' lang='grc' dir='ltr'>ὡπλίζετο,</span> <span class='ocrx_word' id='word_1_480' title='bbox 1681 1337 1698 1363; x_wconf 76' lang='grc' dir='ltr'>ὃ.</span> <span class='ocrx_word' id='word_1_481' title='bbox 1720 1337 1786 1372; x_wconf 85' lang='grc' dir='ltr'>μηδὲ</span> <span class='ocrx_word' id='word_1_482' title='bbox 1798 1337 1892 1372; x_wconf 83' lang='grc' dir='ltr'>φέρειν</span> 
     </span>
    </p>
   </div>
   <div class='ocr_carea' id='block_1_67' title="bbox 1105 1382 1892 1420">
    <p class='ocr_par' dir='ltr' id='par_1_67' title="bbox 1105 1382 1892 1420">
     <span class='ocr_line' id='line_1_67' title="bbox 1105 1382 1892 1420; baseline -0.008 -8"><span class='ocrx_word' id='word_1_483' title='bbox 1105 1383 1161 1417; x_wconf 64' lang='grc' dir='ltr'>οἶός</span> <span class='ocrx_word' id='word_1_484' title='bbox 1172 1394 1202 1412; x_wconf 85' lang='grc' dir='ltr'><strong>τε</strong></span> <span class='ocrx_word' id='word_1_485' title='bbox 1220 1385 1257 1412; x_wconf 81' lang='grc' dir='ltr'>ὢν</span> <span class='ocrx_word' id='word_1_486' title='bbox 1269 1386 1282 1412; x_wconf 84' lang='grc' dir='ltr'>ὁ</span> <span class='ocrx_word' id='word_1_487' title='bbox 1296 1384 1349 1411; x_wconf 85' lang='grc' dir='ltr'>τῶν</span> <span class='ocrx_word' id='word_1_488' title='bbox 1367 1384 1562 1420; x_wconf 81' lang='grc' dir='ltr'>Ἀλεξανδρέων</span> <span class='ocrx_word' id='word_1_489' title='bbox 1574 1384 1669 1419; x_wconf 83' lang='grc' dir='ltr'>δῆμος.</span> <span class='ocrx_word' id='word_1_490' title='bbox 1690 1382 1783 1409; x_wconf 84' lang='grc' dir='ltr'>στάσιν</span> <span class='ocrx_word' id='word_1_491' title='bbox 1796 1390 1827 1407; x_wconf 78' lang='grc' dir='ltr'><strong>τε</strong></span> <span class='ocrx_word' id='word_1_492' title='bbox 1839 1390 1892 1416; x_wconf 89' lang='grc' dir='ltr'>χα-</span> 
     </span>
    </p>
   </div>
   <div class='ocr_carea' id='block_1_68' title="bbox 1104 1426 1893 1465">
    <p class='ocr_par' dir='ltr' id='par_1_68' title="bbox 1104 1426 1893 1465">
     <span class='ocr_line' id='line_1_68' title="bbox 1104 1426 1893 1465; baseline -0.006 -8"><span class='ocrx_word' id='word_1_493' title='bbox 1104 1430 1188 1465; x_wconf 82' lang='grc' dir='ltr'>λεπὴν</span> <span class='ocrx_word' id='word_1_494' title='bbox 1215 1429 1332 1465; x_wconf 78' lang='grc' dir='ltr'>ἀνῆψαν,</span> <span class='ocrx_word' id='word_1_495' title='bbox 1356 1429 1404 1457; x_wconf 74' lang='grc' dir='ltr'>καὶ</span> <span class='ocrx_word' id='word_1_496' title='bbox 1427 1429 1472 1456; x_wconf 80' lang='grc' dir='ltr'>τὸν</span> <span class='ocrx_word' id='word_1_497' title='bbox 1495 1428 1659 1464; x_wconf 81' lang='grc' dir='ltr'>καλούμενον</span> <span class='ocrx_word' id='word_1_498' title='bbox 1681 1427 1815 1454; x_wconf 86' lang='grc' dir='ltr'>Διονυσίου</span> <span class='ocrx_word' id='word_1_499' title='bbox 1828 1426 1893 1453; x_wconf 78' lang='grc' dir='ltr'>ναὸν</span> 
     </span>
    </p>
   </div>
   <div class='ocr_carea' id='block_1_69' title="bbox 1105 1473 1893 1513">
    <p class='ocr_par' dir='ltr' id='par_1_69' title="bbox 1105 1473 1893 1513">
     <span class='ocr_line' id='line_1_69' title="bbox 1105 1473 1893 1513; baseline -0.005 -10"><span class='ocrx_word' id='word_1_500' title='bbox 1105 1477 1268 1512; x_wconf 75' lang='grc' dir='ltr'>ἐνέπρησαν.</span> <span class='ocrx_word' id='word_1_501' title='bbox 1285 1475 1483 1513; x_wconf 86' lang='grc' dir='ltr'>Παραπέλαυσε</span> <span class='ocrx_word' id='word_1_502' title='bbox 1503 1476 1532 1502; x_wconf 81' lang='grc' dir='ltr'>δὲ</span> <span class='ocrx_word' id='word_1_503' title='bbox 1558 1475 1608 1510; x_wconf 78' lang='grc' dir='ltr'>τῆς</span> <span class='ocrx_word' id='word_1_504' title='bbox 1624 1474 1778 1509; x_wconf 83' lang='grc' dir='ltr'>συγχύσεως</span> <span class='ocrx_word' id='word_1_505' title='bbox 1791 1473 1893 1507; x_wconf 84' lang='grc' dir='ltr'>ταύτης</span> 
     </span>
    </p>
   </div>
   <div class='ocr_carea' id='block_1_70' title="bbox 1104 1519 1893 1558">
    <p class='ocr_par' dir='ltr' id='par_1_70' title="bbox 1104 1519 1893 1558">
     <span class='ocr_line' id='line_1_70' title="bbox 1104 1519 1893 1558; baseline -0.006 -8"><span class='ocrx_word' id='word_1_506' title='bbox 1104 1522 1148 1550; x_wconf 78' lang='grc' dir='ltr'><strong>διὰ</strong></span> <span class='ocrx_word' id='word_1_507' title='bbox 1162 1522 1278 1558; x_wconf 80' lang='grc' dir='ltr'>Χριστὸν</span> <span class='ocrx_word' id='word_1_508' title='bbox 1294 1522 1340 1549; x_wconf 78' lang='grc' dir='ltr'><strong>καὶ</strong></span> <span class='ocrx_word' id='word_1_509' title='bbox 1351 1523 1365 1548; x_wconf 88' lang='grc' dir='ltr'>ὁ</span> <span class='ocrx_word' id='word_1_510' title='bbox 1377 1522 1463 1557; x_wconf 83' lang='grc' dir='ltr'>μέγας</span> <span class='ocrx_word' id='word_1_511' title='bbox 1478 1523 1506 1548; x_wconf 82' lang='grc' dir='ltr'>ὲν</span> <span class='ocrx_word' id='word_1_512' title='bbox 1519 1520 1606 1556; x_wconf 77' lang='grc' dir='ltr'>ἁγίοις</span> <span class='ocrx_word' id='word_1_513' title='bbox 1616 1520 1721 1552; x_wconf 85' lang='grc' dir='ltr'>Παῦλος</span> <span class='ocrx_word' id='word_1_514' title='bbox 1730 1520 1744 1546; x_wconf 84' lang='grc' dir='ltr'>ὁ</span> <span class='ocrx_word' id='word_1_515' title='bbox 1756 1519 1804 1555; x_wconf 79' lang='grc' dir='ltr'>τῆς</span> <span class='ocrx_word' id='word_1_516' title='bbox 1814 1519 1893 1545; x_wconf 84' lang='grc' dir='ltr'>Κων-</span> 
     </span>
    </p>
   </div>
   <div class='ocr_carea' id='block_1_71' title="bbox 1106 1564 1892 1602">
    <p class='ocr_par' dir='ltr' id='par_1_71' title="bbox 1106 1564 1892 1602">
     <span class='ocr_line' id='line_1_71' title="bbox 1106 1564 1892 1602; baseline -0.005 -7"><span class='ocrx_word' id='word_1_517' title='bbox 1106 1568 1242 1595; x_wconf 82' lang='grc' dir='ltr'>σταντίνου</span> <span class='ocrx_word' id='word_1_518' title='bbox 1258 1567 1407 1602; x_wconf 87' lang='grc' dir='ltr'>τηνικαῦτα</span> <span class='ocrx_word' id='word_1_519' title='bbox 1423 1566 1562 1602; x_wconf 84' lang='grc' dir='ltr'>προεστὼς</span> <span class='ocrx_word' id='word_1_520' title='bbox 1585 1565 1622 1601; x_wconf 77' lang='grc' dir='ltr'><strong>(ὁ)</strong></span> <span class='ocrx_word' id='word_1_521' title='bbox 1642 1565 1814 1601; x_wconf 85' lang='grc' dir='ltr'>Ἐκκλησίας.</span> <span class='ocrx_word' id='word_1_522' title='bbox 1842 1564 1892 1591; x_wconf 84' lang='grc' dir='ltr'><strong>τοῦ</strong></span> 
     </span>
    </p>
   </div>
   <div class='ocr_carea' id='block_1_72' title="bbox 1106 1610 1892 1650">
    <p class='ocr_par' dir='ltr' id='par_1_72' title="bbox 1106 1610 1892 1650">
     <span class='ocr_line' id='line_1_72' title="bbox 1106 1610 1892 1650; baseline -0.005 -10"><span class='ocrx_word' id='word_1_523' title='bbox 1106 1613 1201 1650; x_wconf 82' lang='grc' dir='ltr'>Θρόνου</span> <span class='ocrx_word' id='word_1_524' title='bbox 1210 1613 1257 1640; x_wconf 74' lang='grc' dir='ltr'>καὶ</span> <span class='ocrx_word' id='word_1_525' title='bbox 1273 1613 1354 1648; x_wconf 68' lang='grc' dir='ltr'>αὐτος</span> <span class='ocrx_word' id='word_1_526' title='bbox 1369 1612 1553 1648; x_wconf 77' lang='grc' dir='ltr'>καθαιρεθεὶς,</span> <span class='ocrx_word' id='word_1_527' title='bbox 1581 1612 1628 1638; x_wconf 80' lang='grc' dir='ltr'><strong>καὶ</strong></span> <span class='ocrx_word' id='word_1_528' title='bbox 1647 1612 1687 1643; x_wconf 81' lang='grc' dir='ltr'><strong>εἰς</strong></span> <span class='ocrx_word' id='word_1_529' title='bbox 1711 1610 1819 1646; x_wconf 85' lang='grc' dir='ltr'>Ῥώμην</span> <span class='ocrx_word' id='word_1_530' title='bbox 1831 1619 1892 1644; x_wconf 80' lang='grc' dir='ltr'>φοι-</span> 
     </span>
    </p>
   </div>
   <div class='ocr_carea' id='block_1_73' title="bbox 1105 1656 1892 1694">
    <p class='ocr_par' dir='ltr' id='par_1_73' title="bbox 1105 1656 1892 1694">
     <span class='ocr_line' id='line_1_73' title="bbox 1105 1656 1892 1694; baseline -0.004 -9"><span class='ocrx_word' id='word_1_531' title='bbox 1105 1660 1200 1694; x_wconf 84' lang='grc' dir='ltr'>τήσας,</span> <span class='ocrx_word' id='word_1_532' title='bbox 1214 1658 1262 1686; x_wconf 72' lang='grc' dir='ltr'>καὶ</span> <span class='ocrx_word' id='word_1_533' title='bbox 1284 1658 1410 1690; x_wconf 78' lang='grc' dir='ltr'>κοινωνὸς</span> <span class='ocrx_word' id='word_1_534' title='bbox 1442 1657 1592 1693; x_wconf 79' lang='grc' dir='ltr'>Ἀθανασίῳ</span> <span class='ocrx_word' id='word_1_535' title='bbox 1615 1658 1664 1692; x_wconf 86' lang='grc' dir='ltr'>τῆς</span> <span class='ocrx_word' id='word_1_536' title='bbox 1689 1656 1828 1688; x_wconf 77' lang='grc' dir='ltr'>εὐσεϐείας</span> <span class='ocrx_word' id='word_1_537' title='bbox 1844 1656 1892 1682; x_wconf 76' lang='grc' dir='ltr'><strong>καὶ</strong></span> 
     </span>
    </p>
   </div>
   <div class='ocr_carea' id='block_1_74' title="bbox 1106 1702 1892 1740">
    <p class='ocr_par' dir='ltr' id='par_1_74' title="bbox 1106 1702 1892 1740">
     <span class='ocr_line' id='line_1_74' title="bbox 1106 1702 1892 1740; baseline -0.004 -9"><span class='ocrx_word' id='word_1_538' title='bbox 1106 1705 1160 1732; x_wconf 82' lang='grc' dir='ltr'>τῶν</span> <span class='ocrx_word' id='word_1_539' title='bbox 1172 1705 1300 1732; x_wconf 87' lang='grc' dir='ltr'>κινδύνων</span> <span class='ocrx_word' id='word_1_540' title='bbox 1314 1705 1467 1740; x_wconf 85' lang='grc' dir='ltr'>γενόμενος.</span> <span class='ocrx_word' id='word_1_541' title='bbox 1490 1703 1647 1730; x_wconf 80' lang='grc' dir='ltr'>Κώνσταντι</span> <span class='ocrx_word' id='word_1_542' title='bbox 1665 1703 1754 1730; x_wconf 77' lang='grc' dir='ltr'>τοίνυν</span> <span class='ocrx_word' id='word_1_543' title='bbox 1766 1704 1822 1729; x_wconf 74' lang='grc' dir='ltr'><strong>ἐκεῖ</strong></span> <span class='ocrx_word' id='word_1_544' title='bbox 1844 1702 1892 1728; x_wconf 76' lang='grc' dir='ltr'><strong>καὶ</strong></span> 
     </span>
    </p>
   </div>
   <div class='ocr_carea' id='block_1_75' title="bbox 1111 1749 1892 1786">
    <p class='ocr_par' dir='ltr' id='par_1_75' title="bbox 1111 1749 1892 1786">
     <span class='ocr_line' id='line_1_75' title="bbox 1111 1749 1892 1786; baseline -0.005 -8"><span class='ocrx_word' id='word_1_545' title='bbox 1111 1751 1212 1786; x_wconf 81' lang='grc' dir='ltr'>Ἰουλίῳ</span> <span class='ocrx_word' id='word_1_546' title='bbox 1229 1751 1440 1786; x_wconf 77' lang='grc' dir='ltr'>συνενεχθέντες,</span> <span class='ocrx_word' id='word_1_547' title='bbox 1453 1752 1503 1778; x_wconf 80' lang='grc' dir='ltr'>ὅσα</span> <span class='ocrx_word' id='word_1_548' title='bbox 1518 1759 1548 1777; x_wconf 88' lang='grc' dir='ltr'><strong>τε</strong></span> <span class='ocrx_word' id='word_1_549' title='bbox 1559 1751 1636 1777; x_wconf 75' lang='grc' dir='ltr'>αὐτοὶ</span> <span class='ocrx_word' id='word_1_550' title='bbox 1646 1749 1768 1782; x_wconf 81' lang='grc' dir='ltr'>πάθοιεν,</span> <span class='ocrx_word' id='word_1_551' title='bbox 1779 1749 1826 1776; x_wconf 76' lang='grc' dir='ltr'><strong>καὶ</strong></span> <span class='ocrx_word' id='word_1_552' title='bbox 1840 1749 1892 1775; x_wconf 83' lang='grc' dir='ltr'>ὅσα</span> 
     </span>
    </p>
   </div>
   <div class='ocr_carea' id='block_1_76' title="bbox 1105 1795 1893 1832">
    <p class='ocr_par' dir='ltr' id='par_1_76' title="bbox 1105 1795 1893 1832">
     <span class='ocr_line' id='line_1_76' title="bbox 1105 1795 1893 1832; baseline -0.004 -8"><span class='ocrx_word' id='word_1_553' title='bbox 1105 1798 1166 1824; x_wconf 85' lang='grc' dir='ltr'>κατ’</span> <span class='ocrx_word' id='word_1_554' title='bbox 1181 1797 1269 1824; x_wconf 72' lang='grc' dir='ltr'>αὐτῶν</span> <span class='ocrx_word' id='word_1_555' title='bbox 1285 1797 1332 1824; x_wconf 69' lang='grc' dir='ltr'>καὶ</span> <span class='ocrx_word' id='word_1_556' title='bbox 1347 1797 1397 1832; x_wconf 87' lang='grc' dir='ltr'>τῆς</span> <span class='ocrx_word' id='word_1_557' title='bbox 1416 1796 1544 1832; x_wconf 81' lang='grc' dir='ltr'>ἀληθείας</span> <span class='ocrx_word' id='word_1_558' title='bbox 1557 1797 1582 1822; x_wconf 82' lang='grc' dir='ltr'>οἱ</span> <span class='ocrx_word' id='word_1_559' title='bbox 1597 1796 1660 1831; x_wconf 74' lang='grc' dir='ltr'>περὶ</span> <span class='ocrx_word' id='word_1_560' title='bbox 1679 1795 1807 1822; x_wconf 76' lang='grc' dir='ltr'>Εὕσέϐιον</span> <span class='ocrx_word' id='word_1_561' title='bbox 1827 1795 1893 1831; x_wconf 65' lang='lat' dir='ltr'><strong>apa—</strong></span> 
     </span>
    </p>
   </div>
   <div class='ocr_carea' id='block_1_77' title="bbox 1106 1839 1893 1877">
    <p class='ocr_par' dir='ltr' id='par_1_77' title="bbox 1106 1839 1893 1877">
     <span class='ocr_line' id='line_1_77' title="bbox 1106 1839 1893 1877; baseline -0.003 -9"><span class='ocrx_word' id='word_1_562' title='bbox 1106 1851 1190 1875; x_wconf 85' lang='grc' dir='ltr'>σειαν,</span> <span class='ocrx_word' id='word_1_563' title='bbox 1203 1842 1309 1870; x_wconf 77' lang='grc' dir='ltr'>ἅπαντα</span> <span class='ocrx_word' id='word_1_564' title='bbox 1322 1841 1487 1877; x_wconf 78' lang='grc' dir='ltr'>διηγοῦνται.</span> <span class='ocrx_word' id='word_1_565' title='bbox 1508 1841 1614 1876; x_wconf 77' lang='grc' dir='ltr'>Ἀμέλει</span> <span class='ocrx_word' id='word_1_566' title='bbox 1631 1841 1677 1867; x_wconf 69' lang='grc' dir='ltr'>καὶ</span> <span class='ocrx_word' id='word_1_567' title='bbox 1698 1840 1822 1875; x_wconf 80' lang='grc' dir='ltr'>βασιλεὺς</span> <span class='ocrx_word' id='word_1_568' title='bbox 1842 1839 1893 1874; x_wconf 83' lang='grc' dir='ltr'>μὲν</span> 
     </span>
    </p>
   </div>
   <div class='ocr_carea' id='block_1_78' title="bbox 1108 1885 1890 1924">
    <p class='ocr_par' dir='ltr' id='par_1_78' title="bbox 1108 1885 1890 1924">
     <span class='ocr_line' id='line_1_78' title="bbox 1108 1885 1890 1924; baseline -0.005 -9"><span class='ocrx_word' id='word_1_569' title='bbox 1108 1888 1237 1920; x_wconf 82' lang='grc' dir='ltr'>Κώνστας</span> <span class='ocrx_word' id='word_1_570' title='bbox 1254 1887 1318 1924; x_wconf 77' lang='grc' dir='ltr'>περὶ</span> <span class='ocrx_word' id='word_1_571' title='bbox 1332 1888 1434 1914; x_wconf 86' lang='grc' dir='ltr'>τούτων</span> <span class='ocrx_word' id='word_1_572' title='bbox 1449 1887 1528 1919; x_wconf 70' lang='grc' dir='ltr'>εὐθὺς</span> <span class='ocrx_word' id='word_1_573' title='bbox 1545 1887 1584 1922; x_wconf 85' lang='grc' dir='ltr'>τῷ</span> <span class='ocrx_word' id='word_1_574' title='bbox 1599 1886 1705 1921; x_wconf 84' lang='grc' dir='ltr'>ἀδελφῷ</span> <span class='ocrx_word' id='word_1_575' title='bbox 1729 1885 1890 1912; x_wconf 59' lang='lat' dir='ltr'><strong>amarem.-</strong></span> 
     </span>
    </p>
   </div>
   <div class='ocr_carea' id='block_1_79' title="bbox 1106 1931 1892 1968">
    <p class='ocr_par' dir='ltr' id='par_1_79' title="bbox 1106 1931 1892 1968">
     <span class='ocr_line' id='line_1_79' title="bbox 1106 1931 1892 1968; baseline -0.003 -9"><span class='ocrx_word' id='word_1_576' title='bbox 1106 1933 1166 1959; x_wconf 76' lang='grc' dir='ltr'>ἐπεὶ</span> <span class='ocrx_word' id='word_1_577' title='bbox 1178 1933 1207 1959; x_wconf 75' lang='grc' dir='ltr'>δὲ</span> <span class='ocrx_word' id='word_1_578' title='bbox 1215 1933 1288 1960; x_wconf 81' lang='grc' dir='ltr'>οὐδὲν</span> <span class='ocrx_word' id='word_1_579' title='bbox 1302 1932 1381 1960; x_wconf 86' lang='grc' dir='ltr'>πλέον</span> <span class='ocrx_word' id='word_1_580' title='bbox 1395 1932 1501 1968; x_wconf 68' lang='grc' dir='ltr'>ἠνύετο,</span> <span class='ocrx_word' id='word_1_581' title='bbox 1518 1931 1624 1959; x_wconf 89' lang='grc' dir='ltr'>σύνοδον</span> <span class='ocrx_word' id='word_1_582' title='bbox 1638 1932 1734 1966; x_wconf 79' lang='grc' dir='ltr'>ἑτέραν</span> <span class='ocrx_word' id='word_1_583' title='bbox 1749 1931 1841 1966; x_wconf 82' lang='grc' dir='ltr'>κοινὴν</span> <span class='ocrx_word' id='word_1_584' title='bbox 1866 1932 1892 1957; x_wconf 80' lang='grc' dir='ltr'>οι</span> 
     </span>
    </p>
   </div>
   <div class='ocr_carea' id='block_1_80' title="bbox 276 1978 1891 2023">
    <p class='ocr_par' dir='ltr' id='par_1_80' title="bbox 276 1978 1891 2023">
     <span class='ocr_line' id='line_1_80' title="bbox 276 1978 1891 2023; baseline -0.005 -10"><span class='ocrx_word' id='word_1_585' title='bbox 276 1986 341 2023; x_wconf 78' lang='grc' dir='ltr'>περὶ</span> <span class='ocrx_word' id='word_1_586' title='bbox 353 1985 398 2012; x_wconf 80' lang='grc' dir='ltr'>τὸν</span> <span class='ocrx_word' id='word_1_587' title='bbox 418 1983 573 2011; x_wconf 80' lang='grc' dir='ltr'>Ἀθανάσιον</span> <span class='ocrx_word' id='word_1_588' title='bbox 581 1983 627 2010; x_wconf 78' lang='grc' dir='ltr'>καὶ</span> <span class='ocrx_word' id='word_1_589' title='bbox 635 1981 738 2008; x_wconf 82' lang='grc' dir='ltr'>Παῦλον</span> <span class='ocrx_word' id='word_1_590' title='bbox 751 1979 876 2016; x_wconf 86' lang='grc' dir='ltr'>γενέσθαι</span> <span class='ocrx_word' id='word_1_591' title='bbox 890 1979 990 2014; x_wconf 80' lang='grc' dir='ltr'>ὴξίουν.</span> <span class='ocrx_word' id='word_1_592' title='bbox 999 1979 1054 2011; x_wconf 82' lang='grc' dir='ltr'>Τὰς</span> <span class='ocrx_word' id='word_1_593' title='bbox 1063 1981 1115 2015; x_wconf 78' lang='grc' dir='ltr'>γὰρ</span> <span class='ocrx_word' id='word_1_594' title='bbox 1124 1981 1294 2016; x_wconf 83' lang='grc' dir='ltr'>καθαιρέσεις</span> <span class='ocrx_word' id='word_1_595' title='bbox 1301 1980 1389 2008; x_wconf 73' lang='grc' dir='ltr'>αὐτῶν</span> <span class='ocrx_word' id='word_1_596' title='bbox 1400 1981 1437 2016; x_wconf 89' lang='grc' dir='ltr'>μὴ</span> <span class='ocrx_word' id='word_1_597' title='bbox 1445 1981 1477 2007; x_wconf 84' lang='grc' dir='ltr'>δι’</span> <span class='ocrx_word' id='word_1_598' title='bbox 1486 1980 1548 2008; x_wconf 79' lang='grc' dir='ltr'>ἄλλο</span> <span class='ocrx_word' id='word_1_599' title='bbox 1559 1980 1584 2006; x_wconf 83' lang='grc' dir='ltr'><strong>τι</strong></span> <span class='ocrx_word' id='word_1_600' title='bbox 1598 1987 1678 2013; x_wconf 84' lang='grc' dir='ltr'>φασιν</span> <span class='ocrx_word' id='word_1_601' title='bbox 1693 1978 1891 2014; x_wconf 78' lang='grc' dir='ltr'>ὲπινενοῆσθαι,</span> 
     </span>
    </p>
   </div>
   <div class='ocr_carea' id='block_1_81' title="bbox 276 2024 1153 2069">
    <p class='ocr_par' dir='ltr' id='par_1_81' title="bbox 276 2024 1153 2069">
     <span class='ocr_line' id='line_1_81' title="bbox 276 2024 1153 2069; baseline -0.008 -11"><span class='ocrx_word' id='word_1_602' title='bbox 276 2032 293 2069; x_wconf 80' lang='grc' dir='ltr'>ἦ</span> <span class='ocrx_word' id='word_1_603' title='bbox 304 2032 374 2059; x_wconf 84' lang='grc' dir='ltr'>ὥστε</span> <span class='ocrx_word' id='word_1_604' title='bbox 390 2029 481 2058; x_wconf 78' lang='grc' dir='ltr'>καὶτὰ</span> <span class='ocrx_word' id='word_1_605' title='bbox 494 2030 543 2065; x_wconf 81' lang='grc' dir='ltr'>τῆς</span> <span class='ocrx_word' id='word_1_606' title='bbox 553 2027 646 2063; x_wconf 81' lang='grc' dir='ltr'>ὑγιοῦς</span> <span class='ocrx_word' id='word_1_607' title='bbox 658 2027 774 2058; x_wconf 87' lang='grc' dir='ltr'>πίστεως</span> <span class='ocrx_word' id='word_1_608' title='bbox 790 2026 881 2057; x_wconf 81' lang='grc' dir='ltr'>αὐτοῖς</span> <span class='ocrx_word' id='word_1_609' title='bbox 895 2024 1153 2060; x_wconf 69' lang='grc' dir='ltr'>πγκαθαιρεθήναι.</span> 
     </span>
    </p>
   </div>
   <div class='ocr_carea' id='block_1_82' title="bbox 312 2071 1055 2110">
    <p class='ocr_par' dir='ltr' id='par_1_82' title="bbox 312 2071 1055 2109">
     <span class='ocr_line' id='line_1_82' title="bbox 312 2071 1055 2109; baseline -0.008 -5"><span class='ocrx_word' id='word_1_610' title='bbox 312 2077 356 2104; x_wconf 78' lang='grc' dir='ltr'>Π.</span> <span class='ocrx_word' id='word_1_611' title='bbox 371 2076 518 2104; x_wconf 85' lang='lat' dir='ltr'><strong>Amborum</strong></span> <span class='ocrx_word' id='word_1_612' title='bbox 529 2075 609 2109; x_wconf 79' lang='lat' dir='ltr'><strong>igitur</strong></span> <span class='ocrx_word' id='word_1_613' title='bbox 621 2074 699 2109; x_wconf 82' lang='lat' dir='ltr'><strong>jussu</strong></span> <span class='ocrx_word' id='word_1_614' title='bbox 717 2073 908 2107; x_wconf 87' lang='lat' dir='ltr'><strong>imperatorum</strong></span> <span class='ocrx_word' id='word_1_615' title='bbox 921 2091 929 2104; x_wconf 90' lang='lat'><strong>,</strong></span> <span class='ocrx_word' id='word_1_616' title='bbox 947 2071 1055 2098; x_wconf 85' lang='lat' dir='ltr'><strong>univer-</strong></span> 
     </span>
    </p>
   </div>
   <div class='ocr_carea' id='block_1_83' title="bbox 1107 2071 1891 2110">
    <p class='ocr_par' dir='ltr' id='par_1_83' title="bbox 1144 2071 1891 2110">
     <span class='ocr_line' id='line_1_83' title="bbox 1144 2071 1891 2110; baseline -0.004 -10"><span class='ocrx_word' id='word_1_617' title='bbox 1144 2073 1186 2100; x_wconf 83' lang='lat'><strong>17.</strong></span> <span class='ocrx_word' id='word_1_618' title='bbox 1207 2073 1307 2110; x_wconf 86' lang='grc' dir='ltr'>Γνώμῃ</span> <span class='ocrx_word' id='word_1_619' title='bbox 1316 2073 1459 2108; x_wconf 82' lang='grc' dir='ltr'>τοιγαροῦν</span> <span class='ocrx_word' id='word_1_620' title='bbox 1471 2073 1525 2099; x_wconf 83' lang='grc' dir='ltr'>τῶν</span> <span class='ocrx_word' id='word_1_621' title='bbox 1541 2071 1671 2108; x_wconf 84' lang='grc' dir='ltr'>βασιλέων</span> <span class='ocrx_word' id='word_1_622' title='bbox 1684 2071 1784 2106; x_wconf 83' lang='grc' dir='ltr'>ἀμφοῖν</span> <span class='ocrx_word' id='word_1_623' title='bbox 1814 2071 1891 2106; x_wconf 81' lang='grc' dir='ltr'>κοινή</span> 
     </span>
    </p>
   </div>
   <div class='ocr_carea' id='block_1_84' title="bbox 274 2118 1056 2154">
    <p class='ocr_par' dir='ltr' id='par_1_84' title="bbox 274 2118 1056 2154">
     <span class='ocr_line' id='line_1_84' title="bbox 274 2118 1056 2154; baseline -0.01 -2"><span class='ocrx_word' id='word_1_624' title='bbox 274 2124 341 2152; x_wconf 72' lang='lat' dir='ltr'><strong>salis</strong></span> <span class='ocrx_word' id='word_1_625' title='bbox 363 2129 470 2152; x_wconf 89' lang='lat' dir='ltr'><strong>rursum</strong></span> <span class='ocrx_word' id='word_1_626' title='bbox 491 2125 518 2148; x_wconf 89' lang='lat' dir='ltr'><strong>et</strong></span> <span class='ocrx_word' id='word_1_627' title='bbox 539 2120 705 2148; x_wconf 73' lang='lat' dir='ltr'><strong>(Bcumenica</strong></span> <span class='ocrx_word' id='word_1_628' title='bbox 721 2118 839 2154; x_wconf 82' lang='lat' dir='ltr'><strong>synodus</strong></span> <span class='ocrx_word' id='word_1_629' title='bbox 857 2118 975 2145; x_wconf 68' lang='lat' dir='ltr'><strong>Serdicae</strong></span> <span class='ocrx_word' id='word_1_630' title='bbox 992 2125 1056 2145; x_wconf 91' lang='lat' dir='ltr'><strong>con-</strong></span> 
     </span>
    </p>
   </div>
   <div class='ocr_carea' id='block_1_85' title="bbox 276 2166 1056 2208">
    <p class='ocr_par' dir='ltr' id='par_1_85' title="bbox 276 2166 1056 2208">
     <span class='ocr_line' id='line_1_85' title="bbox 276 2166 1056 2208; baseline -0.009 -8"><span class='ocrx_word' id='word_1_631' title='bbox 276 2176 412 2208; x_wconf 70' lang='lat' dir='ltr'><strong>gregatur.</strong></span> <span class='ocrx_word' id='word_1_632' title='bbox 430 2169 617 2199; x_wconf 83' lang='lat' dir='ltr'><strong>Occidentales</strong></span> <span class='ocrx_word' id='word_1_633' title='bbox 632 2172 721 2196; x_wconf 87' lang='lat' dir='ltr'><strong>autem</strong></span> <span class='ocrx_word' id='word_1_634' title='bbox 732 2188 740 2201; x_wconf 92' lang='lat'><strong>,</strong></span> <span class='ocrx_word' id='word_1_635' title='bbox 758 2172 788 2195; x_wconf 92' lang='lat' dir='ltr'><strong>ut</strong></span> <span class='ocrx_word' id='word_1_636' title='bbox 804 2168 860 2202; x_wconf 91' lang='lat' dir='ltr'><strong>ipse</strong></span> <span class='ocrx_word' id='word_1_637' title='bbox 877 2166 958 2195; x_wconf 86' lang='lat' dir='ltr'><strong>refert</strong></span> <span class='ocrx_word' id='word_1_638' title='bbox 971 2167 1056 2194; x_wconf 86' lang='lat' dir='ltr'><strong>Atha-</strong></span> 
     </span>
    </p>
   </div>
   <div class='ocr_carea' id='block_1_86' title="bbox 273 2213 1054 2250">
    <p class='ocr_par' dir='ltr' id='par_1_86' title="bbox 273 2213 1054 2250">
     <span class='ocr_line' id='line_1_86' title="bbox 273 2213 1054 2250; baseline -0.008 -6"><span class='ocrx_word' id='word_1_639' title='bbox 273 2218 384 2250; x_wconf 82' lang='lat' dir='ltr'><strong>nasius,</strong></span> <span class='ocrx_word' id='word_1_640' title='bbox 405 2215 490 2243; x_wconf 85' lang='lat' dir='ltr'><strong>coacti</strong></span> <span class='ocrx_word' id='word_1_641' title='bbox 512 2220 573 2242; x_wconf 88' lang='lat' dir='ltr'><strong>sunt</strong></span> <span class='ocrx_word' id='word_1_642' title='bbox 591 2213 710 2248; x_wconf 88' lang='lat' dir='ltr'><strong>episcopi</strong></span> <span class='ocrx_word' id='word_1_643' title='bbox 732 2213 792 2248; x_wconf 84' lang='lat' dir='ltr'><strong>plus</strong></span> <span class='ocrx_word' id='word_1_644' title='bbox 810 2220 889 2247; x_wconf 90' lang='lat' dir='ltr'><strong>quam</strong></span> <span class='ocrx_word' id='word_1_645' title='bbox 915 2213 1028 2239; x_wconf 83' lang='lat' dir='ltr'><strong>trecenti</strong></span> <span class='ocrx_word' id='word_1_646' title='bbox 1047 2221 1054 2239; x_wconf 87' lang='lat'><strong>:</strong></span> 
     </span>
    </p>
   </div>
   <div class='ocr_carea' id='block_1_87' title="bbox 274 2258 1054 2293">
    <p class='ocr_par' dir='ltr' id='par_1_87' title="bbox 274 2258 1054 2293">
     <span class='ocr_line' id='line_1_87' title="bbox 274 2258 1054 2293; baseline -0.009 -2"><span class='ocrx_word' id='word_1_647' title='bbox 274 2262 428 2291; x_wconf 82' lang='lat' dir='ltr'><strong>Orientales</strong></span> <span class='ocrx_word' id='word_1_648' title='bbox 443 2267 518 2292; x_wconf 84' lang='lat' dir='ltr'><strong>vero,</strong></span> <span class='ocrx_word' id='word_1_649' title='bbox 538 2265 567 2286; x_wconf 87' lang='lat' dir='ltr'><strong>ut</strong></span> <span class='ocrx_word' id='word_1_650' title='bbox 582 2259 619 2286; x_wconf 86' lang='lat' dir='ltr'><strong>ait</strong></span> <span class='ocrx_word' id='word_1_651' title='bbox 634 2259 760 2291; x_wconf 87' lang='lat' dir='ltr'><strong>Sabinus,</strong></span> <span class='ocrx_word' id='word_1_652' title='bbox 777 2258 863 2285; x_wconf 89' lang='lat' dir='ltr'><strong>solum</strong></span> <span class='ocrx_word' id='word_1_653' title='bbox 875 2258 1054 2293; x_wconf 73' lang='lat' dir='ltr'><strong>septuaginta,</strong></span> 
     </span>
    </p>
   </div>
   <div class='ocr_carea' id='block_1_88' title="bbox 277 2303 1055 2343">
    <p class='ocr_par' dir='ltr' id='par_1_88' title="bbox 277 2303 1055 2343">
     <span class='ocr_line' id='line_1_88' title="bbox 277 2303 1055 2343; baseline -0.008 -7"><span class='ocrx_word' id='word_1_654' title='bbox 277 2309 348 2336; x_wconf 87' lang='lat' dir='ltr'><strong>inter</strong></span> <span class='ocrx_word' id='word_1_655' title='bbox 369 2315 438 2343; x_wconf 84' lang='lat' dir='ltr'><strong>quos</strong></span> <span class='ocrx_word' id='word_1_656' title='bbox 464 2306 589 2341; x_wconf 85' lang='lat' dir='ltr'><strong>lschyras</strong></span> <span class='ocrx_word' id='word_1_657' title='bbox 612 2304 770 2332; x_wconf 85' lang='lat' dir='ltr'><strong>Mareoticus</strong></span> <span class='ocrx_word' id='word_1_658' title='bbox 791 2304 989 2331; x_wconf 82' lang='lat' dir='ltr'><strong>recensebatur.</strong></span> <span class='ocrx_word' id='word_1_659' title='bbox 1006 2303 1055 2337; x_wconf 82' lang='lat' dir='ltr'><strong>Qui</strong></span> 
     </span>
    </p>
   </div>
   <div class='ocr_carea' id='block_1_89' title="bbox 277 2349 1055 2390">
    <p class='ocr_par' dir='ltr' id='par_1_89' title="bbox 277 2349 1055 2390">
     <span class='ocr_line' id='line_1_89' title="bbox 277 2349 1055 2390; baseline -0.009 -8"><span class='ocrx_word' id='word_1_660' title='bbox 277 2355 358 2390; x_wconf 76' lang='lat' dir='ltr'><strong>igitur</strong></span> <span class='ocrx_word' id='word_1_661' title='bbox 368 2361 401 2381; x_wconf 84' lang='lat' dir='ltr'><strong>ex</strong></span> <span class='ocrx_word' id='word_1_662' title='bbox 414 2353 477 2380; x_wconf 84' lang='lat' dir='ltr'><strong>Asia</strong></span> <span class='ocrx_word' id='word_1_663' title='bbox 493 2351 657 2383; x_wconf 82' lang='lat' dir='ltr'><strong>confluxere,</strong></span> <span class='ocrx_word' id='word_1_664' title='bbox 668 2357 701 2377; x_wconf 93' lang='lat' dir='ltr'><strong>ne</strong></span> <span class='ocrx_word' id='word_1_665' title='bbox 715 2350 748 2376; x_wconf 88' lang='lat' dir='ltr'><strong>ad</strong></span> <span class='ocrx_word' id='word_1_666' title='bbox 760 2354 931 2384; x_wconf 87' lang='lat' dir='ltr'><strong>conspectum</strong></span> <span class='ocrx_word' id='word_1_667' title='bbox 949 2349 1055 2383; x_wconf 90' lang='lat' dir='ltr'><strong>quidem</strong></span> 
     </span>
    </p>
   </div>
   <div class='ocr_carea' id='block_1_90' title="bbox 277 2393 1058 2428">
    <p class='ocr_par' dir='ltr' id='par_1_90' title="bbox 277 2393 1058 2428">
     <span class='ocr_line' id='line_1_90' title="bbox 277 2393 1058 2428; baseline -0.009 -1"><span class='ocrx_word' id='word_1_668' title='bbox 277 2399 488 2428; x_wconf 82' lang='lat' dir='ltr'><strong>Occidentalium</strong></span> <span class='ocrx_word' id='word_1_669' title='bbox 502 2405 531 2425; x_wconf 86' lang='lat' dir='ltr'><strong>se</strong></span> <span class='ocrx_word' id='word_1_670' title='bbox 547 2397 643 2424; x_wconf 87' lang='lat' dir='ltr'><strong>sistere</strong></span> <span class='ocrx_word' id='word_1_671' title='bbox 658 2395 715 2423; x_wconf 88' lang='lat' dir='ltr'><strong>ausi</strong></span> <span class='ocrx_word' id='word_1_672' title='bbox 729 2399 792 2422; x_wconf 89' lang='lat' dir='ltr'><strong>sunt</strong></span> <span class='ocrx_word' id='word_1_673' title='bbox 809 2404 817 2422; x_wconf 87' lang='lat'><strong>:</strong></span> <span class='ocrx_word' id='word_1_674' title='bbox 835 2393 1011 2426; x_wconf 83' lang='lat' dir='ltr'><strong>alIirmantes,</strong></span> <span class='ocrx_word' id='word_1_675' title='bbox 1029 2401 1058 2421; x_wconf 89' lang='lat' dir='ltr'><strong>se</strong></span> 
     </span>
    </p>
   </div>
   <div class='ocr_carea' id='block_1_91' title="bbox 278 2440 1058 2480">
    <p class='ocr_par' dir='ltr' id='par_1_91' title="bbox 278 2440 1058 2480">
     <span class='ocr_line' id='line_1_91' title="bbox 278 2440 1058 2480; baseline -0.009 -7"><span class='ocrx_word' id='word_1_676' title='bbox 278 2451 414 2480; x_wconf 87' lang='lat' dir='ltr'><strong>nunquam</strong></span> <span class='ocrx_word' id='word_1_677' title='bbox 435 2443 598 2477; x_wconf 87' lang='lat' dir='ltr'><strong>colloquium</strong></span> <span class='ocrx_word' id='word_1_678' title='bbox 617 2441 797 2473; x_wconf 87' lang='lat' dir='ltr'><strong>instituturos,</strong></span> <span class='ocrx_word' id='word_1_679' title='bbox 822 2441 873 2467; x_wconf 86' lang='lat' dir='ltr'><strong>nisi</strong></span> <span class='ocrx_word' id='word_1_680' title='bbox 896 2440 1008 2467; x_wconf 83' lang='lat' dir='ltr'><strong>Paulum</strong></span> <span class='ocrx_word' id='word_1_681' title='bbox 1030 2444 1058 2466; x_wconf 90' lang='lat' dir='ltr'><strong>et</strong></span> 
     </span>
    </p>
   </div>
   <div class='ocr_carea' id='block_1_92' title="bbox 277 2485 1058 2521">
    <p class='ocr_par' dir='ltr' id='par_1_92' title="bbox 277 2485 1058 2521">
     <span class='ocr_line' id='line_1_92' title="bbox 277 2485 1058 2521; baseline -0.008 -3"><span class='ocrx_word' id='word_1_682' title='bbox 277 2490 456 2518; x_wconf 84' lang='lat' dir='ltr'><strong>Athanasium</strong></span> <span class='ocrx_word' id='word_1_683' title='bbox 477 2496 510 2515; x_wconf 81' lang='lat' dir='ltr'><strong>ex</strong></span> <span class='ocrx_word' id='word_1_684' title='bbox 530 2487 644 2515; x_wconf 84' lang='lat' dir='ltr'><strong>concilio</strong></span> <span class='ocrx_word' id='word_1_685' title='bbox 666 2487 804 2521; x_wconf 86' lang='lat' dir='ltr'><strong>pellerent.</strong></span> <span class='ocrx_word' id='word_1_686' title='bbox 823 2486 890 2513; x_wconf 88' lang='lat' dir='ltr'><strong>Cum</strong></span> <span class='ocrx_word' id='word_1_687' title='bbox 908 2490 998 2512; x_wconf 80' lang='lat' dir='ltr'><strong>autent</strong></span> <span class='ocrx_word' id='word_1_688' title='bbox 1020 2485 1058 2512; x_wconf 91' lang='lat' dir='ltr'><strong>illi</strong></span> 
     </span>
    </p>
   </div>
   <div class='ocr_carea' id='block_1_93' title="bbox 278 2531 1058 2570">
    <p class='ocr_par' dir='ltr' id='par_1_93' title="bbox 278 2531 1058 2570">
     <span class='ocr_line' id='line_1_93' title="bbox 278 2531 1058 2570; baseline -0.01 -5"><span class='ocrx_word' id='word_1_689' title='bbox 278 2545 312 2565; x_wconf 90' lang='lat' dir='ltr'><strong>ne</strong></span> <span class='ocrx_word' id='word_1_690' title='bbox 332 2537 425 2564; x_wconf 88' lang='lat' dir='ltr'><strong>audire</strong></span> <span class='ocrx_word' id='word_1_691' title='bbox 445 2535 553 2570; x_wconf 89' lang='lat' dir='ltr'><strong>quidem</strong></span> <span class='ocrx_word' id='word_1_692' title='bbox 572 2540 628 2560; x_wconf 87' lang='lat' dir='ltr'><strong>rem</strong></span> <span class='ocrx_word' id='word_1_693' title='bbox 644 2531 774 2567; x_wconf 85' lang='lat' dir='ltr'><strong>ejusmodi</strong></span> <span class='ocrx_word' id='word_1_694' title='bbox 789 2531 905 2564; x_wconf 87' lang='lat' dir='ltr'><strong>vellent,</strong></span> <span class='ocrx_word' id='word_1_695' title='bbox 923 2539 1002 2565; x_wconf 93' lang='lat' dir='ltr'><strong>quam</strong></span> <span class='ocrx_word' id='word_1_696' title='bbox 1015 2539 1058 2558; x_wconf 89' lang='lat' dir='ltr'><strong>ce-</strong></span> 
     </span>
    </p>
   </div>
   <div class='ocr_carea' id='block_1_94' title="bbox 278 2576 1058 2614">
    <p class='ocr_par' dir='ltr' id='par_1_94' title="bbox 278 2576 1058 2614">
     <span class='ocr_line' id='line_1_94' title="bbox 278 2576 1058 2614; baseline -0.008 -5"><span class='ocrx_word' id='word_1_697' title='bbox 278 2582 387 2609; x_wconf 71' lang='lat' dir='ltr'><strong>lerrime</strong></span> <span class='ocrx_word' id='word_1_698' title='bbox 409 2579 552 2608; x_wconf 80' lang='lat' dir='ltr'><strong>Eusebiani</strong></span> <span class='ocrx_word' id='word_1_699' title='bbox 572 2578 687 2614; x_wconf 77' lang='lat' dir='ltr'><strong>regressi</strong></span> <span class='ocrx_word' id='word_1_700' title='bbox 708 2583 781 2609; x_wconf 89' lang='lat' dir='ltr'><strong>sunt,</strong></span> <span class='ocrx_word' id='word_1_701' title='bbox 795 2582 821 2604; x_wconf 90' lang='lat' dir='ltr'><strong>et</strong></span> <span class='ocrx_word' id='word_1_702' title='bbox 842 2584 903 2604; x_wconf 89' lang='lat' dir='ltr'><strong>cum</strong></span> <span class='ocrx_word' id='word_1_703' title='bbox 919 2576 1058 2611; x_wconf 89' lang='lat' dir='ltr'><strong>Philippo-</strong></span> 
     </span>
    </p>
   </div>
   <div class='ocr_carea' id='block_1_95' title="bbox 278 2622 1056 2663">
    <p class='ocr_par' dir='ltr' id='par_1_95' title="bbox 278 2622 1056 2663">
     <span class='ocr_line' id='line_1_95' title="bbox 278 2622 1056 2663; baseline -0.009 -8"><span class='ocrx_word' id='word_1_704' title='bbox 278 2628 358 2663; x_wconf 86' lang='lat' dir='ltr'><strong>polim</strong></span> <span class='ocrx_word' id='word_1_705' title='bbox 369 2625 553 2662; x_wconf 79' lang='lat' dir='ltr'><strong>pervenissent</strong></span> <span class='ocrx_word' id='word_1_706' title='bbox 569 2625 596 2651; x_wconf 87' lang='lat' dir='ltr'><strong>in</strong></span> <span class='ocrx_word' id='word_1_707' title='bbox 612 2623 743 2656; x_wconf 84' lang='lat' dir='ltr'><strong>Thracia,</strong></span> <span class='ocrx_word' id='word_1_708' title='bbox 759 2623 862 2650; x_wconf 89' lang='lat' dir='ltr'><strong>utinam</strong></span> <span class='ocrx_word' id='word_1_709' title='bbox 880 2623 906 2649; x_wconf 94' lang='lat' dir='ltr'><strong>in</strong></span> <span class='ocrx_word' id='word_1_710' title='bbox 921 2622 1056 2649; x_wconf 82' lang='lat' dir='ltr'><strong>infernum</strong></span> 
     </span>
    </p>
   </div>
   <div class='ocr_carea' id='block_1_96' title="bbox 278 2669 1057 2707">
    <p class='ocr_par' dir='ltr' id='par_1_96' title="bbox 278 2669 1057 2707">
     <span class='ocr_line' id='line_1_96' title="bbox 278 2669 1057 2707; baseline -0.01 -6"><span class='ocrx_word' id='word_1_711' title='bbox 278 2674 376 2707; x_wconf 78' lang='lat' dir='ltr'><strong>potius,</strong></span> <span class='ocrx_word' id='word_1_712' title='bbox 393 2672 429 2699; x_wconf 90' lang='lat' dir='ltr'><strong>ibi</strong></span> <span class='ocrx_word' id='word_1_713' title='bbox 448 2673 554 2699; x_wconf 88' lang='lat' dir='ltr'><strong>demum</strong></span> <span class='ocrx_word' id='word_1_714' title='bbox 574 2671 737 2705; x_wconf 87' lang='lat' dir='ltr'><strong>peculiarem</strong></span> <span class='ocrx_word' id='word_1_715' title='bbox 758 2669 852 2696; x_wconf 91' lang='lat' dir='ltr'><strong>ineunt</strong></span> <span class='ocrx_word' id='word_1_716' title='bbox 871 2672 1031 2695; x_wconf 82' lang='lat' dir='ltr'><strong>conventum</strong></span> <span class='ocrx_word' id='word_1_717' title='bbox 1050 2675 1057 2693; x_wconf 89' lang='lat'>:</span> 
     </span>
    </p>
   </div>
   <div class='ocr_carea' id='block_1_97' title="bbox 280 2713 1057 2752">
    <p class='ocr_par' dir='ltr' id='par_1_97' title="bbox 280 2713 1057 2752">
     <span class='ocr_line' id='line_1_97' title="bbox 280 2713 1057 2752; baseline -0.006 -8"><span class='ocrx_word' id='word_1_718' title='bbox 280 2726 360 2752; x_wconf 77' lang='lat' dir='ltr'><strong>atque</strong></span> <span class='ocrx_word' id='word_1_719' title='bbox 395 2716 649 2746; x_wconf 84' lang='lat' dir='ltr'><strong>consubstantialem</strong></span> <span class='ocrx_word' id='word_1_720' title='bbox 667 2716 738 2750; x_wconf 69' lang='lat' dir='ltr'><strong>(qua:</strong></span> <span class='ocrx_word' id='word_1_721' title='bbox 771 2720 815 2741; x_wconf 83' lang='lat' dir='ltr'><strong>tua</strong></span> <span class='ocrx_word' id='word_1_722' title='bbox 845 2713 894 2740; x_wconf 87' lang='lat' dir='ltr'><strong>fuit</strong></span> <span class='ocrx_word' id='word_1_723' title='bbox 914 2713 1057 2748; x_wconf 86' lang='lat' dir='ltr'><strong>patientia,</strong></span> 
     </span>
    </p>
   </div>
   <div class='ocr_carea' id='block_1_98' title="bbox 281 2759 1060 2798">
    <p class='ocr_par' dir='ltr' id='par_1_98' title="bbox 281 2759 1060 2798">
     <span class='ocr_line' id='line_1_98' title="bbox 281 2759 1060 2798; baseline -0.008 -7"><span class='ocrx_word' id='word_1_724' title='bbox 281 2762 335 2790; x_wconf 73' lang='lat' dir='ltr'><strong>Rex</strong></span> <span class='ocrx_word' id='word_1_725' title='bbox 346 2763 478 2798; x_wconf 80' lang='lat' dir='ltr'><strong>Christe!)</strong></span> <span class='ocrx_word' id='word_1_726' title='bbox 492 2767 583 2798; x_wconf 84' lang='lat' dir='ltr'><strong>aperte</strong></span> <span class='ocrx_word' id='word_1_727' title='bbox 591 2762 760 2789; x_wconf 82' lang='lat' dir='ltr'><strong>anathemate</strong></span> <span class='ocrx_word' id='word_1_728' title='bbox 768 2761 961 2788; x_wconf 87' lang='lat' dir='ltr'><strong>condemnant:</strong></span> <span class='ocrx_word' id='word_1_729' title='bbox 972 2759 997 2786; x_wconf 91' lang='lat' dir='ltr'><strong>in</strong></span> <span class='ocrx_word' id='word_1_730' title='bbox 1007 2759 1060 2793; x_wconf 72' lang='lat' dir='ltr'><strong>epi-</strong></span> 
     </span>
    </p>
   </div>
   <div class='ocr_carea' id='block_1_99' title="bbox 315 2847 949 2886">
    <p class='ocr_par' dir='ltr' id='par_1_99' title="bbox 315 2847 949 2886">
     <span class='ocr_line' id='line_1_99' title="bbox 315 2847 949 2886; baseline -0.006 -9"><span class='ocrx_word' id='word_1_731' title='bbox 315 2850 353 2886; x_wconf 70' lang='lat' dir='ltr'><strong>(al</strong></span> <span class='ocrx_word' id='word_1_732' title='bbox 366 2849 410 2877; x_wconf 89' lang='lat' dir='ltr'><strong>Sic</strong></span> <span class='ocrx_word' id='word_1_733' title='bbox 426 2856 489 2877; x_wconf 81' lang='lat' dir='ltr'><strong>mss.</strong></span> <span class='ocrx_word' id='word_1_734' title='bbox 502 2849 572 2876; x_wconf 80' lang='lat' dir='ltr'><strong>Editi</strong></span> <span class='ocrx_word' id='word_1_735' title='bbox 585 2856 659 2881; x_wconf 79' lang='lat' dir='ltr'><strong>vero,</strong></span> <span class='ocrx_word' id='word_1_736' title='bbox 676 2848 744 2883; x_wconf 67' lang='grc' dir='ltr'>φύλα</span> <span class='ocrx_word' id='word_1_737' title='bbox 760 2856 802 2882; x_wconf 71' lang='grc' dir='ltr'><strong>γε,</strong></span> <span class='ocrx_word' id='word_1_738' title='bbox 814 2847 949 2875; x_wconf 84' lang='lat' dir='ltr'><strong>mendose.</strong></span> 
     </span>
    </p>
   </div>
   <div class='ocr_carea' id='block_1_100' title="bbox 1107 2115 1892 2154">
    <p class='ocr_par' dir='ltr' id='par_1_100' title="bbox 1107 2115 1892 2154">
     <span class='ocr_line' id='line_1_100' title="bbox 1107 2115 1892 2154; baseline -0.004 -9"><span class='ocrx_word' id='word_1_739' title='bbox 1107 2127 1137 2145; x_wconf 86' lang='grc' dir='ltr'><strong>τε</strong></span> <span class='ocrx_word' id='word_1_740' title='bbox 1152 2119 1209 2154; x_wconf 73' lang='grc' dir='ltr'>ἅμα</span> <span class='ocrx_word' id='word_1_741' title='bbox 1233 2119 1279 2145; x_wconf 73' lang='grc' dir='ltr'>καὶ</span> <span class='ocrx_word' id='word_1_742' title='bbox 1306 2119 1479 2154; x_wconf 76' lang='grc' dir='ltr'>οἱκουμενικὴ</span> <span class='ocrx_word' id='word_1_743' title='bbox 1509 2117 1578 2145; x_wconf 81' lang='grc' dir='ltr'>κατὰ</span> <span class='ocrx_word' id='word_1_744' title='bbox 1597 2117 1644 2153; x_wconf 85' lang='grc' dir='ltr'>τὴν</span> <span class='ocrx_word' id='word_1_745' title='bbox 1668 2117 1800 2152; x_wconf 78' lang='grc' dir='ltr'>Σαρδικὴν</span> <span class='ocrx_word' id='word_1_746' title='bbox 1814 2115 1892 2147; x_wconf 74' lang='grc' dir='ltr'>αὖθις</span> 
     </span>
    </p>
   </div>
   <div class='ocr_carea' id='block_1_101' title="bbox 1108 2162 1891 2200">
    <p class='ocr_par' dir='ltr' id='par_1_101' title="bbox 1108 2162 1891 2200">
     <span class='ocr_line' id='line_1_101' title="bbox 1108 2162 1891 2200; baseline -0.004 -9"><span class='ocrx_word' id='word_1_747' title='bbox 1108 2163 1259 2200; x_wconf 82' lang='grc' dir='ltr'>ἀθροίζεται</span> <span class='ocrx_word' id='word_1_748' title='bbox 1270 2164 1385 2197; x_wconf 84' lang='grc' dir='ltr'>σύνοδος.</span> <span class='ocrx_word' id='word_1_749' title='bbox 1400 2165 1453 2191; x_wconf 84' lang='lat' dir='ltr'><strong>Kal</strong></span> <span class='ocrx_word' id='word_1_750' title='bbox 1467 2164 1519 2190; x_wconf 87' lang='grc' dir='ltr'>τῶν</span> <span class='ocrx_word' id='word_1_751' title='bbox 1538 2164 1585 2199; x_wconf 83' lang='grc' dir='ltr'>μὲν</span> <span class='ocrx_word' id='word_1_752' title='bbox 1600 2162 1742 2198; x_wconf 80' lang='grc' dir='ltr'>ἐσπερίων,</span> <span class='ocrx_word' id='word_1_753' title='bbox 1752 2162 1823 2189; x_wconf 78' lang='grc' dir='ltr'><strong>καθά</strong></span> <span class='ocrx_word' id='word_1_754' title='bbox 1838 2170 1891 2196; x_wconf 79' lang='grc' dir='ltr'>φη-</span> 
     </span>
    </p>
   </div>
   <div class='ocr_carea' id='block_1_102' title="bbox 1110 2206 1893 2244">
    <p class='ocr_par' dir='ltr' id='par_1_102' title="bbox 1110 2206 1893 2244">
     <span class='ocr_line' id='line_1_102' title="bbox 1110 2206 1893 2244; baseline -0.005 -9"><span class='ocrx_word' id='word_1_755' title='bbox 1110 2216 1136 2234; x_wconf 83' lang='grc' dir='ltr'><strong>σι</strong></span> <span class='ocrx_word' id='word_1_756' title='bbox 1145 2208 1191 2235; x_wconf 72' lang='grc' dir='ltr'>καὶ</span> <span class='ocrx_word' id='word_1_757' title='bbox 1199 2209 1279 2240; x_wconf 78' lang='grc' dir='ltr'>αὐτὸς</span> <span class='ocrx_word' id='word_1_758' title='bbox 1286 2209 1452 2240; x_wconf 78' lang='grc' dir='ltr'>Ἀθανάσιος,</span> <span class='ocrx_word' id='word_1_759' title='bbox 1462 2207 1618 2244; x_wconf 82' lang='grc' dir='ltr'>συνέτρεχον</span> <span class='ocrx_word' id='word_1_760' title='bbox 1634 2207 1777 2233; x_wconf 75' lang='grc' dir='ltr'>ἐπίσκοποι</span> <span class='ocrx_word' id='word_1_761' title='bbox 1784 2206 1893 2237; x_wconf 75' lang='grc' dir='ltr'>πλείους</span> 
     </span>
    </p>
   </div>
   <div class='ocr_carea' id='block_1_103' title="bbox 1109 2251 1894 2290">
    <p class='ocr_par' dir='ltr' id='par_1_103' title="bbox 1109 2251 1894 2290">
     <span class='ocr_line' id='line_1_103' title="bbox 1109 2251 1894 2290; baseline -0.005 -10"><span class='ocrx_word' id='word_1_762' title='bbox 1109 2254 1295 2290; x_wconf 78' lang='grc' dir='ltr'>ἢτριακόσιοι·</span> <span class='ocrx_word' id='word_1_763' title='bbox 1315 2255 1365 2290; x_wconf 84' lang='grc' dir='ltr'>τῆς</span> <span class='ocrx_word' id='word_1_764' title='bbox 1379 2254 1448 2289; x_wconf 80' lang='grc' dir='ltr'>ἑῴας</span> <span class='ocrx_word' id='word_1_765' title='bbox 1460 2254 1487 2280; x_wconf 81' lang='grc' dir='ltr'>δὲ</span> <span class='ocrx_word' id='word_1_766' title='bbox 1503 2253 1588 2288; x_wconf 85' lang='grc' dir='ltr'>μόνοι,</span> <span class='ocrx_word' id='word_1_767' title='bbox 1610 2252 1720 2283; x_wconf 78' lang='grc' dir='ltr'><strong>Σαϐῖνὸς</strong></span> <span class='ocrx_word' id='word_1_768' title='bbox 1738 2260 1829 2287; x_wconf 82' lang='grc' dir='ltr'>φησιν,</span> <span class='ocrx_word' id='word_1_769' title='bbox 1847 2251 1894 2277; x_wconf 81' lang='grc' dir='ltr'><strong>ἐΰ-</strong></span> 
     </span>
    </p>
   </div>
   <div class='ocr_carea' id='block_1_104' title="bbox 1108 2294 1892 2336">
    <p class='ocr_par' dir='ltr' id='par_1_104' title="bbox 1108 2294 1892 2336">
     <span class='ocr_line' id='line_1_104' title="bbox 1108 2294 1892 2336; baseline -0.004 -10"><span class='ocrx_word' id='word_1_770' title='bbox 1108 2301 1270 2336; x_wconf 82' lang='grc' dir='ltr'>δομήκοντα,</span> <span class='ocrx_word' id='word_1_771' title='bbox 1292 2297 1333 2332; x_wconf 73' lang='grc' dir='ltr'>οἷς</span> <span class='ocrx_word' id='word_1_772' title='bbox 1350 2300 1397 2326; x_wconf 73' lang='grc' dir='ltr'>καὶ</span> <span class='ocrx_word' id='word_1_773' title='bbox 1416 2299 1496 2331; x_wconf 80' lang='grc' dir='ltr'>αὐτὸς</span> <span class='ocrx_word' id='word_1_774' title='bbox 1513 2299 1637 2334; x_wconf 82' lang='grc' dir='ltr'>Ἰσχύρας</span> <span class='ocrx_word' id='word_1_775' title='bbox 1649 2299 1663 2325; x_wconf 85' lang='grc' dir='ltr'>ὁ</span> <span class='ocrx_word' id='word_1_776' title='bbox 1675 2297 1722 2324; x_wconf 84' lang='grc' dir='ltr'><strong>τοῦ</strong></span> <span class='ocrx_word' id='word_1_777' title='bbox 1740 2294 1892 2333; x_wconf 83' lang='grc' dir='ltr'>Μαρεώτου</span> 
     </span>
    </p>
   </div>
   <div class='ocr_carea' id='block_1_105' title="bbox 1109 2342 1892 2382">
    <p class='ocr_par' dir='ltr' id='par_1_105' title="bbox 1109 2342 1892 2382">
     <span class='ocr_line' id='line_1_105' title="bbox 1109 2342 1892 2382; baseline -0.004 -10"><span class='ocrx_word' id='word_1_778' title='bbox 1109 2346 1253 2382; x_wconf 82' lang='grc' dir='ltr'>ὴρίϐμητο.</span> <span class='ocrx_word' id='word_1_779' title='bbox 1269 2346 1300 2372; x_wconf 81' lang='grc' dir='ltr'><strong>οι</strong></span> <span class='ocrx_word' id='word_1_780' title='bbox 1316 2345 1365 2381; x_wconf 81' lang='grc' dir='ltr'>μὲν</span> <span class='ocrx_word' id='word_1_781' title='bbox 1383 2343 1429 2372; x_wconf 81' lang='grc' dir='ltr'><strong>οὖν</strong></span> <span class='ocrx_word' id='word_1_782' title='bbox 1457 2345 1581 2372; x_wconf 76' lang='grc' dir='ltr'>’Δσίαθεν</span> <span class='ocrx_word' id='word_1_783' title='bbox 1596 2343 1812 2380; x_wconf 76' lang='grc' dir='ltr'>συνερρυηκότες</span> <span class='ocrx_word' id='word_1_784' title='bbox 1830 2342 1892 2369; x_wconf 70' lang='grc' dir='ltr'>οὺδδ</span> 
     </span>
    </p>
   </div>
   <div class='ocr_carea' id='block_1_106' title="bbox 1110 2388 1891 2426">
    <p class='ocr_par' dir='ltr' id='par_1_106' title="bbox 1110 2388 1891 2426">
     <span class='ocr_line' id='line_1_106' title="bbox 1110 2388 1891 2426; baseline -0.004 -9"><span class='ocrx_word' id='word_1_785' title='bbox 1110 2392 1149 2422; x_wconf 86' lang='grc' dir='ltr'><strong>είς</strong></span> <span class='ocrx_word' id='word_1_786' title='bbox 1163 2391 1223 2425; x_wconf 74' lang='grc' dir='ltr'>ὄψιν</span> <span class='ocrx_word' id='word_1_787' title='bbox 1238 2391 1291 2417; x_wconf 83' lang='grc' dir='ltr'>τῶν</span> <span class='ocrx_word' id='word_1_788' title='bbox 1310 2390 1443 2426; x_wconf 80' lang='grc' dir='ltr'>ἑσπερίων</span> <span class='ocrx_word' id='word_1_789' title='bbox 1458 2390 1543 2416; x_wconf 80' lang='grc' dir='ltr'>ἐλθεῖν</span> <span class='ocrx_word' id='word_1_790' title='bbox 1560 2390 1703 2425; x_wconf 82' lang='grc' dir='ltr'>ὑπέμενον,</span> <span class='ocrx_word' id='word_1_791' title='bbox 1721 2388 1891 2425; x_wconf 76' lang='grc' dir='ltr'>ἰσχυριζόμε-</span> 
     </span>
    </p>
   </div>
   <div class='ocr_carea' id='block_1_107' title="bbox 1113 2435 1889 2473">
    <p class='ocr_par' dir='ltr' id='par_1_107' title="bbox 1113 2435 1889 2473">
     <span class='ocr_line' id='line_1_107' title="bbox 1113 2435 1889 2473; baseline -0.004 -9"><span class='ocrx_word' id='word_1_792' title='bbox 1113 2446 1148 2464; x_wconf 56' lang='grc' dir='ltr'><strong>νοι</strong></span> <span class='ocrx_word' id='word_1_793' title='bbox 1171 2437 1208 2473; x_wconf 86' lang='grc' dir='ltr'>μὴ</span> <span class='ocrx_word' id='word_1_794' title='bbox 1220 2437 1252 2465; x_wconf 82' lang='grc' dir='ltr'>ἂν</span> <span class='ocrx_word' id='word_1_795' title='bbox 1266 2437 1352 2469; x_wconf 80' lang='grc' dir='ltr'>ἄλλως</span> <span class='ocrx_word' id='word_1_796' title='bbox 1369 2437 1459 2468; x_wconf 80' lang='grc' dir='ltr'>αὐτοῖς</span> <span class='ocrx_word' id='word_1_797' title='bbox 1475 2437 1515 2468; x_wconf 84' lang='grc' dir='ltr'><strong>είς</strong></span> <span class='ocrx_word' id='word_1_798' title='bbox 1526 2436 1612 2471; x_wconf 77' lang='grc' dir='ltr'>λόγων</span> <span class='ocrx_word' id='word_1_799' title='bbox 1628 2436 1768 2463; x_wconf 83' lang='grc' dir='ltr'>κοινωνίαν</span> <span class='ocrx_word' id='word_1_800' title='bbox 1791 2435 1889 2467; x_wconf 79' lang='grc' dir='ltr'>ἐλθεῖν,</span> 
     </span>
    </p>
   </div>
   <div class='ocr_carea' id='block_1_108' title="bbox 1111 2482 1891 2520">
    <p class='ocr_par' dir='ltr' id='par_1_108' title="bbox 1111 2482 1891 2520">
     <span class='ocr_line' id='line_1_108' title="bbox 1111 2482 1891 2520; baseline -0.003 -10"><span class='ocrx_word' id='word_1_801' title='bbox 1111 2485 1133 2510; x_wconf 76' lang='grc' dir='ltr'>,ί</span> <span class='ocrx_word' id='word_1_802' title='bbox 1150 2484 1187 2520; x_wconf 85' lang='grc' dir='ltr'>μὴ</span> <span class='ocrx_word' id='word_1_803' title='bbox 1201 2484 1263 2516; x_wconf 79' lang='grc' dir='ltr'>τοὺς</span> <span class='ocrx_word' id='word_1_804' title='bbox 1278 2484 1342 2520; x_wconf 82' lang='grc' dir='ltr'>περὶ</span> <span class='ocrx_word' id='word_1_805' title='bbox 1365 2483 1469 2510; x_wconf 87' lang='grc' dir='ltr'>Παῦλον</span> <span class='ocrx_word' id='word_1_806' title='bbox 1496 2484 1542 2510; x_wconf 72' lang='grc' dir='ltr'><strong>καὶ</strong></span> <span class='ocrx_word' id='word_1_807' title='bbox 1565 2483 1720 2510; x_wconf 79' lang='grc' dir='ltr'>Ἀθανάσιον</span> <span class='ocrx_word' id='word_1_808' title='bbox 1742 2482 1891 2509; x_wconf 75' lang='grc' dir='ltr'>ὲκΰάλλωσι</span> 
     </span>
    </p>
   </div>
   <div class='ocr_carea' id='block_1_109' title="bbox 1109 2528 1892 2565">
    <p class='ocr_par' dir='ltr' id='par_1_109' title="bbox 1109 2528 1892 2565">
     <span class='ocr_line' id='line_1_109' title="bbox 1109 2528 1892 2565; baseline -0.004 -9"><span class='ocrx_word' id='word_1_809' title='bbox 1109 2530 1240 2565; x_wconf 83' lang='grc' dir='ltr'>πρότερον</span> <span class='ocrx_word' id='word_1_810' title='bbox 1267 2529 1314 2556; x_wconf 81' lang='grc' dir='ltr'><strong>τοῦ</strong></span> <span class='ocrx_word' id='word_1_811' title='bbox 1341 2529 1479 2564; x_wconf 84' lang='grc' dir='ltr'>συλλόγου.</span> <span class='ocrx_word' id='word_1_812' title='bbox 1511 2529 1571 2556; x_wconf 84' lang='grc' dir='ltr'>Τῶν</span> <span class='ocrx_word' id='word_1_813' title='bbox 1600 2529 1628 2554; x_wconf 82' lang='grc' dir='ltr'>δὲ</span> <span class='ocrx_word' id='word_1_814' title='bbox 1654 2529 1714 2564; x_wconf 80' lang='grc' dir='ltr'>μηδ’</span> <span class='ocrx_word' id='word_1_815' title='bbox 1728 2528 1796 2559; x_wconf 83' lang='grc' dir='ltr'>ὅλως</span> <span class='ocrx_word' id='word_1_816' title='bbox 1813 2528 1892 2563; x_wconf 77' lang='grc' dir='ltr'>ἄχρις</span> 
     </span>
    </p>
   </div>
   <div class='ocr_carea' id='block_1_110' title="bbox 1109 2573 1891 2610">
    <p class='ocr_par' dir='ltr' id='par_1_110' title="bbox 1109 2573 1891 2610">
     <span class='ocr_line' id='line_1_110' title="bbox 1109 2573 1891 2610; baseline -0.004 -8"><span class='ocrx_word' id='word_1_817' title='bbox 1109 2576 1194 2610; x_wconf 86' lang='grc' dir='ltr'>ἀκοῆς</span> <span class='ocrx_word' id='word_1_818' title='bbox 1207 2575 1303 2610; x_wconf 76' lang='grc' dir='ltr'>ῥυῆναι</span> <span class='ocrx_word' id='word_1_819' title='bbox 1317 2575 1362 2601; x_wconf 82' lang='grc' dir='ltr'>τὸν</span> <span class='ocrx_word' id='word_1_820' title='bbox 1376 2575 1454 2609; x_wconf 79' lang='grc' dir='ltr'>λόγον</span> <span class='ocrx_word' id='word_1_821' title='bbox 1467 2574 1665 2610; x_wconf 78' lang='grc' dir='ltr'>ἀνασχομένων,</span> <span class='ocrx_word' id='word_1_822' title='bbox 1683 2575 1780 2600; x_wconf 72' lang='grc' dir='ltr'>ἐκεῖνοι</span> <span class='ocrx_word' id='word_1_823' title='bbox 1796 2573 1834 2605; x_wconf 86' lang='grc' dir='ltr'>ὡς</span> <span class='ocrx_word' id='word_1_824' title='bbox 1853 2573 1891 2599; x_wconf 81' lang='grc' dir='ltr'><strong>εἶ-</strong></span> 
     </span>
    </p>
   </div>
   <div class='ocr_carea' id='block_1_111' title="bbox 1110 2617 1891 2656">
    <p class='ocr_par' dir='ltr' id='par_1_111' title="bbox 1110 2617 1891 2656">
     <span class='ocr_line' id='line_1_111' title="bbox 1110 2617 1891 2656; baseline -0.003 -10"><span class='ocrx_word' id='word_1_825' title='bbox 1110 2629 1156 2655; x_wconf 79' lang='grc' dir='ltr'><strong>χον</strong></span> <span class='ocrx_word' id='word_1_826' title='bbox 1173 2619 1252 2652; x_wconf 79' lang='grc' dir='ltr'>εὐθὺς</span> <span class='ocrx_word' id='word_1_827' title='bbox 1266 2620 1438 2656; x_wconf 86' lang='grc' dir='ltr'>ἀνέστρεφον,</span> <span class='ocrx_word' id='word_1_828' title='bbox 1455 2621 1502 2646; x_wconf 77' lang='grc' dir='ltr'>καὶ</span> <span class='ocrx_word' id='word_1_829' title='bbox 1516 2619 1666 2654; x_wconf 80' lang='grc' dir='ltr'>φθάσαντες</span> <span class='ocrx_word' id='word_1_830' title='bbox 1682 2620 1721 2650; x_wconf 86' lang='grc' dir='ltr'><strong>είς</strong></span> <span class='ocrx_word' id='word_1_831' title='bbox 1731 2618 1808 2645; x_wconf 86' lang='grc' dir='ltr'>πόλιν</span> <span class='ocrx_word' id='word_1_832' title='bbox 1829 2617 1891 2644; x_wconf 77' lang='grc' dir='ltr'>Φιλο</span> 
     </span>
    </p>
   </div>
   <div class='ocr_carea' id='block_1_112' title="bbox 1113 2663 1892 2701">
    <p class='ocr_par' dir='ltr' id='par_1_112' title="bbox 1113 2663 1892 2701">
     <span class='ocr_line' id='line_1_112' title="bbox 1113 2663 1892 2701; baseline -0.004 -9"><span class='ocrx_word' id='word_1_833' title='bbox 1113 2667 1194 2692; x_wconf 84' lang='grc' dir='ltr'>ίπτιου</span> <span class='ocrx_word' id='word_1_834' title='bbox 1207 2666 1256 2701; x_wconf 85' lang='grc' dir='ltr'>τῆς</span> <span class='ocrx_word' id='word_1_835' title='bbox 1276 2666 1395 2701; x_wconf 85' lang='grc' dir='ltr'>Θρᾴκης,</span> <span class='ocrx_word' id='word_1_836' title='bbox 1409 2666 1446 2697; x_wconf 83' lang='grc' dir='ltr'>ὡς</span> <span class='ocrx_word' id='word_1_837' title='bbox 1458 2665 1552 2700; x_wconf 71' lang='grc' dir='ltr'>ὄφελον</span> <span class='ocrx_word' id='word_1_838' title='bbox 1563 2667 1592 2692; x_wconf 86' lang='grc' dir='ltr'>ὲν</span> <span class='ocrx_word' id='word_1_839' title='bbox 1608 2665 1670 2701; x_wconf 71' lang='grc' dir='ltr'>ᾅδου</span> <span class='ocrx_word' id='word_1_840' title='bbox 1688 2663 1892 2700; x_wconf 76' lang='grc' dir='ltr'>πρότερον,ὲκεῐ</span> 
     </span>
    </p>
   </div>
   <div class='ocr_carea' id='block_1_113' title="bbox 1111 2708 1892 2748">
    <p class='ocr_par' dir='ltr' id='par_1_113' title="bbox 1111 2708 1892 2748">
     <span class='ocr_line' id='line_1_113' title="bbox 1111 2708 1892 2748; baseline -0.004 -10"><span class='ocrx_word' id='word_1_841' title='bbox 1111 2712 1203 2738; x_wconf 81' lang='grc' dir='ltr'>λοιπὸν</span> <span class='ocrx_word' id='word_1_842' title='bbox 1217 2711 1314 2744; x_wconf 79' lang='grc' dir='ltr'>ἰδιάζον</span> <span class='ocrx_word' id='word_1_843' title='bbox 1327 2711 1461 2739; x_wconf 84' lang='grc' dir='ltr'>ποιοῦνται</span> <span class='ocrx_word' id='word_1_844' title='bbox 1472 2712 1619 2748; x_wconf 87' lang='grc' dir='ltr'>συνέδριον.</span> <span class='ocrx_word' id='word_1_845' title='bbox 1629 2712 1682 2738; x_wconf 79' lang='grc' dir='ltr'><strong>Καὶ</strong></span> <span class='ocrx_word' id='word_1_846' title='bbox 1691 2711 1721 2737; x_wconf 80' lang='grc' dir='ltr'>τὸ</span> <span class='ocrx_word' id='word_1_847' title='bbox 1734 2710 1782 2745; x_wconf 83' lang='grc' dir='ltr'>μὲν</span> <span class='ocrx_word' id='word_1_848' title='bbox 1795 2708 1892 2744; x_wconf 84' lang='grc' dir='ltr'>ὁμοού-</span> 
     </span>
    </p>
   </div>
   <div class='ocr_carea' id='block_1_114' title="bbox 1114 2755 1892 2794">
    <p class='ocr_par' dir='ltr' id='par_1_114' title="bbox 1114 2755 1892 2794">
     <span class='ocr_line' id='line_1_114' title="bbox 1114 2755 1892 2794; baseline -0.006 -9"><span class='ocrx_word' id='word_1_849' title='bbox 1114 2766 1169 2785; x_wconf 87' lang='grc' dir='ltr'>σιον</span> <span class='ocrx_word' id='word_1_850' title='bbox 1179 2758 1204 2784; x_wconf 79' lang='lat' dir='ltr'><strong>oi.</strong></span> <span class='ocrx_word' id='word_1_851' title='bbox 1215 2758 1341 2793; x_wconf 84' lang='grc' dir='ltr'>πρόδηλοι</span> <span class='ocrx_word' id='word_1_852' title='bbox 1353 2758 1403 2794; x_wconf 74' lang='grc' dir='ltr'>τὴν</span> <span class='ocrx_word' id='word_1_853' title='bbox 1415 2758 1495 2786; x_wconf 78' lang='grc' dir='ltr'>ἀσέϐε</span> <span class='ocrx_word' id='word_1_854' title='bbox 1500 2767 1541 2786; x_wconf 83' lang='grc' dir='ltr'><strong>ιαν</strong></span> <span class='ocrx_word' id='word_1_855' title='bbox 1550 2758 1609 2794; x_wconf 86' lang='grc' dir='ltr'>(τῆς</span> <span class='ocrx_word' id='word_1_856' title='bbox 1618 2758 1666 2793; x_wconf 88' lang='grc' dir='ltr'>σῆς</span> <span class='ocrx_word' id='word_1_857' title='bbox 1673 2756 1781 2791; x_wconf 83' lang='grc' dir='ltr'>ἀνοχῆς,</span> <span class='ocrx_word' id='word_1_858' title='bbox 1790 2755 1892 2790; x_wconf 62' lang='grc' dir='ltr'>Χριστὲ</span> 
     </span>
    </p>
   </div>
   <div class='ocr_carea' id='block_1_115' title="bbox 1146 2843 1888 2882">
    <p class='ocr_par' dir='ltr' id='par_1_115' title="bbox 1146 2843 1888 2882">
     <span class='ocr_line' id='line_1_115' title="bbox 1146 2843 1888 2882; baseline -0.003 -10"><span class='ocrx_word' id='word_1_859' title='bbox 1146 2845 1182 2882; x_wconf 85' lang='lat' dir='ltr'><strong>(b)</strong></span> <span class='ocrx_word' id='word_1_860' title='bbox 1199 2845 1236 2874; x_wconf 72' lang='grc' dir='ltr'>ιω</span> <span class='ocrx_word' id='word_1_861' title='bbox 1255 2854 1320 2875; x_wconf 84' lang='lat' dir='ltr'><strong>mss.</strong></span> <span class='ocrx_word' id='word_1_862' title='bbox 1341 2845 1410 2874; x_wconf 84' lang='lat' dir='ltr'><strong>Editi</strong></span> <span class='ocrx_word' id='word_1_863' title='bbox 1430 2853 1494 2874; x_wconf 86' lang='lat' dir='ltr'><strong>vero</strong></span> <span class='ocrx_word' id='word_1_864' title='bbox 1513 2844 1661 2881; x_wconf 77' lang='grc' dir='ltr'>τηνικαῦτα</span> <span class='ocrx_word' id='word_1_865' title='bbox 1680 2845 1725 2871; x_wconf 75' lang='grc' dir='ltr'><strong>καὶ</strong></span> <span class='ocrx_word' id='word_1_866' title='bbox 1740 2843 1821 2875; x_wconf 71' lang='grc' dir='ltr'>αὐτὸς</span> <span class='ocrx_word' id='word_1_867' title='bbox 1838 2850 1888 2880; x_wconf 83' lang='grc' dir='ltr'>πρ,</span> 
     </span>
    </p>
   </div>
  </div>
