2027 3042
587 192 668 220 VITA
689 193 718 220 S.
740 192 924 221 ATHANASI]
945 194 1094 223 lNCERTO
1115 194 1288 222 AUCTORE.
1700 202 1744 226 ctu

126 249 265 286 βασιλεῦί)
287 251 414 287 φανερῶς
432 251 686 287 ἀναθεματίζουσιν·
712 254 741 279 ἐν
759 254 906 285 ἐπιστολαῖς

965 255 1040 283 stolis
1055 261 1154 288 autem,
1176 256 1287 284 alterius
1307 257 1462 285 substantia
1476 258 1634 285 sententiam
1650 257 1742 293 edunt,

124 295 151 322 δὲ
163 295 212 330 τὴν
228 296 275 323 τοῦ
296 297 450 332 ἐτερουσίου
469 297 546 330 δόξαν
563 298 724 331 ἐκτίθενται,
739 300 786 326 καὶ
806 300 840 327 τὰ
855 309 911 335 χει-

126 341 251 376 ρόγραφα
260 342 310 376 τῆς
325 342 451 374 ὰσεῦείας
462 344 600 378 πανταχοῦ
615 345 672 375 τοῖς
687 345 732 371 ὑπ’
746 346 843 377 αὐτοὺς
857 346 913 373 δια-

125 386 286 421 πέμπονται.
300 387 393 414 Ταῦτα
412 388 542 424 μαθόντες
552 390 575 416 οι
590 391 618 415 ἐν
626 391 658 426 τῇ
674 391 803 426 Σαρδικῇ,
817 392 912 427 πρῶτα

126 433 174 467 μὲν
192 433 280 460 αὐτῶν
295 435 401 470 ἐρήμην
421 436 532 468 δικαίως
556 437 800 472 καταψηφίζονται·
818 438 911 465 ἔπειτα

124 479 152 506 δὲ
169 481 216 506 καὶ
234 480 296 513 τοὺς
320 482 488 517 κατηγόρους
507 482 664 510 Ἀθανασίου
681 484 736 511 τῶν
748 484 854 511 οἰκείων
870 484 912 517 ἐξ-

123 525 223 552 ωθοῦσι
247 526 366 562 βαθμῶν·
383 528 429 554 τὸν
457 529 519 563 ὅρον
547 538 576 556 τε
602 530 651 565 τῆς
678 530 795 563 πίστεως
814 532 863 566 τῆς
883 532 912 558 ὲν

125 572 229 608 Νικαίᾳ
247 573 436 609 κρατύνοντες,
451 575 499 602 καὶ
514 575 544 601 τὸ
560 575 685 610 ἀνόμοιον
697 576 911 612 ἀναθεματίσαν-

123 626 178 651 τες,
206 619 367 654 κηρύττουσι
401 621 551 656 τρανοτέρᾳ¹
571 621 682 658 γλώσσῃ
703 622 734 649 τὸ
757 622 909 658 ὀμοούσιον·

124 664 171 691 καὶ
196 665 347 700 γράψαντες
371 667 400 692 ἐν
429 667 605 702 ὑπομνήμασι
636 668 683 694 καὶ
715 668 792 695 αὐτοὶ
821 669 910 696 πᾶσαν

126 708 224 744 μικροῦ
249 709 352 742 τούτοις
375 711 424 746 τὴν
438 711 597 747 οἰκουμένην
607 711 843 747 διαλαμϐάνουσιν.
877 714 908 740 ‘A

123 754 155 790 δὴ
170 756 216 782 καὶ
233 755 358 791 βασιλεὺς
377 756 505 789 Κώνστας
518 757 674 792 ἀναμαθὼν,
695 759 742 785 καὶ
758 758 796 793 τῷ
805 759 910 795 ἀδελφῷ

124 801 306 836 Κωνσταντιῳ
331 802 475 837 γνωρίσας,
497 803 717 838 ἀποκαταστῆναι
736 804 840 832 Παῦλον
863 805 909 832 καὶ

130 845 289 874 Ἀθανάσιον
309 849 366 879 τοῖς
378 848 487 880 οἰκείοις
504 850 569 884 παρ’
588 849 670 876 αὐτοῦ
696 850 800 884 θρόνοις
820 851 907 885 ὴξίου.

125 892 178 918 Τοῦ
200 892 228 919 δὲ
256 893 435 929 ἀναδυομένων
455 895 524 930 πρὸς
539 895 618 922 τοῦτο
638 896 684 922 καὶ
711 896 906 931 διαμέλλοντος,

965 301 1181 336 exemplariaqne
1194 303 1337 337 impietatis
1349 310 1404 330 sure
1417 304 1487 338 apud
1497 311 1561 330 suos
1573 304 1672 338 ubique
1685 312 1741 338 pro«

967 347 1095 383 mulgant.
1120 348 1169 375 His
1187 348 1331 382 compertis
1351 348 1367 375 ii
1385 349 1431 383 qui
1449 349 1568 376 Sardica:
1582 354 1669 381 erant,
1688 349 1742 383 pri-

965 400 1038 419 mum
1054 393 1160 427 quidem
1176 392 1287 420 deserta:
1305 401 1393 421 causa:
1411 393 1469 420 illos
1481 393 1540 427 jure
1554 395 1741 422 condemnant.

966 437 1033 465 Hinc
1052 438 1191 465 Athanasii
1214 444 1386 466 accusatores
1406 440 1460 466 suis
1482 439 1585 474 pellunt
1602 440 1742 474 gradibus.

964 483 1179 518 Coniirmatoque
1205 484 1318 511 Nictena:
1343 486 1403 512 fidei
1425 485 1550 518 decreto,
1574 493 1605 513 ac
1628 487 1742 513 anathe-

964 533 1034 555 mate
1059 536 1182 564 percussa
1196 529 1242 557 τοῦ
1257 530 1391 565 ἀνομοίου,
1406 531 1432 557 id
1446 535 1485 557 est
1498 531 1644 563 dissimilis,
1661 538 1741 563 voce,

965 573 1066 601 clarius
1083 574 1388 602 consubstantiaiitatem
1406 575 1551 610 praedicant
1567 585 1573 603 :
1591 576 1699 611 scriptis
1710 585 1741 604 ea

963 620 997 647 de
1020 627 1049 647 re
1069 619 1182 653 libellis,
1201 620 1276 648 hisce
1294 625 1378 648 totum
1396 628 1463 656 pene
1477 622 1624 655 pervadunt
1637 623 1741 649 orbem.

963 665 1028 699 Quae
1041 673 1102 693 cum
1119 667 1257 694 didicisset
1272 667 1418 702 imperator
1432 667 1581 700 Constans,
1597 672 1677 702 atque
1692 668 1742 694 im-

963 714 1078 747 peratori
1094 712 1251 741 Constantio
1269 713 1432 746 indicasset,
1451 718 1527 748 rogat
1547 718 1576 740 ut
1597 712 1694 740 Paulus
1714 718 1741 740 et

962 759 1125 787 Athanasius
1146 759 1202 787 suis
1224 759 1329 787 throuis
1343 760 1529 787 restituantur.
1543 759 1609 786 Tum
1628 759 1673 787 illo
1687 764 1740 786 ter-

962 805 1117 841 giversante
1138 810 1219 840 atque
1245 813 1333 832 moras
1352 805 1495 837 trahente,
1522 805 1676 832 durioribus
1696 805 1740 832 ille

963 859 1028 879 usus
1054 851 1163 883 litteris,
1190 851 1317 884 minatur,
1341 851 1393 878 nisi
1413 851 1500 883 cedat,
1519 851 1560 878 vel
1580 851 1691 878 invitum
1711 857 1741 878 se

964 897 1114 931 cogendum
1131 896 1187 924 fore
1203 896 1235 923 ad
1251 901 1396 931 utrumque
1418 896 1543 923 Ecclesia:
1559 903 1613 923 suae
1629 895 1742 923 redden-

123 939 333 976 αὐστηροτέροις
348 938 423 972 αὖθις
437 941 540 972 ἐκεῖνος
564 941 663 977 ἐχρῆτο
677 944 732 973 τοῖς
752 942 906 978 γράμμασι,

959 942 1032 969 dum.
1059 941 1233 969 Constantius
1254 949 1317 976 ergo
1342 949 1395 969 non
1416 941 1484 968 ultra
1499 949 1556 969 rem
1574 941 1677 968 distulit
1690 949 1741 968 nec

123 985 170 1010 καὶ
186 985 234 1017 ὡς,
250 986 274 1011 εί
292 985 328 1020 μὴ
343 985 413 1012 ἑκὼν
439 985 545 1019 εἴξειεν,
573 987 641 1013 ἀλλὰ
655 987 701 1014 καὶ
716 987 828 1020 ἄκοντος
843 988 909 1022 γοῦν

122 1031 204 1062 αὐτὸς
228 1031 332 1066 ἠπείλει
353 1032 482 1068 ἑκάτερον
500 1032 645 1059 ἀποδοῦναι
665 1034 698 1068 τῇ
725 1033 786 1059 κατ’
812 1034 910 1066 αὐτοὺς

128 1075 285 1112 Ἐκκλησία.
301 1077 488 1109 Κωνστάντιος
497 1077 584 1104 τοίνυν
595 1077 626 1104 οὐ
640 1077 708 1113 πρὸς
723 1078 855 1110 ἀναϐολὰς
869 1078 910 1105 ἔτι

123 1123 168 1150 καὶ
185 1123 290 1159 χρόνον,
301 1124 378 1155 ἀλλὰ,
393 1124 443 1159 τὴν
459 1124 506 1151 τοῦ
529 1124 644 1158 ἀδελφοῦ
665 1124 788 1152 ἔνστασιν
802 1125 908 1152 ὑποδει-

122 1168 228 1201 λιάσας,
239 1170 348 1201 οἰκείοις
367 1170 448 1201 εὐθὺς
464 1170 636 1206 μετεκαλεὴο
654 1170 812 1206 γράμμασιν
832 1170 909 1197 Ἀθα-

121 1214 224 1242 νάσιον.
239 1215 292 1241 Τοῦ
303 1215 331 1242 δὲ
340 1216 467 1247 ὑπόπτως
481 1215 587 1251 ἔχοντος
601 1215 668 1251 πρὸς
680 1215 729 1251 τὴν
741 1216 845 1251 κλῆσιν·
862 1216 908 1242 οὑ-

121 1259 149 1286 δὲ
163 1259 218 1295 γὰρ
240 1260 349 1296 θαρρεῖν
373 1261 455 1288 αὑτὸν
474 1262 516 1287 εῐα
531 1261 565 1288 τὰ
579 1260 756 1296 προλαϐόντα·
774 1261 909 1297 δευτέροις

121 1306 205 1332 αὑτὸν
216 1306 317 1337 ἐκεῖνος
330 1306 637 1342 ὑπέρχεταιγράμμασι,
653 1306 718 1332 πολὺ
732 1306 763 1332 τὸ
782 1306 910 1342 θεραπευ-

120 1352 197 1379 τικὸν
221 1353 268 1379 καὶ
282 1353 360 1388 ἧπιον
378 1353 495 1388 ἔχουσιν.
520 1353 563 1385 Ὠς
582 1353 611 1379 δέ
638 1353 705 1388 μηδὲ
730 1353 797 1389 πρὸς
822 1353 908 1381 ταῦτα

120 1397 241 1434 καθαρὸς
257 1396 290 1434 ἦν
307 1398 432 1433 ὑποψίας,
443 1399 502 1425 οὐδὲ
516 1398 602 1430 οὕτως
613 1400 629 1434 ἡ
641 1399 689 1425 τοῦ
705 1399 800 1434 ἀνδρὸς
812 1408 909 1435 παρου-

121 1444 167 1471 σία
192 1443 232 1479 τῷ
250 1444 432 1479 Κωνσταντίῳ
449 1444 642 1480 παρημελεῖτο·
669 1443 737 1471 ἀλλὰ
752 1445 799 1471 καὶ
827 1444 908 1472 πάλιν

119 1489 195 1524 αὑτῷ
216 1489 377 1521 ἐπιστέλλει,
393 1489 522 1525 προσθεὶς
535 1490 563 1517 ὲν
574 1491 630 1521 τοῖς
648 1491 808 1525 γράμμασιν
819 1489 858 1516 ἔτι
878 1491 908 1517 τὸ

119 1535 263 1570 ὑφειμένον
274 1535 318 1561 καὶ
335 1535 476 1572 προσηνές·
492 1535 558 1562 ἀλλὰ
571 1536 616 1562 καὶ
630 1544 662 1562 πε
667 1535 694 1571 ρὶ
706 1535 759 1562 τῶν
768 1536 907 1572 προτέρων

117 1579 278 1614 ἀπολογίαν,
294 1581 331 1611 ὡς
347 1581 401 1616 ἄρα
419 1581 538 1616 βούλοιτο
555 1581 604 1616 μέν
619 1589 684 1616 φησι
694 1581 842 1616 τηνικαῦτα
860 1583 907 1609 καὶ

959 987 1216 1022 comperendinavit.
1239 987 1293 1016 Sed
1314 988 1405 1016 fratris
1417 989 1614 1016 contentionem
1628 987 1739 1018 veritos.

959 1034 1015 1062 suis
1034 1034 1124 1061 statim
1146 1033 1244 1061 litteris
1264 1034 1363 1061 accivit
1382 1034 1571 1061 Athanasium.
1589 1033 1636 1060 Illo
1650 1039 1738 1060 autem

958 1079 992 1107 de
1006 1079 1157 1114 bujusmodi
1179 1079 1266 1107 accitu
1288 1079 1357 1106 male
1369 1080 1522 1114 suspicante
1536 1099 1543 1112 ,
1561 1085 1647 1114 neque
1668 1079 1738 1105 enim

959 1134 1020 1153 eum
1033 1133 1092 1160 quae
1106 1125 1182 1160 prius
1194 1131 1268 1160 gesta
1286 1125 1393 1153 fuerant
1408 1126 1522 1152 fidenter
1537 1132 1616 1160 agere
1631 1124 1739 1160 permit-

959 1171 1071 1204 tebant,
1101 1171 1227 1199 secundis
1249 1171 1396 1207 imperator
1417 1171 1514 1199 litteris
1542 1170 1665 1198 invitavit
1685 1169 1739 1197 oili-

958 1217 1058 1245 ciosius
1080 1224 1112 1245 ac
1132 1217 1225 1245 mitius
1243 1217 1414 1251 conscriptis.
1430 1216 1496 1244 Cum
1512 1221 1600 1244 autem
1619 1223 1669 1243 nec
1687 1216 1739 1243 illa:

958 1262 1137 1296 suspicionem
1161 1262 1278 1290 levarent
1294 1282 1303 1295 ,
1330 1269 1364 1289 ne
1381 1266 1436 1289 tum
1456 1262 1561 1296 quidem
1577 1261 1634 1296 ejus
1653 1261 1740 1295 profe-

957 1314 1029 1336 ctum
1042 1308 1239 1342 adventumque
1252 1307 1368 1343 neglexit
1378 1307 1564 1341 Constantius;
1577 1307 1622 1335 sed
1633 1315 1737 1334 rursum

957 1354 1016 1381 viro
1031 1353 1141 1387 scribit,
1157 1354 1311 1388 litterisque
1328 1355 1415 1381 denuo
1428 1361 1550 1389 magnam
1564 1354 1673 1381 exhibet
1688 1353 1740 1380 cle-

958 1399 1084 1426 mentiam
1104 1404 1132 1427 et
1152 1399 1359 1431 humanitatem,
1379 1399 1432 1426 imo
1452 1400 1485 1427 de
1508 1400 1582 1435 prius
1595 1399 1679 1434 gestis
1692 1407 1738 1426 ex-

957 1446 1132 1478 cusationem,
1158 1453 1187 1472 se
1209 1445 1324 1473 voluisse
1341 1446 1415 1473 aiens
1434 1445 1605 1473 sacerdotum
1634 1445 1739 1480 aliquos

958 1490 984 1517 in
1008 1490 1067 1524 ejus
1088 1497 1231 1518 occursum
1254 1492 1361 1518 mittere
1378 1511 1385 1520 .
1407 1491 1453 1517 sed
1469 1490 1568 1517 nullum
1584 1491 1618 1518 ad
1635 1497 1664 1518 se
1680 1490 1739 1524 ejus

958 1536 1093 1572 profectus
1107 1537 1229 1564 nuntium
1247 1538 1364 1565 venisse.
1385 1537 1445 1565 1am
1467 1544 1530 1564 vero
1546 1544 1607 1564 cum
1624 1536 1737 1571 epistola

957 1589 987 1608 se
1010 1582 1115 1609 mittere
1135 1582 1276 1610 diaconum
1294 1582 1400 1613 Alelan,
1417 1582 1463 1617 qui
1477 1581 1502 1609 ei
1521 1588 1598 1608 suum
1612 1581 1736 1608 affectum

116 1626 169 1652 τῶν
187 1627 284 1662 ἱερέων
298 1627 358 1653 τινὰ
371 1627 438 1662 πρὸς
456 1627 606 1662 ὑπάντησιν
617 1626 662 1654 τοῦ
677 1627 772 1663 ἀνδρὸς
784 1628 905 1655 ἀποστεῖ-

958 1627 1132 1663 patefaceret.
1153 1633 1181 1656 et
1205 1627 1238 1655 de
1258 1633 1356 1655 caetero
1376 1627 1501 1655 fiduciam
1521 1627 1620 1654 habere
1641 1625 1736 1661 praeci~

116 1671 171 1699 λαι·
187 1673 247 1699 ἀλλ’
261 1672 348 1705 οὐδεὶς
358 1673 432 1708 αὺτῷ
447 1674 566 1709 μηνυτὴς
575 1673 681 1708 ἐγένετο
691 1673 740 1709 τῆς
748 1673 902 1709 ἐπιδημίας.

958 1678 1041 1708 peret.

116 1720 174 1748 Νῦν
186 1720 218 1748 δέ
233 1729 298 1756 φησι
313 1721 360 1748 καὶ
385 1721 430 1747 τὸν
456 1720 578 1747 διάκονον
593 1720 661 1756 μετὰ
675 1722 724 1757 τῆς
738 1721 881 1756 ἐπιστολῆς
907 1720 1046 1756 ἐκπέμψαι
1075 1720 1199 1756 Ἀλήταν,
1214 1721 1288 1753 ὅστις
1301 1729 1342 1747 σοι
1359 1720 1406 1747 καὶ
1432 1720 1481 1756 τὴν
1497 1719 1632 1756 ἡμετέραν
1642 1718 1736 1746 ὁποίαν

115 1766 238 1793 διάθεσιν
251 1768 371 1801 γνωριεῖ,
398 1767 522 1802 καὶπερὶ
538 1766 592 1794 τῶν
608 1766 708 1794 λοιπῶν
729 1766 840 1803 θαρρεῖν
860 1768 1031 1803 ἐγγυήσεται.
1054 1784 1058 1787 -

152 1812 198 1839 18.
214 1812 320 1844 Ταύτας
341 1811 497 1843 Ἀθανάσιος
515 1812 660 1847 δεξάμενος
683 1811 733 1844 τὰς
751 1812 904 1845 ἐπιστολὰς,

116 1857 245 1885 ἐκϐάλλει
259 1858 309 1893 μέν
322 1857 372 1892 τῆς
384 1857 482 1893 ψυχῆς,
498 1858 524 1884 εἴ
535 1866 561 1884 τι
580 1858 701 1893 περιδεὲς
720 1856 753 1893 ἦν
775 1859 822 1885 καὶ
838 1858 905 1894 πρὸς

115 1903 146 1931 τὸ
158 1903 256 1938 μέλλον
281 1903 374 1930 ἐλπίδα
399 1904 518 1939 πονηρὰν
535 1904 609 1939 αὺτῷ
621 1905 739 1930 ἐπισεῖον
754 1904 802 1939 (a).
826 1904 906 1931 Ύπο-

116 1949 208 1982 δείξας
220 1949 248 1976 δὲ
267 1950 315 1976 καὶ
329 1949 401 1985 αὐτῷ
429 1950 585 1976 Κώνσταντι
602 1949 648 1976 καὶ
672 1949 783 1985 Ἰουλίῳ,
806 1950 906 1985 πολλῆς

117 1995 219 2026 αὐτούς
232 2004 262 2022 τε
275 1996 323 2022 καὶ
336 1995 385 2031 τὴν
395 1995 447 2022 ὑπὸ
464 1995 608 2031 Ῥωμαίοις
622 1996 711 2022 πᾶσαν
727 1995 825 2031 ἡδονῆς
839 1995 907 2030 πλη-

119 2042 162 2076 ροῖ
177 2041 227 2067 καὶ
240 2041 425 2077 φαιδρότητπ⁴
438 2041 484 2068 καὶ
498 2042 565 2068 ίδίαν
575 2041 688 2073 ἕκαστος
698 2041 793 2076 ἑορτὴν
807 2042 907 2068 ἐποιεῖ-

116 2095 149 2114 το
159 2087 210 2123 τὴν
226 2087 383 2114 Ἀθανασίου
401 2088 468 2124 πρὸς
481 2088 527 2114 τὸν
540 2087 633 2123 θρόνον
647 2087 692 2114 τὸν
708 2086 806 2114 ἑαυτοῦ
823 2087 906 2114 ἐπάν-

116 2134 187 2161 οδον.
201 2133 331 2165 Βασιλεὺς
347 2133 437 2169 μέντοι
461 2134 630 2169 παραχρῆμα
643 2132 782 2164 Κώνστας,
795 2132 841 2160 καὶ
857 2133 905 2159 αὑ-

992 1813 1037 1840 18,
1055 1812 1229 1846 Athanasius,
1247 1811 1288 1840 bis
1307 1811 1423 1847 acceptis
1435 1811 1542 1844 litteris,
1558 1810 1685 1846 quidquid
1701 1811 1736 1838 ti-

959 1858 1040 1885 moris
1058 1861 1198 1892 supererat
1208 1858 1297 1885 animo
1307 1857 1390 1891 ejicit,
1403 1864 1452 1885 nec
1462 1863 1513 1884 non
1523 1856 1651 1892 quidquid
1660 1856 1736 1884 malm

958 1904 1015 1938 spei
1038 1904 1063 1931 in
1086 1903 1205 1931 futurum
1225 1907 1306 1931 esset.
1320 1903 1387 1931 Cum
1403 1911 1449 1930 eas
1467 1902 1605 1930 Constanti
1620 1909 1652 1929 ac
1666 1901 1737 1930 Julio

957 1950 1129 1983 ostendisset,
1149 1950 1249 1985 ingenti
1266 1957 1323 1981 eos.
1344 1955 1370 1977 et
1389 1949 1517 1984 quidquid
1532 1948 1659 1976 Romanis
1670 1949 1735 1975 sub-

957 2000 1025 2028 erat,
1046 1996 1137 2023 laetitia
1158 1996 1251 2030 implet
1276 2001 1303 2024 et
1316 1995 1432 2031 gaudio.’
1441 1994 1508 2022 Tum
1521 1994 1617 2031 singuli
1635 1994 1734 2022 festum

956 2041 1129 2069 celebrabant
1148 2042 1183 2069 ob
1192 2041 1331 2069 Athanasii
1341 2042 1455 2069 reditum
1469 2041 1502 2068 ad
1511 2042 1636 2069 thronum
1645 2047 1733 2067 suum.

956 2085 1023 2113 Tum
1042 2086 1186 2122 imperator
1200 2087 1344 2120 Constans,
1367 2091 1394 2114 et
1410 2086 1495 2114 Julius
1510 2094 1587 2122 papa,
1603 2085 1647 2113 ille
1666 2085 1737 2112 mili-

958 2131 1029 2160 tibus
1056 2137 1084 2160 et
1109 2133 1286 2165 satellitibus.
1306 2133 1351 2161 hic
1370 2133 1475 2162 clericis
1494 2133 1623 2167 iaicisquo
1643 2131 1689 2167 qui
1707 2131 1734 2158 in

116 2179 164 2211 τὸς
184 2179 213 2205 δέ
231 2179 348 2212 Ἰούλιος,
359 2179 373 2205 ὁ
383 2179 430 2214 μὲν
446 2178 592 2214 βασιλικοῖς
602 2179 784 2210 ὑπασπισταῖς
802 2179 849 2206 καὶ
864 2178 906 2205 δο-

958 2176 1075 2213 IEgypto
1087 2182 1115 2205 et
1129 2178 1297 2206 Alexandria:
1310 2183 1387 2206 erant
1400 2186 1468 2213 pene
1481 2178 1615 2211 omnibus,
1630 2177 1736 2212 iussere

119 2225 259 2261 ρυφὸροις.
275 2225 290 2251 ὁ
314 2225 342 2251 δέ
360 2226 416 2256 τοῖς
440 2226 470 2252 ἐν
496 2224 626 2260 Αἰγύπτῳ
650 2225 696 2251 καὶ
719 2223 902 2259 Ἀλεξανδρείᾳ

117 2271 186 2296 πᾶσι
199 2269 291 2305 σχεδὸν
304 2270 442 2306 κληρικοῖς
461 2279 491 2296 τε
506 2271 553 2296 καὶ
574 2270 677 2301 λαϊκοῖς
698 2269 846 2304 Ἀθανασίῳ
866 2269 902 2306 (b)

115 2315 166 2351 τὴν
183 2316 348 2351 προπομπὴν
359 2315 568 2352 ἐφιλοτιμοῦντο.
589 2315 712 2342 Ἐλθόντα
724 2315 762 2346 δὲ,
779 2315 903 2350 ἁσμένως

115 2362 187 2396 ἄγαν
202 2362 283 2388 αὑτὸν
295 2362 481 2394 Κωνστὰντιος
501 2361 673 2396 ὑποδέχεται,
702 2362 748 2388 καὶ
760 2361 855 2396 ἥδιστα
868 2363 901 2396 τῇ

122 2407 321 2443 Ἀλεξανδρέων
337 2407 507 2443 ἀποκαθιοτᾷ
522 2407 610 2439 πόλει,
627 2408 674 2434 καὶ
690 2406 729 2442 τῷ
745 2407 836 2443 κλήρῳ
855 2407 903 2434 καὶ¹

115 2453 155 2489 τῷ
169 2453 237 2489 λαῷ·
254 2452 375 2485 ὀνειδίζει
394 2454 441 2480 καὶ
454 2453 558 2489 πράως,
572 2454 619 2480 καὶ
638 2453 683 2480 τὸν
701 2453 820 2489 δρασμὸν
830 2455 901 2481 ἐκεί-

115 2508 162 2526 νον
171 2499 267 2534 φιλίως
280 2499 353 2535 αὐτῷ
363 2499 483 2534 ἐγκαλεῖ,
501 2499 548 2526 καὶ
563 2499 611 2534 τὴν
620 2499 652 2526 ὲκ
667 2498 714 2525 τοῦ
728 2499 901 2535 δικαστηρίου

114 2544 251 2579 λαθραίαν
274 2544 321 2571 καὶ
351 2545 447 2579 ἄδηλον
475 2544 659 2580 ὑποχώρησιν.
686 2544 779 2579 Ὅμως
799 2545 901 2572 τούτων

117 2589 246 2616 ἁπάντων
263 2589 337 2625 μίαν,
359 2590 512 2622 Ἀθανάσιε,
529 2589 606 2624 χάριν
625 2588 701 2621 αἰτῶ,
720 2588 783 2625 ἔφη,
800 2590 831 2616 τὸ
855 2591 902 2617 καὶ

117 2635 184 2670 μιᾶς
197 2634 252 2661 τῶν
273 2635 424 2670 ἐκκλησιῶν
440 2636 496 2667 τοῖς
517 2635 544 2661 ὲν
568 2634 753 2670 Ἀλεξανδρείᾳ
765 2638 901 2671 φοιτηταῖς

121 2679 230 2715 Ἀρείου
243 2681 448 2716 παραχωρῆσαι.
465 2681 494 2707 ’0
506 2680 535 2707 δὲ
549 2680 596 2707 καὶ
610 2680 754 2715 προθύμως
764 2681 901 2717 ἐκπληρῶ-

115 2733 162 2752 σαι
175 2725 207 2751 τδ
230 2725 340 2761 αίτηθέν
363 2726 553 2762 ἐπηγγείλατο,
582 2727 661 2762 εἴπερ
674 2726 770 2762 ἐτέραν
783 2728 812 2755 ὲν
825 2728 900 2755 Κωιμ

115 2772 338 2800 σταντινουπόλει
353 2773 399 2799 καὶ
424 2773 504 2805 αὐτὸς
527 2773 662 2810 ἀπονείμῃ
681 2773 738 2806 τοῖς
752 2773 900 2810 ὸρθοδόξοις

115 2816 157 2849 αις
179 2816 309 2853 βραχεῖάν
324 2827 383 2845 τινα
401 2818 488 2854 ζύμην
498 2819 562 2854 ὅλης
578 2819 626 2855 τῆς
643 2818 758 2855 ἀληθοῦς
772 2821 897 2853 πίστεως.

151 2905 193 2941 (αὶ
207 2906 247 2935 ita
263 2915 328 2936 mSl.
346 2907 415 2936 Editi
431 2916 504 2938 vero.
524 2909 705 2936 ἰπισειόντων.

955 2226 985 2249 ut
1002 2223 1092 2250 debito
1109 2231 1168 2251 cum
1186 2224 1287 2252 honore
1301 2228 1328 2251 et
1342 2228 1472 2259 apparatu
1490 2223 1665 2258 reciperetur.
1681 2222 1734 2249 Ve-

956 2268 1071 2296 uientem
1086 2276 1166 2304 porro
1179 2269 1283 2304 placide
1296 2269 1438 2296 admodum
1454 2269 1551 2303 recipit
1571 2268 1645 2296 illum
1665 2266 1735 2295 Con-

954 2315 1081 2347 stantius,
1099 2323 1131 2343 ac
1153 2315 1330 2344 libentissime
1353 2315 1595 2343 Alexandrinorum
1618 2314 1734 2342 restituit

955 2361 1027 2394 urbi,
1045 2361 1128 2393 clero,
1140 2361 1239 2396 populo
1253 2371 1259 2388 :
1279 2365 1417 2388 mansuete
1433 2365 1522 2388 tamen
1538 2360 1691 2394 exprobrat,
1708 2365 1736 2386 et

955 2407 1041 2435 amice
1055 2407 1144 2442 arguit
1161 2406 1260 2442 fugam,
1276 2406 1528 2441 clandestinumque
1550 2414 1583 2434 ex
1607 2406 1734 2434 tribunali

955 2461 1102 2482 secessum.
1123 2453 1261 2486 Attamen,
1280 2453 1327 2486 ait,
1345 2453 1416 2480 hanc
1430 2460 1445 2479 a
1462 2457 1497 2486 te,
1512 2452 1653 2485 Athanasi,
1671 2459 1735 2487 gra-

955 2500 1019 2526 tiam
1030 2499 1148 2534 postulo,
1161 2503 1192 2525 ut
1202 2505 1281 2525 uuam
1292 2498 1385 2526 saltem
1400 2505 1433 2526 ex
1446 2497 1635 2525 Alexandrinis
1648 2496 1735 2524 eccle-

953 2545 1002 2572 siis
1023 2544 1080 2571 Arii
1101 2543 1261 2579 sequacibus
1278 2543 1420 2578 concedas.
1435 2543 1481 2571 Ille
1497 2550 1527 2571 se
1541 2541 1657 2570 libenter
1670 2549 1736 2570 con-

953 2597 1094 2618 cessurum
1110 2589 1270 2624 postulatam
1282 2596 1338 2616 rem
1353 2588 1497 2624 promittit,
1516 2588 1579 2615 dum
1596 2587 1640 2615 ille
1653 2595 1734 2615 unam

954 2636 1017 2664 item
1038 2636 1180 2664 ecclesiam
1201 2633 1432 2668 Constantinopoli
1459 2634 1618 2661 orthodoxis
1637 2641 1734 2662 conce-

954 2684 1047 2714 deret,
1073 2682 1099 2709 in
1124 2681 1257 2708 modicum
1280 2680 1441 2707 fermentum
1466 2679 1548 2707 totius
1571 2687 1641 2708 verat
1660 2680 1732 2707 fidei.

953 2727 1020 2754 Cum
1037 2727 1183 2761 imperator
1198 2725 1319 2760 petitioni
1338 2724 1415 2752 facile
1433 2730 1575 2758 annueret,
1593 2724 1669 2752 dolor
1684 2725 1734 2751 ad-

953 2773 1086 2800 versarios
1104 2773 1287 2800 intolerandus
1310 2772 1418 2805 invasit,
1435 2772 1506 2807 quod
1526 2779 1653 2800 accessus
1671 2772 1733 2807 qni-

953 2821 1014 2848 dam
1029 2819 1097 2847 foret
1118 2819 1265 2846 Athanasio
1288 2823 1315 2846 et
1335 2818 1367 2846 iis
1385 2819 1430 2853 qui
1450 2826 1511 2846 cum
1529 2825 1560 2846 eo
1582 2818 1732 2846 communi-

989 2910 1024 2946 (θ)
1043 2909 1080 2938 lla
1096 2918 1161 2939 mss.
1175 2908 1244 2938 Editi
1261 2915 1335 2942 vero,
1349 2907 1515 2935 Ἀθανασίου.
