2027 3042
291 126 345 154 cert

977 121 1244 155 PROLEGOMENA.

291 188 384 210 carent
401 181 642 217 Constantinopoli.
663 181 821 210 Constantio
850 185 938 209 autem
950 186 1006 209 tum
1023 181 1073 208 mi-

1127 180 1177 208 Τοῦ
1192 181 1220 208 δὲ
1237 181 1302 217 ρᾷον
1318 180 1510 212 ἐπινεύσαντος
1523 180 1557 216 τῇ
1573 179 1690 216 αἰτήσει,
1707 177 1778 214 λύπη
1793 178 1904 215 κατέσχε

293 227 419 256 rabiliore
434 227 572 262 prudentia
588 227 752 255 Athanasius
766 234 826 254 esse
839 226 991 254 videbatur.
1005 226 1070 254 Fer-

291 278 391 308 turque
409 273 510 300 dixisse
534 273 724 307 imperatorem
747 278 855 307 stupore
877 272 983 307 plenum
999 273 1070 299 haud

291 320 392 346 t'rustra
414 318 459 352 qui
481 318 588 345 Arianae
611 323 674 346 sunt
697 318 823 351 haeresis,
839 319 968 346 adversus
983 317 1071 344 virum

292 363 444 398 huiusmodi
460 370 554 390 omnes
569 370 677 390 movere
693 363 842 390 machinas.
862 361 908 390 Sic
922 362 992 389 illius
1007 370 1073 397 pruo.

292 409 410 436 dentiam
436 409 597 442 admiratus,
625 409 808 436 reductionem
831 407 868 435 illi
891 409 1072 444 gratissimam

291 453 415 486 adornat,
442 454 590 489 scribitque
606 453 790 481 Alexandrino
802 453 910 489 populo,
926 458 1005 488 atque
1019 454 1073 487 cpi-

291 499 380 534 rteopis
397 504 424 526 et
439 499 641 534 magistratibus
653 506 701 534 per
716 499 871 534 Egyptum.
891 499 1008 534 Itemque
1022 499 1074 527 Ne-

292 544 378 572 ltorio
394 544 563 578 Augustalio,
581 551 612 571 ac
629 543 774 571 Thebaidis
789 548 816 571 et
827 543 917 579 Libya:
930 544 1072 580 praefectis,

295 594 326 618 ut
338 598 399 618 eum
413 597 511 624 magno
526 590 629 617 honore
645 594 672 617 et
685 590 834 617 reverentia
850 590 1005 625 exciperent
1021 600 1028 618 :
1042 598 1074 618 ac

291 644 344 664 non
372 635 458 664 solum
485 636 534 671 ipsi
558 636 687 668 thronus,
709 636 756 664 sed
779 637 860 663 etiam
878 636 1002 664 omnibus
1027 637 1073 671 qui

291 690 354 710 eum
382 690 414 711 co
443 682 673 710 communicarent
693 682 816 717 proprius
833 683 930 717 gradus
952 687 979 710 et
995 683 1075 709 mini-

290 728 403 755 sterium
419 727 615 754 restitueretur.
634 727 681 754 llis
703 727 745 754 illc
762 728 879 754 munitus
897 727 1027 762 epistolis,
1047 731 1075 754 et

292 770 369 805 quasi
391 775 527 805 resumpta
550 770 656 801 ﬁducia,
672 778 719 805 per
738 770 844 806 Syriam
859 775 886 798 et.
906 771 1075 799 Palaestinam

293 818 348 843 iter
360 815 462 844 habens
473 815 668 851 Jerosolymam
684 816 816 850 pervenit,
832 820 912 850 atque
930 815 1074 843 Maximum

292 862 447 898 episcopum
488 866 515 889 et
544 861 726 890 confessorem
754 863 894 896 convertit,
926 863 1074 897 didicitque
1092 860 1112 888 Β

292 912 393 941 quanta
418 912 445 934 et
469 907 526 942 ipse
550 915 598 942 pro
620 907 727 935 Christo
746 915 843 942 passus
862 912 943 935 esset.
959 908 1074 935 Enarrat

293 953 357 980 item
371 952 493 981 vicissim
508 951 672 979 Athanasius
687 959 746 986 qua:
762 957 855 979 contra
871 959 900 979 se
920 957 996 985 ante,
1014 960 1074 986 qua:

293 1005 343 1032 pro
366 1004 396 1025 se
414 1004 498 1033 nuper
509 1003 570 1023 acta
585 997 748 1031 decretaque
765 1001 855 1024 essent
867 1004 928 1024 eum
942 1005 956 1024 a
971 998 1074 1033 synodo

292 1049 349 1072 tum
374 1043 408 1070 ab
427 1043 602 1078 imperatore.
617 1041 721 1075 Quibus
735 1043 834 1070 auditis
850 1042 992 1075 Maximus,
1007 1043 1073 1072 nihil

293 1093 448 1129 cunctatus,
474 1091 587 1117 accersit
611 1095 705 1116 omnes
727 1088 846 1116 Orientis
869 1090 1024 1125 episcopos,
1049 1097 1076 1118 et

291 1141 345 1162 una
361 1142 455 1162 omnes
475 1134 625 1163 Athanasio
638 1135 855 1162 communionem
873 1139 901 1162 et
917 1135 1073 1170 dignitatem

292 1180 477 1209 reddiderunt.

1122 227 1186 259 τοὺς
1201 227 1338 259 ἐναντίους
1353 227 1383 253 οὗ
1407 226 1523 263 φορητὴ,
1539 226 1581 252 ὅτι
1598 225 1646 253 καὶ
1660 224 1764 260 βάσιμα
1786 224 1854 256 ὅλως
1873 225 1904 252 τὰ

1121 272 1440 300 Κωνσταντινουπολιτῶν
1454 271 1603 307 Ἀθανασίῳ
1620 271 1667 298 καὶ
1687 272 1743 303 τοῖς
1756 270 1837 298 αὐτοῦ
1853 279 1906 297 κοι-

1121 321 1225 350 νωνοῖς.
1238 318 1419 354 Κωνσταντίῳ
1429 319 1458 345 δὲ
1469 318 1516 345 καὶ
1530 318 1569 344 ἔτι
1584 317 1738 353 θαυμαστὸς
1755 316 1852 352 μᾶλλον
1859 316 1905 352 τὴν

1123 363 1230 391 σύνεσιν
1252 363 1419 396 Ἀθανάσιος.
1446 364 1502 390 Καὶ
1517 363 1626 398 λέγεταί
1657 371 1720 389 ποτε
1735 362 1906 397 θαυμάσαντα

1122 409 1204 444 φάναι
1218 410 1264 436 τὸν
1279 409 1390 445 βασιλέα
1407 411 1464 445 μετ’
1478 409 1646 444 ἐκπλήξεως
1662 409 1698 435 οὺ
1717 408 1805 443 μάτην
1816 408 1839 434 οἱ
1859 407 1907 441 τῆς

1129 455 1232 491 Ἀρείου
1251 455 1382 491 αίρέσεως
1396 455 1503 486 ἁπάσας
1516 455 1675 491 κεκινήκασι
1690 453 1813 489 μηχανὰς
1842 453 1907 489 πρὸς

1123 501 1206 536 ἄνδρα
1219 501 1338 528 τοιοῦτον
1361 501 1478 536 ἔχοντες.
1495 501 1589 532 Οὕτως
1602 498 1649 527 οὖν
1674 500 1754 527 αὑτὸν
1774 499 1907 535 ἀγάμενος

1122 546 1168 574 τοῦ
1191 548 1373 582 φρονήματος,
1391 547 1557 582 προπομπήν
1571 555 1601 573 τε
1625 545 1700 581 αὐτῷ
1727 546 1906 582 χαριεστάτην

1123 594 1249 624 ποιεῖται,
1263 592 1399 628 γράφειτε
1409 592 1447 628 τῷ
1462 592 1540 628 δήμῳ
1563 591 1776 628 Ἀλεξανδρείας,
1796 591 1842 618 καὶ
1854 592 1908 623 τοῖς

1124 641 1182 667 κατ’
1195 639 1329 674 Αἴγυπτον
1347 640 1506 671 ἐπισκόποις
1517 640 1563 666 καὶ
1579 639 1702 675 ἄρχουσι·
1722 639 1789 674 πρὸς
1807 638 1835 664 δὲ
1862 638 1909 665 καὶ

1124 685 1263 721 Νεστορίῳ
1275 684 1475 720 Αὐγουσταλίῳ,
1494 685 1541 712 καὶ
1557 686 1613 717 τοῖς
1632 684 1703 711 κατὰ
1719 683 1838 719 Θηϐαίδα
1863 683 1910 710 καὶ

1125 730 1226 766 Λιϐύην
1241 731 1366 765 ἡγεμόσι,
1386 730 1453 766 μετὰ
1468 731 1597 764 πλείστης
1611 730 1691 756 αὐτὸν
1703 729 1753 764 τῆς
1766 728 1910 765 θεραπείας

1125 775 1172 801 καὶ
1205 775 1255 810 τῆς
1284 775 1374 807 αἰδοῦς
1403 775 1589 807 ὑποδέξασθαι·
1624 775 1672 801 καὶ
1695 774 1742 801 τοῦ
1765 774 1802 809 μὴ
1833 773 1910 808 μόνον

1125 819 1199 855 αὺτῷ
1220 820 1266 846 τὸν
1280 821 1378 848 οἰκεῖον
1409 820 1512 856 θρόνον,
1531 820 1598 847 ἀλλά
1609 820 1655 847 καὶ
1672 820 1739 846 πᾶσι
1757 820 1812 850 τοῖς
1838 818 1910 853 αὐτῷ

1124 867 1332 902 κεκοινωνηκόσι
1352 867 1401 902 τὴν
1428 867 1494 893 ἰδίαν
1515 866 1621 901 ἑκάστῳ
1633 865 1720 899 τάξιν,
1739 865 1785 892 καὶ
1794 865 1911 900 λειτουρ-

1125 912 1186 946 γίαν
1195 912 1365 948 ἀποδοθῆναι.
1381 912 1498 944 Ταύταις
1511 913 1611 943 ἐκεῖνος
1620 913 1667 947 ὀχυ
1673 911 1768 947 ρωθεὶς
1783 912 1843 942 ταῖς
1855 911 1912 937 ὲπι-

1126 958 1241 990 στολαῖς,
1259 959 1306 985 καὶ
1321 958 1414 994 ὥσπερ
1435 958 1637 994 ἀναθαρσήσας,
1660 957 1704 984 διά
1716 966 1745 984 τε
1757 957 1855 992 Συρίας
1865 957 1911 983 καὶ

1125 1003 1306 1038 Παλαιστίνης
1321 1003 1439 1038 ἔρχεται,
1456 1003 1504 1038 τὴν
1524 1002 1717 1038 Ἰεροσολύμων
1728 1010 1758 1028 τε
1773 1001 1912 1036 καταλαμ-

1125 1048 1210 1080 δάνει,
1226 1049 1272 1075 καὶ
1284 1048 1401 1083 Μαξίμῳ
1414 1048 1452 1083 τῷ
1468 1048 1608 1083 ὲπισκόπῳ
1619 1048 1667 1074 καί⁷
1677 1047 1826 1083 ὁμολογητῇ
1844 1055 1910 1081 συγ-

1124 1093 1238 1127 γίνεται,
1255 1093 1347 1120 ἀκούει
1362 1102 1402 1126 τε,
1428 1093 1479 1124 ὃσα
1497 1094 1621 1125 κάκεῖνος
1637 1093 1764 1120 πεπόνθοι
1783 1092 1827 1119 διὰ
1840 1093 1909 1128 Χρι-

1125 1139 1198 1170 στοῦ,
1219 1140 1266 1166 καὶ
1282 1139 1415 1174 διηγεῖται
1438 1139 1519 1166 πάλιν
1537 1138 1627 1171 αὐτὸς,
1651 1138 1685 1165 τά
1701 1147 1730 1165 τε
1753 1138 1812 1164 κατ’
1828 1137 1911 1165 αὑτοῦ

1125 1185 1267 1220 πρότερον,
1285 1186 1319 1212 τά
1332 1193 1361 1211 τε
1377 1185 1448 1221 ὑπὲρ
1462 1184 1544 1211 αὐτοϋ
1559 1184 1606 1211 νῦν
1621 1184 1778 1220 πραχθέντα
1795 1184 1842 1211 καὶ
1855 1184 1910 1219 ψη-

293 1229 431 1266 φισθέντα,
449 1229 496 1256 καὶ
518 1230 586 1264 αὐτῇ
612 1228 712 1264 συνόδῳ
726 1229 883 1264 κυρωθέντα
906 1229 952 1256 καὶ
965 1228 1078 1264 βασιλεῖ.
1097 1229 1148 1259 Ὧν
1163 1233 1255 1268 ἐπειδὴ
1265 1233 1392 1259 ἀκούσειε
1409 1232 1542 1268 Μάξιμος,
1564 1233 1646 1268 μηδὲν
1657 1233 1754 1259 αὐτίκα
1771 1232 1906 1267 μελλήσας

294 1277 500 1317 μεταπέμπεται
515 1277 618 1309 πάντας
625 1278 687 1308 τοὺς
700 1277 748 1311 τῆς
761 1277 893 1312 ἀνατολῆς
906 1278 1080 1312 ἐπισκόπους,
1101 1280 1232 1316 καὶκοινῇ
1247 1281 1347 1313 πάντες
1367 1280 1516 1316 Ἀθανασίῳ
1530 1281 1579 1318 τήν
1592 1289 1622 1307 τε
1648 1279 1789 1307 κοινωνίαν
1802 1280 1849 1306 καὶ
1857 1279 1907 1315 τὴν

292 1322 370 1355 ἀξίαν
384 1322 529 1349 ἀπέδοσαν.

329 1378 372 1406 19.
394 1378 439 1406 Illo
452 1379 542 1413 itaque
555 1386 616 1406 cum
632 1378 676 1406 tali
697 1379 799 1407 honore
816 1376 1074 1417 cteelehritatejam

293 1425 402 1455 tertium
428 1425 521 1452 urbem
543 1432 619 1453 suam
646 1426 828 1460 recuperanti,
842 1431 922 1462 atque
940 1428 973 1454 ab
993 1427 1073 1455 innu-

294 1471 378 1501 meris
392 1478 460 1507 pene
475 1471 528 1498 illis
543 1471 680 1498 laboribus
699 1476 725 1499 et
746 1471 944 1500 calamitatibus
964 1473 1074 1508 paulum
1088 1464 1111 1495 (ἶ

293 1517 450 1552 respiranti,
462 1517 604 1545 videbatur
619 1517 750 1553 reliquum
767 1519 829 1546 vita:
843 1526 903 1546 cum
922 1520 1074 1554 tranquilli.

294 1569 350 1592 tate
371 1567 399 1592 et
415 1563 506 1598 quiete
527 1564 731 1599 transigeudum
749 1564 806 1592 fore
827 1573 835 1592 :
856 1570 884 1592 at
902 1573 995 1593 revera
1011 1572 1075 1594 tunc

293 1611 441 1638 maximum
455 1610 491 1638 illi
504 1611 688 1638 calamitatum
703 1619 777 1640 mare
791 1613 996 1642 intumesccbat.
1008 1614 1074 1641 Cutn

293 1657 365 1685 enim
382 1656 516 1685 Constans
538 1665 624 1692 nuper
638 1665 652 1684 a
668 1657 821 1694 Magnentio
835 1659 949 1687 lactioso
964 1667 1076 1695 oppres-

293 1709 339 1730 sus
355 1707 383 1730 et
396 1704 501 1730 occisus
515 1702 620 1737 fuisset,
646 1711 727 1739 grave
740 1709 794 1731 tum
810 1705 844 1732 ab
860 1705 970 1733 Arianis
985 1706 1076 1733 incen-

294 1749 408 1778 debatur
421 1749 532 1777 bellum.
547 1749 664 1778 Rursum
682 1751 828 1778 Athanasio
845 1751 959 1782 insidiae,
976 1752 1008 1778 ad
1024 1752 1076 1779 im.

294 1799 448 1830 peratorem
473 1794 616 1823 calumniae
641 1795 807 1823 deferuntur.
833 1795 866 1822 Et
884 1804 1009 1831 magnum
1027 1803 1076 1823 ve-

295 1845 394 1874 tusque
413 1840 450 1867 illi
471 1841 571 1867 malum
588 1841 678 1869 aderat
697 1841 881 1870 Constantius.
897 1841 1012 1869 Rursum
1027 1842 1074 1869 de-

294 1890 380 1916 creta,
397 1893 504 1913 rursum
525 1886 614 1918 minae,
630 1885 711 1922 fugae,
728 1886 884 1914 formidines
895 1908 903 1920 ,
919 1888 1075 1922 perquisitio

294 1937 343 1965 per
362 1935 448 1957 totrtm
470 1938 545 1957 mare
562 1938 662 1966 perque
680 1932 831 1960 universam
851 1936 962 1960 terram.
977 1933 1074 1961 lterum

294 1980 370 2004 sator
386 1975 430 2003 ille
445 1976 609 2004 zizaniorum
632 1976 763 2011 Georgius
786 1978 971 2005 Alexandriam
997 1987 1075 2007 occu-

296 2028 373 2056 pans,
399 2019 570 2050 Palaestinam
594 2022 761 2056 depraadans,
782 2023 894 2050 tumultu
920 2028 1004 2051 totrrm
1025 2025 1076 2051 im-

296 2067 371 2103 plens
388 2067 537 2101 Orientem,
555 2074 642 2102 neque
660 2068 694 2095 ob
711 2068 842 2096 insaniam
858 2069 1076 2104 impietatemque

296 2112 465 2146 tolerandas,
481 2120 587 2140 rursum
606 2113 731 2146 Aeacius,
751 2114 853 2141 malitia
875 2114 1032 2148 prteclarus.
1048 2120 1076 2143 et

295 2157 468 2194 Patrophilus
488 2158 553 2185 Ario
576 2158 721 2193 impietatis
743 2159 811 2194 patri
833 2146 951 2193 amicus;
967 2160 1076 2188 Jeroso-
1091 2146 1116 2176 D

297 2203 395 2240 lymam
420 2204 609 2238 concedentes,
638 2204 770 2239 pulsoque
793 2203 924 2238 Maximo,
949 2205 1078 2241 Cyrillum

296 2248 475 2281 constituunt.
492 2249 578 2276 virum
591 2249 635 2284 qui
649 2255 721 2276 tanto
736 2250 890 2283 impietatis,
904 2256 1005 2286 quanto
1019 2259 1078 2279 ma-

296 2302 367 2330 gnus
387 2293 432 2327 ille
458 2295 500 2322 vir
519 2294 628 2329 pietatis
645 2295 733 2322 studio
747 2295 898 2324 tenebatur.
922 2296 1014 2330 Ecqua
1034 2304 1080 2324 ra—

297 2341 371 2370 .ione
391 2339 446 2373 jam
461 2340 523 2374 quis
539 2341 619 2376 digne
637 2340 787 2375 deploraret
804 2341 848 2369 illa
861 2342 950 2369 omnia
966 2350 1025 2378 quae
1048 2349 1080 2370 eo

298 2390 423 2421 tempore
435 2392 450 2412 ιι
464 2385 580 2419 Georgio
593 2385 761 2413 Alexandria:
779 2390 851 2421 gesta
863 2388 944 2414 sunt?
958 2387 1009 2414 nisi
1024 2395 1077 2422 qua

297 2433 356 2468 ipse
376 2431 416 2459 vir
432 2433 526 2459 beatus
544 2432 570 2459 in
586 2432 711 2468 Apologia
726 2433 757 2460 de
771 2432 834 2468 fuga
858 2441 908 2460 sua
926 2441 982 2461 rem
1000 2440 1080 2461 enar-

299 2478 377 2506 ravit.
391 2477 454 2507 llaec
467 2477 521 2512 jam
536 2477 613 2507 nobis
624 2478 807 2511 memoranda,
819 2486 911 2506 verum
928 2480 1016 2514 potius
1028 2480 1078 2514 ipsi

298 2523 460 2553 dulcissima:
485 2523 534 2550 Viri
553 2523 651 2558 lingua:
666 2524 869 2557 comruittcuda,
882 2533 941 2560 qua:
959 2525 1002 2552 illa
1020 2533 1079 2552 ruo-

298 2571 375 2599 deste
389 2571 590 2607 moderateque.
607 2573 636 2598 ut
648 2577 706 2597 mos
718 2574 777 2597 erat
792 2570 853 2605 ipsi,
872 2571 1018 2598 recensuit.

1162 1382 1205 1411 l9.
1216 1383 1308 1416 Οὕτως
1321 1380 1366 1411 οὖν
1374 1383 1499 1419 τὸτρίτον
1513 1383 1586 1418 αὐτῷ
1600 1384 1646 1410 καὶ
1657 1383 1725 1419 μετά
1737 1381 1864 1417 τοιαύτης
1873 1389 1914 1408 τι-

1128 1428 1181 1463 μῆς
1194 1436 1222 1454 τε
1234 1428 1281 1454 καὶ
1292 1427 1472 1464 πανηγύρεως
1484 1427 1532 1463 τὴν
1542 1427 1639 1454 ἑαυτοῦ
1659 1426 1735 1453 πόλιν
1749 1425 1915 1453 καταλαὸύν-

1125 1482 1152 1500 τι
1169 1474 1216 1503 καὶ
1231 1473 1285 1500 τῶν
1303 1473 1407 1509 μυρίων
1423 1473 1517 1509 ὥσπερ
1534 1473 1644 1500 ἐκείνων
1657 1472 1787 1507 καμάτων
1803 1471 1849 1497 καὶ
1865 1471 1915 1498 πό-

1127 1528 1179 1546 νων
1208 1519 1304 1555 μικρὺν
1325 1518 1550 1550 ἀναπεπνευκότι,
1568 1517 1607 1553 τῷ
1626 1517 1674 1553 μὲν
1687 1517 1775 1543 δοκεῖν
1793 1516 1914 1551 γαλήνης

1127 1564 1200 1600 αὖτῷ
1222 1564 1256 1592 τὰ
1276 1565 1338 1600 ἑξῆς
1359 1563 1406 1591 τοῦ
1425 1564 1482 1599 βίου
1498 1564 1545 1590 καὶ
1565 1564 1683 1594 ἀνέσεως
1712 1563 1819 1598 ἤρχετο·
1839 1561 1870 1588 τὸ
1884 1561 1915 1588 δὲ

1128 1610 1235 1646 ἀληθὲς,
1250 1611 1267 1646 ὴ
1290 1610 1404 1646 μεγίστη
1419 1610 1473 1636 τῶν
1489 1609 1636 1645 συμφορῶν
1651 1608 1724 1644 αὺτῷ
1739 1609 1798 1635 τότε
1815 1608 1917 1644 μᾶλλον

1127 1656 1292 1692 ἐπεκύμαινε
1304 1655 1432 1683 θάλασσα.
1447 1654 1603 1682 Κώνσταντι
1613 1655 1666 1690 γὰρ
1677 1654 1739 1689 ἄρτι
1749 1653 1916 1688 Μαγνεντίου

1128 1703 1337 1734 ἐπαναστάντος,
1364 1702 1410 1728 καὶ
1424 1701 1552 1736 τελευτὴν
1578 1700 1652 1736 αὐτῷ
1666 1700 1713 1727 τοῦ
1730 1699 1786 1735 βίου
1810 1701 1916 1734 ἐπαγα-

1127 1749 1230 1783 γόντος,
1244 1748 1336 1780 δεινῶς
1357 1747 1409 1774 ὑπὸ
1424 1746 1477 1774 τῶν
1499 1747 1690 1782 Ἀρειανιστῶν
1705 1745 1782 1779 αὖθις
1794 1747 1916 1782 ἀνήπτε-

1126 1802 1158 1821 to
1172 1794 1208 1829 (η)
1225 1793 1350 1829 πόλεμος·
1367 1793 1413 1820 καὶ
1424 1792 1503 1819 πάλιν
1524 1792 1673 1828 Ἀθανασίῳ
1687 1791 1837 1824 ἐπιϐουλαὶ,
1867 1792 1918 1818 καὶ

1126 1839 1195 1874 στρος
1210 1838 1321 1874 βασιλέα
1334 1838 1465 1865 διαϐολαί·
1478 1838 1524 1864 καὶ
1538 1837 1568 1863 τὸ
1583 1837 1654 1873 μέγα
1667 1837 1715 1864 καὶ
1735 1836 1848 1863 παλαιὸν
1863 1836 1916 1863 αὖ·

1127 1885 1166 1921 τῷ
1182 1886 1276 1916 κακον,
1300 1885 1314 1911 ὁ
1340 1884 1538 1915 Κωνστάντιος.
1555 1883 1640 1910 Πάλιν
1662 1881 1708 1910 οὖν
1730 1883 1916 1917 διατάγματα,

1128 1931 1208 1958 πάλιν
1221 1931 1340 1962 ἀπειλαὶ,
1355 1930 1449 1965 φυγαὶ,
1462 1929 1548 1964 φόδοι,
1560 1929 1606 1956 καὶ
1623 1929 1639 1963 ἡ
1654 1928 1698 1955 διὰ
1714 1928 1805 1963 πάσης
1818 1927 1920 1955 θαλάσ-

1129 1986 1178 2013 σης
1189 1978 1234 2003 καὶ
1253 1977 1303 2012 γῆς
1329 1976 1502 2012 ἀναζήτησις·
1520 1976 1534 2002 ὁ
1547 1974 1600 2001 τῶν
1618 1973 1744 2006 ζιζανίων
1759 1973 1840 2000 πάλιν
1855 1981 1920 2000 σπο-

1129 2024 1192 2059 psit;
1201 2022 1336 2058 Γεώργιος
1362 2021 1562 2058 Ἀλεξάνδρειαν
1585 2019 1812 2055 καταλαμὸάνων,
1829 2019 1919 2054 Afr;-

1128 2078 1194 2096 πτον
1205 2069 1375 2104 κατασύρων,
1384 2069 1417 2095 τὰ
1425 2067 1608 2095 Παλαιστινῶν
1617 2066 1785 2102 ληϊζόμενος,
1793 2065 1921 2102 ταραχῆς

1129 2116 1219 2142 πᾶσαν
1232 2114 1281 2150 τὴν
1304 2114 1373 2149 ἑῴαν
1397 2113 1566 2144 ἀναπιπλῶν,
1579 2112 1626 2139 καὶ
1644 2111 1767 2148 μηδαμοῦ
1791 2112 1921 2147 χωρητὲς

1129 2160 1167 2186 ὢν
1180 2159 1230 2195 τὴν
1256 2159 1354 2194 μανίαν
1369 2159 1417 2185 καὶ
1430 2159 1480 2192 τὴν
1505 2157 1641 2185 ἀσέϐειαν·
1660 2157 1739 2183 πάλιν
1755 2157 1884 2188 Ἀκάκιος
1905 2158 1922 2184 ό

1128 2206 1211 2237 πολὺς
1222 2205 1271 2241 τὴν
1281 2205 1390 2237 κακίαν,
1405 2204 1452 2232 καὶ
1462 2204 1629 2240 Πατρόφιλος
1641 2204 1655 2230 ὁ
1668 2203 1714 2230 τοῦ
1725 2203 1775 2239 τῆς
1788 2203 1924 2235 ἀσεϐείας

1128 2251 1231 2287 πατρὸς
1250 2251 1356 2286 Ἀρείου
1379 2250 1415 2286 (ὑ)
1433 2250 1518 2285 φίλος,
1539 2249 1733 2286 Ἰεροσολύμοις
1755 2249 1924 2284 ἐπιφοιτῶν-

1128 2306 1183 2329 τες,
1210 2297 1258 2324 καὶ
1274 2297 1398 2332 Μάξιμον
1415 2296 1587 2329 ἐξωθοῦντες,
1610 2296 1658 2322 καὶ
1673 2295 1924 2326 ἀντικαθιστῶντες

1129 2342 1272 2378 Κύριλλον,
1281 2342 1365 2378 ἄνδρα
1378 2342 1438 2369 ὅσον
1450 2350 1481 2376 γε
1492 2343 1506 2368 ὁ
1516 2342 1602 2378 μέγας
1615 2343 1643 2368 ὲν
1653 2341 1786 2376 εὐσεϐείᾳ,
1799 2340 1926 2368 τοσαῦτα

1129 2389 1168 2425 τῷ
1184 2390 1233 2425 τῆς
1247 2389 1372 2420 ἀσεϐείας
1385 2388 1457 2424 ζήλῳ
1471 2388 1616 2415 ἀντίθετον.
1629 2388 1662 2414 Τί
1678 2388 1710 2415 ἄν
1722 2397 1763 2419 τις
1777 2389 1929 2423 ἐκτραγῳ-

1130 2435 1187 2471 δοίη
1205 2435 1294 2462 πάντα
1306 2434 1368 2470 ἑξῆς
1378 2435 1414 2462 τά
1425 2434 1553 2470 Γεωργίῳ
1569 2434 1640 2461 κατὰ
1652 2434 1701 2469 τὴν
1720 2433 1926 2470 Ἀλεξανδρέων

1132 2482 1184 2508 ὑπὸ
1204 2482 1248 2509 τὸν
1261 2481 1341 2509 αὐτὸν
1362 2481 1458 2517 χρόνον
1470 2480 1656 2516 γεγενημένας
1671 2479 1744 2515 Πλὴν
1758 2479 1808 2506 ὅσα
1833 2480 1884 2506 καὶ
1911 2480 1929 2506 ὁ

1133 2526 1266 2562 μακάριος
1294 2526 1358 2562 περὶ
1384 2527 1434 2562 τῆς
1461 2525 1557 2553 ἑαυτοῦ
1582 2526 1669 2561 φυγῆς
1700 2524 1930 2560 ἀπολογούμενος

1130 2571 1262 2607 διεξῆλθε,
1273 2571 1374 2599 τούτων
1391 2572 1438 2599 καὶ
1459 2573 1524 2608 ἡμῖν
1536 2571 1597 2608 ἄρτι
1622 2570 1829 2607 μνημονευτέον,
1851 2571 1929 2604 μᾶλ-

297 2616 344 2647 λον
371 2617 400 2644 δὲ
426 2617 495 2653 αὐτῇ
517 2617 610 2653 ἐκείνῃ
634 2618 668 2653 τῇ
690 2617 774 2649 ὅντως
802 2618 916 2654 γλυκείᾳ
934 2618 1043 2655 γλώσσῃ
1058 2618 1105 2645 τοῦ
1125 2619 1220 2654 ἀνδρὸς
1253 2620 1488 2656 παραχωρητέον,
1516 2618 1669 2654 ὑφειμένως
1691 2617 1760 2645 αὐτὰ
1789 2618 1818 2644 δὲ
1845 2616 1933 2653 [καὶ]

298 2664 435 2701 μετρίως,
464 2666 555 2692 ὁποῖον
585 2663 660 2700 αὐτῷ
673 2665 703 2692 τὸ
729 2663 809 2701 ἦθος,
836 2666 864 2693 ὲν
889 2667 956 2693 πᾶσι
979 2665 1152 2702 διηγουμένη.

333 2711 378 2739 20.
404 2711 534 2745 Quidam,
557 2711 654 2746 inquit,
676 2711 867 2739 Alexandriam
892 2720 986 2739 rursus
1006 2712 1081 2739 inva-

300 2757 386 2790 dunt,
400 2764 504 2792 nosque
522 2758 554 2786 ad
569 2765 662 2786 necem
680 2757 849 2792 perquirunt,
869 2757 994 2792 tactaque
1018 2762 1081 2785 sunt

347 2813 375 2850 ο)
388 2812 457 2850 ’ζμ-ρο
470 2814 689 2850 πιδεζξήπτετο.

1167 2713 1212 2740 20.
1225 2713 1280 2740 Καὶ
1294 2713 1349 2749 γὰρ
1359 2714 1400 2746 είς
1414 2711 1464 2748 τὴν
1486 2710 1687 2746 Ἀλεξάνδρειαν
1701 2709 1781 2736 πάλιν
1790 2730 1797 2740 ,
1814 2716 1906 2744 φησιν
1918 2728 1927 2740 ,

1134 2759 1292 2795 ὲπεφύησάν
1314 2768 1386 2792 τινες
1405 2758 1550 2794 ζητοῦντες
1574 2757 1647 2792 ἡμᾶς
1668 2757 1844 2791 ἀποκτεῖναιο
1871 2756 1930 2790 καὶ

345 2849 372 2884 tt)
388 2847 434 2877 Sic
453 2856 517 2881 mss.
533 2846 602 2883 Editi
623 2850 691 2890 πρὸς
704 2849 822 2888 ’ᾼρείουρ
836 2849 937 2887 Eri-ore
947 2858 979 2879 ex
989 2850 1191 2883 abbreviation
1205 2855 1277 2880 orto.
1295 2850 1402 2879 Similes
1417 2856 1488 2886 saepe
1497 2849 1608 2878 mendas
1623 2846 1822 2879 annotavimus.
