2027 3042
599 164 681 192 VlTA
701 164 729 192 S.
751 161 938 192 ATHANASII
957 162 1105 192 INCERTO
1120 161 1294 194 AUCTORE.

1690 172 1757 194 CGHI‘

140 220 236 255 γέγονε
246 222 281 249 τὰ
297 220 344 248 νῦν
359 221 467 257 χείρονα
485 221 538 249 τῶν
554 221 678 258 πρώτων.
691 222 857 258 Στρατιᾱαι
872 223 922 259 γὰρ

977 224 1119 258 praesentia
1147 223 1248 258 pejora
1265 223 1410 258 prioribus.
1443 223 1538 251 Milites
1560 229 1657 258 quippe
1675 222 1753 249 dere-

141 267 271 303 ἰξαίφνης
288 268 338 303 τὴν
354 268 501 304 ἐκκλησίαν
514 267 681 300 ἐκύκλωσαν,
694 267 783 295 καὶτὰ
799 269 855 295 τῶν
875 277 926 295 που

140 313 242 348 λεμίων
261 314 320 340 ἀντὶ
337 314 424 349 εὐχῶν
447 315 559 349 ἐγίνετο,
575 312 640 341 Εἶτα
657 314 785 341 εἰσελθὼν
808 316 840 350 τῇ
861 314 926 350 ἁγίᾳ

141 361 352 396 Τεσσαρακοστῇ
370 362 383 388 ὁ
400 361 474 397 παρὰ
489 361 654 388 Μακεδονίου
676 362 723 388 καὶ
737 362 791 388 τῶν
820 362 925 397 Ἀρεια-

141 406 267 438 νιζόντων
297 406 460 438 ἀποσταλεὶς
493 407 525 433 ἐκ
552 406 750 438 Καππαδοκίας
781 406 924 442 Γεώργιος,

142 451 268 488 ηὔξησεν,
297 451 315 478 ἃ
340 460 397 487 παρ
430 450 520 478 αὐτῶν
553 451 706 487 μεμαθήκοι
731 451 812 478 κακά.
849 452 926 479 Μετὰ

142 497 196 533 γὰρ
224 497 260 533 (a)
285 496 331 524 τοῦ
358 497 454 532 Πάσχα
481 497 608 534 παρθένοι
633 497 674 529 είς
697 497 731 524 τὰ
754 498 925 533 δεσμωτήρια

142 542 325 576 ἐνεϐάλλοντο,
346 543 489 569 ἐπίσκοποι
511 542 563 569 ὑπὸ
582 543 754 578 στρατιωτῶν
773 543 869 578 ήγοντο
883 543 925 569 δε-

142 588 261 625 δεμένοι,
277 589 402 624 ὀρφανῶν
419 589 469 616 καὶ
482 588 574 625 χηρῶν
591 589 746 625 ἡρπάζοντο
764 589 858 621 οίκίαι,
878 590 925 616 καὶ

142 636 230 673 ἄρτοι,
248 637 426 672 ὲιρόδιοικατὰ
442 636 495 663 τῶν
512 637 619 663 οίκείων
631 637 758 671 ἐγίνοντο,
774 638 820 663 καὶ
829 637 925 669 νυκτὸς

141 684 167 712 et
181 683 335 719 Χριστιανοὶ
348 684 528 719 κατεφέροντο
537 692 543 698 ·
559 683 815 719 ὲπεσφραγίσθησαν
828 684 923 716 οίκίαι,

143 730 190 758 καὶ
214 730 321 765 ἀδελφοὶ
347 730 483 765 κληρικῶν
509 730 578 766 ὑπὲρ
602 729 723 765 ἀδελφῶν
746 729 922 757 ἐκινδύνευον.

143 775 197 802 Καὶ
215 775 289 802 δεινὰ
304 775 354 810 μὲν
367 775 462 806 ταῦτα,
480 775 616 811 δεινότερα
635 775 663 803 δὲ
686 776 719 803 τὰ
748 775 817 810 μετὰ
839 775 924 802 ταῦτα

142 821 285 856 γενόμενα.
300 821 339 856 Τῇ
353 821 406 856 γὰρ
423 820 549 856 ἑϐδομάδι
571 821 639 857 μετὰ
655 821 705 857 τὴν
721 817 807 856 ἁγίαν
822 822 924 858 Πεντη-

144 866 267 902 κοστὴνό
293 865 354 898 λαὸς
375 866 533 901 νηστεύσας,
549 866 642 902 ἐξῆλθε
661 867 725 902 περὶ
741 866 771 893 τὺ
791 868 924 902 κοιμητή-

144 920 212 949 ριον,
232 911 359 945 εὔξασθαι
374 911 420 938 τοῦ
440 911 517 946 ἁγίου
530 913 633 948 Πέτρου
644 912 691 939 τοῦ
711 913 860 940 ἐπισκόπου
879 914 925 940 καὶ

143 959 290 994 μάρτυρος,
317 958 361 985 διὰ
383 959 413 985 τὸ
433 959 536 990 πάντας
562 959 763 995 ἀποτρέπεσθαι
785 959 835 995 τὴν
856 960 925 996 πρὸς

142 1004 276 1040 Γεώργιον
290 1005 444 1032 κοινωνίαν·
466 1005 533 1032 ἀλλὰ
546 1006 624 1032 τοῦτο
641 1005 734 1041 μαθὼν
750 1007 764 1033 ό
781 1007 925 1042 παμπόνη-

143 1059 188 1086 ρος
200 1046 286 1083 οῧτος,
302 1051 446 1085 παροξύνει
463 1051 509 1078 τὸν
529 1051 716 1087 στρατηλάτην
734 1052 924 1084 Σεδαστιανδν,

141 1097 287 1132 Μανιχαῖον
306 1096 381 1129 ὄντα,
398 1097 427 1129 ὃς
445 1098 514 1133 μετὰ
533 1097 652 1134 πλήθους
670 1098 842 1134 στρατιωτῶν
856 1099 925 1126 ὅπλα

142 1143 187 1169 καὶ
197 1141 261 1178 ξίφη
279 1142 381 1178 γυμνὰ,
393 1142 440 1168 καὶ¹
454 1142 517 1175 τόξα
530 1143 576 1170 καὶ
593 1143 656 1178 βέλη
671 1144 817 1180 φερόντων,
831 1144 925 1181 ὥρμη-

143 1195 187 1213 σεν
199 1189 226 1214 ὲν
240 1187 313 1223 αὑτῷ
325 1187 363 1223 τῷ
373 1188 503 1224 Κυριακῷ
517 1187 587 1215 κατὰ
604 1189 650 1215 τοῦ
664 1189 739 1216 λαοῦ.
754 1189 809 1218 Καὶ
820 1190 925 1224 ὀλίγους

140 1233 228 1269 εὑρὼν
252 1233 428 1268 εὐχομένους·
454 1235 478 1261 οἱ
499 1234 553 1270 γὰρ
575 1234 682 1267 πλείους
708 1235 791 1262 πάλαι
813 1236 857 1262 διὰ
876 1236 925 1271 τὴν

141 1279 216 1316 ὥραν
242 1280 467 1316 ἀναχωρήσαντες
490 1279 577 1317 ἦσαν·
599 1282 633 1308 τὰ
656 1282 763 1309 πάντων
786 1283 924 1309 δεινότατα

141 1325 338 1361 κατεπράξατο.
367 1326 506 1362 Πυρκαῖὰν
532 1327 586 1364 γὰρ
610 1327 724 1363 ἀνάψας.
754 1329 800 1356 καὶ
825 1329 924 1366 στήσας

142 1371 290 1408 παρθένους
301 1373 376 1408 παρὰ
388 1373 417 1399 τὺ
429 1373 494 1409 πῦρ,
510 1373 649 1409 ἠνάγκαζε
661 1374 749 1409 λέγειν
767 1375 865 1406 ἑαυτὰς
877 1375 925 1410 τῆς

147 1417 251 1453 ’Δρείου
263 1417 380 1450 πίστεως
393 1415 472 1446 εἶναι.
496 1419 539 1451 Ὠς
554 1419 581 1446 δὲ
595 1419 713 1452 νικώσας
723 1421 807 1453 αὑτὰς
818 1421 924 1454 ἕδλεπε,

141 1464 188 1490 καὶ
207 1464 269 1499 μηδ’
286 1464 354 1496 ὅλως
371 1465 418 1492 τοῦ
443 1465 528 1500 πδρὺς
548 1465 754 1502 φροντιζούσας,
780 1467 925 1503 γυμνώσας

141 1509 235 1542 αὐτὰς,
266 1509 353 1542 οὕτως
379 1510 468 1537 αὐτῶν
491 1509 526 1537 τὰ
546 1511 677 1547 πρόσωπα
705 1511 839 1546 κατέκοψε
865 1513 925 1544 ταῖς

976 274 1055 304 pente
1080 268 1223 297 ecclesiam
1248 269 1378 297 obsedere
1394 290 1402 302 ,
1442 269 1608 303 bellicusque
1627 268 1756 295 tumultus

976 315 1034 343 vice
1056 322 1166 349 precum
1182 319 1291 342 exortus
1310 321 1360 343 est.
1385 315 1453 343 Hinc
1479 316 1505 343 in
1531 319 1623 342 sancta
1637 313 1756 348 Quadra-

976 361 1076 395 gesima
1100 361 1250 396 ingressus,
1265 362 1310 396 qui
1331 370 1346 389 ιι
1370 362 1524 390 Macedonio
1543 366 1571 390 et
1591 361 1700 388 Arianis
1721 367 1755 386 ex

975 406 1143 440 Cappadocia
1168 406 1268 434 missus
1287 407 1376 434 fuerat
1391 407 1532 442 Georgius,
1553 406 1621 434 mala
1640 413 1700 441 quae
1721 405 1755 432 ab

976 453 1028 481 illis
1038 453 1150 481 edoctus
1163 452 1250 480 fuerat
1264 453 1385 480 adauxit.
1407 453 1513 482 Etenim
1529 457 1590 488 post
1606 452 1753 480 hebdoma-

975 499 1037 526 dam
1053 497 1203 533 Paschalis,
1226 499 1340 526 vidisses
1358 499 1476 534 virgines
1498 499 1523 526 in
1539 506 1673 527 carcerem
1689 505 1755 525 con-

972 544 1031 579 ]ici,
1045 544 1186 580 episcopos
1200 551 1216 572 ιι
1231 544 1362 572 militibus
1377 545 1483 573 vinctos
1499 545 1606 578 abduci,
1618 544 1755 578 orpltano-

975 598 1034 618 rum
1055 591 1252 625 viduarumque
1267 590 1363 618 domos
1383 595 1409 618 et
1424 597 1507 626 panes
1521 590 1610 625 diripi,
1632 590 1753 625 irruptio-

975 644 1023 663 nes
1038 636 1064 663 in
1080 636 1174 664 domos
1192 635 1262 669 fieri,
1281 642 1362 664 noctu
1376 636 1544 664 Christianos
1555 636 1644 670 dejici,
1659 635 1754 663 domos

974 681 1121 717 obsignari,
1142 681 1242 710 fratres
1255 681 1415 709 clericorum
1430 688 1479 716 pro
1502 681 1630 708 fratribus
1643 680 1753 715 pericli-

976 727 1037 754 tari.
1055 727 1116 755 Hazc
1129 727 1235 762 quidem
1250 727 1363 761 atrocia,
1378 727 1426 755 sed
1437 727 1570 755 atrociora
1581 726 1677 753 deinde
1689 732 1754 753 con-

975 777 1066 800 secuta
1080 777 1143 800 sunt
1163 771 1294 801 facinora.
1311 773 1415 800 Etenim
1435 772 1600 800 hebdomade
1618 775 1677 806 post
1692 778 1754 798 san-

974 823 1045 846 ctam
1061 818 1251 852 Pentecosten,
1271 826 1332 846 cum
1345 818 1468 854 populus,
1481 818 1586 853 expleto
1596 818 1708 852 jejunio,
1720 818 1754 846 ad

974 865 1160 892 cosmeterium
1173 865 1264 892 Sancti
1275 864 1346 892 Petri
1357 864 1476 899 episcopi
1485 868 1513 892 et.
1523 865 1651 900 martyris
1658 864 1754 891 orandi

974 917 1056 938 causa
1080 918 1206 946 egressus
1228 915 1309 944 esset,
1336 917 1370 938 eo
1389 910 1461 945 quod
1483 918 1578 938 omnes
1602 918 1616 937 a
1642 909 1754 944 Georgii

973 957 1160 984 communione
1177 956 1354 984 abhorrerent
1365 977 1373 990 ,
1391 964 1421 984 re
1437 961 1576 992 comperta
1601 956 1754 984 sceleratis-

974 1001 1058 1030 simus
1077 1002 1121 1030 ille
1145 1002 1334 1030 Sebastianum
1357 1003 1453 1030 ducem
1473 1001 1647 1030 Manichaeum
1667 1002 1755 1030 homi-

973 1055 1034 1075 nem
1046 1048 1164 1076 concitat
1179 1057 1188 1076 :
1205 1048 1249 1083 qui
1272 1056 1335 1076 mox
1347 1055 1408 1076 cum
1422 1053 1509 1076 turma
1528 1049 1655 1083 militum,
1667 1056 1753 1081 arma.

974 1094 1084 1122 strictos
1102 1094 1217 1130 gladios,
1236 1102 1317 1122 arcus
1333 1099 1359 1122 et
1376 1095 1427 1122 tela
1444 1094 1600 1128 ferentium,
1615 1095 1642 1122 in
1665 1096 1754 1131 ipsum

974 1140 1141 1168 Dominicum
1165 1141 1295 1176 impetum
1320 1140 1384 1170 fecit
1406 1141 1538 1170 adversus
1565 1141 1702 1177 populum.
1721 1141 1754 1168 Et

973 1195 1034 1215 cum
1062 1195 1163 1222 paucos
1185 1188 1332 1216 invenisset
1357 1194 1477 1222 orantes,
1503 1187 1612 1223 plurimi
1638 1195 1755 1223 namque

973 1235 1132 1262 adveniente
1151 1235 1216 1262 hora
1240 1239 1420 1268 recesserant,
1441 1235 1562 1262 omnium
1583 1233 1754 1262 atrocissima

973 1280 1110 1307 commisit
1137 1279 1268 1308 facinora.
1298 1279 1366 1308 Nam
1397 1287 1512 1309 accenso
1539 1287 1604 1316 rogo
1635 1280 1754 1315 virgines

974 1325 1026 1360 igni
1042 1325 1164 1352 adtnotas
1178 1325 1302 1360 adigebat
1329 1330 1357 1353 ut
1380 1325 1502 1353 dicerent
1519 1331 1548 1352 se
1566 1324 1672 1351 Arianae
1693 1331 1755 1352 esse

973 1370 1055 1398 fidei:
1074 1375 1103 1398 ut
1117 1376 1206 1398 autem
1229 1378 1275 1399 eas
1291 1371 1345 1398 vim
1368 1378 1508 1406 superare,
1526 1370 1670 1407 ignemque
1687 1369 1753 1397 nihil

973 1426 1070 1446 curare
1087 1418 1288 1451 animadvertit,
1306 1418 1420 1445 nudatas
1437 1418 1533 1446 iterttm
1556 1417 1593 1445 ita
1613 1418 1639 1444 in
1656 1417 1752 1444 faciem

974 1465 1064 1497 exedit,
1082 1468 1109 1491 ul
1124 1470 1184 1500 post
1201 1464 1316 1492 multum
1332 1463 1460 1499 temporis
1474 1464 1519 1491 vix
1533 1470 1549 1491 a
1565 1464 1621 1491 suis
1631 1463 1752 1498 diguosci

974 1516 1096 1546 possent.
1122 1511 1202 1539 Viros
1224 1515 1316 1539 autem
1341 1511 1518 1546 quadraginta
1543 1511 1754 1546 comprehensos

141 1555 269 1591 πληγαῖς,
289 1555 360 1582 ὥστε
375 1556 443 1592 μετὰ
453 1556 593 1592 παρολκὴν
609 1556 714 1592 μακροῦ
731 1557 827 1593 χρόνου
848 1557 922 1593 μόλις

974 1557 1147 1585 insolentiore
1165 1558 1242 1586 modo
1262 1557 1415 1585 verberavit
1433 1566 1440 1584 :
1462 1564 1524 1585 nam
1543 1556 1626 1591 virgis
1647 1557 1753 1591 palma-

142 1601 215 1638 παρὰ
232 1602 285 1628 τῶν
302 1602 409 1628 οἰκείων
419 1601 655 1636 ὲπιγινώσκεσθαι.
672 1602 788 1638 ’Δνδρας
801 1611 829 1630 τε
840 1612 922 1631 κατα-

143 1647 214 1683 σχὼν
241 1647 286 1674 τὸν
311 1647 426 1683 ἀριθμὸν
446 1648 650 1684 τεσσαράκοντα
684 1650 834 1685 καινοτέρῳ
864 1650 922 1686 τρό‹

141 1701 185 1728 πῳ
203 1693 350 1728 κατέκοψε-
373 1693 487 1729 ράϐδους
505 1692 559 1728 γὰρ
577 1692 626 1724 τὰς
648 1693 702 1720 ἀπὸ
721 1693 775 1720 τῶν
795 1694 922 1728 φοινίκων

140 1737 239 1765 αὐτίκα
255 1738 356 1773 τεμὼν,
371 1739 399 1765 ὲν
417 1739 512 1770 αὑταῖς
523 1738 561 1765 ἔτι
580 1738 692 1773 ἐχούσας
702 1739 764 1770 τοὺς
777 1739 921 1771 σκόλοπας,

139 1783 175 1810 τὰ
188 1783 260 1810 νῶτα
273 1783 374 1810 τούτων
393 1782 479 1815 οὕτως
493 1783 636 1819 ἐξέδειρεν,
654 1782 692 1814 ὥς
704 1791 779 1814 τινας
795 1783 844 1819 μὲν
860 1784 922 1810 πολ-

140 1829 218 1861 λάκις
237 1828 463 1865 χειρουργηθῆναι
483 1829 526 1856 διὰ
543 1830 607 1861 τοὺς
624 1830 814 1864 άποπαγέντας
832 1831 860 1857 ὲν
879 1831 922 1857 αὐ-

140 1867 195 1906 τοῖς
220 1874 369 1906 σκόλοπας·
396 1874 473 1906 τινὰς
498 1874 527 1900 δὲ
552 1874 598 1901 καὶ
627 1873 664 1910 μὴ
688 1873 818 1910 φέροντας
837 1874 922 1907 οὕτως

140 1920 316 1948 ιναποθανεῖν
340 1921 401 1952 ταῖς
426 1919 550 1955 πληγαῖς.
577 1920 684 1952 Πάντας
710 1920 759 1955 μὲν
788 1918 833 1947 οὖν
860 1921 922 1952 τοὺς

141 1966 367 2002 περιληφθέντας,
382 1966 450 2002 πρὸς
468 1966 496 1992 δὲ
509 1967 556 1993 καὶ
571 1966 620 1997 τὰς
632 1965 759 2001 ῥηθείσας
772 1966 923 2002 παρθένους

141 2013 301 2048 ὑπερορίους
315 2013 378 2048 περὶ
391 2012 440 2048 τὴν
452 2012 571 2048 μεγάλην
585 2013 680 2039 Ὄασιν
698 2012 865 2039 ἀποστέλλει.
882 2012 922 2040 Τὰ

140 2058 169 2085 δὲ
184 2058 298 2093 σώματα
317 2058 372 2085 τῶν
387 2058 567 2094 τεθνηκότων,
588 2058 648 2085 οὐδὲ
669 2059 724 2090 τοῖς
744 2059 920 2094 προσήκουσι,

141 2103 211 2130 κατὰ
246 2103 296 2139 τὴν
331 2102 435 2139 ἀρχὴν,
472 2103 634 2139 ἀποδοθῆναι
668 2103 833 2139 πεποίηκεν·
864 2103 920 2130 ἀλλ’

139 2149 273 2185 ἔκρυψαν,
291 2149 328 2182 ὡς
339 2150 474 2186 ἠθέλησαν
497 2151 584 2183 αὐτοὶ,
600 2151 700 2185 ἄταφα,
720 2151 790 2186 ὑπὲρ
812 2150 859 2177 τοῦ
877 2151 921 2176 δο-

139 2197 198 2222 κεῖν
211 2196 301 2228 αὑτοῖς
317 2196 457 2223 λανθάνειν
471 2196 519 2232 τὴν
532 2196 665 2232 τοσαύτην
683 2196 820 2233 ὡμότητα.
833 2197 922 2233 Πράτα

976 1612 1034 1631 rum
1059 1611 1154 1632 recens
1174 1603 1319 1639 amputatis
1332 1603 1431 1638 quibus
1454 1603 1542 1632 adhuc
1558 1602 1643 1631 aculei
1669 1603 1754 1630 luere.

975 1651 1049 1683 bant,
1064 1651 1103 1679 sic
1116 1658 1209 1679 eorum
1226 1655 1300 1686 terga
1321 1651 1461 1684 laceravit,
1474 1655 1505 1679 ut
1525 1650 1645 1678 nonnulli
1664 1650 1698 1678 ob
1713 1649 1753 1676 in-

975 1696 1042 1724 fixos
1064 1697 1172 1725 aculeos
1191 1697 1287 1725 medici
1313 1705 1394 1732 opera
1416 1697 1515 1732 saepius
1528 1696 1651 1732 eguerint
1672 1705 1679 1729 ;
1697 1697 1753 1722 imo

974 1742 1081 1777 quidam
1104 1743 1158 1770 vim
1175 1743 1313 1779 plagarum
1338 1751 1390 1770 nou
1409 1743 1525 1771 ferentes
1539 1741 1664 1769 exstincti
1686 1742 1751 1768 sint.

974 1787 1057 1815 Porro
1081 1795 1175 1816 omnes
1197 1793 1329 1824 quotquot
1356 1789 1590 1824 appreltemlerant
1616 1794 1669 1814 una
1691 1794 1754 1815 cum

974 1833 1127 1868 virginibus
1141 1833 1168 1860 in
1183 1841 1306 1869 magnam
1318 1833 1402 1861 Oasiu
1419 1833 1582 1868 relegarunt.
1596 1831 1689 1866 Neque
1704 1831 1754 1858 iui~

975 1878 1013 1906 tio
1037 1883 1230 1906 concesserunt
1243 1883 1273 1906 ut
1294 1879 1482 1907 defunctorum
1497 1885 1609 1912 corpora
1630 1876 1755 1912 cognatis

976 1924 1146 1952 traderentur
1157 1925 1213 1952 suis
1225 1944 1233 1956 .
1249 1924 1295 1952 sed
1309 1925 1365 1960 ipsa
1380 1924 1512 1952 arbitratu
1523 1931 1572 1950 suo
1585 1922 1753 1950 occultarent

974 1969 1184 2006 abieceruntque
1208 1970 1352 2006 insepulta,
1369 1971 1421 1998 rati
1434 1970 1475 1998 sic
1485 1977 1560 1998 suam
1578 1969 1662 1997 latere
1675 1976 1754 2003 posse

974 2016 1172 2043 crudelitatem.
1189 2015 1246 2049 Qua
1260 2016 1287 2043 iu
1304 2023 1333 2043 re
1345 2016 1476 2043 vecordes
1495 2015 1532 2042 illi
1547 2022 1644 2049 magno
1655 2014 1753 2041 mentis

973 2069 1066 2089 errore
1081 2061 1250 2089 tenebantur.
1269 2061 1335 2088 Nam
1353 2069 1415 2088 cum
1438 2060 1625 2088 defunctorum
1646 2059 1751 2095 cognati

974 2108 1008 2135 de
1018 2114 1128 2135 suorum
1142 2107 1249 2142 quidem
1264 2106 1438 2135 confessione
1452 2107 1608 2142 gauderent,
1620 2105 1753 2141 lugerent-

974 2161 1026 2189 que
1044 2159 1132 2182 tamen
1158 2154 1193 2181 ob
1212 2153 1343 2181 subducta
1363 2159 1485 2188 corpora,
1508 2151 1566 2179 hate
1586 2158 1652 2178 sane
1671 2158 1751 2178 causa

974 2199 1023 2227 fuit
1038 2204 1067 2227 ut
1082 2200 1167 2235 magis
1183 2200 1320 2235 magisque
1332 2199 1506 2234 vulgarentur
1520 2206 1612 2226 eorum
1627 2197 1751 2232 impieta-

138 2241 214 2268 τουσί
229 2250 260 2268 τε
278 2242 364 2269 ταῦτα
379 2243 582 2278 πεπλανημένοι
594 2244 627 2278 τῇ
646 2243 759 2280 διανοίᾳ,
781 2244 918 2280 παράφρο-

975 2246 1010 2273 tis
1032 2245 1256 2280 crudelitatisque
1277 2249 1446 2280 argumenta.
1469 2244 1565 2272 Verum
1584 2243 1621 2270 illi
1643 2249 1704 2271 mox
1719 2249 1752 2269 ex

139 2297 183 2320 νες
204 2288 293 2320 ὄντες·
319 2288 373 2316 τῶν
398 2289 451 2325 γὰρ
479 2289 586 2316 οἰκείων
614 2289 668 2316 τῶν
693 2289 921 2326 τετελευτηκότων

138 2335 288 2371 χαιρόντων
306 2335 355 2370 μὲν
373 2334 417 2362 διὰ
429 2335 478 2370 τὴν
491 2335 644 2370 ὁμολογίαν,
661 2335 830 2372 θρηνούντων
840 2335 868 2362 δὲ
879 2335 922 2363 διὰ

138 2383 172 2410 τὰ
189 2382 312 2417 σώματα,
331 2382 431 2418 μείζων
452 2382 573 2418 ὲξηχεῖτο
587 2382 646 2409 κατ’
661 2382 751 2409 αὐτῶν
771 2383 784 2409 ὀ
798 2382 847 2418 τῆς
860 2383 923 2410 ἀσε-

139 2427 215 2460 σείας
227 2429 274 2455 καὶ
286 2428 425 2464 ὠμότητος
443 2428 561 2464 Ελεγλος.
578 2429 633 2455 Καὶ
642 2428 695 2465 γὰρ
712 2429 792 2460 εὐθὺς
810 2429 863 2455 ἀπὸ
874 2429 922 2464 τῆς

138 2473 275 2508 Δίγύπτου
286 2474 333 2501 καὶ
346 2474 400 2500 τῶν
415 2474 520 2501 Λιϐύων
531 2473 662 2511 ἐξώρισαν
683 2475 731 2510 μὲν
746 2475 919 2507 ἐπισκόπους,

145 2519 307 2555 Ἀμμώνιον,
317 2520 405 2554 Μῶῖν,
420 2521 509 2552 Γάϊον,
522 2520 635 2553 Φίλωνα,
654 2521 766 2556 Ἑρμῆν,
779 2521 918 2553 Παυλῖνον,

140 2565 298 2601 Ψηνόσιριν,
311 2565 461 2602 Νιλάμωνα
478 2566 525 2601 (ίι),
550 2566 700 2600 ’Δγάθωνιῃ
716 2567 859 2601 Ἀγαμφον
874 2567 920 2602 (τ),

95 2626 102 2631 ν
138 2611 261 2646 Μάρκον,
274 2612 366 2648 ἕτερον
389 2611 541 2647 Ἀμμώνιον
552 2612 599 2638 καὶ
613 2611 733 2648 Μάρκον,
748 2612 920 2648 Δρακόντιον,

144 2657 291 2691 ’Δδέλφιον,
315 2658 507 2694 Ἀθηνόδωρον,
530 2658 577 2685 καὶ
598 2658 795 2693 πρεσϐυτέρους
815 2658 922 2694 Ἱέρακσ.

138 2703 186 2730 καὶ
199 2703 357 2740 Διόσκορον·
372 2705 419 2731 καὶ
439 2703 511 2731 οὕτω
535 2703 640 2740 πικρῶς
655 2703 769 2739 ἥλασαν,
785 2703 823 2736 ὥς
845 2713 921 2736 τινας

139 2749 190 2784 μὲν
205 2749 294 2776 αὐτῶν
311 2750 340 2777 ὲν
363 2751 422 2782 ταῖς
438 2750 517 2783 ὁδοῖς,
534 2749 610 2782 τινὰς
631 2749 659 2775 δὲ
682 2749 729 2776 καὶ
749 2750 779 2776 ὲν
799 2750 867 2785 αὐτῇ
884 2751 918 2785 τῇ

137 2795 276 2831 ὑπερορίῳ
293 2795 446 2824 ἀποθανεῖν.
473 2796 614 2832 Ἀειφυγίᾳ
630 2796 658 2823 δὲ
668 2795 848 2823 κατεδίκασαν
859 2798 919 2823 ἐπι-

172 2851 210 2889 (ιι)
226 2851 272 2889 §ie
283 2859 379 2880 omnes
389 2860 462 2889 rmss.
477 2851 548 2889 Editi
561 2860 636 2884 vero,
649 2852 698 2889 τὴν
711 2853 855 2889 ἑϐδομάδα.

175 2885 302 2923 (bluam,
332 2888 485 2923 Δινάμωνα..
503 2887 574 2917 infra
599 2885 914 2933 editi,"A1a0ﬁv66mpov.

972 2292 1088 2328 [Egyptu
1101 2296 1128 2320 et
1145 2299 1177 2319 ex
1193 2290 1284 2326 Libyis
1296 2290 1322 2317 in
1347 2290 1471 2317 exsilium
1497 2290 1628 2317 miserunt
1646 2288 1751 2323 episco-

975 2346 1035 2373 pos,
1049 2337 1233 2368 Ammonium,
1247 2336 1330 2369 Moin,
1342 2335 1449 2368 Gaium,
1465 2334 1613 2365 Philonem,
1624 2332 1751 2364 llermcn.

973 2384 1128 2416 Paulinum,
1150 2381 1318 2414 Psenosirin,
1337 2381 1543 2410 Nilammonem.
1569 2378 1751 2414 Agathonem,

971 2429 1190 2464 Anagampltum,
1221 2428 1350 2459 Marcum,
1383 2427 1496 2454 alterum
1523 2425 1695 2452 Ammonium
1726 2429 1753 2451 et

973 2475 1104 2507 Marcum,
1132 2473 1318 2503 Dracontium,
1338 2471 1510 2506 Adelphium,
1535 2469 1749 2499 Athenodorum,

972 2528 1005 2548 ac
1016 2520 1190 2556 presbyteros
1209 2518 1350 2546 Hieracem
1368 2523 1394 2545 et
1406 2517 1575 2544 Dioscorum.
1589 2515 1661 2548 Quos
1676 2519 1751 2541 tanta

972 2565 1121 2593 acerbitate
1143 2565 1323 2599 expulerunt,
1342 2567 1370 2590 ut
1395 2562 1502 2589 illorum
1525 2561 1632 2596 quidam
1657 2560 1684 2586 in
1707 2559 1752 2586 iti-

973 2618 1048 2643 nere,
1070 2610 1179 2646 quidam
1205 2611 1232 2636 in
1254 2608 1342 2637 exsilii
1360 2607 1419 2635 loco
1436 2606 1590 2634 interirent.
1606 2605 1752 2639 Episcopos

974 2664 1037 2684 vero
1052 2656 1112 2692 plus
1127 2655 1237 2690 triginta
1251 2655 1285 2682 ad
1307 2659 1467 2690 perpetuum
1484 2652 1608 2680 exsilium
1623 2650 1751 2679 condetu-

972 2709 1072 2731 narunt
1085 2713 1093 2731 :
1110 2709 1141 2730 ea
1161 2703 1233 2730 enim
1248 2701 1301 2729 illis
1314 2701 1541 2736 quemadmodum
1554 2699 1666 2726 Achabo
1683 2704 1749 2724 cura

972 2749 1038 2782 fuitr
1054 2755 1084 2776 ut
1103 2749 1126 2776 si
1141 2748 1220 2776 modo
1243 2748 1300 2775 fieri
1322 2751 1424 2783 posset,
1435 2746 1576 2775 veritatem
1600 2744 1634 2772 de
1660 2742 1753 2771 medio.

972 2796 1106 2824 tollerent.

972 2853 1042 2881 Editi
1057 2859 1134 2881 vero.
1154 2851 1345 2886 ’Δθηνόδωρον.

1009 2888 1038 2923 'r)
1055 2887 1117 2923 L08.
1131 2887 1314 2923 ’Δνάγσμφοκ
