2027 3042
254 129 313 148 οων

926 122 1192 152 PROLEGOMENA.

255 180 363 208 σκόπων
377 180 484 212 πλειους
500 189 552 207 των
569 179 727 216 τριάκοντα·
747 181 848 216 σπουδὴ
864 181 918 217 γὰρ
933 180 966 218 ἦν
981 183 1071 214 αὐτοῖς
1104 182 1173 209 κατά
1205 182 1250 209 τὸν
1268 182 1380 218 Ἀχαὰ6,
1407 183 1432 210 εἰ
1465 183 1586 218 δυνατὸν,
1603 183 1698 220 ἐξᾶραι
1715 185 1803 221 πάσης
1817 186 1867 222 τῆς

254 228 306 264 γῆς
316 228 366 264 τὴν
383 228 519 264 ἀλήθειαν.

288 275 335 302 2|.
357 275 419 302 llmc
438 283 532 309 magna
554 275 597 302 illa
616 275 743 303 Ecclesiae
759 276 833 309 tuba,
848 277 945 304 ardens
960 277 1030 305 veri-

1116 277 1161 304 21.
1178 277 1269 303 Ταῦτα
1283 277 1300 312 ἡ
1320 276 1424 312 μεγάλη
1447 276 1563 311 σάλπιγξ
1583 277 1631 312 τῆς
1661 276 1833 312 Ἐκκλησίας,
1853 278 1869 304 ὸ

256 321 319 348 tatis
333 325 473 356 patronus,
489 321 521 349 de
536 321 615 348 malis
635 322 803 350 Alexandriae
820 324 955 356 admissis,
971 332 1033 358 pro-

255 367 314 401 pria
337 375 402 395 voce
424 372 555 395 recenset.
573 368 655 396 Nobis
673 376 737 396 vero
761 369 864 403 reliqua
889 371 988 397 addere
1007 371 1032 397 iu

256 413 346 439 animo
357 417 408 440 est.
417 413 590 441 Constantius
602 422 666 449 ergo
680 419 784 442 mortuo
796 415 879 443 fratre
888 417 1035 451 imperator

256 459 421 492 declaratus,
433 467 493 487 cum
506 460 580 487 solus
594 465 727 495 potestate
737 460 882 494 frueretur,
895 461 1036 496 nullusque

255 510 408 541 superesset
426 506 472 541 qui
489 506 630 534 sententiae
650 514 683 534 ac
701 507 831 533 voluntati
845 514 900 534 suae
921 508 1034 542 impedi-

257 557 347 580 mento
376 557 465 585 esset,
492 560 544 579 non
569 553 639 580 ultra
671 552 864 587 malignitatem
889 554 1035 580 occultavit

257 606 348 630 suam,
361 598 406 626 sed
422 605 519 633 magna
533 605 596 625 cum
613 598 774 625 auctoritate
788 598 813 625 iu
827 598 942 625 medium
959 598 1032 625 illam

256 645 367 679 protulit
384 653 391 678 ;
412 649 438 672 et
455 652 516 672 cum
539 644 676 672 Orientem
701 648 784 671 to'.um
800 644 958 679 gravissima
984 644 1036 671 im-

257 691 359 726 pietate
373 691 542 726 rcplevisset.
561 691 701 725 quiescere
717 697 766 717 nec
782 690 884 718 sciebat
903 697 953 717 nec
966 691 1036 717 vole-

257 739 313 770 bat,
333 737 384 764 nisi
402 744 454 764 una
477 736 651 764 Occidentem
676 740 878 771 corrumperet;
918 735 1035 770 alioquin

257 787 379 818 putasset
395 782 519 818 exiguum
543 782 591 809 sibi
607 789 666 809 esse
678 781 830 815 imperium,
844 786 871 808 et
885 781 910 808 id
930 781 956 807 in
971 788 1035 808 con-

259 829 395 857 tumeliam
411 829 467 856 fore
483 829 574 863 gloria:
593 836 665 855 suae:
679 829 804 863 quocirca
815 828 895 855 etiam
907 827 1037 855 Occiden-

260 876 326 903 tales
338 875 479 910 episcopos
495 875 528 901 ad
547 875 762 902 communionem
775 882 834 901 cum
847 874 903 901 Arii
915 873 1037 901 doctrina

259 922 402 956 diligenter
420 921 561 954 invitabat,
576 922 755 956 monebatque
769 928 849 948 unam
864 920 915 948 sibi
934 921 1038 948 securi-

260 969 322 995 tatis
337 969 407 995 viam
427 975 496 998 esse.
520 968 542 994 si
560 975 655 1001 nempe
673 967 848 994 Athanasium
873 967 1030 994 condemna-

259 1017 329 1041 rent.
347 1012 403 1046 Qua
425 1013 458 1039 de
479 1020 558 1040 causa
583 1013 714 1048 synodum
736 1013 823 1047 coegit
843 1013 1035 1045 Mediolanum,

260 1057 342 1084 Italize
358 1058 471 1084 urbem:
489 1065 522 1084 ac
538 1057 645 1090 multos,
661 1057 704 1084 hei
718 1058 797 1084 mihi!
815 1058 894 1084 etiam
909 1057 992 1085 fortes
1005 1065 1037 1085 ac

259 1109 406 1137 generosos
426 1102 509 1133 viros,
529 1101 596 1129 alios
617 1107 700 1134 metu,
723 1102 790 1130 alios
808 1102 973 1135 adulatione,
991 1111 1037 1130 ne-

259 1148 388 1176 cessitate
400 1148 477 1178 alios,
491 1147 633 1174 nonnullos
643 1147 737 1175 fraude
748 1148 910 1182 subornans,
919 1149 951 1175 ad
960 1156 1036 1176 suam

259 1194 378 1228 trajecit.
406 1194 460 1221 imo
483 1193 571 1228 potius
587 1193 685 1229 deiecit
701 1194 877 1226 voluntatem,
904 1199 931 1222 et
955 1202 1036 1229 quam

260 1240 319 1274 ipse
340 1239 443 1266 foveam
464 1239 625 1266 miserorum
644 1239 784 1266 animabus
804 1239 978 1272 etfodit,cam
996 1240 1036 1274 ip-

259 1292 316 1312 sam
337 1284 478 1317 Eusebius,
507 1284 660 1319 Dionysius,
687 1285 843 1318 Rhodanus,
860 1285 986 1313 Paulinus
1011 1289 1039 1312 et

260 1329 380 1364 Lucifer,
408 1329 513 1364 placide
541 1329 720 1357 declinarunt.
747 1329 890 1357 Athanasii
922 1338 1038 1365 namque

260 1375 524 1407 condemnationem,
546 1380 627 1403 rectm
649 1374 709 1402 fidei
731 1375 993 1409 condemnationem,
1010 1380 1040 1404 ut

260 1428 325 1448 vere
341 1425 409 1452 erat,
425 1421 548 1447 arbitrati
560 1440 568 1453 ,
592 1428 644 1447 una
662 1420 780 1448 fraudem
802 1428 882 1456 quam
898 1422 977 1449 citius
993 1429 1040 1457 po-

262 1470 372 1493 tuerunt
389 1465 516 1500 effugere.
541 1473 573 1493 ac
597 1465 658 1501 jure
684 1473 731 1493 eos
754 1466 968 1494 condemnarunt
994 1467 1040 1501 qui

261 1513 484 1549 condeninarant.
500 1512 551 1539 Sed
570 1512 630 1539 illos
642 1513 748 1547 quidem
768 1512 890 1540 Arimino
909 1514 1041 1542 excedere

261 1561 336 1584 vetat
358 1557 540 1584 Constantius.
564 1557 728 1585 Athanasius
752 1565 817 1585 vero
843 1566 945 1593 gnarus
973 1559 1041 1586 dolis

205 1620 212 1628 ~
262 1603 476 1632 circumventum
499 1604 698 1638 imperatorem,
721 1604 877 1639 iudicesque
901 1610 1042 1639 corruptos

262 1657 333 1683 esse,
345 1649 455 1684 jamque
476 1649 578 1677 instare
593 1649 734 1683 praefectos
747 1649 793 1684 qui
816 1657 846 1677 se
861 1651 1040 1684 comprehen-

263 1695 368 1729 derent,
388 1702 421 1722 ex
437 1695 527 1722 divina
549 1695 647 1721 iterum
669 1695 782 1727 visione.
796 1695 883 1722 media
896 1700 976 1723 nocte
988 1696 1042 1731 epi-

262 1742 363 1777 scopali
388 1742 468 1769 domo
493 1749 618 1777 egressus
642 1742 676 1769 ad
703 1741 874 1776 juveneulam
899 1744 1041 1778 quamdam

262 1787 394 1823 virginem
412 1795 441 1816 se
456 1788 582 1823 proripit,
598 1795 658 1822 quae
674 1787 832 1816 vicesimum
855 1789 963 1816 circiter
981 1797 1043 1824 age-

263 1835 311 1861 hat
335 1841 445 1861 annum.
463 1833 589 1868 Speciosa
614 1841 695 1868 porro
715 1841 747 1860 ae
759 1834 876 1868 jucunda
892 1839 952 1862 erat
969 1835 1043 1871 virgo

264 1879 320 1910 illa,
334 1879 376 1906 cui
388 1878 514 1906 domicilii
531 1887 591 1906 cum
611 1880 678 1906 viris
695 1880 811 1907 societas
834 1887 971 1914 nunquam
993 1888 1043 1908 ex-

264 1931 326 1958 pers
339 1922 406 1950 foret
420 1923 583 1957 suspicione.
602 1922 664 1950 Haec
680 1928 732 1950 tam
747 1915 929 1959 inexspectata
945 1933 974 1952 re
988 1930 1045 1952 stu-

265 1967 381 2002 pefacta,
400 1967 460 2002 ejus
487 1976 595 1995 causam
624 1962 824 2002 sciscitabatur,
849 1969 892 1997 cui
920 1970 963 1997 ille
988 1978 1044 1997 rem

267 2019 352 2040 totam
374 2014 518 2041 enarravit.
538 2015 616 2045 Cum,
638 2014 686 2045 ait.
707 2015 817 2041 multam
840 2015 939 2050 ubique
956 2016 988 2043 de
1003 2023 1046 2043 me

266 2059 488 2095 perquisitionem
516 2059 619 2086 faciant
644 2060 690 2094 qui
719 2060 826 2088 Arianae,
849 2062 1046 2089 communionis

267 2111 340 2139 sunt,
360 2111 482 2133 metuens
497 2113 548 2140 ego
562 2113 595 2132 ne
612 2110 707 2141 captus
721 2110 748 2133 et
762 2107 868 2134 occisus
884 2106 918 2134 ab
930 2107 981 2140 eis,
994 2108 1046 2135 im-

267 2151 390 2179 mortalis
407 2151 529 2186 supplicii
545 2158 628 2179 causa
652 2151 716 2186 ipsis
730 2159 827 2185 essem,
849 2152 938 2187 fugam
959 2153 1047 2187 cogito

268 2205 300 2225 ac
321 2198 375 2226 Deo
389 2197 438 2225 soli
457 2197 563 2231 negotia
581 2204 639 2224 mea
659 2198 828 2230 commendo,
846 2199 890 2232 qui
907 2199 975 2226 mihi
998 2199 1048 2225 hac

269 2248 349 2270 nocte
365 2243 494 2270 revclavit
519 2243 589 2276 quod
608 2243 677 2277 apud
691 2248 716 2271 te
731 2243 814 2271 solam
833 2244 1047 2272 incolumitatem

1085 324 1183 359 θερμὸς
1197 324 1245 358 τῆς
1259 323 1384 358 ἀληθείας
1397 324 1561 359 προστάτης,
1576 323 1639 358 περὶ
1653 323 1708 350 τῶν
1725 325 1754 350 ὲν
1777 323 1868 356 Ἀλεξ-

1083 370 1193 406 ανδρείει
1209 370 1301 396 κακῶν
1318 371 1419 403 φωναῖς
1444 369 1557 400 οἰκείαις
1582 368 1718 401 διέξεισιν.
1745 369 1824 404 Ἡμῖν
1839 368 1868 395 δὲ

1086 416 1209 452 βούλεται
1225 417 1280 447 τοῖς
1297 415 1450 450 εἰρημένοις
1465 416 1478 441 ὁ
1496 415 1574 449 λόγος
1596 414 1752 449 προσθεῖναι
1772 415 1818 440 καὶ
1833 414 1869 440 τὰ

1085 462 1242 496 λειπόμενα.
1262 460 1450 492 Κωνστάντιος
1461 461 1561 492 τοίνυν,
1577 459 1624 486 τοῦ
1645 460 1759 494 ἀδελφοῦ
1777 460 1870 487 τελευ-

1084 509 1231 543 τήσαντος,
1262 507 1438 541 αὐτοκράτωρ
1473 505 1642 541 ἀναδειχθεὶς
1674 505 1721 532 καὶ
1740 505 1870 541 καθαρῶς

1085 553 1241 584 ἀπολαύσας
1257 552 1305 588 τῆς
1319 551 1451 584 ἐξουσίας,
1463 552 1523 578 ἐπεὶ
1541 551 1642 587 μηδένα
1655 549 1712 586 εἶχε
1729 552 1774 578 τὸν
1784 553 1871 587 ἐμπο-

1085 599 1137 626 δὼν
1156 598 1237 625 αὑτοῦ
1256 599 1289 633 τῇ
1305 597 1402 634 γνώμῃ
1421 597 1469 624 καὶ
1487 598 1544 629 τοῖς
1561 597 1710 633 Θελήμασιν
1720 597 1871 629 ὅντα,ούκ-

1085 645 1124 672 έτι
1143 645 1192 680 τὴν
1219 644 1317 671 κακίαν
1341 644 1472 679 κρύπτειν
1487 643 1624 678 ἠνέσχετο,
1639 643 1707 670 ἀλλά
1721 643 1790 670 κατὰ
1806 643 1872 670 πολ-

1084 691 1134 727 λὴν
1148 691 1233 726 αὐτὴν
1248 692 1287 722 εἰς
1303 690 1384 726 μέσον
1397 690 1499 725 προῆγε
1519 689 1568 725 τὴν
1584 688 1738 715 αὑθεντίαν-
1765 689 1812 715 καὶ
1835 688 1872 715 τὰ

1087 737 1154 773 πρὸς
1172 736 1210 764 ἔω
1230 737 1318 763 πάντα
1340 735 1498 766 δυσσεϐείας
1520 735 1680 770 ἀναπλήσας
1709 734 1872 770 χαλεπωτά-

1085 791 1144 818 της,
1160 783 1273 818 ἠρεμεῖν
1285 782 1336 808 οὐκ
1353 782 1482 816 ἔγνωκεν,
1505 780 1559 807 οὐδ’
1581 779 1686 815 ἠγάπα,
1710 779 1766 807 ἀλλ’
1791 781 1815 806 εί
1833 780 1872 816 μὴ

1086 829 1133 855 καὶ
1152 828 1200 864 τὴν
1219 828 1338 864 ἑσπέραν
1361 827 1572 863 συνδιαφθείροι,
1593 827 1693 862 μικρὰν
1713 825 1787 861 αὑτῷ
1803 824 1873 853 εἶναι

1087 877 1136 912 τὴν
1147 876 1293 911 βασιλείαν,
1307 875 1355 902 καὶ
1375 874 1452 910 ὓϐριν
1465 874 1543 901 τοῦτο
1554 875 1602 909 τῆς
1612 873 1708 901 ἑαυτοῦ
1723 873 1801 909 δόξης
1813 873 1874 901 ὲνόα

1090 921 1160 956 μιζε.
1176 921 1269 958 Ταύτῃ
1282 930 1323 948 τοι
1336 921 1383 948 καὶ
1397 921 1460 951 τοὺς
1476 920 1546 947 κατὰ
1562 920 1638 947 δύσιν
1651 919 1815 951 ὲπισκόπταυς
1827 919 1875 945 ἐπὶ

1088 968 1212 1005 κοινωνίᾳ
1229 968 1283 995 τῶν
1300 967 1404 1004 ’Δρείου
1418 967 1560 1002 δογμάτων
1583 966 1734 998 σπουδαίως
1757 974 1874 1002 μετεκα-

1085 1015 1165 1045 λείτο,
1181 1015 1226 1041 καὶ
1244 1014 1327 1050 μόνην
1346 1013 1456 1040 ἐκείνων
1472 1013 1621 1046 ἀσφάλειαν
1637 1010 1707 1039 εἶναι
1722 1012 1772 1047 τὴν
1795 1011 1875 1038 Ἀθα-

1086 1060 1176 1086 νασίου
1189 1060 1347 1095 καθαίρεσιν
1364 1059 1493 1085 ὑπετίθει.
1517 1058 1574 1092 Ἑῳ*
1585 1055 1607 1092 ᾦ
1622 1058 1668 1084 καὶ
1686 1057 1794 1084 σύνοδον
1809 1066 1874 1084 συν-

1086 1105 1191 1141 εκρότει
1217 1105 1286 1132 κατὰ
1309 1105 1477 1137 Μεδιόλανα,
1501 1105 1578 1131 πόλιν
1601 1105 1651 1140 τῆς
1685 1104 1808 1136 Ἰταλίας,
1825 1106 1874 1131 καὶ

1087 1151 1210 1183 πολλοὺς,
1227 1150 1300 1186 οἴμοι
1312 1151 1319 1177 ί
1342 1151 1388 1178 καὶ
1397 1150 1452 1177 τῶν
1460 1151 1592 1185 γενναίων
1602 1151 1649 1177 καὶ
1664 1149 1795 1186 στεῤῥῶν,
1809 1151 1875 1182 τοὺς

1089 1197 1138 1232 μὲν
1154 1197 1239 1232 φόϐῳ,
1253 1197 1315 1229 τοὺς
1330 1197 1358 1224 δὲ
1376 1196 1513 1232 κολακείᾳ,
1529 1196 1591 1228 τοὺς
1613 1196 1642 1222 δὲ
1662 1195 1752 1231 χρείᾳ,
1768 1195 1831 1227 τοὺς
1845 1195 1875 1221 δὲ

1087 1244 1189 1279 ἀπάτῃ,
1209 1244 1256 1270 καὶ
1278 1243 1356 1270 ἄλλον
1377 1243 1464 1274 ἄλλως
1492 1240 1673 1278 παραγαγὼν,
1698 1241 1766 1276 πρὸς
1787 1240 1817 1266 τὸ
1840 1241 1877 1266 ol-

1088 1291 1160 1315 κεῖον
1173 1289 1332 1324 μετήνεγκε,
1347 1288 1445 1324 μᾶλλον
1459 1287 1488 1314 δὲ
1503 1288 1665 1323 κατήνεγκε,
1680 1286 1813 1322 βούλημα,
1828 1287 1876 1313 καὶ

1088 1335 1118 1362 ὃν
1135 1335 1236 1366 ἐκεῖνος
1251 1333 1345 1370 ξῶρυξε
1369 1333 1464 1369 βόθρον
1479 1334 1539 1364 ταῖς
1566 1332 1620 1359 τῶν
1641 1332 1741 1359 ἀθλίων
1764 1331 1874 1366 ψυχαῖς,

1088 1380 1189 1416 ταύτην
1209 1379 1257 1415 τὴν
1283 1379 1434 1416 προσϐολὴν
1461 1378 1591 1410 Εὐσέϐιος
1614 1386 1643 1404 τε
1666 1378 1712 1404 καὶ
1728 1377 1876 1409 Διονύσιος,

1089 1426 1136 1453 καὶ
1166 1425 1299 1457 Ῥοδανδς,
1326 1425 1456 1456 Παυλῖνος
1481 1432 1511 1451 τε
1535 1424 1583 1451 καὶ
1612 1424 1766 1459 Λούκιφερ,
1791 1423 1877 1459 ἡδέως

1089 1471 1236 1504 ἐξέκλιναν.
1251 1470 1306 1506 Τὴν
1316 1470 1370 1506 γὰρ
1387 1470 1546 1497 ’Δθανασίου
1564 1469 1733 1505 καθαίρεσιν,
1752 1468 1878 1504 καθαίρε-

1091 1526 1143 1549 σιν,
1156 1517 1249 1552 ὤσπερ
1262 1515 1306 1552 ἦν,
1323 1516 1374 1551 τῆς
1389 1516 1472 1552 ὀρθῆς
1491 1515 1650 1551 νομίσαντες
1666 1514 1793 1546 πίστεως,
1809 1513 1878 1548 ὁμοῦ

1090 1572 1120 1590 τε
1133 1563 1182 1599 τὴν
1195 1563 1312 1598 ἀπάτην,
1326 1559 1344 1599 ᾖ
1358 1561 1445 1589 ποδῶν
1464 1559 1546 1597 εἶχον,
1561 1561 1672 1595 ἔφυγον,
1687 1559 1736 1586 καὶ
1754 1560 1802 1586 σὺν
1814 1559 1879 1596 δίκῃ

1091 1611 1145 1637 τῶν
1171 1610 1369 1646 ψηφισαμένων
1396 1609 1625 1644 κατεψηφίσαντο.
1659 1607 1741 1634 Ἀλλὰ
1766 1607 1879 1638 τούτους

1095 1657 1144 1692 μὲν
1157 1657 1186 1683 ὲν
1209 1656 1340 1692 ’Δριμίνῳ
1365 1655 1515 1692 περιορίζει
1535 1653 1738 1684 Κωνστάντιος·
1766 1653 1879 1679 Ἀθανά-

1095 1695 1152 1734 σιος
1171 1702 1210 1734 δὲ,
1235 1701 1281 1728 τὸν
1301 1701 1412 1736 βασιλέα
1436 1700 1528 1736 μαθὼν
1546 1700 1616 1727 οὕτω
1635 1698 1878 1733 συσκευαζόμενον,

1094 1748 1231 1784 διεφθορὸς
1254 1756 1284 1774 τε
1310 1747 1341 1774 τὺ
1367 1747 1550 1782 δικαστήριον,
1575 1745 1701 1777 ἐπιόντας
1715 1744 1743 1771 δὲ
1758 1745 1809 1779 ἤδη
1832 1744 1881 1771 καὶ¹

1095 1794 1157 1824 τοὺς
1171 1794 1337 1829 ἐπαρχικοὺς
1347 1813 1355 1825 ,
1376 1794 1446 1821 ὥστε
1457 1792 1596 1819 συλλαϐεῖν
1609 1791 1698 1824 αὑτὸν,
1715 1791 1785 1817 κατὰ
1805 1790 1881 1818 θείαν

1095 1840 1142 1867 καὶ
1156 1839 1236 1866 πάλιν
1249 1839 1321 1873 δψιν,
1341 1838 1425 1874 μέσας
1443 1838 1542 1869 νύκτας
1554 1837 1602 1863 τοῦ
1627 1835 1800 1863 ὲπισκοπείου
1829 1836 1881 1862 ὐπ-

1095 1885 1220 1917 εξελθὼν,
1229 1884 1274 1910 ὲπί
1284 1892 1345 1910 τινα
1359 1883 1421 1910 νέαν
1431 1881 1747 1917 καταφεύγειπαρθένον,
1759 1881 1881 1907 εἰκοστόν

1097 1938 1147 1956 που
1166 1930 1216 1966 ήδη
1234 1929 1283 1964 τῆς
1298 1929 1406 1963 ἡλικίας
1429 1927 1548 1961 ἄγουσαν
1566 1926 1634 1958 ἔτος.
1659 1927 1764 1962 Ὠραῖον
1781 1926 1809 1952 δὲ
1827 1926 1882 1961 ἀρα

1097 1977 1189 2012 χρῆμα
1207 1976 1253 2002 καὶ
1269 1975 1385 2010 τερπνὸν
1404 1975 1421 2009 ὴ
1438 1974 1582 2010 παρθένος,
1607 1973 1655 2001 καὶ
1676 1972 1799 2008 καθαρὰν
1816 1972 1884 1998 ὑπο-

1098 2022 1171 2054 νοίας
1184 2022 1233 2057 τὴν
1247 2020 1318 2048 κατά
1329 2020 1382 2047 τῶν
1399 2021 1521 2056 ἀρρένων
1537 2019 1692 2054 συνοίκησιν
1709 2018 1838 2054 παρέχειν
1851 2018 1881 2043 οὺ

1098 2067 1243 2102 δυναμένη.
1261 2066 1350 2097 Ἤτις,
1365 2064 1404 2100 τῷ
1416 2065 1538 2100 ἀδοκήτῳ
1545 2063 1592 2090 τοῦ
1607 2063 1764 2098 πράγματος
1782 2061 1884 2088 ἐκπλα-

1099 2113 1188 2146 γεῖσα,
1203 2112 1252 2147 τὴν
1270 2111 1357 2138 αἰτίαν
1375 2110 1475 2146 ἐζήτει.
1509 2110 1654 2140 Κάκεῖνος,
1672 2107 1823 2139 ὑπολαϐὼν,
1840 2107 1882 2133 δι-

1099 2159 1200 2193 ηγεῖτο,
1219 2157 1257 2189 ὡς
1282 2156 1406 2192 Ἐπειδὴ,
1431 2155 1508 2190 φησϊ,
1523 2155 1623 2191 πολλὴν
1652 2153 1788 2189 πανταχοῦ
1812 2152 1885 2187 ’περὶ

1101 2203 1167 2238 ἐμοῦ
1185 2203 1234 2239 τὴν
1247 2202 1357 2238 ἔρευναν
1374 2203 1398 2228 οι
1409 2203 1458 2238 τῆς
1475 2201 1578 2237 ’Δρείου
1595 2200 1736 2232 κοινωνίας
1755 2199 1885 2234 πεποίην-

1102 2258 1157 2280 ται.
1169 2249 1259 2280 δείσας
1270 2248 1325 2283 ἐγὼ
1336 2248 1373 2284 μὴ
1390 2247 1551 2283 συλληφθεὶς
1566 2247 1610 2274 ὑπ’
1621 2245 1709 2274 αὐτῶν
1722 2246 1770 2272 καὶ
1781 2245 1886 2280 ἀναιρεο

270 2295 427 2325 reperturus
438 2289 501 2316 sim.
516 2288 579 2316 Haec
593 2289 637 2316 ubi
653 2289 849 2324 audivitvirgo,
861 2290 934 2317 omni
946 2296 1041 2318 remota

1101 2294 1167 2327 θεὶς,
1182 2293 1276 2320 ἔπειτα
1289 2293 1423 2328 τιμωρίας
1437 2293 1527 2324 αὐτοῖς
1539 2291 1670 2321 ἀθανάτου
1684 2291 1807 2326 γένωμαι
1819 2289 1885 2325 πρό-

269 2335 352 2362 animi
381 2333 545 2369 suspicione,
570 2333 668 2368 gaudio
700 2333 777 2368 plena
807 2338 878 2361 totas
901 2334 1048 2363 Athanasio

271 2389 362 2420 portas
375 2383 490 2417 aperuit,
507 2390 555 2410 seu
573 2382 662 2416 potius
677 2382 766 2410 cordis
784 2382 894 2415 januam
910 2384 1049 2415 reseravit,

271 2439 301 2457 ac
315 2429 418 2464 supinis
433 2436 505 2461 eum,
518 2433 547 2455 ut
562 2427 648 2459 aiunt,
659 2427 784 2455 manibus
797 2428 912 2462 excepit.
929 2427 1051 2462 Eumque

271 2476 314 2502 illa
331 2482 380 2510 per
396 2481 444 2501 sex
459 2481 556 2505 annos,
571 2477 637 2508 quot
656 2473 761 2500 scilicet
780 2472 956 2500 Constantius
969 2474 1050 2500 vitam

269 2519 406 2554 produxit,
422 2519 449 2548 in
468 2517 620 2546 recessibus
635 2517 730 2545 domus
753 2518 908 2550 occultavit,
929 2525 1051 2545 commu-

271 2574 318 2593 nes
332 2565 454 2601 quotidie
468 2564 539 2592 sales
554 2571 701 2599 apponens,
722 2563 858 2598 librosque
884 2565 990 2591 aliunde
1005 2572 1052 2591 ac-

271 2617 374 2646 eeptos,
390 2611 437 2645 ipsi
452 2611 486 2637 ad
499 2611 658 2637 exercitium
672 2615 699 2637 et
712 2610 912 2638 meditationem
926 2611 1052 2638 alferens.

271 2658 359 2692 Atque
376 2658 412 2684 ita
437 2657 507 2684 illius
521 2656 630 2691 corpori
651 2661 679 2683 et
698 2656 794 2683 anima:
809 2657 932 2683 convivia
948 2657 991 2691 pie
1006 2663 1053 2690 pa-

271 2704 349 2731 rabat
369 2711 378 2733 :
405 2703 475 2730 hanc
491 2703 662 2730 sermonibus
687 2709 755 2736 quos
777 2709 872 2736 panem
897 2702 1053 2736 angelorum

271 2757 331 2777 esse
349 2749 497 2780 credimus.
518 2748 582 2775 illud
604 2755 668 2776 vero
685 2748 841 2783 quotidiana
864 2755 956 2774 mensa
973 2752 1054 2782 atque

272 2795 406 2826 convivio.
427 2801 532 2822 necnon
557 2794 764 2830 quibuseunque
789 2794 850 2822 aliis
864 2793 981 2821 ofﬁciosa
1006 2793 1051 2821 illa

272 2848 370 2872 manus
394 2840 526 2877 hospitem
554 2839 680 2875 excipere
702 2839 817 2868 valebat.
840 2839 960 2875 Propriis
986 2839 1051 2871 item

1103 2339 1186 2371 ξενος.
1203 2339 1291 2375 φυγὴν
1307 2339 1399 2370 ἐννοῶ,
1413 2339 1460 2365 καὶ
1473 2337 1532 2374 Θεῷ
1549 2338 1622 2374 μόνῳ
1635 2337 1670 2364 τὰ
1685 2336 1745 2363 κατ’
1766 2336 1885 2372 ἐμαυτὸν

1103 2385 1250 2421 ἐπιτρέπω.
1269 2385 1325 2421 Τῆς
1338 2384 1435 2417 νυκτὸς
1450 2384 1478 2412 δέ
1499 2393 1543 2420 μοι
1561 2383 1661 2419 ταύτης
1690 2383 1792 2412 ἐκεῖνος
1809 2381 1885 2417 παρὰ

1105 2431 1146 2457 σοὶ
1162 2430 1228 2466 μόνη
1251 2429 1299 2465 τὴν
1328 2430 1463 2466 σωτηρίαν
1490 2429 1579 2465 εὑρεῖν
1599 2428 1761 2463 ἀπορῤήτως
1781 2428 1885 2454 ἀνακα-

1104 2477 1207 2503 λύπτει.
1221 2477 1327 2503 Τούτων
1339 2477 1376 2508 ὡς
1389 2477 1503 2511 ἢκουσεν
1516 2477 1532 2510 ἡ
1546 2475 1687 2511 παρθένος,
1704 2475 1793 2501 πᾶσαν
1805 2474 1886 2505 εὐθὺς

1105 2521 1158 2548 ἀπὸ
1170 2522 1219 2556 τῆς
1234 2521 1322 2557 ψυχῆς
1335 2521 1461 2548 ὑπόνοιαν
1475 2520 1636 2552 ἐκϐαλοῦσα,
1654 2520 1738 2555 μεστή
1750 2528 1779 2546 τε
1790 2519 1886 2554 ἡδονῆς

1105 2568 1247 2602 γενομένη,
1266 2568 1313 2593 καὶ
1325 2567 1388 2598 ὅλας
1409 2566 1558 2601 Ἀθανασίῳ
1574 2566 1661 2597 πύλας
1680 2566 1884 2597 ἀναπετάσασα,

1105 2614 1123 2648 ἢ
1145 2613 1252 2653 καὶτὰς
1269 2613 1319 2648 τῆς
1338 2613 1450 2649 καρδίας
1476 2612 1574 2648 μᾶλλον
1594 2613 1691 2643 εἰπεῖν,
1710 2611 1820 2643 ὑπτίαις
1836 2611 1886 2638 αὑ-

1105 2658 1162 2690 τὸν,
1178 2659 1192 2685 ὃ
1205 2658 1237 2693 δὴ
1253 2658 1370 2692 λέγεται,
1397 2659 1503 2694 δέχεται
1522 2660 1583 2690 ταῖς
1603 2658 1705 2694 χερσίν.
1729 2657 1839 2684 Ὀντινα
1855 2656 1887 2693 δὴ

1105 2705 1153 2731 καὶ
1167 2705 1206 2736 εἰς
1219 2705 1297 2732 ἕκτον
1319 2705 1347 2738 εξ
1362 2705 1465 2731 ἐκείνου
1486 2705 1592 2741 χρόνον,
1619 2704 1661 2738 ἐφ’
1685 2703 1745 2730 ὅσον
1768 2703 1888 2739 δηλονότι

1106 2750 1153 2777 καὶ
1169 2750 1348 2785 Κωνσταντὶῳ
1365 2751 1398 2777 τὰ
1413 2751 1462 2785 τῆς
1476 2751 1548 2786 ζωῆς
1566 2749 1748 2785 παρετείνετο,
1767 2749 1796 2775 ὲν
1812 2748 1888 2776 οἴκου

1106 2796 1200 2831 μυχοῖς
1227 2793 1261 2831 ἦν
1294 2795 1538 2832 κατακρύπτουσα,
1561 2795 1666 2826 κοινοὺς
1689 2794 1749 2821 καθ’
1768 2794 1889 2830 ἑκάστην

1105 2841 1171 2875 ᾅλας
1190 2840 1378 2878 παρατιθιῖσα,
1406 2841 1513 2878 βίϐλους
1535 2849 1562 2869 τε
1588 2839 1734 2881 ἁλλαχδθεν
1759 2840 1889 2876 ᾀηιαιρους
