2027 3042
640 159 722 186 VITA
741 159 771 187 S.
793 159 978 188 ATHANASII
998 160 1150 191 [NCERTO
1168 162 1341 191 AUCTORE.

1724 170 1804 194 οοηιι

183 215 238 242 τῶν
253 214 391 251 σφετέρων
407 215 507 249 ἀθλίως
524 215 702 252 ζηλώσαντες,
717 218 792 245 ἔθεον
807 218 967 251 ὲπάὖτοὺς,

1022 219 1157 255 lapidibus
1189 221 1226 249 illi
1260 221 1445 257 impotentes;
1473 222 1511 249 ita
1536 226 1566 249 ut
1584 221 1798 249 Christianorum

182 261 208 289 οί
222 261 270 297 μὲν
287 261 358 296 ξίφει
372 261 508 295 παίοντες,
525 263 550 289 οἱ
560 263 587 290 δὲ
599 263 697 296 λίθοις·
711 264 781 291 ὥστε
794 265 841 292 καὶ
855 265 968 298 πολλοὺς

184 306 360 343 ἀναιρεθῆναι
377 308 432 335 τῶν
443 308 621 344 Χριστιανῶν,
639 311 701 343 τοὺς
719 311 747 338 δὲ
763 312 811 338 καὶ
831 312 965 339 ἀνασταυ-

185 353 313 389 ρωθῆναι,
336 354 415 386 ὅσους
439 354 479 382 ἔτι
502 354 605 388 ζῶντας
624 358 769 392 κατασχεῖν
787 357 967 393 ἠδυνήθησαν,

184 399 230 426 καὶ
245 399 342 432 ἄλλους
368 400 458 433 ἄλλοις
486 401 626 437 ἐκδοθῆναι
654 403 768 431 θανάτου
797 404 907 440 τρόποις
921 406 969 432 καὶ

184 445 321 477 ποικίλαις
351 446 434 479 ἰδέαις
465 447 611 475 κολάσεων.
646 449 698 476 Τὸν
728 449 819 484 μέντοι
850 450 968 486 δυσσεϐῆ

183 489 318 526 Γεώργιον
334 492 383 526 τῆς
400 493 547 528 ἐκκλησίας
566 494 604 525 ὡς
618 491 690 529 εἶχον
715 494 903 529 ἐξαγαγόντες,
921 496 968 522 καί

184 544 256 568 τινος
267 537 388 573 καμήλου
404 538 575 574 ἐκδήσαντες,
596 540 689 576 ἐπειδὴ
714 540 837 576 σφοδρῶς
856 541 936 568 αὐτὸν
950 543 966 576 ἡ

184 581 306 618 κάμηλος
321 584 466 620 σπαράξειέ
487 584 525 621 (η)
541 595 571 612 τε
585 586 632 613 καὶ⁴
651 586 836 619 διασπάσαιτο,
850 585 909 614 εἶτα
921 587 969 614 καὶ

186 627 251 664 ὓλην
268 629 364 666 ἱκανὴν
383 632 626 667 συμφορήσαντες,
645 634 693 660 καὶ
710 632 766 669 πῦρ
784 634 812 660 ὲν
829 635 904 670 κοινῇ
920 633 969 669 θέᾳ

186 674 339 710 ὕφάψαντες
360 676 428 713 αὐτῇ
452 679 577 714 καμήλῳ,
599 679 692 706 τοῦτον
714 679 894 707 κατέκαυσαν.
917 679 969 707 Οὖ-

184 729 238 753 τως
249 722 293 756 ὑφ’
307 722 348 749 ἑνὶ
364 724 413 758 μὲν
426 724 464 759 τῷ
477 725 581 760 τρόπῳ,
595 725 733 761 διαφόροις
746 725 774 752 δὲ
783 727 843 757 ταῖς
858 726 967 758 αίτίαις,

183 766 208 793 οί
225 767 274 802 μὲν
290 768 419 804 μακάριοι
435 769 482 796 τοῦ
499 770 602 802 τέλους,
616 770 630 796 ὁ
642 769 669 796 δὲ
684 769 774 801 ἄθλιος
788 769 834 796 τοῦ
851 770 968 797 θανάτου

183 810 229 838 τὸν
247 811 303 846 βίον
319 813 495 849 μετήλλαξαν.
522 815 576 842 Καὶ
600 815 634 842 τὰ
656 815 707 850 μὲν
728 815 789 841 κατ’
812 815 910 847 αὐτοὺς
929 816 968 847 είς

184 858 263 887 τοῦτο
275 858 328 893 ὲχώ
333 867 383 894 ρει.

220 903 265 931 25.
289 905 427 938 Ἰουλιανὸς
438 905 467 933 δὲ
481 905 528 933 τοῦ
554 907 654 939 παντὸς
673 907 743 935 οὕτω
762 907 864 943 Κύριος
885 915 968 934 κατα-

186 951 261 983 στὰς,
275 951 321 978 καὶ
339 952 502 989 ἀνατρέπειν
520 954 570 986 τὰς
590 954 779 981 Κωνσταντίου
796 954 910 990 πράξεις
926 954 970 990 ἕρ-

184 1005 233 1031 τον
249 997 425 1033 ποιούμενος,
448 999 518 1034 εγνω
534 1000 582 1027 καὶ
601 1000 664 1032 τοὺς
683 1001 711 1027 ἐν
729 1001 886 1036 ὑπερορίαις
903 1001 970 1027 ἀνα-

183 1042 333 1070 καλεῖσθαι.
349 1044 435 1082 Ὅπερ
446 1044 492 1072 οὖν
510 1045 602 1081 μαθὼν
626 1046 796 1080 Ἀθανάσιος,
818 1049 865 1075 καὶ
880 1048 970 1080 δείσας

184 1089 282 1126 μήκαὶ
302 1091 443 1118 Ἰουλιανὸν
464 1093 488 1121 et
505 1092 555 1127 τῆς
577 1093 681 1129 Ἀρείου
701 1094 798 1129 μοίρας
819 1094 970 1128 φθάσαντες

182 1137 392 1171 ἐπαγάγωνται·
416 1138 547 1173 (ήγνοείτο
574 1138 628 1174 γὰρ
654 1139 693 1166 ἔτι
715 1140 746 1166 τὸ
773 1139 902 1171 δυσσεϐὲς
921 1140 970 1175 τῆς

183 1182 286 1209 ἑκείνου
300 1183 388 1218 ψυχῆς
395 1183 508 1211 ἄπιστόν
521 1192 550 1210 τε
563 1184 610 1212 καὶ
618 1184 766 1220 φιλομόχθη
772 1193 816 1220 ρον
827 1185 846 1220 ·)
859 1184 910 1211 ὑπὸ
923 1184 969 1211 νύ-

184 1235 236 1254 κτα
247 1227 294 1253 τοῦ
306 1229 378 1254 οἴκου
391 1228 501 1263 βαθεῖαν
517 1229 643 1265 ἀπάρας,
656 1230 703 1263 ἀφ’
725 1226 754 1256 οὗ
772 1229 969 1264 πεφυγάδευτο,

184 1273 214 1299 ὲν
239 1273 371 1309 ἐκκλησίᾳ
392 1274 460 1310 μέσῃ
476 1275 509 1310 τῇ
523 1274 578 1301 τῶν
595 1274 790 1310 Ἀλεξανδρέων
802 1275 969 1310 εὑρίσκεται.

184 1319 218 1346 Τί
241 1319 275 1346 ἄν
290 1328 331 1352 τις
346 1320 437 1353 διεξίοι
458 1320 492 1347 τά
515 1320 561 1347 ἐπὶ
578 1321 701 1352 sou-tom;
721 1321 794 1352 ὅπως
814 1321 863 1356 μὲν
885 1320 970 1356 ἡδέως

183 1365 265 1392 αὑτὸν
284 1366 444 1400 ἐθεάσαντο,
457 1368 532 1399 ὅπως
554 1367 582 1394 δὲ
602 1366 671 1393 κατὰ
691 1367 754 1394 θέαν
775 1367 879 1394 ἐκείνου
903 1375 970 1393 παν-

182 1411 297 1446 ταχόθεν
307 1411 476 1448 ἡθροίζοντο,
493 1413 507 1439 ὁ
521 1413 622 1448 κλῆρος
632 1432 639 1443 ,
652 1413 669 1448 ἡ
686 1412 778 1444 πόλις,
802 1413 817 1439 ό
828 1412 927 1447 δῆμος,
945 1412 969 1438 oi

186 1457 235 1493 μὲν
253 1457 362 1493 θερμῶς
378 1457 601 1494 εὐχαριστοῦντες
616 1458 665 1493 τῆς
679 1457 824 1490 ἐπανόδου,
846 1459 871 1484 οί
883 1457 910 1484 δὲ
923 1457 969 1484 τὸν

186 1503 286 1540 μεταξὺ
304 1504 398 1540 χρόνον
418 1505 640 1539 διεγκαλοῦντες,
666 1505 714 1532 καὶ
737 1504 786 1540 τὴν
802 1503 903 1539 ζημίαν
918 1503 968 1530 αὺ-

1020 267 1097 294 multi
1110 268 1184 300 επεὶ,
1203 267 1248 294 alii
1267 268 1402 300 cruciﬁxi,
1429 275 1496 302 quos
1519 267 1623 295 scilicet
1640 268 1713 294 vivos
1727 274 1799 294 com-

1019 312 1185 347 prehendere
1203 317 1358 348 potnerunt,
1376 313 1422 340 alii
1439 313 1500 340 aliis
1514 313 1652 348 suppliciis
1663 313 1799 347 variisque

1019 359 1188 386 cruciatunm
1203 359 1346 394 generibus
1362 359 1449 386 necati
1465 358 1575 386 fuerim.
1601 357 1713 392 lmpium
1733 365 1800 386 sane

1018 403 1162 439 Georgium
1184 404 1320 439 extemplo
1341 404 1456 431 ecclesia
1481 409 1645 436 extractum,
1669 411 1731 431 cum
1757 411 1800 430 ca-

1019 450 1089 476 melo
1108 450 1214 476 cuidam
1239 450 1404 484 alligassem,
1426 455 1453 477 et
1474 449 1594 477 camelus
1619 449 1693 476 illum
1717 449 1799 476 vebe-

1019 500 1124 523 menter
1146 495 1303 522 diianiasset
1325 501 1354 523 et
1375 495 1562 528 distraxisset,
1577 494 1751 529 comportatis
1769 494 1800 521 li-

1019 542 1080 576 gnis
1105 541 1210 574 multis,
1231 541 1408 575 omniumque
1431 540 1482 568 sub
1502 544 1648 575 conspectu
1669 546 1800 567 succenso

1019 587 1091 622 igne,
1111 595 1172 614 eum
1195 594 1248 614 una
1265 594 1325 614 cum
1341 586 1445 614 camelo
1467 587 1649 614 combuSsere.
1664 586 1751 620 Atque
1762 586 1800 613 ita

1019 640 1073 660 uno
1096 633 1189 668 utique
1210 632 1302 664 modo,
1329 631 1411 659 variis
1434 636 1523 658 tamen
1551 632 1583 658 de
1606 631 1705 662 causis,
1730 631 1800 658 beati

1019 678 1130 714 quidem
1145 678 1183 706 illi
1202 677 1275 705 felici
1294 678 1379 710 exitu,
1394 677 1440 704 hic
1459 684 1524 705 vero
1541 677 1621 704 miser
1637 676 1746 707 infelici,
1763 676 1802 703 vi-

1019 730 1073 751 tam
1091 732 1152 751 cum
1174 728 1262 752 morte
1275 726 1486 752 commutaruut.
1512 722 1545 750 Et
1556 723 1612 750 haec
1622 722 1728 757 quidem
1749 721 1801 751 illis

1019 770 1152 798 accidere.

1056 915 1101 942 25.
1122 913 1244 941 lulianus
1268 919 1347 948 porro
1374 912 1494 940 omnium
1517 911 1641 939 dominus
1663 917 1694 938 eo
1723 912 1803 944 pacto

1019 961 1191 992 constitutus,
1222 967 1282 987 cum
1305 958 1443 985 statuisset
1462 957 1550 984 omnia
1573 955 1719 984 Constantii
1737 955 1802 982 abo-

1019 1005 1076 1033 lere
1094 1010 1163 1037 acta,
1179 1003 1297 1032 decrevit
1316 1008 1345 1030 ut
1361 1003 1379 1030 ii
1403 1003 1447 1037 qui
1468 1002 1623 1030 exsulareut
1645 1002 1678 1030 ab
1706 1001 1801 1028 exsilio

1020 1055 1222 1079 revocarentur.
1240 1049 1315 1083 Quod
1330 1057 1390 1076 cum
1404 1049 1542 1077 didicisset
1566 1049 1738 1080 Athanasius.
1753 1055 1800 1075 ve-

1019 1099 1088 1126 ritus
1104 1104 1138 1124 ne
1149 1097 1231 1124 etiam
1255 1095 1390 1123 Julianum
1404 1095 1496 1122 Ariani
1516 1095 1670 1129 abriperent
1687 1094 1802 1130 (ignora-

1001 1150 1007 1155 '
1019 1145 1065 1172 bat
1075 1144 1147 1171 enim
1163 1143 1252 1170 adhuc
1282 1141 1379 1169 anima:
1399 1141 1471 1169 illius
1495 1141 1670 1175 impietatem,
1685 1139 1801 1168 inﬁdeli-

1020 1195 1114 1222 tatem,
1138 1187 1291 1222 maiitiam),
1315 1187 1430 1214 obscura
1462 1191 1541 1214 nocte
1566 1186 1702 1221 profectus
1721 1185 1803 1212 domo

1020 1237 1053 1264 ad
1083 1242 1162 1269 quam
1187 1234 1366 1268 confugerat,
1389 1234 1415 1261 in
1445 1233 1533 1261 media
1556 1232 1800 1260 Alexandrinorum

1019 1281 1134 1309 ecclesia
1156 1280 1300 1315 reperitur.
1333 1278 1398 1313 Quis
1426 1285 1507 1313 porro
1538 1278 1706 1305 enarraverit
1738 1282 1799 1311 qua:

1021 1332 1075 1355 tum
1100 1330 1174 1362 gesta
1203 1325 1287 1354 sunt?
1302 1333 1382 1360 quam
1405 1324 1521 1352 libenter
1542 1323 1644 1350 scilicet
1660 1329 1720 1349 eum
1737 1329 1802 1348 con-

1020 1373 1172 1408 spexerint;
1187 1371 1321 1406 quomodo
1349 1371 1381 1398 ad
1398 1375 1572 1405 conspectum
1603 1368 1660 1404 ejus
1684 1367 1802 1402 undique

1019 1419 1106 1447 coacti
1121 1418 1186 1450 sint,
1200 1418 1299 1449 clerus,
1318 1417 1424 1449 civitas,
1439 1415 1572 1451 populus:
1591 1414 1635 1441 alii
1660 1421 1693 1441 ex
1710 1412 1802 1440 animo

1020 1466 1121 1501 gratias
1148 1469 1258 1499 agentes
1278 1463 1312 1490 de
1334 1462 1420 1490 reditu
1437 1470 1444 1495 ;
1471 1461 1515 1489 alii
1532 1461 1565 1488 de
1582 1464 1654 1487 tanta
1670 1466 1745 1486 mora
1757 1465 1801 1485 ar-

1020 1516 1142 1546 guentes,
1168 1516 1200 1536 ac
1230 1509 1357 1537 damnum
1378 1515 1412 1535 ex
1437 1507 1495 1541 ejus
1522 1506 1644 1534 absentia
1662 1505 1801 1532 subortum

183 1549 223 1585 τῷ
235 1551 283 1577 καὶ
298 1551 347 1586 τὴν
365 1550 491 1586 στέρησιν
516 1550 699 1583 ὀνειδίζοντες.
720 1549 787 1578 Εἶτα
803 1550 897 1585 ὥσπερ
908 1550 967 1576 ἱκα-

1020 1556 1227 1590 exprobrantes.
1243 1554 1344 1582 Deinde
1356 1553 1434 1588 quasi
1453 1560 1508 1580 sua:
1522 1559 1584 1586 erga
1599 1550 1671 1578 illum
1686 1550 1802 1577 bcnevo—

184 1595 233 1630 νήν
245 1603 305 1622 τινα
318 1596 410 1622 πίστιν
422 1597 473 1631 τῆς
491 1596 560 1632 πρὸς
576 1596 655 1622 αὑτὸν
674 1596 779 1627 εὐνοίας
790 1596 964 1631 παρέχοντες,

184 1640 271 1673 ᾶλλως
288 1649 318 1668 τε
336 1641 364 1668 δὲ
387 1641 435 1668 καὶ
451 1642 504 1668 ἀπὸ
522 1642 605 1677 μόνης
619 1642 666 1678 τῆς
682 1641 728 1669 τοῦ
741 1641 823 1668 καλοῦ
840 1641 966 1677 ποιμένος

184 1687 289 1714 ἐκείνου
306 1689 456 1722 παρουσίας
472 1688 588 1724 θάρσους
602 1687 714 1724 ἔμπλεοι
724 1709 731 1721 ,
742 1687 792 1719 τὰς
806 1687 894 1723 ψυχὰς
915 1695 966 1714 κα-

183 1732 330 1764 ⁴ιιαστιιὶνστξες
347 1732 492 1765 ἐξωθοῦσιν
503 1732 601 1759 αὐτίκα
615 1733 756 1768 μάλατοὺς
771 1732 966 1768 Ἀρειανιστάς,

184 1778 231 1804 καὶ
245 1777 293 1813 τὴν
307 1778 383 1805 πόλιν
404 1777 563 1813 Ἀθανασίῳ,
575 1779 624 1805 καὶ
635 1779 748 1810 ἑαυτοὺς
759 1777 966 1813 ἐγχειρίζουσιν.

183 1823 215 1850 Οἱ
226 1822 264 1855 δὲ,
280 1823 328 1850 καὶ
345 1823 431 1855 οὕτως
443 1824 562 1859 αἰσχρῶς
582 1824 752 1860 ἐλαυνόμενοι
763 1843 770 1855 ,
787 1825 834 1850 καὶ
849 1825 888 1855 είς
904 1824 968 1858 ἐρή-

186 1876 252 1903 μους
267 1867 366 1900 τόπους
382 1868 458 1900 τινὰς
486 1869 532 1895 καὶ
558 1869 680 1905 ἀσήμους
703 1868 966 1904 κατακρυπτόμενοι,

183 1913 245 1940 οὐδὲ
263 1913 333 1940 οὕτω
351 1914 400 1949 τῆς
421 1914 519 1949 μανίας
540 1915 645 1950 ἐκείνης
666 1915 713 1942 κο.)⁴
728 1915 776 1950 τῆς
791 1914 889 1950 λύττης
901 1914 968 1941 ἀπέ-

183 1958 277 1995 ληγον,
297 1959 365 1986 ἀλλά
387 1960 433 1987 καὶ
445 1960 581 1996 Γεωργίου
598 1960 691 1993 δίκας,
702 1960 739 1992 ὡς
757 1960 806 1996 ήδη
818 1960 968 1995 φθάσαντες

184 2007 307 2043 εἴπομεν,
323 2007 485 2042 ὑποσχόντος
502 2007 710 2040 ἀξίας,Λούκιον
725 2008 830 2038 ἑαυτοῖς
842 2005 968 2033 ἀντικαθ-

187 2053 297 2085 ιστῶσι,
329 2054 376 2080 καὶ
402 2054 492 2080 πᾶσαν
522 2053 568 2080 ὑπ’
588 2052 662 2088 αὐτῷ
681 2052 761 2080 πάλιν
781 2052 829 2088 τὴν
844 2053 907 2088 περὶ
920 2051 969 2083 τὰς

185 2097 305 2133 αἱρέσεις
316 2098 435 2134 σπουδὴν
445 2097 630 2132 ἐπανάγουσι,
648 2097 768 2124 τοιούτου
790 2097 880 2128 αὐτοῖς
901 2105 968 2132 προ-

185 2143 302 2176 εστῶτος
318 2144 466 2171 ἐπισκόπου
479 2143 526 2179 (b),
541 2145 574 2179 τῇ
586 2143 697 2179 ἀσεϐείᾳ
711 2144 757 2170 καὶ
768 2143 888 2179 ὠμότητι
904 2142 968 2177 παρ’

185 2189 290 2216 ἐκείνου
312 2189 443 2224 μηδαμῶς
463 2188 634 2224 ἡττηθέντος.
652 2188 709 2215 Νῦν
733 2188 783 2223 μὲν
803 2187 849 2214 οὖν
868 2187 902 2214 τὰ
922 2186 968 2213 τοῦ

1019 1601 1109 1629 lentiae
1124 1601 1191 1628 satis
1205 1600 1283 1628 ﬁdem
1300 1599 1443 1631 fecissent,
1463 1598 1583 1632 aliasque
1598 1604 1630 1624 ex
1657 1595 1713 1623 sola
1738 1594 1801 1622 boni

1020 1648 1094 1676 illius
1108 1647 1225 1682 pastoris
1241 1645 1382 1680 praesentia
1398 1644 1496 1672 ﬁducia
1513 1641 1625 1677 repleti,
1637 1638 1802 1668 contirmatis

1019 1693 1117 1720 animis
1127 1692 1326 1727 quamprimum
1343 1690 1459 1717 Arianos
1472 1688 1539 1715 urbe
1556 1686 1667 1722 pellunt,
1680 1684 1802 1711 Athana-

1020 1739 1113 1773 sioque
1127 1738 1262 1764 civitatem
1295 1743 1327 1764 ac
1346 1736 1449 1770 seipsos
1470 1734 1587 1762 tradunt.
1602 1732 1643 1760 illi
1663 1739 1739 1763 vero,
1751 1730 1802 1758 etsi

1020 1785 1057 1812 ita
1073 1783 1186 1818 turpiter
1200 1781 1306 1813 exacti,
1320 1786 1347 1808 et
1369 1781 1403 1808 ad
1431 1781 1536 1808 deserta
1560 1779 1681 1813 quaedam
1704 1779 1802 1806 obscu-

1019 1836 1104 1863 raque
1118 1829 1177 1856 loca
1192 1827 1332 1858 occultati.
1347 1833 1515 1860 nequaquam
1527 1829 1616 1852 tamen
1641 1825 1802 1851 destiterunt

1021 1883 1036 1903 a
1050 1874 1140 1902 furore
1157 1873 1201 1901 illo
1216 1877 1296 1908 atque
1318 1871 1423 1899 insania
1435 1891 1443 1903 ,
1460 1870 1507 1897 sed
1527 1869 1632 1897 etiamsi
1660 1867 1801 1902 Georgius,

1021 1922 1058 1949 uti
1074 1928 1154 1954 supra
1165 1917 1446 1952 diximus,condignas
1465 1916 1557 1942 luisset
1569 1921 1674 1949 poenas,
1690 1912 1802 1940 Lucium

1021 1967 1071 1995 sibi
1082 1966 1140 2000 ejus
1153 1966 1211 1993 loco
1223 1964 1389 1992 constituunt
1405 1982 1412 1995 ,
1428 1966 1558 1989 ctrursus
1572 1960 1622 1987 sub
1636 1959 1682 1986 illo
1695 1964 1802 1985 omnem

1021 2020 1130 2048 operam
1148 2011 1242 2039 lueresi
1257 2013 1366 2042 navant,
1386 2008 1464 2035 talem
1488 2006 1561 2034 nacti
1580 2004 1732 2040 prmsulem,
1753 2009 1802 2030 nec

1023 2058 1127 2088 malitia
1141 2065 1191 2085 nec
1206 2056 1344 2090 impietate
1362 2053 1398 2081 illi
1418 2053 1584 2080 inferiorem.
1595 2051 1652 2079 Jam
1665 2050 1739 2085 impii
1753 2048 1803 2077 Ju-

1022 2104 1086 2132 liani
1117 2102 1186 2130 mala
1215 2102 1303 2129 obiter
1321 2099 1504 2133 attingamus,
1529 2097 1741 2131 adjiciamusque
1770 2101 1803 2121 ea

1022 2149 1121 2184 quibus
1136 2147 1178 2174 vir
1195 2146 1239 2174 ille
1255 2152 1369 2180 magnus
1389 2143 1504 2170 aﬁlictus
1521 2146 1562 2169 est
1577 2163 1585 2172 ,
1603 2141 1679 2175 cujus
1700 2139 1804 2166 scilicet

1022 2183 1087 2226 vita,
1100 2198 1236 2227 nunquam
1249 2190 1291 2217 vel
1308 2188 1441 2216 tantillum
1471 2187 1597 2223 periculis
1614 2184 1804 2217 laboribusque
1818 2183 1821 2195 '

185 2234 300 2266 ἀσεϐοῦς
322 2235 465 2262 Ἰουλιανοῦ
481 2233 566 2266 κακὰ,
583 2234 630 2261 καὶ
642 2234 692 2270 τὴν
710 2233 836 2260 ἀσέϐειαν
854 2234 882 2259 ὲν
901 2241 968 2269 παρ-

1022 2246 1105 2267 vacua
1132 2237 1194 2265 fuit.
1208 2236 1275 2264 Cum
1296 2236 1367 2263 enim
1392 2234 1491 2268 impius
1515 2232 1637 2259 Julianus
1659 2228 1803 2263 imperium

185 2280 239 2316 όδῳ
260 2281 274 2306 ὁ
285 2280 362 2315 λόγος
377 2279 502 2316 δηλώσει,
525 2279 653 2314 προσθεὶς
667 2279 714 2306 καὶ
733 2278 768 2305 τὰ
783 2278 830 2305 τοῦ
852 2278 969 2313 μεγάλου

184 2327 306 2360 ἐκείνου,
323 2327 382 2359 πῶς
394 2335 424 2354 τε
443 2326 526 2354 αὑτοῦ
546 2326 621 2354 οὐδὲν
641 2326 721 2362 μέρος
742 2325 789 2352 τοῦ
807 2325 865 2361 βίου
882 2325 970 2352 κινδύ-

184 2382 238 2400 νων
262 2373 310 2400 καὶ
327 2373 440 2408 ἀγώνων
462 2372 515 2405 ἔξω
541 2373 665 2408 ὑπῆρχε·
688 2371 734 2399 τοῦ
768 2371 823 2407 γὰρ
854 2371 970 2403 ἀσεϐοῦς

191 2419 334 2446 Ἰουλιανοῢ
361 2420 407 2446 ἐπὶ
429 2420 478 2455 τὴν
500 2418 637 2455 βασιλείαν
658 2418 818 2453 φθάσαντος,
844 2418 890 2445 καὶ
912 2418 968 2450 τοῖς

183 2466 302 2501 δαίμοσι,
326 2464 382 2497 οἷος
403 2463 438 2500 ἣν
452 2465 500 2492 καὶ
520 2465 611 2497 αὐτὸς,
627 2465 675 2492 καὶ
693 2465 748 2491 τῶν
765 2464 833 2492 θεῶν
856 2464 969 2499 ὀνόμασι

186 2512 286 2547 μᾶλλον
300 2512 317 2548 ἦ
331 2513 388 2544 τοῖς
404 2512 475 2544 θεοῖς
490 2511 608 2543 θύοντος,
621 2512 695 2538 πᾶσα
713 2512 762 2547 μὲν
779 2511 832 2538 τῶν
846 2510 971 2547 Χριστια-

184 2557 238 2584 νῶν
258 2557 405 2594 Ἐκκλησία
424 2558 599 2594 ἐταράττετο·
615 2558 640 2584 οί
651 2557 679 2584 δὲ
692 2557 746 2584 τῶν
757 2557 889 2593 Ἐλλήνων
900 2557 970 2588 ναοὶ,

184 2604 210 2630 οἱ
228 2603 276 2639 μὲν
291 2604 467 2639 ἀνεῴγεισαν,
481 2605 505 2631 oi
519 2603 548 2630 δὲ
569 2602 742 2631 ἀνενεοῦντο·
762 2603 828 2630 ἀλλὰ
848 2603 901 2639 μὴν
924 2603 972 2630 καὶ

184 2650 240 2677 νέοι
251 2649 447 2686 ᾡκοδομοῦντο,
459 2650 505 2677 καὶ
519 2650 599 2677 πάλιν
613 2650 710 2677 κνίσσα
722 2650 769 2677 καὶ
783 2649 886 2681 καπνὸς
901 2657 971 2676 παν·

185 2695 280 2731 ταχοῦ,
295 2696 343 2723 καὶ
357 2696 458 2729 θυσίαι,
475 2696 521 2724 καὶ
535 2696 617 2731 τομαὶ
627 2695 714 2728 ζώων,
728 2696 775 2723 καὶ
788 2693 867 2730 αἷμα,
880 2694 927 2722 καὶ
940 2695 969 2722 ἐν

1022 2287 1197 2319 occupasset,
1213 2289 1245 2308 ac
1259 2280 1425 2309 dmmonibus
1437 2278 1525 2314 qualis
1536 2277 1593 2312 ipse
1615 2279 1683 2306 erat,
1698 2274 1802 2308 potius-

1024 2338 1078 2366 que
1093 2331 1204 2357 deorum
1223 2326 1388 2359 nominibus,
1406 2331 1487 2359 quam
1498 2323 1550 2350 diis
1565 2321 1728 2352 immolaret,
1746 2323 1802 2346 tota

1023 2364 1132 2412 quidem
1157 2373 1279 2402 Ecclesia
1301 2371 1515 2400 Christianorum
1541 2367 1698 2403 perturbata
1724 2364 1801 2395 fuit;

1022 2410 1178 2451 Graecorum
1193 2427 1258 2448 vero
1271 2417 1380 2452 templa.
1398 2415 1450 2442 alia
1470 2418 1574 2448 aperta,
1587 2411 1637 2438 alia
1652 2410 1802 2437 instaurata

1023 2472 1097 2498 sunt,
1114 2467 1170 2494 imo
1189 2473 1258 2493 nova
1269 2466 1418 2492 exstructa.
1431 2461 1471 2488 Ac
1486 2466 1593 2486 rnrsnm
1609 2457 1686 2484 nidor
1704 2455 1803 2488 ubique

1020 2519 1048 2543 et
1064 2514 1165 2545 fumus.
1196 2510 1342 2543 sacriﬁcia,
1360 2508 1496 2537 sectiones
1519 2503 1672 2533 animalium
1691 2510 1698 2528 :
1720 2506 1747 2529 et
1776 2501 1803 2528 in

1021 2559 1091 2592 ipsa,
1106 2557 1150 2584 bei
1169 2555 1253 2583 mihi!
1276 2552 1446 2582 Constantini
1458 2551 1535 2582 urbe,
1562 2549 1689 2576 Fortuna:
1715 2548 1803 2573 statua

1022 2591 1050 2632 et
1065 2603 1208 2630 libationes
1222 2599 1345 2636 publice,
1372 2598 1467 2627 hostia:
1493 2601 1521 2624 et
1542 2595 1594 2622 alia
1629 2591 1803 2628 bnjusmodi,

1022 2651 1184 2685 imperatore
1204 2654 1296 2675 curam
1323 2652 1432 2674 omnem
1459 2642 1620 2678 imperiique
1641 2643 1801 2676 potestatem

1022 2698 1115 2722 contra
1130 2693 1256 2729 pietatem
1270 2690 1423 2719 adbibente.

185 2727 277 2780 αὐτῇ,
290 2743 380 2780 οἴμοιι
411 2727 459 2771 τοῦ
483 2727 692 2779 ,Κωνσταντίνου
707 2727 795 2770 πόλει
819 2727 920 2778 -Τύχης
941 2742 972 2771 τὺ
995 2727 1139 2778 ἄγαλμαί
1158 2740 1206 2767 καὶ
1231 2737 1343 2766 σπονδαὶ
1367 2735 1493 2773 δημοσίᾳ.
1523 2733 1570 2762 καὶ
1585 2732 1702 2768 θύματα,
1724 2727 1760 2757 τά
1773 2735 1802 2755 ’³

234 2843 262 2882 ᾳ)
277 2843 342 2882 Mss.
349 2839 462 2882 omnes,
481 2845 639 2882 σπαράξειε.

234 2880 260 2912 ιι)
272 2880 314 2914 Ab
328 2881 403 2910 hisce
418 2882 508 2912 verbis
519 2879 661 2911 contextus
675 2880 703 2910 in
721 2879 798 2914 Colb.
815 2879 841 2916 l,
860 2879 888 2914 2,
902 2884 930 2910 et
939 2879 967 2911 in

1024 2842 1092 2878 Reg.
1107 2842 1146 2870 ita
1169 2841 1304 2878 discrepat
1325 2838 1358 2869 ab
1372 2837 1468 2872 editis,
1489 2835 1533 2866 vix
1553 2837 1582 2863 ut
1601 2839 1654 2861 una
1669 2827 1801 2861 sententia

1020 2876 1093 2911 inter
1107 2885 1136 2908 se
1149 2876 1290 2914 quadrent.
