2027 3042
234 167 318 188 CCVIII

892 182 896 186 .
920 156 1188 186 PROLEGOMENA.

233 219 300 246 ἄλλα
319 217 440 251 τοιαῦτα,
455 218 501 246 τοῦ
524 217 654 253 βασιλέως
672 219 760 244 πᾶσαν
779 218 894 254 σπουδὴν
930 219 976 246 καὶ
1007 219 1055 255 τῆς
1074 219 1211 254 βασιλείας
1232 217 1262 244 τὺ
1293 218 1392 254 κράτος
1422 218 1492 245 κατά
1519 218 1569 254 τῆς
1597 219 1736 252 εὐσεϐείας
1757 223 1856 250 ἐπιτεί-

239 273 295 293 Ιοντ
300 273 339 296 ος.

272 312 318 339 ‘26.
339 310 406 338 Tum
421 310 501 338 etiam
523 309 615 343 Maris,
635 309 815 338 Chalcedonis
841 310 868 337 in
898 309 1021 346 Bithynia

1108 309 1152 336 26.
1173 307 1240 334 Τότε
1253 307 1284 344 δὴ
1298 308 1345 334 καὶ
1357 309 1464 343 Μάρις.
1478 309 1491 334 ό
1504 309 1553 344 τῆς
1579 308 1607 335 ὲν
1624 309 1734 345 Βιθυνίᾳ
1749 310 1856 347 Χαλκη-

238 359 391 392 episcopus,
405 357 596 391 imperatorem
609 356 703 383 adiens
718 356 805 390 palam
820 355 1023 383 conviciabatur

239 404 288 435 illi,
302 403 423 436 impium,
435 407 602 437 apostatatu,
627 401 737 429 atheunt
754 406 781 428 et
809 401 907 429 similia
933 401 1024 436 profe-

239 456 311 477 rens.
331 448 396 475 Erat
412 455 493 481 porro
509 447 593 474 Maris
607 455 661 482 prae
678 452 817 474 senectute
831 447 958 475 laborans
972 455 1024 475 ca:-

238 496 330 522 citate.
351 493 473 521 Julianus
489 501 551 521 vero
572 493 749 521 contumelias
772 494 845 529 juste
870 494 957 521 illatas
984 494 1023 520 in-

235 541 309 575 juste
320 540 482 574 depellebat,
496 540 636 575 garrulum
653 547 714 566 eum
738 544 765 567 et
792 547 891 566 carcum
913 547 1022 571 vocans,

239 591 318 619 quem
334 592 422 619 neque
436 585 506 612 Deus
523 583 696 611 Galilaeorum
723 589 857 612 satiasset.
872 584 918 612 Ille
948 585 1022 618 quasi

239 630 349 658 stimulo
366 630 528 661 concitatus,
549 638 610 657 cum
624 630 722 658 ﬁducia
736 630 892 665 imperatori
914 638 1024 664 respon-

239 678 297 705 dit:
314 677 424 704 Gratias
438 684 499 711 ago,
514 677 612 712 inquit,
633 677 698 710 Deo,
708 677 754 712 qui
770 685 812 704 me
831 677 863 704 ad
880 677 1023 704 utilitatem

238 733 326 754 meam
356 726 502 753 excrecavit
519 745 527 758 ,
550 733 584 752 ne
608 725 789 760 impudentem
814 725 917 752 vultum
950 730 1023 752 tutum

239 771 436 806 con5picerem,
451 771 496 806 qui
516 776 568 799 tam
592 776 718 806 proterve
743 772 769 798 iu
794 772 958 806 impietatem
979 772 1024 799 de-

239 818 331 852 lapsus
344 825 384 845 es.
403 817 488 851 IIujus
508 817 643 845 libertatis
662 818 786 852 exemplo
801 818 929 845 commoti
951 817 1024 845 Jovi-

239 862 336 890 nianus
361 867 390 890 et
417 861 632 894 Valentinianus.
664 863 752 890 soluta
779 863 885 897 cingula
911 867 1024 899 tyranno

238 908 419 942 projecerunt.
441 907 508 940 Nos,
524 907 660 942 inquiunt,
685 914 783 943 prmsto
806 917 899 937 sumus
915 915 1024 945 propter

240 953 378 981 Christum
394 953 477 981 vitam
505 954 591 988 Ipsam
607 955 723 981 tradere.
742 955 893 990 Imperator
921 956 1022 991 itaque,

239 1004 267 1026 et
278 999 324 1034 qui
339 1006 399 1026 cum
415 1006 448 1026 eo
463 999 625 1033 sentiebant,
641 999 771 1027 adversus
785 1001 854 1036 piam
869 1002 1022 1037 religionem

240 1049 295 1071 tum
312 1045 513 1079 conspirabant,
548 1049 576 1072 et
598 1045 734 1079 sapientes
759 1047 868 1082 quidam
893 1048 938 1082 qui
963 1055 1022 1075 cum

239 1090 288 1118 illo
302 1091 493 1124 versabantur,
506 1098 617 1126 magos,
644 1092 789 1125 veneﬁcos,
812 1097 840 1120 et
861 1094 1024 1122 divinatores

241 1141 412 1172 coegerunt,
443 1140 626 1172 rogarunlque
651 1138 813 1165 sententiam
828 1157 837 1169 ,
868 1146 922 1173 quo
947 1145 1024 1174 pacto

239 1183 410 1210 Christianos
424 1183 458 1211 de
479 1185 567 1212 medio
585 1183 721 1211 tollerent.
749 1184 875 1212 Omnium
893 1193 945 1212 una
962 1193 1021 1213 sen-

239 1229 325 1256 tentia
356 1228 406 1256 I‘uit
438 1234 469 1256 ut
505 1229 671 1258 Athanasius
705 1231 882 1258 occideretur.
914 1231 1024 1259 Sublato

239 1282 355 1309 namque
373 1273 547 1303 lundamento
567 1275 646 1303 facile
659 1275 717 1303 fore
737 1276 856 1312 reliquas
877 1277 937 1305 ﬁdei
963 1285 1024 1312 par-

240 1325 280 1348 tes
303 1321 462 1349 dissolvere.
480 1321 596 1349 Rursum
613 1322 703 1357 itaque
725 1322 837 1358 judicia,
861 1331 967 1351 rursum
981 1324 1024 1358 ju-

239 1366 314 1393 dices
325 1367 370 1401 qui
385 1367 607 1399 condemnarent,
626 1375 732 1395 rursum
751 1369 850 1396 missus
862 1368 998 1397 exercitus
1015 1378 1022 1395 :

240 1413 363 1439 turbatur
378 1413 493 1448 populus
503 1433 511 1446 ,
525 1413 689 1440 Alexandria
705 1414 923 1448 circumsidetur,
937 1415 1024 1443 eccle-

239 1456 279 1483 sia
308 1457 488 1491 deprzedatur,
508 1458 659 1486 Athanasio
688 1459 721 1486 ad
751 1466 842 1487 necem
864 1460 1023 1494 perquisito.

240 1501 293 1530 Sed
306 1509 368 1529 cum
384 1503 465 1530 etiam
485 1508 548 1531 tunc
576 1505 621 1533 ille
636 1513 685 1540 per
707 1505 822 1532 medium
838 1505 944 1532 illorum
959 1513 1024 1533 eva-

239 1547 326 1580 deret,
339 1548 428 1576 nullus
447 1557 507 1576 eum
519 1552 644 1586 cognovit
660 1559 666 1577 :
684 1550 737 1578 imo
755 1550 799 1584 qui
812 1550 937 1577 videbant
952 1551 1026 1585 igno-

239 1594 336 1620 rabant
354 1601 416 1621 eum
424 1594 584 1629 esse,cujus
600 1603 680 1623 causa
700 1595 852 1628 ecclesiam,
871 1595 915 1623 hei
941 1596 1023 1623 mihi!

242 1643 315 1666 tanta
328 1639 443 1667 militum
467 1648 564 1668 manus
585 1641 737 1673 obsederat,
756 1641 831 1676 cujus
853 1642 916 1669 item
943 1649 1023 1668 causa

240 1684 298 1712 vias
312 1692 407 1712 omnes
421 1686 506 1713 armis
527 1685 748 1714 intercluserant.
767 1686 812 1714 Sic
827 1687 917 1722 igitur,
933 1694 1026 1720 super-

241 1738 275 1757 na
288 1730 409 1758 munitus
421 1738 502 1758 manu
514 1731 688 1765 Athanasius,
710 1732 880 1760 inimicorum
905 1733 1027 1760 manibus

240 1776 359 1810 elapsus,
373 1776 417 1803 vix
429 1775 483 1804 ullo
500 1777 671 1812 prohibente,
688 1778 761 1804 omni
775 1785 836 1805 cum
855 1777 967 1810 ﬁducia,
983 1785 1027 1805 se-

241 1821 324 1848 cessit
336 1822 413 1849 urbe.
433 1821 510 1850 Tunc
530 1821 628 1850 iterum
643 1822 720 1850 ﬂetus
734 1823 901 1858 gemitusque
911 1831 1027 1858 oecupa-

241 1866 492 1894 vitAlcxandriam.
516 1866 563 1894 Ille
588 1872 669 1894 noctu
691 1867 725 1894 ad
753 1867 842 1895 Nilum
859 1875 1025 1902 progressus.

242 1919 388 1940 conscensa
402 1913 526 1940 navicula
537 1932 545 1945 ,
561 1913 588 1940 in
613 1913 778 1940 Thebaidem
796 1921 902 1940 rursum
915 1914 1027 1941 adverso

242 1957 354 1985 ﬂumine
367 1959 544 1986 concedebat.
565 1959 683 1987 Instabat
698 1963 788 1986 autem
807 1959 914 1994 quidam
926 1967 941 1986 a
954 1965 1027 1994 tergo

243 2007 378 2038 satrapes,
392 2011 406 2030 a
429 2008 544 2039 tyranno
562 2005 654 2038 jussus
680 2011 741 2032 eum
765 2013 863 2033 necare
875 2006 1027 2040 ubicunque

243 2048 318 2076 illum
335 2050 586 2084 comprehenderet.
607 2050 673 2078 Cum
689 2057 779 2079 autem
805 2056 942 2079 vectorum
967 2053 1028 2087 qui-

244 2095 308 2122 dam
325 2094 370 2129 qui
383 2102 443 2122 cum
455 2094 606 2123 Athanasio
619 2100 688 2129 erat,
702 2097 794 2131 procul
817 2097 948 2130 novisset,
961 2105 1028 2125 con-

243 2141 429 2174 spexissetque
451 2141 636 2176 insequentem
649 2161 657 2173 .
687 2142 803 2178 remiges
824 2143 945 2177 urgebat.
959 2143 1027 2170 Tum

242 2186 407 2214 Athanasius
421 2186 466 2214 ubi
482 2187 591 2221 paulum
620 2187 795 2220 substitisset,
824 2195 914 2215 secum
944 2189 1028 2217 oculis

243 2233 358 2261 interius
384 2233 510 2268 quiddam
538 2234 717 2269 prespiciens,
744 2234 782 2261 uti
810 2235 923 2266 solebat,
951 2235 1028 2269 jubet

243 2279 361 2314 remiges
375 2287 484 2307 cursum
497 2287 613 2313 vertere,
627 2285 655 2308 et
682 2281 881 2316 navigationem
907 2281 1026 2309 Alexan-

244 2324 330 2351 driam
342 2332 436 2353 versus
455 2326 581 2361 dirigere.
594 2325 649 2353 Illis
663 2327 838 2361 perturbatis,
857 2331 886 2354 ut
899 2335 948 2362 par
957 2333 1026 2360 erat,
1043 2347 1064 2374 ο

243 2371 390 2406 veritisque
419 2379 453 2400 ne
481 2372 631 2400 inciderent
651 2373 677 2400 in
693 2377 828 2408 satrapam
839 2394 846 2406 ,
861 2373 1026 2401 Athanasius

241 2417 318 2452 jubet
327 2418 472 2450 conﬁdere,
489 2423 517 2446 et
536 2419 655 2446 divinum
675 2419 701 2446 id
719 2426 787 2453 opus
801 2426 861 2446 esse
888 2419 1024 2454 inquiens,

243 2464 390 2499 persuasit.
409 2464 477 2492 Tum
501 2472 631 2492 conversa
662 2472 750 2499 prora,
775 2469 802 2492 ct
824 2472 892 2492 nave
914 2466 1025 2492 adversa

245 2510 344 2544 fronte,
358 2514 432 2538 recta
447 2510 638 2538 Alexandriam
664 2511 837 2546 navigarunt,
863 2519 1026 2546 persequen-

245 2561 286 2585 tes
299 2564 357 2591 eos,
369 2564 412 2584 res
423 2557 508 2584 mira!
533 2558 579 2592 qui
594 2558 834 2592 persequebantur.
855 2557 920 2585 Cum
935 2562 1025 2585 autem

243 2603 297 2637 jam
309 2611 391 2638 prope
406 2609 540 2637 satrapam
560 2603 749 2636 accessissent,
763 2603 870 2632 barbari
883 2603 960 2637 quasi
978 2610 1026 2630 ca-

243 2647 327 2680 ligine
339 2648 455 2682 quadam
468 2655 562 2675 eorum
577 2648 664 2676 oculis
680 2648 776 2681 oll'usa,
796 2655 828 2675 ac
853 2648 876 2675 si
892 2648 957 2676 nihil
978 2656 1024 2676 eo-

246 2701 305 2720 rum
320 2701 380 2728 quac
394 2693 444 2720 sub
463 2694 547 2721 oculis
563 2699 642 2721 erant
654 2694 803 2727 vidissent,
818 2694 1028 2729 pmternaviga-

247 2739 321 2766 bant.
348 2740 527 2767 Percontatur
551 2741 733 2773 Athanasius,
755 2745 785 2768 ut
809 2741 873 2768 olim
896 2740 1026 2772 Elisaus,

248 2791 329 2819 quem
355 2785 493 2818 inquirant
514 2794 522 2813 :
544 2786 730 2819 Athanasium,
747 2787 907 2821 respondent
924 2795 932 2819 ;
971 2791 1026 2812 tum

244 2829 309 2857 ille:
324 2829 435 2857 Paulum
447 2839 493 2858 vos
503 2832 639 2866 praecedit,
651 2832 727 2866 quasi
740 2831 888 2867 navigando
898 2831 1026 2867 quosdam

247 2884 278 2908 se
293 2877 465 2912 iusequentes
477 2877 569 2912 fugiat.
584 2878 622 2906 Ita
637 2880 739 2915 decepti
763 2879 800 2906 illi
819 2879 916 2907 animis
943 2886 1028 2907 excae-

1073 356 1147 388 δόνος
1161 355 1319 386 ἐπίσκοπος,
1336 354 1420 381 πολλὰ
1433 354 1479 380 τὸν
1496 353 1607 389 βασιλέα
1622 354 1777 391 προσελθὼν
1793 366 1855 393 προ-

1073 402 1164 436 φανῶς
1178 401 1336 437 περιύϐρισε
1348 421 1356 433 ,
1368 401 1415 427 τὸν
1433 401 1518 436 ἀσεϐῆ
1529 421 1536 431 ,
1555 401 1600 428 καὶ
1623 402 1777 438 ἀποστάτην
1788 423 1794 434 ,
1812 405 1858 430 καὶ

1072 447 1167 478 ἄθεον,
1184 446 1232 473 καὶ
1253 445 1286 472 τὰ
1302 446 1381 481 ὅμοια
1401 445 1501 473 καλῶν.
1524 444 1578 472 Ἦν
1597 446 1626 472 δὲ
1652 448 1666 473 ὁ
1685 448 1774 483 Μάρις
1791 449 1858 484 πρὸς

1072 493 1110 528 τῷ
1125 493 1198 529 γήρᾳ
1214 492 1344 528 ὑπόχυσιν
1362 491 1508 528 ὀφθαλμῶν
1521 492 1680 527 ὑπομείνας.
1706 493 1734 520 Ὀ
1745 493 1772 520 δὲ
1795 495 1858 521 ’1ου-

1072 539 1161 570 λιανδς
1176 539 1223 569 τὰς
1237 537 1344 569 δικαίας
1359 537 1452 573 ὕϐρεις
1464 537 1562 569 ἀδίκως
1575 538 1718 573 ὴμείῦετο,
1736 547 1857 575 σπερμο-

1073 584 1149 618 λόγον
1165 584 1212 610 καὶ
1227 583 1326 618 τυφλὸν
1347 583 1479 616 καλέσας,
1492 584 1521 610 ὃν
1534 583 1593 610 οὐδὲ
1611 585 1624 611 ὀ
1640 584 1694 611 τῶν
1710 584 1858 612 Γαλιλαίων

1072 630 1138 662 Θεὸς
1159 629 1347 665 θεραπεύσειε.
1379 630 1407 657 '0
1428 630 1476 662 δὲ,
1505 630 1598 666 ὥσπερ
1622 630 1783 667 οῐστρῳτινὶ
1797 633 1858 658 ἐπι.

1073 676 1200 711 ληφθεὶς,
1217 676 1264 702 καὶ
1286 676 1519 712 παρῤησιὲστερον
1538 676 1577 712 τῷ
1593 676 1696 711 βασιλεῖ
1713 678 1858 714 ἀποκρινό-

1074 731 1164 758 μενος,
1190 722 1360 758 Εὗχαριστῶ,
1384 723 1460 758 φησὶ,
1484 722 1523 758 τῷ
1544 723 1619 758 Θεῷ,
1635 723 1674 758 τῷ
1690 723 1860 758 τυφλώσαντί

1075 777 1108 804 με
1125 768 1281 799 λυσιτελῶς,
1298 768 1342 795 ἵνα
1357 768 1393 804 μὴ
1409 768 1455 795 ῐδω
1471 768 1501 795 τὸ
1514 768 1621 800 ἀναιδὲς
1635 769 1778 803 πρόσωπόν
1800 778 1857 803 σου,

1073 814 1104 840 τὸ
1126 814 1213 845 οὕτως
1235 814 1338 849 ἰταμῶς
1355 814 1423 850 πρὸς
1443 814 1492 849 τὴν
1518 814 1645 841 ἀσέϐειαν
1672 815 1858 848 ἐκπεπτωκός.

1081 860 1146 886 ’Δπὺ
1158 859 1260 895 ταύτης
1283 861 1333 895 τῆς
1357 860 1513 896 παρρησίας
1534 860 1688 896 κινούμενοι
1709 861 1859 894 ’ῐοϐινιανδς

1075 906 1122 933 καὶ
1136 905 1354 938 Οὑαλεντινιανὺς
1376 905 1506 937 λύσαντες
1523 905 1574 938 τὰς
1591 905 1695 940 ζώνας,
1718 907 1860 944 προσέρρι-

1074 952 1128 987 ψαν
1138 952 1178 987 τῷ
1199 953 1331 988 τυράννῳ.
1352 952 1459 988 Ἡμεῖς,
1475 951 1572 986 φασὶν,
1589 953 1692 989 ἕτοιμοί
1710 953 1793 989 ἐσμεν
1817 954 1862 981 διὰ

1040 994 1060 1021 Β
1074 998 1188 1033 Χριστὸν
1201 997 1248 1024 καὶ
1262 998 1311 1033 τὴν
1323 997 1395 1032 ζωὴν
1416 997 1591 1033 παραδοῦναι.
1609 998 1640 1025 Ὀ
1652 998 1716 1033 γοῦν
1734 999 1860 1034 βασιλεὺς

1074 1043 1121 1070 καὶ
1135 1044 1160 1070 οἱ
1173 1043 1321 1078 ὁμόφρονες
1341 1043 1424 1070 αὐτοῦ
1447 1043 1615 1071 συνετίθεντο
1636 1045 1700 1080 περὶ
1723 1045 1772 1081 τῆς
1785 1046 1862 1072 εὐσε-

1074 1089 1165 1121 ϐείαςο
1183 1089 1297 1116 καὶτῶν
1314 1089 1403 1124 σοφῶν
1418 1097 1490 1121 τινες
1512 1090 1572 1116 τότε
1598 1091 1646 1117 σὺν
1666 1091 1740 1126 αὺτῷ
1759 1091 1862 1126 μάγους

1074 1136 1122 1162 καὶ
1136 1135 1297 1171 φαρμάκους
1317 1135 1364 1162 καὶ
1381 1135 1492 1170 μάντεις
1509 1135 1626 1171 συνῆγον
1638 1156 1644 1168 ,
1660 1137 1708 1163 καὶ
1730 1137 1788 1168 πῶς
1799 1138 1863 1169 τοὺς

1074 1181 1253 1216 Χριστιανοὺς
1275 1180 1436 1216 περιέλωσιν
1459 1179 1571 1216 γνώμην
1593 1181 1657 1216 παρ’
1685 1181 1772 1208 αὐτῶν
1797 1182 1863 1218 ᾔτη-

1075 1236 1134 1256 σαν,
1155 1226 1256 1253 Ἐδόκει
1269 1226 1297 1252 δὲ
1312 1227 1379 1253 πᾶσι
1391 1225 1523 1262 τούτοις-ὴ
1542 1226 1588 1253 τοῦ
1611 1217 1777 1253 Ἀθανασίοιῖ
1785 1227 1862 1254 ἀναί-

1076 1282 1159 1309 ρεσις.
1174 1272 1227 1299 Τοῦ
1243 1271 1297 1308 γὰρ
1310 1271 1434 1308 θεμελίου
1451 1272 1660 1308 ἀφαιρεθέντος,
1679 1274 1777 1310 ῥᾳδίως
1793 1271 1862 1300 εἶναι

1075 1319 1122 1346 καὶ
1142 1319 1176 1345 τὰ
1191 1318 1274 1345 λοιπά
1300 1317 1369 1353 μέρη
1387 1317 1437 1353 τῆς
1457 1317 1574 1350 πίστεως
1601 1319 1753 1346 καταλύειν.
1778 1319 1863 1346 Πάλιν

1076 1364 1125 1400 μὲν
1136 1362 1181 1391 οὖν
1192 1364 1320 1400 κριτήρια
1330 1385 1337 1397 ,
1355 1365 1401 1391 καὶ
1417 1364 1542 1390 δικασταὶ
1561 1364 1786 1399 καταδικάζοντες
1795 1385 1802 1397 ,
1815 1367 1863 1393 καὶ

1075 1409 1188 1445 στρατὸς
1203 1410 1433 1446 ἀποπεμπόμενος
1444 1419 1450 1425 ·
1466 1411 1513 1436 καὶ
1527 1410 1541 1435 ὀ
1554 1410 1603 1446 μὲν
1612 1410 1675 1444 λαὸς
1689 1412 1861 1447 ταράττεται,

1074 1456 1091 1491 ή
1117 1455 1145 1482 δὲ
1173 1454 1357 1491 Ἀλεξάνδρεια
1397 1455 1572 1491 περιέχεται,
1611 1456 1658 1482 καὶ
1686 1457 1703 1492 ἡ
1732 1457 1864 1492 ἐκκλησία

1075 1501 1205 1537 ληῖζεται,
1219 1501 1265 1528 τοῦ
1288 1501 1447 1528 Ἀθανασίου
1461 1502 1529 1538 πρὸς
1550 1502 1663 1530 θάνατον
1685 1497 1862 1539 ζητουμένου.

1081 1546 1159 1574 Ἀλλὰ
1174 1546 1268 1573 τούτου
1290 1546 1339 1582 μὲν
1360 1547 1406 1574 καὶ
1425 1546 1472 1573 νῦν
1486 1547 1529 1573 διὰ
1543 1547 1633 1582 μέσων
1656 1548 1743 1575 αὐτῶν
1768 1549 1860 1576 ἐκδαν-

1074 1601 1129 1623 τος,
1158 1592 1264 1624 οὐδενὸς
1288 1592 1316 1619 δὲ
1338 1592 1418 1619 αὐτὸν
1445 1594 1688 1627 ἐπιγινώσκοντος·
1721 1594 1788 1621 ἀλλὰ
1816 1595 1863 1622 καὶ

1077 1637 1175 1669 ἰδόντες
1190 1637 1304 1672 ἠγνόουν
1323 1637 1403 1664 αὐτὸν
1419 1636 1490 1664 εἶναι
1503 1658 1510 1670 ,
1534 1636 1564 1666 οὗ
1579 1639 1672 1666 ἕνεκεν
1693 1640 1742 1676 τὴν
1765 1641 1855 1676 ἐκκληι

1079 1683 1153 1714 σίαν,
1172 1683 1262 1719 οἴμοιί
1285 1684 1407 1720 τοσαύτη
1429 1684 1489 1720 χεὶρ
1512 1685 1752 1720 περιεκύκλωσαν,
1769 1687 1815 1713 καὶ
1829 1687 1855 1714 δι

1076 1729 1105 1756 ὃν
1123 1729 1212 1762 πάσας
1224 1730 1273 1762 τὰς
1292 1730 1398 1764 ἐξόδους
1414 1730 1506 1763 ὅπλοις
1521 1731 1684 1758 συνέκλειον.
1701 1731 1792 1764 Οὕτως
1805 1730 1863 1765 οὖν,

1077 1774 1151 1810 παρὰ
1165 1775 1215 1811 τῆς
1225 1775 1327 1802 ἀνωθεν
1338 1775 1427 1811 χειρὸς
1441 1775 1761 1811 όχυρωθεὶςἈθανὰσιος,
1777 1778 1865 1814 ἀκρά-

1075 1830 1156 1857 τητος
1170 1819 1204 1857 ἦν
1216 1822 1277 1853 ταῖς
1289 1822 1343 1848 τῶν
1359 1821 1463 1857 ὲχορῶν
1478 1823 1569 1858 χερσὶ,
1591 1823 1637 1849 καὶ
1653 1823 1744 1859 σχεδὸν
1758 1824 1865 1856 οὐδενὸς

1076 1867 1226 1899 κωλύοντος
1243 1867 1332 1894 πάντα
1350 1867 1487 1903 θαρσήσας
1499 1888 1506 1900 ,
1521 1868 1571 1904 τῆς
1597 1868 1700 1900 πόλεως
1720 1868 1862 1905 ἀνεχώρει.

1076 1913 1143 1940 Τότε
1156 1913 1236 1940 πάλιν
1250 1913 1386 1949 κλαυθμὸς
1398 1914 1445 1940 καὶ
1463 1914 1569 1950 οίμωγὴ
1593 1915 1644 1950 τὴν
1670 1915 1864 1951 Ἀλεξανδρέων

1076 1959 1233 1987 κατέλαϐεν.
1257 1961 1374 1992 Ἐκεῖνος
1397 1960 1443 1993 δὲ,
1464 1961 1571 1996 νύκτωρ
1589 1960 1627 1997 τῷ
1643 1960 1731 1996 Νείλῳ
1745 1970 1864 1997 προσερ-

1075 2006 1199 2041 χόμενος,
1216 2006 1312 2037 ἐπιϐὰς
1334 2005 1445 2038 ὁλκάδος
1468 2007 1509 2038 είς
1528 2006 1648 2042 Θηϐαΐδα
1675 2006 1754 2033 πάλιν
1770 2007 1866 2041 ἐπιφό-

1079 2060 1132 2087 ρως
1143 2051 1267 2087 ἀνήγετο.
1299 2052 1443 2084 Ἠπείγετο
1463 2051 1492 2079 δέ
1515 2061 1556 2084 τις
1577 2051 1689 2080 ὄπισθεν
1714 2052 1795 2079 αὐτοῦ
1815 2053 1865 2080 καὶ

1077 2098 1221 2133 σατράπης
1234 2098 1348 2130 ἀνελεῖν,
1365 2099 1431 2125 ὅπου
1455 2099 1502 2126 καὶ
1527 2099 1675 2126 καταλάϐοι
1696 2099 1788 2126 τοῦτον
1809 2100 1864 2127 ἀπὸ

1076 2143 1122 2170 τοῦ
1135 2144 1266 2180 τυράννου
1278 2145 1524 2181 προστεταγμένος.
1534 2146 1610 2172 Ἐπεὶ
1621 2145 1648 2172 δέ
1661 2154 1704 2177 τις
1714 2146 1766 2172 τῶν
1786 2146 1864 2174 Ἀθα-

1078 2190 1163 2225 νασίῳ
1184 2189 1375 2225 συμπλεόντων
1394 2189 1464 2224 ἔγνω
1485 2189 1642 2226 πόρρωθεν,
1663 2189 1724 2217 ἰδὼν
1738 2189 1782 2217 τὸν
1802 2189 1864 2216 διώ-

1077 2243 1169 2266 κοντα,
1181 2234 1227 2260 καὶ
1243 2234 1306 2266 τοὺς
1321 2234 1479 2269 ἐρέττοντας
1490 2234 1657 2270 ἐπετάχυνε*
1673 2234 1769 2271 μικρὸν
1786 2234 1864 2261 Ἀθα-

1077 2282 1168 2313 νάσιος
1180 2281 1309 2316 ἐπισχὼν,
1325 2280 1371 2307 καί
1385 2289 1410 2307 τι
1427 2281 1630 2317 κεκρυμμένον,
1644 2280 1681 2313 ὡς
1698 2281 1786 2313 ἔοικε,
1807 2283 1864 2314 τοῖς

1078 2329 1153 2361 ἐντὸς
1170 2329 1230 2356 ίδὼν
1242 2328 1400 2363 ὀφθαλμοῖς,
1417 2328 1594 2364 ἀναστρέφειν
1609 2328 1717 2354 ἐκέλευε
1733 2329 1790 2360 τοῖς
1803 2329 1864 2364 ἐρέ-

1076 2384 1146 2407 ταις,
1161 2375 1265 2402 καὶτὸν
1288 2375 1371 2401 πλοῦν
1393 2373 1471 2406 αὖθις
1490 2374 1623 2401 ποιεῖσθαι
1646 2375 1715 2410 πρὸς
1738 2373 1863 2406 Ἀλεξαν-

1076 2418 1176 2454 δρειαν.
1192 2417 1252 2445 Τῶν
1271 2418 1300 2444 δὲ
1313 2417 1530 2454 θορυϐηθέντων,
1544 2415 1587 2444 οἷα
1609 2418 1696 2451 εἰκὸς,
1717 2418 1770 2446 καὶ.
1790 2419 1864 2451 ὅπως

1079 2463 1116 2499 μὴ
1130 2463 1168 2498 τῷ
1183 2464 1309 2499 σατράπῃ
1325 2464 1494 2498 περιπέσωσι
1515 2463 1638 2490 δεδιότων
1648 2484 1655 2497 ,
1675 2463 1760 2491 πολλὰ
1774 2473 1864 2499 παρα-

1077 2509 1213 2546 θαρρύνας
1221 2511 1332 2542 ἐκεῖνος,
1349 2510 1396 2537 καὶ
1409 2509 1479 2537 θεῖόν
1492 2518 1518 2536 τι
1533 2509 1562 2536 τὸ
1578 2510 1762 2545 πραττόμενον
1778 2509 1863 2536 εἰπὼν

1078 2556 1194 2583 ἔπεισεν.
1206 2554 1273 2582 Εἶτα
1283 2556 1481 2592 συστρέψαντες
1490 2556 1539 2592 τὴν
1547 2556 1670 2592 κεραίαν,
1678 2557 1725 2583 καὶ
1736 2556 1786 2592 τὴν
1796 2555 1862 2582 ναῦν

1077 2603 1118 2634 είς
1143 2602 1178 2629 τὰ
1201 2602 1295 2638 πρόσω
1319 2602 1569 2637 ἀνακρουσάμενοι,
1590 2601 1684 2628 ἔπλεον
1708 2602 1789 2634 εὐθὺς
1811 2601 1861 2636 τῆς

1084 2647 1297 2683 Ἀλεξανδρέων,
1330 2646 1541 2682 μεταδιώκοντες
1560 2647 1624 2679 τοὺς
1643 2647 1804 2680 διώκοντας,
1831 2647 1862 2674 τδ

1076 2693 1242 2720 καινότατον.
1266 2693 1310 2725 Ὠς
1329 2693 1357 2720 δὲ
1380 2692 1493 2728 πλησίον
1515 2693 1564 2728 ἤδη
1590 2693 1638 2720 καὶ
1662 2693 1736 2729 παρά
1756 2692 1801 2720 τὸν
1815 2701 1863 2720 σα-

1074 2739 1182 2775 τράπην
1197 2739 1326 2774 ἐγίνοντο,
1345 2740 1369 2766 οἱ
1386 2739 1517 2775 βάρὸαροι
1533 2740 1582 2775 μὲν
1604 2739 1698 2776 ὥσπερ
1720 2739 1794 2771 τινὸς
1813 2740 1862 2766 αὺ-

1073 2785 1127 2812 τῶν
1139 2785 1237 2820 ἀχλύος
1250 2785 1425 2821 ἐπιχυθείσης
1445 2787 1501 2817 τοῖς
1519 2785 1677 2821 ὀφθαλμοῖς,
1695 2782 1739 2812 οἶα
1759 2784 1862 2821 μηδένα

1079 2832 1131 2859 τῶν
1141 2832 1286 2867 ὁρωμένων
1296 2831 1421 2867 ὁρῶντες,
1431 2831 1754 2867 παρέπλεον,“Αθανάσιος
1761 2830 1789 2857 δὲ
1799 2829 1862 2857 τίνα

1081 2878 1195 2915 ζητοῖεν,
1215 2878 1339 2915 καθάπερ
1352 2879 1398 2906 ἐπὶ
1419 2878 1569 2906 Ἐλισσαίου
1580 2899 1587 2911 ,
1611 2879 1781 2907 πυνθάνεται.
1797 2877 1861 2905 Τῶν
