2027 3042
639 143 719 172 VlTA
740 145 770 173 S.
790 145 976 176 ATIlANASll
995 148 1147 177 lNCEllTO
1167 149 1340 177 AUCTORE.

1735 161 1798 182 ωιι

180 203 211 231 δὲ
231 201 390 230 ’Δθανάσιον
402 201 638 237 ἀποκριναμένων.
648 202 742 238 Μικρα
753 203 868 239 προάγει
876 204 962 239 ὑμῶν,

1016 208 1067 234 cati
1082 207 1215 240 homines,
1239 209 1448 244 insequebantur
1465 217 1526 237 eum
1543 218 1622 245 quem
1636 219 1666 239 se
1693 211 1720 239 in
1741 221 1797 240 ma-

181 249 245 284 ἕφη,
267 247 337 274 κατὰ
357 246 402 273 τὸν
423 247 516 279 πλοῦν,
538 247 619 274 οἱονεὶ
633 256 708 279 τινας
731 248 812 274 αὑτὸν
821 249 967 282 διώκοντας

181 294 326 330 φεύγρντα.
343 292 437 324 Οὕτως
451 293 636 328 ἀπατηθέντες
647 294 672 320 οἱ
683 293 733 326 τὰς
748 294 848 330 φρένας
861 295 968 330 τυφλοὶ,

183 339 356 376 μετεδίωκον,
368 338 398 365 ὃν
412 339 440 364 ὲν
456 338 550 374 χερσὶν
566 338 673 375 ἔχοντες
691 340 741 366 οὐκ
761 339 916 375 ᾐσθάνοντο.
939 341 967 368 Ὀ

181 386 221 418 δὲ,
241 385 270 412 τδ
279 384 361 419 τάχος
373 385 413 416 εἰς
434 384 636 420 Ἀλεξάνδρειαν
650 385 812 420 καταχθεὶς,
834 387 867 421 τῇ
892 386 968 413 πόλει

181 440 212 458 τε
229 431 326 466 ἀθρόον
340 430 522 466 ἐπιδημήσας,
534 431 630 466 ἡδονῆς
644 432 710 466 ὅσης
727 432 811 467 αὐτὴν
830 432 968 468 ἐμπίπλη-

183 487 221 505 σι.
241 477 366 504 Τοιοῦτον
379 477 434 511 γὰρ
460 477 615 514 ποθουμένη
634 478 693 513 ὄψις
713 479 852 515 ἀδοκήτως
870 480 968 515 ἐπιφα-

181 525 268 550 νεῖσα.
285 524 401 550 Ἔπειτα
412 523 514 558 ἡσυχίᾳ
542 523 603 555 δοὺς
616 524 720 556 ἑαυτὸν,
732 524 792 556 ὅσος
810 524 873 560 ἑξῆς
890 526 905 551 ὁ
919 534 967 560 με·

181 569 247 602 ταξὺ
261 569 353 604 χρόνος
364 568 414 603 τῆς
435 567 578 594 Ἰουλιανοῦ
595 568 732 603 βασιλείας
744 568 902 605 ἐκρύπτετο.

216 635 262 663 27.
281 635 358 663 Μετὰ
369 635 397 662 δὲ
418 635 505 662 ταῦτα
531 635 672 667 Ἰουλιανὸς
694 636 761 671 μὲν,
783 635 966 671 ὀνομαστότα-

181 689 227 710 τος
242 680 295 707 τῶν
315 680 368 716 πρὸ
381 679 461 706 αὐτοῦ
486 680 631 716 γενόμενος
645 681 685 712 εἰς
699 681 826 708 ἀσέϐειαν
836 701 843 713 ,
862 682 908 707 καὶ
923 690 968 716 μι-

182 727 264 763 κροὺς
277 727 376 753 κακίαν
390 727 492 758 πάντας
505 727 602 758 αὐτοὺς
617 727 761 759 ἀποδείξας
773 747 781 760 ,
802 728 871 763 μετὰ
887 727 966 764 μυρί-

182 781 228 804 ους
238 773 300 804 τοὺς
319 773 390 799 κατά
413 772 467 799 τῶν
490 772 610 799 εὐσεϐῶν
629 772 762 808 πολέμους
782 773 902 809 εὑρίσκει
918 773 965 800 κα)⁸

181 818 258 850 τέλος
282 818 336 844 τῶν
361 817 484 853 πονηρῶν
501 817 741 853 ἐπιτηδευμάτων,
768 819 890 854 ἀκριϐῶς
914 819 964 854 μὲν

182 865 232 891 οὑκ
245 864 328 897 ἄξιον,
342 864 379 895 ὼς
390 866 444 896 τοῖς
460 864 564 890 ἐκεῖθεν
583 864 782 900 δικαιωτηριοις
802 865 964 900 ταμιευόμε-
979 885 1000 912 Β

182 919 237 941 νος,
254 910 322 945 πλὴν
336 910 395 936 οὐδὲ
409 911 447 942 εἰς
461 910 533 937 ἅπαν
548 910 640 946 τρίῦον
657 910 826 947 ἁμαρτωλῶν
843 911 964 939 δεικνῦον

182 957 371 993 εὐθυνομένην.
386 957 523 993 Γοητείαις
542 957 596 993 γάρ
609 965 664 984 τισι
678 958 726 984 καὶ
745 959 896 994 τερατείαις
917 959 965 986 καὶ¹

183 1003 278 1038 μάγων
292 998 396 1037 ιέέχναις
413 1003 508 1029 ἑαυτὸν
521 1002 679 1038 ἐπιτρέψας,
704 1003 751 1030 καὶ
770 1004 820 1038 τὴν
840 1004 964 1037 Ἀλεξάν-

181 1046 243 1082 δρου
256 1046 405 1081 κτήσασθαι
429 1046 586 1073 δυναστείαν
606 1047 771 1082 ἀπατηθεὶς,
795 1045 850 1075 οἷον
869 1049 964 1085 ἐκείνῳ

180 1093 211 1118 τὺ
222 1090 286 1128 ἦθος
302 1093 345 1118 ἀεὶ
360 1091 439 1126 δόξης
450 1091 531 1127 ἔρωτι
544 1092 665 1127 σφοδρῶς
680 1093 861 1128 κατεχόμενον
871 1113 879 1126 ,
899 1094 964 1120 ἐαυ-

180 1138 226 1165 τὸν
241 1138 269 1165 δὲ
283 1136 352 1164 εἶναι
365 1138 465 1173 μᾶλλον
485 1139 513 1165 ὲν
536 1139 621 1174 ἑτέρῳ
643 1138 748 1174 σώματι
764 1139 809 1166 τὸν
824 1140 964 1167 Μακεδόνα

182 1183 344 1216 πιστεύσας,
356 1185 402 1211 καὶ
418 1185 535 1220 Πέρσαις
555 1185 784 1221 ἐπιστρατεύσας,
802 1185 919 1221 ἀνθήσας
934 1195 963 1213 τε

181 1231 241 1262 ταῖς
254 1230 375 1266 πρώταις
395 1230 519 1263 ἐλπίσιν,
535 1231 616 1266 ήνίκα
634 1240 661 1258 τι
683 1231 755 1266 μέγα
775 1232 821 1258 καὶ
839 1231 964 1268 λαμπρὸν

183 1276 329 1311 κατορθοῦν
346 1276 465 1312 ἐνόμιζε,
479 1277 539 1303 τότε
553 1277 600 1304 καὶ
612 1277 645 1312 ἢν
660 1275 731 1312 εἶχεν
746 1277 832 1314 ἀρχὴν
843 1278 962 1314 αἰσχρῶς

183 1322 311 1354 ἀπέϐαλε,
325 1322 370 1349 καὶ
393 1322 441 1350 σὺν
457 1323 524 1358 αὐτῇ
538 1323 588 1358 τὴν
610 1323 692 1359 ζωήν.
717 1324 791 1360 Δόλῳ
816 1320 870 1360 γάῤ
892 1333 964 1356 two;

181 1367 340 1402 αὐτομόλου.
351 1368 386 1394 τά
396 1377 423 1394 τε
435 1368 596 1404 σιτηγοῦντα
609 1368 653 1395 διὰ
667 1369 713 1395 τὸν
733 1369 855 1405 ποταμὸν
873 1370 962 1402 πλοῖα,

181 1413 228 1440 καὶ
242 1413 312 1445 ὅσοις
327 1413 415 1445 ἄλλοις
428 1415 460 1450 τῇ
475 1415 588 1450 στρατιᾷ
601 1414 634 1441 τὰ
649 1414 733 1442 πολλὰ
747 1415 801 1442 τῶν
821 1416 964 1451 ἀναλωμά-

181 1467 233 1485 των
248 1459 456 1495 μετεκομίζετο,
472 1459 568 1487 nam
579 1459 618 1496 τῷ
640 1460 754 1496 ποταμῷ
769 1461 961 1497 ποιησάμενος,

181 1505 232 1540 γῆς
246 1514 274 1532 τε
291 1506 374 1542 ξηρᾶς
385 1506 481 1538 ἐπιϐὰς
490 1507 536 1534 καὶ
545 1506 658 1543 ἀνύδρου
672 1508 718 1535 καὶ
731 1508 960 1544 διακεκαυμένης,

180 1550 251 1586 λιμῷ
266 1560 295 1577 τε
316 1552 362 1578 καὶ
377 1551 447 1586 δίψει
472 1551 569 1583 πιέσας
591 1553 655 1585 τοὺς
677 1554 721 1580 ὑπ’
743 1553 839 1586 αὑτὸν,
863 1555 911 1581 καὶ
933 1554 962 1581 τὸ
975 1565 996 1594 C

181 1596 247 1622 πολὺ
262 1597 353 1632 σχεδὸν
366 1596 543 1630 ἀπολωλεκὼς
562 1598 609 1625 τοῦ
628 1598 830 1634 στρατεύματος
842 1619 849 1632 ,
867 1599 960 1636 ἐπειδὴ

179 1642 288 1669 πάντων
308 1643 530 1677 ἀγανακτούντων
541 1664 548 1676 ,
567 1644 614 1670 καὶ
633 1644 716 1680 πολλῇ
736 1644 895 1680 βλασφημία
913 1646 961 1672 καὶ

179 1687 289 1725 γλώσσῃ
302 1688 412 1726 λοιδόρῳ
427 1690 487 1715 κατ’
500 1689 581 1716 αὑτοῦ
598 1690 788 1726 κεχρημένων,
805 1690 895 1726 παρῆν
911 1691 960 1717 αὺ-

178 1733 224 1764 τὸς
237 1733 362 1768 ἱππότης.
382 1734 447 1760 Τότε
469 1734 618 1769 ἅδημονοῦν
637 1734 895 1771 παραμυθούμενος,
913 1735 962 1762 καὶ

178 1778 209 1805 τὸ
223 1779 325 1814 κάμνον
342 1779 392 1814 τῆς
417 1781 547 1815 στρατιᾶς
570 1780 758 1816 ἀνακτώμενος
769 1789 776 1796 ·
797 1778 852 1808 οἷόν
868 1790 916 1808 σου
929 1781 960 1808 τὸ

179 1824 267 1860 ἔργον,
282 1823 305 1851 ὦ
320 1825 398 1861 δίκηί
414 1825 553 1858 ἀκόντιον,
578 1827 629 1853 οὐκ
651 1824 698 1852 οἷδ’
718 1827 790 1858 ὅθεν,
811 1826 856 1853 διὰ
876 1827 958 1862 μέσου

176 1870 280 1907 δραμὸν
291 1872 338 1899 τοῦ
351 1871 500 1907 βραχίονος,
516 1873 556 1904 εἰς
569 1871 619 1908 τὴν
639 1871 727 1905 δεξιὰν
746 1873 850 1899 ἐκείνου
866 1873 959 1900 πίπτει

178 1915 309 1951 πλευράν.
333 1916 389 1943 Καὶ
404 1917 419 1943 ὀ
437 1917 487 1952 μὲν
509 1916 599 1948 ἄθλιος
619 1916 716 1949 ἔκειτο,
741 1916 796 1943 εἴτε
816 1917 890 1953 παρὰ
913 1918 958 1944 τοῦ

177 1961 325 1996 αὐτομόλου
343 1961 460 1997 βληθεὶς,
485 1963 540 1990 εἴτε
556 1962 628 1994 τινδς
648 1963 694 1990 καὶ
715 1962 770 1990 τῶν
792 1963 844 1990 ὑπὸ
860 1966 938 2000 χεῖρα
949 1971 956 1979 ·

178 2005 294 2042 ἑκάτερα
304 2007 359 2042 γὰρ
369 2007 433 2042 περὶ
449 2007 531 2034 αὐτοῦ
551 2007 745 2042 παραδέδοται⁸
764 2007 819 2034 εἴτε
833 2009 879 2035 κα)⁵
896 2009 959 2045 θεη-

177 2051 250 2087 λάτῳ
270 2052 370 2088 πληγῇ,
393 2053 408 2079 ὂ
428 2052 460 2088 δὴ
483 2053 531 2080 καὶ⁸
550 2053 648 2088 μᾶλλον
665 2054 727 2086 τοὺς
747 2053 871 2086 πλείονας
884 2054 956 2090 ἔχει·

176 2095 276 2131 ταύτην
290 2097 317 2123 δὲ
333 2098 405 2132 ὅμως
421 2098 468 2124 τοῦ
486 2097 543 2132 βίου
554 2098 681 2134 τελευτὴν
697 2099 765 2134 μετὰ
777 2100 897 2127 ἐνιαυτὸν
910 2100 957 2127 ἕνα

177 2142 226 2176 τῆς
243 2141 379 2176 βασιλείας
400 2143 447 2169 καὶ
470 2143 556 2178 μῆνας
574 2144 645 2170 ὀκτὼ
663 2144 817 2180 δεξάμενος.
843 2146 957 2172 Ἔπειτα

176 2187 258 2222 ψήφῳ
280 2187 326 2214 τοῦ
343 2186 458 2223 στρατοῦ
484 2189 583 2220 παντὸς
611 2189 737 2219 Ίοῦιανὸς
753 2190 802 2225 τὴν
820 2189 956 2225 βασιλείαν

1017 252 1096 280 nibus
1113 252 1212 280 habere
1227 261 1279 280 non
1295 253 1554 282 animadvertebant.
1572 255 1620 283 ille
1635 264 1698 284 vero
1712 257 1799 285 celer-

1017 296 1084 324 rime
1099 297 1290 326 Alexandriam
1303 299 1418 333 delatus,
1433 302 1577 335 statimque
1587 302 1678 329 urbem
1697 303 1798 338 ingres-

1016 348 1072 374 sus,
1085 342 1184 377 ingenti
1204 343 1276 371 illam
1290 344 1426 378 voluptate
1444 345 1558 380 replevit
1573 353 1579 371 :
1595 347 1632 373 uti
1647 347 1715 374 solet
1739 348 1796 375 lieri

1016 394 1076 414 cum
1092 388 1227 422 insperato
1244 389 1408 424 conspicitur
1432 391 1503 424 quod
1531 391 1707 419 desideratur.
1730 393 1797 420 lliuc

1015 433 1098 467 quieti
1115 441 1174 461 sese
1191 435 1310 468 tradens,
1326 439 1381 463 toto
1394 435 1553 471 imperantis
1562 436 1661 466 Juliaui
1679 444 1797 475 tempore

1016 479 1088 514 degit
1102 479 1234 508 occultus.

1719 527 1735 550 δ

1049 636 1093 664 27.
1110 636 1206 665 Postea
1221 637 1343 666 Julianus
1367 640 1540 669 decessorum
1556 643 1676 670 omnium
1700 644 1797 680 impie-

1015 685 1070 709 tate
1080 683 1282 716 celeberrimus,
1299 693 1367 719 quos
1380 693 1474 714 omnes
1487 688 1605 714 ostendit
1631 689 1732 716 malitia
1745 691 1796 718 sibi

1014 727 1093 762 longe
1108 728 1250 757 inferiores
1261 750 1269 760 ,
1281 735 1342 765 post
1352 737 1478 760 sexcenta
1497 733 1625 761 adversus
1635 735 1694 769 pios
1707 741 1796 763 certa-

1014 773 1097 806 mina,
1113 774 1298 808 improborum
1316 783 1428 811 operum
1454 779 1556 806 invenit
1573 779 1665 811 finem,
1689 772 1738 809 nec
1756 787 1797 809 ta-

1014 826 1074 845 men
1088 821 1261 854 condignum,
1272 824 1349 856 quasi
1363 823 1388 850 in
1401 823 1448 851 illo
1475 824 1599 852 tribunali
1619 827 1670 853 sibi
1687 827 1753 854 iram
1769 833 1796 855 et

1013 862 1173 897 supplicium
1216 866 1388 893 reconderet.
1418 867 1550 896 Czeterum
1580 870 1727 898 declaravit
1752 873 1796 901 ille

1015 913 1184 942 peccatorum
1198 910 1268 938 viam
1287 919 1339 939 non
1356 919 1418 940 esse
1437 913 1516 948 plane
1540 914 1663 949 felicem;
1691 919 1794 952 praesti-

1015 952 1066 987 giis
1077 954 1158 985 enim,
1169 955 1302 988 portentis
1319 960 1346 984 et
1357 958 1470 992 maglcis
1491 959 1721 989 incantationibus
1734 970 1795 990 cum

1015 1005 1074 1026 sese
1087 999 1214 1033 dedisset,
1223 1006 1303 1036 atque
1313 1002 1443 1038 deceptus
1454 1012 1501 1039 spe
1511 1005 1580 1040 ejus,
1596 1007 1667 1041 quod
1679 1007 1796 1036 Alexan-

1014 1044 1055 1071 dri
1077 1045 1172 1073 fuisset
1199 1047 1262 1074 oliui
1298 1048 1403 1083 imperii
1425 1051 1555 1084 potiundi,
1581 1056 1611 1079 ut
1635 1057 1695 1080 erat
1723 1061 1795 1081 sem-

1014 1098 1062 1126 per
1076 1092 1226 1120 vehementi
1245 1093 1337 1129 gloria:
1360 1095 1486 1130 cttpidine
1508 1102 1617 1131 captus,
1642 1098 1697 1126 imo
1719 1104 1795 1127 ratus

1013 1144 1043 1164 se
1057 1137 1148 1165 iualio
1172 1145 1284 1173 corpore
1313 1139 1487 1169 Macedonem
1501 1149 1582 1175 esse.
1608 1143 1682 1172 illato
1705 1143 1796 1173 Persis

1013 1181 1092 1215 bello.
1106 1191 1166 1212 cum
1189 1192 1237 1220 spe
1252 1185 1329 1214 initio
1344 1185 1487 1221 ﬂoruisset,
1500 1195 1532 1215 ac
1543 1193 1649 1223 putaret
1663 1197 1692 1217 se
1706 1190 1794 1226 magni

1013 1228 1149 1262 quidpiam
1160 1236 1192 1256 ac
1207 1231 1328 1264 praeclari
1343 1232 1490 1265 editurum,
1505 1237 1562 1260 tum
1581 1234 1607 1261 id
1621 1235 1692 1268 quod
1717 1239 1794 1263 teue-

1012 1273 1059 1300 bat
1072 1274 1212 1306 imperiutn
1228 1277 1342 1311 turpiter
1367 1278 1467 1310 amisit.
1480 1282 1508 1306 et
1529 1286 1582 1306 una
1608 1280 1702 1307 vitam.
1723 1281 1791 1308 Dolo

1012 1327 1129 1355 namque
1142 1322 1285 1359 transfuga:
1299 1324 1438 1357 cujusdam
1449 1344 1457 1358 ,
1467 1326 1591 1353 oneraria
1614 1326 1795 1362 importandis

1012 1373 1061 1400 per
1075 1365 1183 1394 fluvium
1199 1367 1341 1397 frumentis
1354 1371 1460 1405 navigia
1475 1390 1484 1404 ,
1500 1376 1528 1399 et
1542 1372 1658 1407 reliquos
1673 1381 1722 1408 pro
1747 1382 1794 1402 ca-

1012 1417 1130 1440 strorum
1154 1421 1205 1441 usu
1229 1420 1407 1448 commeatus,
1427 1416 1453 1443 iu
1478 1416 1589 1445 fluvium
1611 1419 1726 1454 conjecit
1741 1428 1748 1454 ;
1766 1420 1794 1448 in

1013 1459 1172 1494 aridamquc
1193 1464 1220 1487 et
1243 1464 1365 1488 exustam
1397 1466 1497 1490 terram
1527 1471 1654 1498 egressus
1673 1469 1725 1498 est,
1750 1465 1793 1492 ubi

1011 1503 1103 1532 deerat
1116 1512 1204 1540 aqua:
1224 1510 1280 1533 tum
1289 1506 1360 1534 fame
1375 1507 1474 1543 sitique
1493 1510 1535 1537 sui
1555 1510 1645 1538 alllicti
1659 1515 1737 1542 sunt,
1757 1512 1798 1544 ita,

1013 1554 1042 1576 ut
1055 1551 1171 1577 maxima
1195 1559 1259 1586 pars
1276 1553 1412 1581 exercitus
1439 1553 1573 1582 interiret.
1606 1555 1708 1584 Deinde
1731 1564 1792 1583 cum

1014 1603 1070 1622 rem
1086 1603 1180 1624 omnes
1196 1597 1303 1632 indigne
1317 1598 1431 1631 ferrent,
1449 1604 1476 1627 et
1492 1600 1642 1628 maledictis
1658 1602 1748 1628 multis
1761 1610 1794 1630 ac

1012 1641 1141 1669 conviciis
1162 1650 1223 1670 eum
1257 1643 1470 1678 insectarentur,
1498 1654 1581 1681 eques
1607 1647 1663 1681 ipse
1682 1648 1792 1680 aderat,

1012 1690 1042 1711 ut
1057 1686 1245 1714 cohortaretur
1260 1695 1307 1715 eos
1320 1689 1365 1723 qui
1378 1689 1575 1723 desponderent
1600 1691 1732 1721 animum,
1746 1691 1794 1717 de-

1012 1728 1150 1766 fessusque
1162 1737 1309 1761 recrearet.
1325 1733 1410 1766 Quale
1428 1739 1500 1762 tuum
1517 1743 1597 1769 opus,
1616 1743 1632 1762 ο
1645 1735 1727 1763 ultlol
1742 1736 1792 1762 Sa-

1011 1777 1090 1811 gitta,
1104 1777 1195 1805 nescio
1212 1779 1295 1812 unde,
1319 1787 1368 1814 per
1391 1780 1507 1808 medium
1530 1781 1624 1809 volans
1640 1781 1791 1813 brachium,

1012 1823 1038 1850 iu
1053 1824 1177 1852 dextrum
1196 1825 1268 1852 cadit
1283 1825 1366 1853 latus.
1379 1825 1448 1852 Tum
1471 1832 1624 1860 prostratus
1645 1831 1687 1854 est
1711 1827 1794 1854 miser

1011 1867 1067 1901 ille,
1085 1868 1142 1896 sive
1153 1875 1169 1895 a
1187 1869 1325 1904 transfuga
1342 1870 1387 1898 illo
1403 1869 1554 1904 confossus,
1580 1871 1638 1899 sive
1650 1879 1665 1898 a
1682 1879 1792 1899 suorum

1011 1914 1117 1949 aliquo;
1131 1919 1275 1949 utrumque
1287 1915 1358 1942 enim
1381 1915 1414 1943 de
1430 1915 1476 1943 illo
1493 1917 1621 1944 traditum
1643 1920 1706 1944 est:
1735 1917 1793 1944 sive

1010 1961 1103 1992 etiam,
1121 1961 1192 1995 quod
1218 1960 1335 1995 plurium
1360 1960 1412 1988 fert
1437 1961 1582 1994 sententia,
1606 1961 1738 1990 divinitus
1754 1963 1793 1989 in-

1010 2006 1082 2034 llicto
1096 2007 1216 2033 vulnere.
1250 2005 1328 2034 llunc
1346 2007 1447 2034 exitum
1468 2009 1528 2035 vitae
1543 2008 1644 2035 invenit
1663 2012 1722 2043 post
1742 2015 1791 2035 an-

1010 2060 1073 2080 num
1092 2051 1194 2086 imperii
1210 2059 1291 2079 unum
1309 2060 1469 2088 mensesque
1494 2058 1567 2081 octo.
1587 2053 1685 2081 Deinde
1711 2054 1792 2080 tutius

1009 2098 1147 2124 exercitus
1164 2096 1284 2129 calculo,
1297 2097 1412 2125 Joviano
1430 2098 1572 2133 imperium
1598 2098 1721 2125 traditur.
1740 2098 1791 2131 Qui

1009 2150 1070 2170 cum
1099 2150 1205 2171 menses
1234 2143 1364 2171 duntaxat
1396 2149 1500 2178 septem
1525 2145 1701 2180 imperasset,
1729 2151 1789 2172 cum

1009 2193 1104 2216 octavo
1117 2189 1143 2216 iu
1159 2188 1263 2216 Galatia
1281 2189 1400 2224 degeret,
1415 2190 1560 2224 derepente
1582 2190 1663 2216 vitam
1680 2189 1790 2221 clausit.

177 2231 342 2259 πιστεύεται.
365 2231 393 2259 ’0
408 2233 494 2268 μῆνας
504 2234 572 2261 ἑπτὰ
583 2233 678 2268 μόνους
692 2234 790 2270 ἄρξας,
806 2235 852 2261 τοῦ
865 2236 956 2270 ὀγδόου

1011 2241 1104 2262 somno
1128 2234 1246 2262 miscens
1273 2240 1399 2262 mortem.
1419 2234 1483 2262 Post
1513 2235 1587 2262 illum
1615 2235 1791 2269 inauguratur

176 2277 321 2313 γενόμενος
347 2279 417 2306 κατὰ
438 2280 487 2315 τὴν
503 2280 653 2313 Γαλατίαν,
676 2280 753 2315 ἄφνω
776 2281 887 2318 τελευτᾷ
911 2283 957 2309 τὸν

177 2323 244 2358 βίον,
260 2323 335 2359 ὖπνῳ
349 2326 469 2360 κεράσας
482 2326 605 2353 θάνατον.
626 2326 845 2358 Οὐαλεντινιανὺς
866 2327 956 2362 μέντοι

177 2369 246 2404 μετὰ
261 2370 354 2397 τοῦτον
367 2371 571 2407 ἀναγορεύεται,
583 2371 612 2403 ὂς
625 2372 669 2397 τὸν
690 2371 802 2406 ἀδελφὸν
821 2373 957 2400 Οὐάλεντα

1011 2281 1217 2309 Valentinianus
1230 2300 1238 2313 ,
1257 2282 1303 2315 qui
1317 2289 1377 2308 cum
1397 2281 1482 2308 fratre
1495 2281 1606 2308 Valente
1634 2280 1790 2309 societatem

1007 2327 1069 2355 iniit
1084 2327 1202 2362 imperii,
1216 2326 1380 2362 Orienteque
1396 2327 1446 2362 ipsi
1471 2327 1580 2358 tradito,
1601 2327 1628 2353 in
1657 2326 1790 2354 Occiden-

1010 2378 1062 2400 tem
1077 2373 1136 2407 ipse
1145 2376 1206 2407 post
1222 2372 1329 2407 triginta
1341 2372 1409 2406 dies,
1419 2373 1445 2399 in
1454 2371 1608 2407 Galliasque
1624 2371 1788 2406 properavit.

177 2414 304 2441 κοινωνὸν
325 2416 441 2442 ποιεῖται
457 2415 512 2450 ei};
524 2415 674 2450 βασιλείας,
695 2416 741 2442 καὶ
761 2416 794 2443 τὰ
811 2417 879 2452 πρὸς
902 2417 976 2453 ἥλιον
996 2417 1140 2452 ἀνίσχοντα
1158 2417 1296 2452 παραδοὺς
1320 2417 1392 2454 ἐχειν
1416 2418 1530 2454 ἐκείνῳ,
1553 2417 1633 2448 αὐτὸς
1664 2417 1711 2444 ἐπὶ
1740 2417 1791 2453 τὴν

175 2461 294 2497 ἑσπέραν
311 2461 370 2496 μεθ’
393 2461 507 2496 ἡμέραςΔ
518 2462 674 2497 τριάκοντα,
698 2462 743 2488 καὶ
766 2462 815 2494 τὰς
843 2463 956 2495 Γαλλίας
969 2463 1120 2499 ἀπέδραμε.

209 2517 254 2544 28.
270 2517 438 2553 Παραλαϐὼν
461 2516 507 2545 οὖν
522 2519 628 2555 Οὐάλης
652 2520 702 2555 τὴν
731 2519 878 2555 βασιλείαν,
905 2521 956 2547 οὐκ

174 2564 314 2598 ἐφρόντισε
327 2563 481 2599 θησαυρῶν,
499 2564 548 2590 οὐκ
562 2564 715 2600 ἐπεμελήθη
726 2565 873 2600 χρημάτων
883 2585 890 2597 ,
901 2566 955 2592 οὐδ’

174 2609 248 2640 ὅπως
268 2609 302 2635 ἂν
326 2609 403 2644 σχοίη
429 2609 502 2644 αὑτῷ
526 2609 616 2641 καλῶς
634 2609 668 2637 τὰ
690 2610 738 2646 τῆς
760 2611 956 2647 στρατιωτικῆς

173 2653 276 2686 τάξεώς
283 2663 314 2681 τε
324 2655 370 2681 καὶ
383 2655 527 2690 ἁρμονίας·
543 2655 599 2681 ἀλλ’
611 2656 684 2687 ὅπως
694 2655 727 2682 ἂν
739 2656 773 2683 τὰ
791 2656 839 2691 μὲν
853 2657 956 2691 Ἀρεια-

173 2699 271 2727 νιστῶν
290 2700 412 2736 αὺξήσοι,
427 2701 461 2728 τὰ
482 2701 510 2727 δὲ
535 2701 588 2727 τῶν
611 2701 758 2737 όρθοδόξων
782 2703 822 2733 είς
844 2701 954 2728 ἔλαττον

173 2745 244 2782 θείη,
259 2746 306 2773 καὶ
319 2747 413 2782 τρόπῳ
428 2746 467 2781 τῷ
480 2747 560 2773 παντὶ
572 2746 691 2779 καθέλοι,
709 2749 725 2783 ἡ
746 2749 820 2774 πᾶσα
833 2745 867 2782 ἦν
880 2747 954 2783 αὺτῷ

172 2792 222 2826 τῆς
238 2792 374 2827 βασιλείας
388 2793 506 2828 φροντίς.
523 2793 578 2820 Καὶ
590 2792 669 2819 τοῦτο
686 2793 765 2829 μόνον
779 2795 818 2825 εις
833 2793 956 2829 λαμπρό-

172 2845 241 2874 τητα
255 2839 301 2865 καὶ
314 2837 391 2870 δόξαν
405 2839 506 2874 ἀρκοῦν
522 2839 628 2875 ἔκρινεν
640 2837 721 2866 εἶναι.
739 2839 830 2875 Ταύτῃ
846 2847 887 2866 τοι
909 2840 955 2866 καὶ

1040 2521 1086 2548 28.
1099 2523 1216 2555 Accepto
1231 2521 1315 2556 igitur
1325 2520 1561 2555 Valensimperio.
1577 2527 1630 2547 nou
1645 2519 1790 2549 thesauros

1005 2567 1118 2598 curavit,
1135 2573 1189 2593 non
1201 2566 1234 2592 de
1243 2566 1366 2600 pecuniis
1378 2565 1508 2593 sollicitus
1522 2565 1589 2597 fuit;
1605 2572 1656 2591 non
1666 2565 1699 2592 de
1712 2571 1791 2591 exer-

1005 2611 1076 2638 citus
1090 2610 1185 2637 ordine
1201 2610 1408 2644 disciplinaque,
1426 2610 1473 2637 sed
1486 2609 1575 2636 omnis
1593 2608 1630 2636 illi
1654 2615 1719 2636 cura
1740 2608 1789 2635 fuit

1006 2664 1060 2691 quo
1075 2660 1153 2691 pacto
1168 2656 1329 2684 Arianorqu
1342 2663 1398 2683 rcm
1422 2660 1544 2690 augeret,
1559 2655 1789 2683 orthodoxorutn-

1007 2708 1059 2735 que
1086 2701 1276 2733 imminueret,
1306 2707 1338 2729 ac
1365 2700 1503 2735 quibusvis
1531 2701 1618 2728 modis
1653 2699 1788 2734 perderet.

1008 2747 1082 2780 Quod
1098 2747 1185 2781 ipsum
1202 2746 1253 2774 sibi
1271 2747 1339 2774 satis
1364 2754 1425 2774 esse
1447 2746 1599 2774 aestimabat
1617 2746 1651 2773 ad
1676 2744 1789 2781 gloriam

1008 2799 1040 2819 ac
1054 2792 1232 2826 splendorem.
1249 2792 1339 2826 Quare
1354 2792 1441 2824 brevi,
1457 2792 1608 2827 episcopos.
1623 2792 1789 2823 sacerdotes,

1008 2839 1146 2874 diaconos,
1164 2845 1265 2874 eosque
1295 2839 1341 2874 qui
1368 2839 1543 2867 monasticam
1568 2843 1679 2874 agerent
1707 2839 1790 2865 vitam
