2027 3042
261 166 312 189 απ

943 148 1210 177 PRULLGOMENA.

263 214 390 242 extremis
406 213 496 241 all‘ccit
513 211 600 239 malis.
621 209 690 238 Tum
710 208 846 237 Meletium
874 209 976 244 pietate
997 209 1038 237 in-

1101 205 1191 242 ιικροῦ
1203 206 1307 237 πάντας
1317 205 1456 240 αρχιερεῖς
1466 212 1495 230 τε
1506 204 1553 231 καὶ
1564 203 1646 240 ἱερεῖς
1659 203 1882 239 διακονουμένους

263 259 468 294 comparabilem
483 259 629 290 hominem,
643 257 810 284 Autiocheno
822 255 917 289 deiecit
935 257 1043 289 throno,

262 305 440 333 Athanasium
467 306 530 332 item
559 312 685 338 magnum
708 305 780 330 inter
812 302 929 330 athletas
956 302 1043 329 virum

263 350 489 388 comprehendere
515 344 664 385 satagebat.
693 348 816 376 Meletius
843 356 923 381 porro
956 347 1044 375 exsilii

263 396 407 424 damnatus
423 401 473 428 est,
489 400 516 422 ct
533 402 585 422 una
600 403 659 422 cum
675 403 707 422 eo
721 394 813 428 pulsus
832 398 902 421 totus
917 393 1044 421 Ecclesia

264 440 351 468 clerus
371 448 378 468 :
413 448 516 468 necnon
538 440 614 467 multi
643 439 687 466 alii
712 439 850 474 praesules,
879 446 932 465 uno
951 439 1044 470 verbo,

263 491 393 522 quotquot
407 495 467 514 cum
482 486 536 513 Arii
553 485 705 520 corruptela
720 485 921 512 communicare
936 484 1045 516 nollent,

263 532 386 562 ecclesiis
408 533 507 566 exacti,
521 532 606 566 patria
634 530 706 566 pulsi
728 533 800 562 sntit,
819 529 1000 556 familiaribus
1019 533 1046 555 ct

262 580 384 615 cognatis
398 579 505 614 privati,
520 576 717 604 calamitatibus
739 576 803 603 item
830 580 858 602 et
881 575 1045 601 cruciatibus

263 625 429 661 gravissimis
443 622 619 650 traditi.Cum
633 627 722 649 autem
740 622 833 656 ingens
853 620 916 647 illud
930 620 1046 646 Alexan-

263 671 350 698 driam
367 670 468 697 illatum
482 669 580 696 bellum
602 668 663 700 fuit,
691 669 934 703 prml'ectorumque
960 667 1044 700 jnssa,

263 722 377 744 curante
395 715 527 749 Eudoxio,
542 715 641 750 ubique
655 715 736 741 missa
751 719 825 746 sunt,
840 718 894 740 tum
915 713 1048 740 maximus

265 762 308 789 ille
334 761 433 788 athleta
453 760 620 787 Athanasius
645 759 859 794 persecutionem
886 765 980 792 passus
995 763 1045 790 est,

264 814 382 842 moxque
397 807 543 841 capiendus
556 811 625 838 crat,
645 813 706 833 cum
719 805 788 832 clam
804 811 928 839 egressus
940 803 1007 830 urbe
1020 803 1046 829 in

263 858 460 888 paternumque
489 852 627 887 ingressus
661 851 834 886 sepulcruml
865 854 984 884 quatuor
1011 849 1046 876 ibi

1096 260 1125 279 τε
1145 252 1192 278 καὶ
1207 252 1263 278 δσοι
1279 251 1326 277 τοῦ
1347 250 1490 286 μοναδικοῦ
1503 250 1650 285 ἐτύγχανον
1665 250 1722 285 βίου
1733 269 1740 282 ,
1758 249 1883 286 ἐσχάτοις

1096 298 1191 329 κακοῖς
1211 295 1366 333 περιέῦαλε.
1389 296 1444 323 Καὶ
1471 296 1548 323 τοῦτο
1575 296 1626 331 μὲν
1648 295 1777 323 Μελέτιον
1799 295 1884 331 ἄνδρα

1096 342 1145 378 τὴν
1159 342 1258 378 ἀρετὴν
1271 341 1469 377 ἀπαράμιλλον,
1486 341 1533 367 τοῦ
1551 340 1645 376 θρόνου
1662 341 1712 376 τῆς
1725 340 1883 376 Ἀντιοχέων

1097 389 1221 425 καθῄρει,
1232 387 1311 415 τοῦτο
1322 388 1349 414 δὲ
1365 388 1412 415 καὶ
1435 388 1480 415 τὸν
1497 388 1582 423 μέγαν
1593 387 1686 414 τοῦτον
1710 388 1739 414 ὲν
1755 387 1884 422 ἀθληταῖς

1104 433 1262 460 Ἀθανάσιον
1297 433 1388 459 λαϐεῖν
1421 432 1558 468 ἐπεζήτει.
1587 432 1641 459 Καὶ
1673 432 1803 465 Μελέτιος
1834 433 1884 468 μὲν

1098 479 1246 515 ὑπερορίαν
1260 479 1453 511 κατεδικάζετο
1462 487 1469 493 ·
1483 480 1498 506 ὁ
1509 479 1537 506 δὲ
1553 479 1600 506 σὺν
1615 479 1688 515 αὐτῷ
1701 480 1800 516 κλῆρος
1811 479 1884 511 ἄπας

1097 527 1146 562 τῆς
1166 526 1327 561 Ἐκκλησίας
1340 525 1486 560 ἠλαύνετο·
1501 526 1548 553 καὶ
1562 525 1653 553 πολλοὶ
1668 526 1697 553 δὲ
1718 526 1773 552 τῶν
1792 527 1884 562 ἀρχιε-

1099 572 1167 607 ρέων
1187 572 1286 607 ἕτεροι,
1312 573 1359 599 καὶ
1378 573 1477 605 πάντες
1501 572 1612 604 ἁπλῶς,
1635 572 1691 599 ὅσοι
1715 580 1747 606 γε
1770 572 1806 607 μὴ
1832 572 1884 607 τῆς

1106 617 1209 652 Ἀρείου
1222 617 1310 652 λύμης
1329 618 1467 653 ἠνείχοντο
1483 618 1636 649 κοινωνεῖν,
1661 616 1808 649 ἐξωθούντο
1834 617 1884 652 μὲν

1097 663 1151 689 τῶν
1171 663 1348 699 Ἐκκλησιῶν,
1374 663 1520 698 ἠλαύνοντο
1542 662 1571 689 δὲ
1586 662 1738 698 πατρίδων,
1761 662 1830 698 πρὸς
1855 662 1884 689 δι

1098 709 1146 735 καὶ
1159 709 1265 736 οἰκείων
1280 709 1327 735 καὶ
1342 708 1490 743 συγγενῶν,
1505 708 1616 744 ζημίαις
1632 717 1661 735 τε
1679 709 1726 735 καὶ
1739 707 1884 743 τιμωρίαις

1098 755 1303 791 χαλεπωτάταις
1315 755 1470 788 ἐξεδίδοντο.
1491 755 1533 786 Ὠς
1549 752 1595 781 οὖν
1608 755 1621 781 ὁ
1637 754 1724 790 μέγας
1743 751 1820 786 οὗτος
1837 753 1886 781 καὶ

1098 803 1138 833 εἰς
1156 800 1358 836 Ἀλεξάνδρειαν
1378 798 1430 836 ἧκε
1460 800 1586 835 πόλεμος,
1616 801 1662 827 καὶ
1684 801 1885 836 προστάγματα

1098 846 1152 873 τῶν
1169 846 1296 882 ἐπάρχων
1319 846 1418 881 σπουδῇ
1500 846 1626 879 Εύδοξίου
1642 845 1779 881 πανταχοῦ
1801 854 1884 873 κατε-

264 905 369 925 menses
383 898 521 932 transegit,
535 903 615 932 atque
634 897 670 924 ita
693 897 800 923 brutum
817 897 945 931 impetum
964 900 991 922 et
1005 894 1046 922 fu-

1101 893 1231 928 πέμπετο,
1254 891 1379 932 ἐδιῴκετο
1395 892 1425 918 δὲ
1444 892 1525 919 πάλιν
1539 893 1553 918 ὁ
1573 893 1658 927 μέγας
1674 889 1750 924 οὗτος
1762 901 1886 928 τρισαρι·

263 951 354 970 roretn
369 944 473 972 vitavit.
490 943 604 970 Tatiano
623 947 678 969 tum
696 942 807 977 Aigypti
832 942 964 976 praeside,
987 941 1048 968 hor-

264 989 339 1016 rendi
364 989 531 1016 Christianos
554 995 648 1016 omnes
674 993 702 1016 et
729 988 880 1022 gravissimi
910 989 1047 1015 cruciatus

262 1040 442 1070 exceperunt:
459 1043 491 1062 ac
504 1043 551 1070 per
564 1043 625 1062 eum
641 1035 717 1062 multi
731 1035 852 1070 martyrii
864 1035 943 1061 liuent
959 1034 1047 1069 adepti

263 1086 337 1109 sunt.
352 1082 387 1108 At
400 1081 548 1116 condignas
562 1080 655 1108 statim
682 1081 726 1108 ille
740 1087 834 1115 pcenas
849 1080 908 1113 luit,
933 1080 1048 1107 fortunis

265 1135 318 1155 una
334 1132 362 1154 et
385 1128 516 1162 dignitate
547 1128 679 1162 privatus,
698 1131 725 1154 et
753 1127 785 1153 ad
811 1126 878 1158 hmc,
907 1127 1046 1153 oculorum

265 1174 361 1202 morbo
389 1179 550 1206 exercitatus,
578 1173 711 1207 valdeque
739 1172 930 1200 miserabiliter
960 1172 1047 1206 palam

265 1219 443 1251 mendicans,
466 1219 520 1246 vita
543 1218 583 1246 sic
603 1218 712 1246 functus
743 1222 785 1246 est
804 1226 811 1245 :
828 1224 915 1252 neque
942 1221 1048 1244 mortuo

264 1265 398 1300 quispiam
427 1264 676 1292 Alexandrinorum
696 1265 806 1297 libavit;
834 1264 888 1291 imo
917 1263 998 1291 etiam
1021 1263 1046 1290 in

263 1310 323 1345 ejus
336 1315 451 1338 statuam
471 1315 498 1337 et
510 1310 655 1345 imaginem
672 1309 829 1338 debacchali
843 1314 917 1340 sunt,
931 1309 1050 1336 utetiam

263 1356 376 1391 fuligine
388 1356 484 1384 facient
506 1356 564 1390 ejus
583 1357 760 1391 inungerent,
782 1363 834 1390 qua
849 1355 907 1382 sola
924 1355 967 1382 ille
987 1362 1051 1382 vere

264 1403 362 1438 dignus
377 1408 445 1431 erat.
467 1403 521 1431 Sed
536 1404 592 1430 haec
614 1403 722 1438 quidem
747 1407 824 1438 gesta
855 1406 928 1436 sunt,
957 1401 1052 1429 fraude

263 1448 317 1483 jam
333 1456 517 1477 marcescente
529 1455 556 1477 et
570 1449 766 1477 elllorescente.

1099 939 1178 969 στεὺς
1200 929 1372 970 Ἀθανάσιος·
1394 938 1443 974 ἤδη
1461 938 1489 965 δὲ
1512 939 1559 965 καὶ
1575 939 1635 966 ὅσον
1651 939 1726 965 οὔπω
1749 938 1886 974 ἁλώσιμος

1098 982 1142 1020 ἦν,
1155 984 1274 1017 ὑπέξεισι
1291 985 1339 1020 μὲν
1356 983 1444 1020 λάθρα
1461 985 1511 1020 τὴν
1534 985 1626 1018 πόλιν,
1642 985 1682 1017 εἴς
1703 990 1762 1011 τινα
1782 985 1810 1011 δὲ
1831 993 1884 1011 πα-

1099 1031 1185 1066 τρῷον
1199 1031 1316 1063 καταδὺς
1344 1032 1438 1066 τάφον,
1463 1033 1509 1058 καὶ
1526 1033 1598 1068 μῆνα
1619 1032 1748 1067 τέταρτον
1776 1031 1836 1057 ὅλον
1855 1031 1885 1057 ἐν

1100 1076 1174 1113 αὐτῷ
1194 1077 1349 1112 διαμείνας,
1373 1076 1459 1114 ταύτῃ
1482 1077 1532 1113 τὴν
1557 1078 1652 1112 ἄλογον
1668 1078 1755 1113 ὁρμὴν
1769 1077 1816 1104 καὶ
1832 1085 1886 1112 μα-

1100 1123 1159 1150 νίαν
1174 1122 1304 1155 ἐξέκλινε.
1333 1123 1465 1150 Τατιανοῦ
1489 1123 1542 1160 γὰρ
1563 1124 1712 1159 τηνικαῦτα
1738 1123 1787 1158 τῆς
1801 1122 1886 1158 Αἰγύο

1101 1178 1168 1196 πτου
1190 1169 1418 1205 ἡγεμονεύοντος,
1439 1170 1525 1196 δειναὶ
1550 1170 1729 1206 Χριστιανοὺς
1752 1169 1885 1201 ἅπαντας,

1099 1215 1184 1242 δειναὶ
1200 1215 1248 1242 καὶ
1271 1215 1377 1251 βαρεῖαι
1398 1215 1522 1248 κολάσεις
1539 1216 1702 1252 ἐλάμϐανον,
1721 1217 1769 1244 καὶ
1793 1217 1887 1244 πολλοὶ

1100 1262 1133 1289 δι’
1147 1262 1231 1289 αὐτοῦ
1247 1263 1278 1289 τὸ
1291 1263 1338 1290 τοῦ
1363 1263 1512 1299 μαρτυρίου
1529 1263 1605 1296 τέλος
1630 1264 1761 1299 ἐδέχοντο.
1785 1264 1854 1290 Ἀλλ’
1871 1266 1886 1291 6

1104 1309 1154 1344 μὲν
1170 1309 1219 1345 τὴν
1231 1309 1310 1342 ἀξίαν
1322 1309 1402 1341 εὐθὺς
1419 1309 1490 1336 ἔτισε
1506 1309 1593 1345 δίκην.
1610 1310 1664 1345 Τῆς
1676 1318 1706 1336 τε
1723 1310 1776 1346 γὰρ
1793 1311 1887 1343 οὐσίας

1101 1354 1160 1390 ἃμα
1181 1356 1227 1382 καὶ
1257 1355 1307 1390 τῆς
1329 1355 1407 1388 ἀξίας
1427 1356 1595 1391 ἀφαιρεθεὶς,
1619 1356 1687 1392 πρὸς
1704 1356 1732 1383 δὲ
1749 1357 1795 1384 καὶ
1815 1357 1886 1392 νόσῳ

1101 1400 1164 1432 τοὺς
1178 1400 1332 1436 ὀφθαλμοὺς
1346 1401 1560 1436 ἀποτυφλωθεὶς,
1576 1402 1623 1428 καὶ
1642 1402 1765 1434 ἐλεεινῶς
1783 1403 1886 1439 σφόδρα

1101 1447 1218 1484 δημοσίᾳ
1229 1448 1394 1484 προσαιτῶν,
1412 1449 1592 1485 καταστρέφει
1606 1449 1652 1477 τὸν
1673 1449 1745 1485 βίον,
1762 1450 1828 1486 μηδέ
1843 1459 1886 1476 νε-

264 1495 323 1531 κρῷ
337 1495 525 1530 σπεισαμένων
537 1495 610 1530 αὐτῷ
621 1494 675 1521 τῶν
713 1493 926 1529 Ἀλεξανδρέων,
957 1492 1025 1520 ἀλλὰ
1038 1493 1086 1519 καὶ
1104 1493 1189 1520 πολλὰ
1215 1494 1285 1520 κατὰ
1310 1494 1360 1529 τῆς
1381 1493 1462 1521 αὐτοῦ
1484 1495 1585 1526 εἰκόνος
1608 1495 1654 1521 καὶ
1668 1495 1714 1522 τοῦ
1730 1495 1814 1523 τύπου
1837 1495 1887 1531 τῆς

265 1542 372 1577 μορφῆς
389 1541 641 1577 πεπαρῳνηκότων,
656 1540 703 1567 καὶ
724 1540 773 1573 τὰς
805 1540 881 1575 ὄψεις
908 1539 1014 1575 ἀσϐόλῳ
1046 1539 1253 1575 διαχρισάντων,
1279 1537 1314 1576 ἧς
1339 1541 1423 1576 μόνης
1449 1540 1552 1572 ἐκεῖνος
1574 1541 1681 1578 ἀληθῶς
1701 1541 1785 1575 ἄξιος.
1805 1542 1886 1570 ’Δλλὰ

263 1589 350 1616 ταῦτα
368 1588 416 1624 μὲν
425 1609 433 1621 ,
444 1588 494 1624 ἤδη
508 1588 557 1623 τῆς
569 1588 676 1623 ἀπάτης
692 1587 893 1623 μαραινομένης
909 1588 956 1614 καὶ¹
969 1586 1149 1621 ἀπανθούσης.

299 1635 346 1662 29.
366 1635 431 1668 Qum
454 1642 517 1662 vero
540 1634 774 1669 Constantinopoli
804 1635 933 1662 adversus
955 1635 1049 1661 ortho-

1136 1634 1180 1662 29.
1201 1634 1235 1660 Ἀ
1248 1633 1276 1660 δὲ
1288 1633 1336 1661 καί⁸
1355 1633 1425 1660 κατὰ
1442 1634 1495 1660 τῶν
1513 1633 1659 1670 ὀρθοδόξων
1680 1634 1726 1661 ἐπὶ
1742 1635 1791 1670 τῆς
1808 1635 1887 1663 Κων-

265 1681 350 1708 doxOs
373 1681 511 1708 Eudoxius
530 1681 697 1715 designarit,
714 1688 773 1715 qua:
795 1680 886 1715 lingua
910 1687 1049 1713 enarrare,

265 1732 313 1755 aut
345 1727 432 1754 solum
455 1734 608 1754 memorare
634 1726 810 1754 sustinuerit?
825 1726 891 1753 Cum
916 1731 955 1754 tot
970 1725 1051 1760 igitur

267 1777 397 1808 tantaque
411 1773 479 1800 mala
498 1773 586 1808 primo
604 1772 784 1799 Valentiniani
805 1777 832 1799 et
847 1771 967 1799 Valentis
983 1779 1050 1799 con-

266 1817 357 1845 sulatu
371 1823 455 1845 totum
469 1818 563 1845 urbem
580 1822 754 1852 occuparent,
767 1817 828 1852 jure
849 1817 944 1844 merito
965 1816 1052 1844 homi-

267 1871 317 1891 nes
343 1865 469 1898 superuis
483 1865 566 1892 etiam
590 1864 793 1898 castigabantur
823 1863 919 1898 plagis.
950 1863 1052 1891 Tantus

265 1909 339 1936 enim
365 1909 418 1937 fuit
437 1915 515 1937 terra:
538 1915 637 1943 motus,
654 1915 772 1945 quantus
801 1917 936 1944 nunquam
960 1909 1050 1942 fuerit,

266 1963 330 1988 nec,
352 1961 382 1983 ut
397 1956 514 1990 videtur,
537 1955 644 1984 futurus
666 1957 712 1985 sit.
732 1956 790 1989 Quo
813 1963 874 1983 eum
895 1955 975 1983 urbes
993 1955 1052 1983 alia;

267 2003 379 2034 dirutae;
398 2006 453 2029 tum
475 2002 501 2029 in
525 2001 603 2030 Creta
621 2001 680 2036 plus
701 2005 809 2029 centum
845 2001 945 2035 ingenti
975 2002 1051 2028 ruina

266 2057 369 2078 eversae
396 2054 470 2077 sunt.
491 2049 563 2077 Mare
590 2050 653 2077 item
681 2050 738 2077 suis
763 2056 903 2084 egressum
923 2049 1053 2075 limitibus

267 2097 389 2130 quaedam
410 2096 468 2123 loca
495 2095 532 2122 ita
558 2095 708 2127 inundavit,
727 2098 756 2122 ut
781 2094 877 2121 fundos
905 2093 1052 2129 permultos

268 2141 344 2176 prius
357 2141 483 2172 arabiles,
498 2145 554 2167 tum
570 2139 735 2174 navigabiles
748 2139 877 2170 elliceret,
902 2146 959 2165 rem
982 2138 1053 2166 inso-

269 2186 421 2214 Iitissimam
437 2195 444 2213 :
459 2186 518 2213 aliis
530 2186 556 2213 in
577 2186 644 2214 locis
665 2191 768 2215 tantum
793 2187 934 2218 discessit.
953 2191 982 2214 nt
996 2194 1052 2214 me-

267 2233 312 2260 dio
330 2240 410 2260 cursu
428 2232 585 2267 navigantes
600 2233 626 2259 in
638 2233 710 2260 sicco
723 2232 781 2260 solo
800 2234 898 2268 reperti
917 2233 980 2260 sint.
999 2233 1052 2260 Sed

269 2286 304 2304 ne
321 2277 357 2304 ita
372 2277 482 2312 quidem
497 2277 612 2312 improbi
626 2277 759 2311 homines,
774 2278 962 2305 communibus
978 2278 1052 2306 orbis

1104 1678 1362 1706 σταντινουπολιτῶν
1385 1679 1508 1712 Εύδόξιος
1541 1680 1727 1713 ἐπεδείκνυτο,
1757 1681 1821 1708 ποία
1843 1689 1886 1713 τις

1103 1724 1136 1751 ἂν
1149 1725 1196 1751 καὶ
1211 1724 1392 1760 διηγήσασθαι
1413 1724 1522 1758 γλῶσσα
1545 1725 1592 1752 καὶ
1611 1725 1793 1761 μνημονεῦσαι
1806 1727 1887 1762 μόνον

1101 1770 1262 1805 ἀνάσχοιτο;
1276 1770 1415 1798 Τοσούτων
1434 1768 1480 1797 οὖν
1500 1771 1570 1797 κατὰ
1581 1772 1670 1798 πᾶσαν
1690 1772 1737 1798 ἐπὶ
1752 1772 1801 1807 τῆς
1811 1771 1887 1809 πρώ-

1101 1823 1150 1849 της
1173 1815 1394 1843 Οὐαλεντινιανοῦ
1420 1817 1467 1843 καὶ
1492 1816 1640 1849 Οὐάλεντος
1664 1817 1795 1851 ὑπατείας
1804 1837 1819 1851 ,ν
1840 1819 1887 1846 καὶ

1101 1860 1267 1896 τηλικούτων
1279 1862 1432 1897 γενομένων
1447 1862 1549 1894 κακῶν,
1565 1863 1676 1896 εἰκότως
1688 1863 1824 1900 ἄνθρωποι
1841 1865 1887 1892 καὶ

1101 1908 1161 1939 ταῖς
1183 1907 1286 1934 ἄνωθεν
1313 1907 1430 1943 πληγαῖς
1455 1908 1636 1936 ἐπαιδεύοντο.
1658 1909 1743 1937 Τοῦτο
1764 1911 1813 1946 μὲν
1833 1911 1887 1947 γὰρ

1103 1952 1214 1988 σεισμὸς
1236 1953 1400 1989 ἐπισκήψας,
1429 1951 1482 1981 οἷον
1510 1954 1571 1982 οὔτε
1594 1956 1608 1982 ό
1632 1955 1772 1991 παρελθὼν
1787 1957 1887 1992 ἤνεγκε

1102 1999 1206 2034 χρόνος,
1222 1999 1284 2026 οὔτε
1311 1999 1326 2025 6
1343 1999 1446 2035 μέλλων
1466 2000 1549 2027 οἴσειν
1572 2001 1716 2036 ἠλπίζετο,
1735 2001 1835 2034 πολλάς
1855 2011 1887 2029 τε

1102 2045 1184 2077 ἄλλας
1199 2045 1329 2081 ἀνέτρεψε
1351 2046 1406 2073 τῶν
1421 2047 1540 2079 πόλεων,
1554 2048 1601 2074 καὶ
1625 2049 1640 2083 ἡ
1663 2048 1758 2084 Κρήτη
1778 2048 1888 2081 πλείους

1102 2091 1156 2118 τῶν
1171 2091 1269 2126 ἑαυτῆς
1279 2091 1296 2126 ἢ
1311 2091 1407 2118 ἑκατὸν
1417 2091 1533 2127 χαλεπὸν
1545 2090 1598 2119 εἶδε
1611 2092 1710 2128 πτῶμα
1719 2093 1888 2129 κατενεχθεί-

1104 2146 1170 2169 σας·
1187 2136 1267 2163 τοῦτο
1289 2137 1318 2164 δὲ
1332 2138 1379 2164 καὶ
1406 2139 1423 2173 ἡ
1449 2137 1583 2171 θάλασσα,
1606 2139 1669 2171 τοὺς
1682 2139 1798 2172 οἰκείους
1808 2140 1888 2175 ὄρους

1104 2182 1287 2214 ἀπολιποῦσα,
1309 2182 1385 2215 τινάς
1412 2183 1460 2219 μὲν
1491 2183 1589 2216 τόπους
1615 2184 1701 2216 οὕτως
1726 2185 1887 2218 ἐπέκλυσεν,

1103 2228 1172 2255 ὥστε
1190 2229 1302 2260 πολλοὺς
1329 2229 1377 2256 καὶ
1399 2229 1454 2256 τῶν
1474 2229 1570 2265 πρώην
1589 2229 1728 2266 ἀροσίμων
1747 2231 1889 2266 πλωΐμους

1103 2274 1200 2307 θεῖναι,
1227 2275 1343 2311 πρᾶγμα
1369 2275 1540 2302 καινότατον·
1566 2274 1678 2311 ἑτέρωθι
1710 2275 1739 2302 δὲ
1762 2276 1889 2304 τοσοῦτον

267 2323 476 2354 calamitatibus.
486 2323 737 2358 elementorumque
753 2323 947 2351 mutationibus
959 2330 1049 2350 emen-

1103 2321 1207 2356 ἀπέστη
1222 2321 1319 2353 πάλιν,
1340 2321 1377 2353 ὡς
1400 2321 1447 2348 καὶ
1469 2321 1540 2348 κατὰ
1563 2321 1644 2356 μέσον
1669 2321 1714 2348 τὸν
1741 2321 1824 2349 πλοῦν
1842 2323 1890 2350 ἐπὶ

268 2369 421 2402 dabantur;
451 2369 505 2397 imo
540 2369 629 2404 potius
657 2370 689 2396 ad
720 2369 849 2397 malitiam
876 2368 1053 2396 ferventiores

268 2420 361 2450 postea
381 2420 471 2448 erant,
499 2415 742 2451 vehementiusque
758 2416 854 2444 deinde
873 2420 901 2443 et
934 2415 1053 2443 atrocius

268 2462 296 2489 in
322 2462 493 2490 Christianos
524 2462 712 2490 concitabatur
745 2462 855 2490 bellum.
870 2462 936 2489 Cum
961 2467 1051 2489 autem

268 2507 409 2535 Athanasii
423 2508 566 2540 desiderio,
585 2507 716 2536 adversus
741 2508 917 2543 imperatores
937 2508 1052 2535 Alexan-

269 2554 362 2581 drinus
379 2554 492 2588 populus
503 2558 725 2588 exasperaretur,
741 2558 770 2581 et
787 2554 843 2588 jam
869 2554 903 2581 ad
926 2561 1000 2580 arma
1020 2560 1053 2580 ac

269 2599 428 2627 seditionem
450 2603 619 2632 verteretur,
649 2607 678 2626 re
697 2600 787 2626 audita
807 2599 907 2627 Valens
920 2619 928 2632 ,
958 2606 1051 2627 eorum

269 2648 371 2674 Veritus
384 2646 525 2673 tumultum
536 2650 563 2673 et
576 2646 731 2679 audaciam,
753 2646 915 2673 necessitate
932 2646 1053 2680 compul-

269 2699 316 2719 sus
328 2696 370 2717 est
385 2690 562 2718 ecclesiarum
581 2692 700 2725 regimen
715 2699 822 2718 rursum
835 2691 985 2718 Athanasio
1001 2696 1052 2718 tra-

269 2743 345 2764 dere.
357 2736 432 2769 Quod
449 2737 493 2764 ille
509 2745 561 2764 non
582 2737 654 2764 illius
670 2738 756 2773 gratia
785 2738 897 2772 agebat;
914 2738 960 2765 sed
981 2737 1052 2772 quod

270 2783 359 2810 nullus
371 2790 404 2810 ex
421 2783 624 2816 subditisesset,
634 2788 662 2810 ut
676 2792 724 2819 par
739 2789 808 2816 erat,
820 2785 865 2819 qui
881 2784 930 2811 sibi
947 2785 1052 2811 obtem-

272 2833 389 2863 peraret.
406 2828 464 2863 Quo
475 2829 577 2856 factum
594 2833 647 2859 est.
662 2835 687 2856 ut
707 2830 741 2857 ab
756 2830 872 2856 assiduis
888 2830 939 2857 illis
952 2831 1053 2865 [perse-

272 2873 424 2902 eutlonibus
438 2879 466 2901 et
485 2873 561 2902 bellis
578 2874 731 2909 quiesceret
762 2875 935 2903 Athanasius.
955 2873 1053 2902 Gravis

1104 2367 1189 2403 ξηροῦ
1207 2367 1255 2394 τοῦ
1270 2367 1382 2401 ἐδάφους
1407 2367 1550 2403 εὑρεθῆναι
1572 2368 1635 2399 τοὺς
1655 2367 1793 2400 πλέοντας.
1819 2369 1889 2396 Ἀλλ’

1103 2413 1163 2440 οὐδὲ
1176 2413 1261 2445 οὕτως
1288 2414 1311 2440 οἱ
1336 2413 1417 2440 κακοὶ
1431 2415 1492 2446 ταῖς
1506 2415 1607 2446 κοιναῖς
1625 2414 1733 2449 μάστιξι
1754 2415 1804 2450 τῆς
1825 2415 1889 2450 γῆς,

1102 2461 1149 2488 καὶ
1170 2462 1231 2492 ταῖς
1253 2454 1412 2496 μεταϐολαῖς
1425 2459 1479 2486 τῶν
1496 2460 1634 2495 στοιχείων
1657 2461 1869 2496 ἐσωφρονίζοντο
1881 2469 1888 2476 ·

1103 2506 1170 2533 ἀλλὰ
1192 2507 1240 2534 καὶ
1261 2506 1418 2542 θερμότεροι
1441 2506 1540 2541 μᾶλλον
1568 2507 1617 2542 τὴν
1633 2507 1731 2533 κακίαν
1758 2507 1889 2542 ἐγίνοντο,

1104 2553 1152 2580 καὶ
1163 2553 1337 2588 σφοδρότερος
1352 2552 1392 2579 ἔτι
1406 2553 1451 2579 καὶ
1462 2552 1650 2588 χαλεπώτερος
1661 2553 1752 2581 ὀκατὰ
1761 2554 1891 2589 Χριστια-

1105 2599 1158 2626 νῶν
1168 2599 1250 2635 ᾔρετο
1266 2599 1392 2634 πόλεμος.
1420 2599 1528 2635 Ἐπειδὴ
1543 2599 1570 2626 δὲ
1586 2599 1661 2634 πόθῳ
1676 2600 1715 2635 τῷ
1729 2600 1795 2636 πρὸς
1807 2600 1889 2628 Ἀθασ

1104 2645 1195 2672 νάσιον
1207 2645 1278 2676 ἄπας
1294 2646 1308 2671 ὀ
1329 2644 1383 2671 τῶν
1409 2645 1605 2681 Ἀλεξανδρέων
1625 2645 1708 2680 δῆμος
1727 2646 1889 2681 ἐτραχύνετό

1104 2698 1133 2716 τε
1147 2690 1214 2725 πρὸς
1237 2691 1299 2722 τοὺς
1325 2689 1503 2726 κρατοῦντας,
1520 2690 1567 2716 καὶ
1584 2690 1634 2726 ἤδη
1659 2690 1727 2726 πρὸς
1748 2691 1818 2718 ὅπλα
1841 2691 1890 2719 καὶ

1105 2736 1198 2764 στάσιν
1211 2737 1281 2773 ὁρῶν
1294 2737 1371 2772 δῆλος
1381 2735 1426 2772 ἦν,
1444 2736 1558 2772 μαθὼνὸ
1567 2736 1693 2772 βασιλεὺς
1707 2737 1825 2773 Οὐάλης,
1841 2738 1890 2764 καὶ

1103 2783 1193 2815 δείσας
1210 2784 1258 2819 τὴν
1271 2784 1402 2819 ἀναρχίαν
1423 2783 1513 2810 αὐτῶν
1534 2783 1623 2810 καὶτὸ
1635 2783 1744 2820 θράσος,
1769 2784 1892 2819 ἠναγκά-

1106 2830 1158 2865 σθη
1177 2830 1224 2856 καὶ
1242 2828 1320 2861 αὖθις
1339 2829 1490 2865 Ἀθανασίῳ
1511 2829 1548 2856 τὰ
1570 2829 1624 2856 τῶν
1646 2829 1813 2866 Ἐκκλησιῶν
1829 2831 1891 2856 ἐτι-ι-

1105 2875 1212 2912 τρέψαι,
1227 2875 1311 2903 Τοῦτο
1326 2876 1353 2903 δὲ
1368 2875 1397 2903 οὐ
1419 2875 1576 2911 θεραπεύων
1594 2876 1697 2904 ἐκεῖνον
1714 2875 1818 2910 ἐποίει,
1831 2875 1890 2903 ἀλλ’
