2027 3042
707 142 736 170 S.
757 141 944 170 ATHANASII
964 141 1045 169 “TA
1065 141 1110 168 EX
1130 141 1267 170 ΡΗΟἸῚΟ.

1732 153 1793 174 σαι

180 202 221 229 δτι
246 200 348 236 μηδένα
364 198 454 236 εἶχεν,
471 201 529 227 ’ὅσα
557 200 621 233 δέοι,
649 201 754 235 βασιλεῖ
769 201 964 238 πειθαρχοῦντα

1019 202 1118 236 quippe
1145 202 1286 230 calamitas
1312 206 1395 230 totum
1420 203 1568 239 occupabat
1595 203 1743 237 Orientem.
1767 209 1796 233 et

181 247 234 274 τῶν
247 247 387 282 ὑπηκόων.
406 247 494 283 Ὅπερ
506 245 552 274 οὖν
567 247 733 274 ἀναπνεῦσαι
752 248 814 280 τοὺς
834 248 898 283 περὶ
919 247 965 275 τὸν

185 293 344 321 Ἀθανάσιον
360 292 428 324 τέως
439 292 493 319 τῶν
513 292 631 328 συνεχῶν
646 293 773 329 διωγμῶν
789 294 900 320 ἐκείνων
917 293 966 320 καὶ

180 339 234 366 τῶν
259 339 386 374 πολέμων
410 338 568 375 πεποίηκεν.
595 339 720 375 Ἐκράτει
747 339 801 375 γὰρ
828 339 965 375 πανταχοῦ

180 386 228 420 τῆς
242 386 373 422 ἀνατολῆς
383 385 419 412 τὰ
428 386 511 417 δεινὰ,
525 385 572 412 καὶ
582 385 727 421 ὁμοφύλοις
737 386 833 421 αἵμασι
840 386 966 422 Χριστια-

180 431 221 458 νοὶ
245 430 463 466 κατεχραίνοντο.
494 431 642 462 Οὐάλεντος
664 430 692 457 δὲ
716 430 784 466 πρὸς
795 431 844 466 τὴν
866 431 966 457 Ἀντιο-

180 477 250 511 χέων
261 474 447 511 ἐπειγομένου,
462 475 638 510 μεταλλάττει
652 475 701 510 μὲν
714 475 836 508 Εὑδόξιος
845 475 890 502 τὸν
909 475 965 510 βίον

180 521 195 548 δ
210 522 263 549 τῶν
281 521 384 558 Ἀρείου
404 521 544 556 δογμάτων
570 520 709 557 ζηλωτὴς,
733 522 780 547 καὶ
804 521 963 556 βεϐαιωτὴς,

181 568 228 594 καὶ
242 567 404 603 προστάτης,
418 566 527 593 ἔννατον
543 566 589 592 ἐπὶ
602 565 706 600 δεκάτῳ
719 565 766 592 τοῦ
783 565 903 600 διωγμοῦ
915 565 965 600 τῆς

181 613 333 650 ὸρθοδοξίας
350 613 422 647 ἄγων
438 611 575 639 ἐνιαυτόν·
589 610 799 638 ἀντικαθιστῶσι
824 610 851 637 δὲ
866 611 890 636 οἱ
916 610 965 645 μὲν

180 660 229 696 τῆς
245 660 364 695 χαλεπῆς
384 658 488 694 Ἀρείου
505 658 644 690 κοινωνίας
658 656 821 693 Δημόφιλον,
838 657 862 683 οἱ
876 656 904 683 δὲ
917 657 965 691 τῆς

181 706 273 740 ὑγιοῦς
285 706 332 732 καὶ
352 704 491 741 ὀρθοδόξου
521 705 619 740 μοίρας
644 704 787 739 Εὐάγριον.
809 702 892 738 ἄνδρα
918 703 965 729 καὶ

181 751 248 786 βίον,
265 751 311 777 καὶ
334 750 423 784 λόγον,
435 750 483 776 καὶ
501 749 618 785 τρόπους
642 749 787 784 ἐπίσημον.
803 747 902 774 Τοῦτον
917 747 965 782 μὲν

180 795 226 824 οὖν
244 797 272 823 αἱ
297 795 370 832 ἱεραὶ
389 797 478 831 χεῖρες
496 794 655 821 ὲτελείωσαν
679 793 843 826 Εὑσταθίου,
870 792 965 828 ἀνδρὸς

181 843 339 878 ἰπιφανοῦς,
354 843 400 869 καὶ
416 842 498 869 πάλαι
515 842 563 878 μὲν
577 842 617 874 εἰς
633 841 678 868 τὸν
690 842 719 868 ὲν
738 840 888 876 Ἀντιοχείᾳ
903 839 964 876 Θρό-

1015 247 1160 274 Christiani
1176 253 1268 275 mutuo
1279 256 1339 276 sese
1360 250 1490 284 sanguine
1502 249 1666 284 polluebant.
1685 249 1796 278 Valente

1016 300 1095 328 porro
1110 294 1282 321 Antiochiam
1297 295 1430 329 profecto,
1449 295 1530 322 vitam
1547 296 1644 323 clausit
1659 296 1794 324 Eudoxius

1015 340 1112 367 ardens
1128 340 1185 367 Arii
1209 340 1338 368 doctrinae
1364 346 1484 369 assertor
1510 346 1538 369 et
1567 347 1707 376 patronus,
1732 349 1794 369 cum

1015 393 1114 413 annum
1131 387 1325 421 persecutionis
1355 395 1428 414 sana:
1456 388 1585 415 doctrinm
1611 393 1702 423 ageret
1724 388 1795 415 deci-

1015 440 1086 459 mum
1100 439 1210 460 nonum.
1226 432 1308 466 Cujus
1319 432 1378 460 loco
1393 434 1561 461 substituunt
1589 434 1697 461 Ariamn
1715 439 1796 461 secta,

1015 477 1138 504 homines
1152 478 1334 512 Demophilum
1348 487 1356 512 ;
1382 479 1427 513 qui
1440 485 1504 506 vero
1517 487 1589 506 sana:
1600 483 1626 507 et
1640 479 1796 506 orthodoxae

1015 522 1098 556 partis
1120 527 1207 555 erant,
1232 522 1387 557 Evagrium,
1413 523 1498 550 virum
1517 524 1591 556 vita,
1620 531 1745 551 sermone
1769 529 1796 551 et

1015 568 1134 595 moribus
1148 567 1292 601 insignem.
1317 575 1396 603 quem
1421 568 1558 596 initiarant
1585 577 1669 596 sacra:
1700 569 1796 596 Eusta-

1014 613 1062 640 tbii
1075 621 1179 646 manus,
1195 613 1316 648 prmclari
1336 613 1397 646 viri,
1411 614 1455 648 qui
1468 614 1532 640 olim
1559 614 1584 641 in
1599 614 1795 642 Autioelieuum

1014 659 1176 687 constitutus
1192 660 1330 692 thronum,
1344 664 1438 694 postea
1454 659 1551 688 exsilio
1577 659 1666 687 fuerat
1681 661 1793 688 damna-

1015 707 1073 737 tus;
1103 712 1134 731 ac
1159 713 1265 732 rursum
1284 706 1343 740 (per
1363 704 1534 732 Joviniauum
1564 705 1716 740 revocatus)
1739 710 1795 732 tum

1015 750 1142 784 temporis
1156 749 1389 785 Constantinopoli
1404 750 1518 786 degebat
1537 759 1598 778 cum
1624 751 1795 783 orthodoxis,

1014 803 1064 822 nec
1092 796 1141 830 ipsi
1156 795 1257 823 latebat
1279 796 1373 831 ingens
1392 796 1436 823 illa
1455 796 1574 824 Valentis
1598 796 1752 823 immanitas
1768 796 1794 823 in

1014 840 1187 868 orthodoxos.
1207 841 1260 867 Sed
1279 849 1374 868 manus
1386 841 1459 868 illum
1479 849 1532 868 non
1557 849 1639 876 parva
1667 841 1794 874 militum,

181 898 226 917 νον
235 876 413 925 ἀναχθέντος,
423 876 568 924 ὑπερορίαν
583 887 612 914 δὲ
631 887 700 923 μετά
723 886 810 914 ταῦτα
830 894 963 922 κατακρι-

1014 886 1087 914 brevi
1102 892 1162 921 post
1176 886 1282 921 Evagrii
1294 887 1490 914 ordinationem
1505 887 1624 914 exsulem
1637 887 1736 922 Bizyen
1749 887 1796 914 de-

181 936 282 968 θέντος,
300 935 351 962 ὑπὸ
370 934 496 962 ’Ῑοὸιανοῦ
509 943 538 961 τε
554 931 631 966 αὖθις
651 932 848 969 ὰνακληθέντος
862 933 912 959 κάν
930 933 962 968 τῇ

180 981 462 1010 Κωνσταντινουπόλει
481 980 630 1016 τηνικαῦτα
652 981 709 1012 τοῖς
733 979 883 1015 ὀρθοδόξοις
904 978 964 1004 επι-

179 1029 343 1065 δημοῦντος,
363 1028 393 1055 ὃν
416 1028 476 1054 οὐδὲ
500 1027 590 1054 λαϐεῖν
613 1024 648 1062 ἦν
669 1026 718 1062 τὴν
735 1025 835 1061 πολλὴν
858 1023 964 1060 ἐκείνην

181 1075 329 1107 Οὐάλεντος
352 1074 422 1101 κατά
447 1073 501 1100 τῶν
534 1073 679 1109 όρΘοδόξων
708 1072 851 1108 ἀπήνειαν.
885 1071 964 1098 Ἀλλὰ

180 1121 240 1157 χεὶρ
255 1120 335 1147 αὐτὸν
358 1120 409 1147 οὐκ
425 1119 502 1155 ὀλίγη
530 1117 687 1154 σρατιωτῶν
704 1117 774 1153 μετά
788 1116 890 1153 βραχύν
904 1125 964 1144 τινα

180 1167 273 1203 χρόνον
292 1166 342 1202 τῆς
356 1165 492 1201 Εὑαγρίου
519 1166 684 1201 χειροτονίας
715 1164 858 1200 ὑπερόριον
882 1163 964 1191 πάλιν

180 1214 220 1245 εις
235 1212 333 1247 Βιζύην
345 1211 461 1247 καθίστη
474 1219 481 1227 ι
498 1211 559 1237 οὐδὲ
577 1211 623 1237 τὸν
637 1210 771 1246 Εὑάγριον
783 1209 876 1241 ἀδείας
896 1209 964 1235 ἁπο-

181 1258 272 1285 λαϐεῖν
285 1258 397 1292 ἀφεῖσα,
414 1257 470 1284 ἀλλ’
490 1256 607 1292 ἑτέρωσε
629 1256 754 1283 κάκεῖνον
771 1254 962 1289 ἀπαγαγοῦσα,

180 1305 224 1331 ἐπ’
253 1305 297 1341 ίσῃ
325 1304 494 1340 ἀμφοτέρους
514 1304 547 1339 τῇ
578 1302 719 1338 παρρησίᾳ
754 1301 804 1337 τῆς
834 1301 962 1332 πίστεως.

181 1350 288 1384 Οὐάλης
299 1349 337 1382 δὲ,
350 1349 398 1385 τὴν
405 1349 540 1384 Ἀντιόχου
552 1347 720 1379 καταλαϐὼν,
734 1347 797 1379 τοὺς
809 1346 857 1373 τοῦ
867 1347 963 1381 ὁμοου-

181 1396 238 1423 σίου
250 1395 418 1431 πρεσϐευτὰς
427 1395 524 1430 ἀνέδην
536 1394 686 1429 ἐπολιόρκει
699 1402 728 1420 τε
740 1393 786 1420 καὶ
798 1393 961 1428 ἀπήλαυνεν,

180 1441 230 1467 οὐκ
249 1439 399 1476 ἐκκλησιῶν
423 1439 518 1475 μόνον,
540 1439 599 1466 οὐδὲ
617 1437 764 1471 συνάξεως,
787 1437 846 1464 οὐδὲ
866 1445 962 1464 κοινω-

179 1486 249 1518 νίας,
262 1486 330 1513 ἀλλά
344 1486 390 1513 καὶ
404 1485 515 1521 βαθμῶν
531 1486 578 1512 καὶ
593 1483 696 1516 οἰκιῶν,
708 1484 754 1511 καὶ
772 1483 874 1515 πόλεως
888 1482 961 1510 ἁπά-

180 1541 231 1568 σης
245 1532 346 1568 σχεδὸν,
357 1532 408 1567 ἤδη
422 1531 450 1558 δὲ
470 1531 517 1558 καὶ
531 1531 579 1566 τῆς
594 1530 664 1566 ἑῴας
679 1530 773 1565 αὐτῆς.
792 1529 863 1564 Πρὸς
875 1529 903 1554 δὲ
915 1529 963 1555 καὶ
976 1552 997 1581 c

182 1579 295 1615 σφοδραὶ
321 1578 446 1610 κολάσεις
471 1578 634 1613 ὲπήρτηντο,
658 1575 704 1602 καὶ
733 1575 846 1606 θάνατος
867 1575 963 1606 αὐτοὺς

179 1627 295 1662 χαλεπὸς
320 1626 466 1662 ἐξεδέχετο.
489 1622 552 1652 Εἷδε
573 1624 694 1659 ποταμὸς
720 1623 846 1658 Ὀρόντης
867 1621 962 1655 ταῦτα,

181 1673 229 1699 καὶ
256 1672 386 1699 στενωποὶ
399 1671 449 1706 τῆς
480 1670 614 1705 Ἀντιόχου
624 1690 632 1703 ,
649 1669 695 1696 xui.
706 1669 814 1704 ἀγοραὶ,
830 1668 877 1695 καὶ
897 1668 962 1700 ὁδοὶ,

182 1718 229 1745 καὶ
243 1718 404 1754 προάστεια·
415 1718 429 1744 ό
445 1717 493 1752 μὲν
507 1716 617 1751 αἴμασιν
636 1715 730 1751 ἱερέων
754 1714 841 1750 βάψας
855 1714 886 1741 τὸ
909 1716 964 1750 ρεῖ-

180 1764 255 1800 ορον,
267 1764 302 1791 τά
316 1763 344 1790 δὲ
359 1763 444 1799 μεστὰ
459 1762 592 1797 σωμάτων
603 1761 706 1797 νεκρῶν
725 1760 904 1796 γεγενημένα.
919 1759 963 1786 Ἐν

180 1809 298 1845 τοσούτῳ
308 1809 397 1836 τοίνυν
411 1807 535 1844 χειμῶνι,
552 1807 599 1834 καὶ
610 1806 680 1833 οὕτω
692 1806 812 1841 μεγίστῳ
833 1806 880 1832 καὶ
901 1813 966 1840 σφο-

179 1855 309 1892 δροτάτῳ,
333 1855 380 1882 καὶ
399 1855 414 1881 ὁ
435 1853 559 1889 λαμπρὸς
570 1849 646 1884 οὗτος
660 1851 707 1878 καὶ
730 1851 816 1886 μέγας
827 1851 876 1886 τὴν
893 1850 964 1877 κατά

180 1901 246 1929 Θεὸν
258 1901 393 1928 πολιτείαν
403 1900 450 1927 καὶ
460 1900 508 1935 τὴν
520 1899 620 1934 ἀρετὴν
638 1897 805 1929 Ἀθανάσιος,
822 1897 890 1932 μετὰ
903 1897 965 1928 τοὺς

182 1948 303 1983 μακροὺς
315 1947 434 1978 ἐκείνους
445 1945 488 1972 διὰ
499 1945 614 1981 Χριστὸν
629 1943 753 1979 ἱδρῶτας,
765 1943 811 1969 καὶ
823 1942 885 1974 τοὺς
896 1942 964 1978 ὑπὲρ

180 1993 230 2029 τῆς
241 1992 393 2030 ὀρθοδοξίας
411 1992 522 2024 ἄθλους,
541 1990 587 2017 καὶ
603 1990 652 2021 τὰς
667 1989 805 2024 ἀοιδίμους
829 1988 915 2023 φυγάς
933 1996 964 2014 τε

181 2040 229 2066 καὶ
241 2039 358 2075 ὲξορίας,
386 2038 433 2065 καὶ
455 2037 489 2064 τὰ
513 2036 649 2072 περιφανῆ
670 2035 788 2071 τρόπαια
811 2034 911 2066 πολλὰ,
925 2033 964 2068 τῷ

181 2084 228 2112 τοῦ
241 2084 336 2120 θρόνου
353 2084 449 2120 Πέτρῳ
464 2082 577 2117 διαδόχῳ
587 2080 726 2118 προειπὼν
739 2080 792 2106 τῶν
803 2079 962 2115 μελλόντων,

180 2131 253 2166 ἕκτῳ
268 2130 315 2157 καὶ
329 2128 539 2166 τεσσαρακοστῷ
559 2128 608 2163 τῆς
625 2127 771 2162 ἱερωσύνης
788 2126 842 2153 ἔτει
854 2145 862 2158 ,
886 2125 966 2160 ὀγδόῃ

180 2177 228 2203 ἐπὶ
241 2175 306 2202 δέκα
321 2176 405 2211 μηνὸς
423 2174 585 2209 Ίανουαρίου
595 2193 602 2206 ,
615 2174 661 2199 ἐπὶ
681 2172 730 2207 τῆς
747 2171 895 2208 Γρατιανοῦ
918 2170 966 2197 καὶ

1014 931 1101 959 duxit.
1121 931 1213 966 Neque
1227 932 1369 967 Evagrium
1390 933 1481 968 quiete
1496 932 1549 959 frui
1575 940 1654 967 passa
1668 937 1720 962 est.
1745 931 1793 959 sed

1013 977 1094 1004 alium
1106 977 1220 1005 adduxit
1244 978 1271 1004 in
1286 977 1344 1011 ejus
1368 977 1467 1010 locum,
1490 977 1524 1006 ob
1539 985 1631 1012 parem
1652 978 1794 1013 utriusque

1014 1023 1075 1051 ﬁdei
1104 1024 1262 1051 enarranda:
1285 1022 1447 1052 libertatem.
1470 1023 1568 1051 Valens
1591 1031 1672 1058 porro
1698 1024 1794 1052 Antio-

1013 1069 1100 1097 chiam
1127 1069 1171 1097 ubi
1201 1069 1342 1102 venisset,
1371 1070 1612 1097 consubstantialis
1645 1075 1795 1098 assertores

1013 1114 1185 1149 oppugnabat
1202 1114 1382 1149 pellebatque,
1399 1122 1451 1142 non
1474 1115 1599 1143 ecclesiis
1618 1120 1735 1148 tantum,
1752 1115 1795 1143 vel

1013 1159 1189 1188 conventibus
1202 1165 1228 1187 et
1242 1161 1447 1193 communione;
1472 1161 1518 1188 sed
1545 1161 1626 1189 etiam
1654 1162 1794 1196 gradibus.

1013 1206 1149 1238 domibus,
1163 1206 1229 1234 urbe
1246 1205 1330 1234 ferme
1344 1210 1397 1234 tota
1410 1206 1545 1241 exigebat,
1557 1207 1611 1235 imo
1626 1212 1681 1235 toto
1697 1207 1795 1235 Orien-

1013 1255 1048 1278 te.
1058 1251 1097 1278 Ad
1109 1251 1166 1278 hate
1174 1250 1327 1286 gravissimi
1337 1250 1473 1278 cruciatus
1482 1251 1653 1286 ingruebant,
1665 1256 1796 1286 atroxque

1013 1305 1088 1325 mors
1106 1297 1268 1332 excipiebat.
1286 1296 1357 1324 Vidit
1382 1296 1475 1324 isthmc
1489 1297 1605 1325 Orontes
1632 1297 1742 1328 ﬂuvius,
1768 1302 1796 1325 et

1012 1343 1162 1371 Antiochia
1174 1343 1237 1375 vici,
1256 1343 1326 1375 fora,
1341 1343 1409 1376 vize,
1427 1343 1578 1371 suburbia:
1600 1342 1645 1370 ille
1668 1343 1796 1371 sacerdo-

1013 1393 1069 1415 tum
1080 1388 1211 1423 sanguine
1221 1388 1304 1416 tincto
1315 1387 1391 1415 alveo
1404 1407 1412 1419 ,
1430 1387 1486 1415 hmo
1496 1387 1672 1415 cadaveribus
1684 1387 1794 1423 repleta.

1013 1434 1041 1462 In
1051 1440 1123 1462 tanta
1135 1435 1215 1470 igitur
1228 1438 1395 1470 tempestate,
1407 1439 1460 1461 tam
1469 1434 1555 1468 gravi,
1566 1438 1620 1461 tam
1631 1434 1795 1466 vehementi.

1013 1481 1156 1516 praeclarus
1167 1481 1211 1508 ille
1223 1485 1249 1508 et
1264 1487 1376 1515 magnus
1400 1480 1461 1508 vita:
1475 1480 1622 1508 secundum
1647 1480 1731 1509 Deum
1754 1481 1796 1508 in-

1013 1527 1108 1554 stituto
1130 1531 1157 1553 et
1181 1526 1282 1553 virtute
1301 1517 1476 1558 Athanasius,
1491 1530 1551 1560 post
1580 1530 1634 1552 tam
1654 1526 1797 1554 diuturnos

1016 1570 1075 1599 ittos
1087 1576 1196 1605 propter
1211 1570 1350 1598 Christum
1362 1571 1485 1603 sudores,
1496 1575 1558 1605 post
1571 1569 1616 1597 illa
1635 1578 1683 1605 pro
1702 1571 1796 1598 ortho-

1016 1615 1084 1642 doxa
1100 1615 1152 1642 tlde
1160 1615 1318 1648 certamina,
1335 1618 1396 1648 post
1418 1614 1538 1642 celebres
1559 1614 1636 1650 fugas
1651 1619 1678 1643 et
1691 1615 1795 1649 exsilia,

1016 1665 1042 1688 et
1059 1660 1172 1695 insignia
1189 1664 1289 1695 tropaea
1311 1659 1453 1694 permulta,
1475 1669 1535 1687 cum
1551 1662 1701 1688 successori
1714 1661 1796 1689 Petro

1016 1706 1104 1733 futura
1127 1706 1344 1741 prteuuntiasset,
1359 1710 1436 1733 sexto
1462 1710 1490 1733 et
1521 1706 1726 1741 quadragesimo
1750 1713 1795 1733 sa-

1014 1753 1126 1780 cerdotii
1140 1760 1221 1785 anno,
1239 1751 1343 1779 decimo
1356 1757 1452 1779 octavo
1467 1751 1510 1779 die
1539 1751 1641 1779 mensis
1662 1751 1795 1784 Januarii,

1015 1798 1144 1834 Gratiano
1165 1803 1192 1825 et
1217 1797 1306 1825 Probo
1335 1796 1481 1824 secundum
1510 1795 1684 1829 consulibus,
1711 1796 1795 1823 vitam

1015 1844 1124 1876 clausit,
1141 1847 1233 1878 utpote
1248 1843 1294 1878 qui
1306 1843 1362 1877 jam
1376 1846 1419 1870 sat
1433 1842 1555 1870 laborum
1575 1846 1603 1870 et
1613 1849 1796 1869 mrumnarum

1015 1890 1190 1926 percepisset,
1218 1890 1332 1924 ideoque
1361 1888 1490 1916 athletam
1512 1888 1674 1922 agonotheta
1688 1895 1796 1916 surstna

1018 1937 1052 1964 ad
1063 1944 1092 1964 se
1105 1936 1236 1969 vocabat;
1255 1940 1284 1963 ut
1294 1942 1355 1963 eum
1374 1935 1420 1962 ille
1435 1934 1621 1969 splendoribus
1637 1938 1663 1961 et
1677 1933 1796 1967 coronis,

1017 1989 1234 2017 arcanorumque
1254 1983 1386 2010 bonorum
1399 1981 1577 2009 retributione
1602 1980 1734 2015 condigne
1755 1986 1797 2006 re-

1018 2033 1183 2056 muneraret.
1200 2028 1263 2061 Qua:
1272 2027 1340 2054 faxit
1353 2026 1423 2054 Deus
1434 2031 1463 2053 ut
1477 2029 1504 2053 et
1519 2033 1567 2053 nos
1580 2033 1796 2060 consequamur;

1018 2075 1044 2102 in
1058 2074 1164 2102 Christo
1175 2072 1237 2101 Jesu
1253 2072 1366 2100 Domino
1381 2077 1491 2104 nostro,
1509 2071 1551 2099 cui
1564 2071 1648 2106 gloria
1662 2075 1690 2098 et
1710 2071 1796 2104 impe-

1015 2122 1084 2149 rium
1113 2128 1187 2148 nunc
1211 2125 1239 2147 et
1260 2126 1367 2153 semper
1395 2123 1423 2146 et
1455 2118 1482 2145 in
1507 2117 1607 2145 saecula
1623 2116 1794 2144 saeculorum.

1013 2168 1108 2195 Amen.

180 2221 286 2258 Πρόόου
301 2205 430 2252 ὑπατείας
442 2221 473 2247 τὸ
483 2205 618 2255 δεύτερον,
653 2205 781 2245 καταλύει
811 2218 858 2244 τὸν
890 2216 957 2252 βίον,
970 2213 1094 2249 καθάπερ
1111 2211 1210 2258 ἱκανῶς
1230 2210 1304 2258 αὺτῷ
1321 2210 1376 2237 τῶν
1393 2209 1491 2258 ’πόνων
1516 2208 1563 2258 καὶ
1586 2207 1641 2258 τῶν
1663 2205 1794 2258 καμάτων

177 2250 307 2304 ὶχόντων,
321 2268 368 2295 καὶ
380 2250 427 2293 διὰ.
435 2266 513 2293 τοῦτο
525 2250 592 2301 προς
605 2264 700 2291 ἑαυτὸν
710 2264 814 2291 ἀνωθεν
828 2262 874 2290 τοῦ
890 2250 1059 2296 ἀγωνοθέτου
1092 2257 1347 2304 μετακαλεσαμένου
1374 2255 1420 2304 τὸν
1448 2253 1567 2304 ἀθλητήν
1577 2260 1584 2267 ·
1596 2253 1645 2304 ἱνα
1653 2250 1790 2304 ταῖς-παρ’

179 2296 275 2341 ἑαυτοῦ
290 2296 370 2340 πάλιν
381 2314 482 2345 ἐκεῖνος
495 2296 668 2348 λαμπρότησι
696 2310 743 2337 καὶ
770 2310 826 2340 τοῖς
838 2308 990 2342 στεφάνοις,
1012 2306 1058 2333 καὶ
1074 2306 1133 2337 ταῖς
1150 2303 1204 2330 τῶν
1220 2303 1382 2348 ἀπορρήτων
1401 2299 1510 2348 ἀγαθῶν
1533 2298 1700 2348 ἀντιδόσεσι,

178 2361 258 2388 αὐτὸν
274 2359 422 2396 ἀμείψηται
439 2343 478 2386 ὧν
495 2343 598 2393 γένοιτο
617 2343 663 2384 καὶ
684 2357 757 2392 ἡμᾶς
778 2355 913 2389 ἐπιτυχεῖν
933 2354 962 2379 ὲν
981 2351 1090 2388 Χριστῷ
1127 2348 1214 2385 Ἰησοῦ
1244 2348 1284 2384 τῷ
1305 2347 1399 2383 Κυρίῳ
1424 2346 1511 2382 ἡμῶν,
1534 2343 1556 2379 ᾧ
1570 2345 1586 2375 ή
1612 2343 1674 2377 δόξα
1697 2343 1744 2370 καὶ
1765 2343 1797 2370 τὸ

178 2407 278 2443 κράτος
291 2407 337 2433 νῦν
351 2406 398 2433 καὶ
410 2405 464 2438 ἀεὶ,
479 2406 525 2432 καὶ
539 2406 579 2436 είς
590 2404 652 2436 τοὺς
663 2403 764 2435 αἰῶνας
779 2402 833 2429 τῶν
844 2401 958 2428 αἰώνων.
984 2400 1080 2435 Ἀμήν.

190 2456 1786 2482 ______________________________._

537 2555 680 2602 VITA
714 2549 1034 2598 ATHANASII
1072 2549 1153 2593 EX
1188 2544 1440 2593 PHOTIO.

183 2716 331 2751 ’Δνετνώσ

190 2718 367 2751 Ἀνετνώσθη
385 2718 420 2743 ἐκ
435 2718 490 2741 τοῦ
508 2718 600 2749 λόγου
622 2718 655 2747 ὃς
671 2718 876 2751 ἐπιγράφεταιζ
894 2718 964 2751 Πίος

213 2752 281 2785 ἢτοι
309 2751 438 2784 ἄθλησις
455 2750 509 2776 τοῦ
527 2750 561 2776 ὲν
575 2750 669 2783 ἁγίοις
685 2749 900 2785 Πιιζρὸςηήμων
910 2755 965 2785 του

209 2783 341 2822 μεγάλου
363 2783 535 2822 Ἆθανασίου
552 2784 718 2822 ἐπισκόπου
734 2783 964 2817 Ἀλεξανδρείας,

211 2820 265 2849 ida}
279 2823 349 2849 ἴσον
362 2820 595 2854 διατυπούμενος
607 2820 726 2853 τρόπον.

215 2872 240 2899 1.
264 2872 292 2898 '0
305 2871 354 2907 τῆς
368 2869 464 2907 ἑορτῆς
487 2869 580 2905 καιρὸς
592 2868 638 2895 τοῦ
662 2867 811 2903 ἀρχιερέως
832 2866 898 2895 Θεοῦ
915 2866 962 2894 καὶ

332 2718 367 2750 θη
385 2716 420 2743 ἐκ
435 2714 490 2741 τοῦ
508 2715 600 2749 λόγου
622 2713 655 2747 ὃς
671 2712 876 2750 exn-miscent:
894 2711 964 2750 Βίος

1016 2710 1109 2737 Lectus
1131 2708 1258 2750 estalier
1275 2707 1318 2734 cui
1332 2703 1562 2750 Alituiltusﬂi’ifeL

1053 2735 1258 2772 sanctinPatris
1281 2740 1478 2778 nostrirMagni
1510 2738 1652 2778 _Atltanau'i
1683 2735 1796 2772 episcopi

1052 2779 1234 2812 Alexandrini,
1245 2779 1305 2813 pari
1323 2777 1399 2804 modo
1413 2777 1585 2809 conscriptus.

1053 2863 1078 2891 t.
1099 2861 1197 2890 Aderat
1216 2860 1312 2888 festum
1328 2856 1473 2888 sacerdotis
1491 2855 1538 2884 Dei
1556 2860 1584 2884 et
1601 2853 1727 2890 martyris
1746 2851 1796 2879 Pe-

1801 2167 1806 2190 i
