2027 3042
235 169 248 176 ⁴’
273 171 346 193 CCX"

952 160 1085 189 I’ROLEG
1089 160 1134 188 ΟΜ
1139 159 1218 187 ENA.

274 222 324 253 tri,
344 220 421 255 cujus
443 221 598 248 memoriam
616 219 793 248 venerabatur
809 219 969 247 Alexandria
987 223 1051 245 tota.

1107 218 1242 253 μάρτυρος
1254 215 1403 250 ἐνειστήκει
1420 215 1534 250 Πέτρου,
1546 214 1592 240 καὶ
1613 213 1799 250 ’Δλεξάνδρεια
1814 215 1886 243 πᾶσα

271 268 308 295 At
324 274 463 294 successor
485 267 555 294 illius
576 271 686 294 sanctus
706 266 861 293 Alexander
880 270 941 300 post
962 265 1052 291 divina

272 313 411 348 mysteria,
424 313 582 347 insigniores
595 320 610 340 e
622 312 694 340 clero
720 312 843 340 convivio
857 312 972 346 excepit.
984 311 1053 338 Dum

272 363 432 394 pararentur
443 359 544 391 omnia,
556 360 643 386 cernit
659 367 691 386 ex
708 359 824 394 quodam
839 359 978 392 inaspecto
995 358 1054 385 loco

272 405 305 431 ad
325 412 400 430 oram
424 404 507 431 maris
540 412 638 438 pueros
671 405 786 440 simplici
810 405 901 432 animo
919 403 1053 436 ludentes,

273 457 386 484 quorum
398 449 476 484 jocus
500 454 560 477 erat
582 451 697 478 imitatio
715 459 855 479 sacrorum
879 452 1054 478 terribilium-

272 503 324 530 que
340 498 527 530 mysteriorum
542 506 550 524 :
565 504 618 524 non
642 498 713 532 quod
730 498 764 524 ad
789 497 977 525 contumeliam
998 498 1055 524 haec

271 542 378 575 ﬁerent,
397 543 442 569 sed
459 543 516 570 solo
538 544 682 577 spectaculi
702 544 846 578 desiderio,
867 544 924 571 ausi
948 547 1010 571 sunt
1023 550 1054 571 ea

271 593 331 621 qua:
347 587 446 614 audere
461 595 513 614 non
529 589 658 622 oportuit.
671 587 738 615 Tum
754 590 847 616 cadent
870 589 969 615 rituum
992 588 1055 615 imi-

272 632 374 659 tatione
385 632 561 660 Athanasium
576 634 732 669 episcopum
746 635 921 667 constituere,
938 634 1056 669 reliquos

270 683 361 705 autem
387 679 413 705 in
437 679 661 710 catechumenos.
689 680 856 714 baptizatos,
883 680 1056 715 presbyteros

271 723 334 750 item
356 729 383 751 et
397 724 524 751 diaconos
544 725 717 760 deputarunt.
731 725 904 759 Stupcl'actus
919 725 992 753 hisce
1008 733 1054 759 ge-

271 771 319 797 stis
340 770 501 803 Alrxandcr,
526 779 622 806 pueros
637 772 671 798 ad
692 779 721 798 se
743 771 804 798 duci
827 771 920 806 jubet.
941 779 1056 806 cumque

270 816 463 850 comperisset,
495 824 548 844 non
578 816 649 844 risus
668 821 695 844 et
711 817 765 844 ludi
796 823 877 844 causa
910 817 967 844 haec
996 823 1056 844 acta

270 859 370 894 fuisse;
387 861 451 892 sed.
475 866 505 888 ut
525 869 559 888 ex
585 861 808 896 subsequentibus
833 862 994 893 aestimatur,
1017 861 1057 888 af-

270 905 335 932 ﬂatu
358 907 487 940 quodam,
508 911 591 941 atque
607 907 777 940 simplicitate
802 908 912 939 mentis,
928 907 955 934 in
979 915 1055 934 amo-

274 959 331 978 rem
348 951 393 978 Dei
407 952 546 984 excitata;
564 957 694 987 quotquot
710 952 790 987 igitur
805 953 910 980 illorum
926 952 1054 987 baptizati

272 995 388 1028 fuerant,
403 1005 450 1024 eos
467 999 553 1029 unxit,
568 1003 648 1032 atque
663 997 762 1025 Christi
777 999 914 1034 signaculo
929 999 1054 1026 initiavit.

271 1042 445 1068 Athanasium
459 1047 548 1069 autem
558 1043 714 1076 parentibus
726 1043 910 1076 commendat,
926 1043 1054 1071 mandata

273 1087 380 1114 tradens
399 1091 428 1113 ut
451 1094 512 1114 eum
537 1087 683 1120 disciplinis
709 1087 866 1120 erudirent,
889 1092 916 1115 el.
939 1095 1000 1115 cum
1022 1089 1055 1116 ad

272 1131 479 1159 adolescentiam
496 1132 658 1166 perveniret,
673 1132 734 1164 sibi,
750 1132 805 1159 imo
821 1133 910 1168 potius
927 1133 1055 1161 Ecclesiae

273 1177 420 1210 traderent,
436 1178 513 1211 quasi
533 1177 636 1205 scilicet
657 1177 771 1205 alterum
786 1186 800 1205 a
822 1186 852 1206 se
865 1179 985 1207 oblatum
1006 1179 1055 1207 Sa-

274 1223 398 1250 mneletn.
411 1223 543 1251 Prmstaut
558 1224 638 1260 igitur
655 1228 780 1258 parentes
794 1225 865 1259 quod
879 1224 984 1258 jussum
1003 1225 1054 1253 sibi

273 1269 362 1297 fuerat
380 1269 412 1295 ab
427 1269 563 1304 episeopo,
577 1277 610 1296 ac
630 1273 750 1303 tempore
769 1269 796 1297 id
821 1270 971 1305 postulante
990 1278 1055 1305 pue-

273 1322 332 1341 rum
355 1313 480 1342 olTerunt.
503 1315 587 1348 Quem
612 1316 709 1349 accipit
726 1315 770 1343 ille
794 1316 885 1349 domi,
907 1317 1055 1351 habuitque

273 1359 348 1388 illum
372 1359 547 1387 consiliorum
574 1361 730 1396 participem
757 1368 788 1390 ac
812 1361 920 1398 pietatis
943 1369 1056 1390 consor-

274 1409 337 1432 tem.

308 1451 335 1477 2.
356 1451 421 1478 Cum
437 1458 519 1486 porro
534 1450 591 1478 Arii
613 1451 700 1479 rabies
721 1452 813 1480 orbem
830 1452 888 1481 fere
906 1453 1055 1481 labefacta-

274 1502 334 1530 ret,
357 1499 406 1525 sub
428 1497 533 1524 initium
558 1498 602 1525 ille
632 1506 693 1525 cum
717 1499 807 1529 divino
831 1499 1001 1531 Alexandro,
1024 1507 1056 1528 ac

1104 259 1151 294 τὴν
1168 259 1276 294 μνήμην
1299 257 1433 293 ἐγέραιρε,
1455 257 1501 283 καὶ
1518 258 1532 283 6
1550 256 1644 283 τούτου
1661 257 1780 292 διάδοχος
1791 258 1806 283 ὁ
1818 258 1885 292 isne;

1110 304 1281 339 Ἀλέξανδρος
1308 302 1376 338 μετὰ
1397 303 1446 334 τὰς
1463 302 1537 334 θείας
1561 302 1671 334 τελετὰς
1697 303 1743 329 καὶ
1764 305 1883 338 τραπέζῃ

1103 351 1165 382 τοὺς
1181 350 1210 376 ὲν
1220 349 1259 384 τῷ
1272 348 1364 384 κλήρῳ
1377 348 1492 382 λογάδας
1506 347 1647 380 ἐδεξιοῦτο.
1671 348 1715 374 Ἐν
1728 345 1750 382 ᾧ
1762 348 1790 374 δὲ
1801 348 1884 375 ταῦτα

1104 396 1289 432 ηὐτρεπίζετο,
1305 396 1355 431 ὁρᾷ
1375 404 1445 427 τινος
1458 395 1486 428 ἐξ
1505 396 1626 422 ἀπόπτου
1647 395 1720 430 παρά
1742 395 1791 426 τὰς
1804 395 1883 430 δχθας

1104 445 1152 479 τῆς
1165 442 1300 477 Θαλάσσης
1315 441 1411 472 παῖδας
1426 440 1554 476 ἀπλάστῳ
1572 440 1667 476 γνώμῃ
1680 440 1824 472 παίζοντας
1840 440 1885 466 καὶ

1104 489 1134 514 τὸ
1158 487 1283 521 παίγνιον
1303 486 1417 522 μίμησις
1432 483 1465 521 ἧν
1483 485 1625 521 ίερατικῶν
1642 487 1688 512 καὶ
1703 485 1822 520 φρικτῶν
1837 494 1885 520 μυ-

1105 535 1232 570 στηρίων,
1248 534 1298 560 οὐκ
1312 533 1351 564 είς
1364 532 1441 567 ὕϐριν
1459 531 1527 558 αὐτὰ
1543 531 1752 568 περι-τρέπουσα,
1765 531 1803 567 τῷ
1816 531 1886 566 πόθῳ

1105 581 1133 607 δὲ
1153 579 1198 606 τοῦ
1221 579 1354 614 θεάματος
1373 577 1500 613 τολμῶσα
1516 577 1562 604 καὶ
1577 577 1611 604 τὰ
1639 577 1788 612 ἀτόλμητα.
1811 577 1887 603 Ἀλλά

1105 627 1159 662 γὰρ
1176 626 1220 652 τὸν
1239 626 1286 661 μὲν
1301 625 1456 652 Ἀθανάσιον
1471 624 1617 650 ἐπίσκοπον
1627 623 1712 650 ἐποίει
1728 624 1744 659 ἡ
1761 623 1886 658 μίμησις’

1105 674 1135 700 τὸ
1149 674 1177 700 δέ
1192 673 1284 699 λοιπὸν
1297 673 1336 703 είς
1349 681 1378 698 τε
1389 671 1607 706 κατηχουμένους
1622 670 1669 697 καὶ
1682 669 1890 704 βαπτιζομένους

1106 719 1153 745 καὶ
1166 718 1197 753 δὴ
1213 719 1252 749 εἰς
1272 717 1472 753 πρεσϐυτέρους
1486 717 1532 743 καὶ
1544 716 1683 747 διακόνους
1699 714 1887 750 ἐσχημάτιζεν.

1113 764 1273 798 Ἐκπλαγεὶς
1284 762 1329 790 οὖν
1341 765 1396 796 τοῖς
1411 762 1580 798 τελουμένοις
1594 764 1608 790 ὁ
1630 761 1812 797 Ἀλέξανδρος,
1830 761 1890 795 ἄγει

1108 810 1175 846 πρὸς
1187 811 1281 837 ἑαυτὸν
1297 810 1359 840 τοὺς
1381 809 1486 841 παῖδας,
1500 809 1548 836 καὶ
1568 809 1648 842 γνοὺς
1661 808 1691 834 οὐ
1708 807 1790 843 χλεύῃ
1807 807 1891 833 ταῦτα

1107 855 1247 890 γινόμενα,
1263 853 1330 886 ἀλλ’,
1347 854 1384 886 ὡς
1399 853 1432 880 ἄν
1443 862 1485 885 τις
1500 854 1532 880 ὲκ
1547 853 1600 880 τῶν
1612 852 1798 887 ἐκϐεϐηκότων
1815 852 1890 887 φαίη.

1071 891 1092 918 Β
1106 899 1233 935 ἐπιπνοίᾳ
1249 899 1301 926 τινὶ
1316 899 1363 926 καὶ
1372 899 1459 935 ψυχῆς
1469 899 1599 934 ἁπλότητι
1616 899 1656 930 εἰς
1668 898 1756 933 ἔρωτα
1769 897 1892 932 προδιαν-

1106 945 1251 980 ισταμένης
1267 944 1313 971 τοῦ
1337 945 1502 981 κρείττονος·
1525 945 1582 971 ὅσοι
1609 944 1658 980 μὲν
1675 943 1764 970 αὐτῶν
1780 942 1891 969 ἐϐαπτί-

1106 1001 1197 1025 σαντο,
1214 992 1325 1023 τούτους
1335 991 1478 1028 ἐπιχρίσας
1493 991 1537 1018 διὰ
1549 991 1597 1026 τῆς
1613 991 1642 1016 ὲν
1655 989 1765 1026 Χριστῷ
1779 990 1892 1024 σφραγῖ-

1104 1039 1148 1071 δος
1170 1038 1324 1065 ἐτελείωσεν
1337 1046 1344 1053 ·
1366 1038 1522 1065 Ἀθανάσιον
1541 1037 1570 1064 δὲ
1582 1036 1690 1064 τοκεῦσι
1715 1035 1892 1072 παρατίθησιν

1105 1084 1214 1116 ἐντολὰς
1222 1084 1342 1116 δεδωκὼς
1353 1085 1490 1111 παιδεύειν
1504 1083 1552 1119 μὲν
1562 1085 1617 1115 τοῖς
1628 1082 1796 1118 μαθήμασιν,
1811 1081 1894 1117 ἡϐῶν-

1104 1139 1139 1158 τα
1151 1131 1180 1158 δὲ
1199 1130 1345 1157 ἀποδοῦναι
1361 1129 1446 1165 αὐτῷ,
1469 1129 1568 1165 μᾶλλον
1584 1128 1611 1155 δὲ
1629 1129 1662 1164 τῇ
1683 1127 1842 1163 Ἐκκλησία,
1857 1127 1893 1158 ὡς

1105 1177 1183 1204 ἄλλον
1195 1176 1257 1203 τινὰ
1277 1175 1405 1212 Σαμουὴλ
1419 1177 1483 1212 παρ’
1501 1176 1589 1202 αὐτῶν
1601 1174 1660 1209 Θεῷ
1681 1174 1892 1210 προσαγόμενον.

1105 1222 1274 1258 Πρᾶττουσιν
1288 1219 1334 1248 οὖν
1349 1222 1374 1248 οί
1388 1222 1476 1256 γονεῖς
1496 1220 1534 1252 ὡς
1551 1221 1642 1252 αὐτοῖς
1655 1221 1686 1246 τὸ
1705 1219 1894 1255 ἀρχιερατικδν

1105 1268 1215 1294 ἐκέλευε
1229 1267 1408 1304 πρόσταγμα·
1427 1266 1475 1293 καὶ
1496 1265 1543 1293 τοῦ
1569 1265 1666 1302 καιροῦ
1679 1265 1835 1297 καλοῦντος,
1852 1265 1894 1291 τὸν

1106 1314 1187 1340 παῖδα
1202 1313 1393 1349 προσφέρουσι.
1418 1313 1447 1339 ⁷0
1461 1312 1490 1339 δὲ
1503 1312 1609 1348 δέχεται
1625 1312 1672 1339 καὶ
1684 1311 1848 1348 όμοῤῥόφιον
1863 1308 1895 1338 alo

1105 1369 1146 1395 χε,
1168 1360 1216 1386 καὶ
1240 1359 1366 1386 κοινωνὸν
1388 1358 1484 1394 βουλῆς
1502 1358 1613 1394 καὶτῆς
1638 1357 1776 1389 εὐσεϐείας
1800 1357 1896 1392 συλλή-

1107 1415 1204 1442 πτορα.
1239 1431 1242 1435 ,

1140 1452 1168 1479 2.
1186 1451 1241 1487 Τῆς
1257 1451 1285 1478 δὲ
1306 1451 1411 1486 Ἀρείου
1428 1450 1530 1486 λύσσης
1551 1450 1650 1486 μικροῦ
1665 1449 1713 1486 τὴν
1733 1449 1896 1485 οἰκουμένην

1107 1497 1315 1533 λυμαινομένης,
1342 1496 1457 1528 πολλοὺς
1476 1496 1584 1530 ἀγῶνας
1608 1495 1761 1532 ἀρχομένης
1777 1495 1826 1530 μὲν
1850 1495 1896 1521 σὺν

275 1548 440 1578 postremum
456 1551 503 1578 per
517 1551 546 1571 se
559 1543 615 1577 ipse
629 1551 677 1578 pro
691 1544 803 1571 veritate
816 1544 974 1572 decertavit.
989 1545 1056 1573 Nam

1113 1543 1278 1580 Ἀλεξάνδρῳ
1292 1542 1330 1578 τῷ
1344 1542 1488 1578 θεσπεσίῳ,
1503 1542 1616 1577 ὕστερον
1632 1542 1660 1568 δὲ
1673 1542 1719 1568 καὶ
1730 1541 1789 1567 καθ’
1801 1540 1897 1567 ἑαυτὸν

275 1598 336 1618 cum
351 1591 431 1617 Arius
446 1595 504 1626 post
519 1590 712 1625 depositionetn
726 1595 752 1617 et
767 1591 920 1624 anathema,
932 1591 1057 1625 pietatem

1110 1590 1179 1626 ὑπὲρ
1192 1590 1243 1625 τῆς
1257 1589 1398 1622 εὐσεϐείας
1412 1589 1548 1625 διήθλησε.
1567 1588 1621 1616 Καὶ
1636 1587 1691 1623 γὰρ
1706 1588 1813 1623 Ἀρειον
1829 1586 1898 1622 μετὰ

275 1635 414 1663 simularet
429 1635 549 1670 quidem,
569 1636 615 1663 sed
632 1636 676 1662 illa
691 1636 724 1662 ad
740 1637 820 1664 breve
834 1641 938 1672 tempus
950 1637 1060 1665 simula-

277 1681 350 1708 tione
388 1681 510 1709 stabilire
536 1681 677 1708 moliretur
701 1681 887 1716 impietatem;
916 1682 942 1709 id
965 1681 1061 1718 depre-

275 1724 368 1753 hendit
386 1727 493 1762 sapiens
517 1727 697 1758 Athanasius,
721 1727 869 1762 Ariumque
890 1727 1001 1755 missum
1026 1728 1059 1755 ad

277 1771 448 1799 Alexandriae
457 1772 611 1807 episcopum
620 1772 800 1800 Alexandrum
813 1779 827 1799 a
842 1772 886 1808 pio
897 1772 1060 1807 imperatore

275 1817 452 1845 Constantino
473 1817 551 1853 (solet
563 1819 634 1846 enim
649 1825 718 1852 saepe
728 1817 805 1845 dolus
814 1823 841 1846 et
851 1818 970 1846 vafrities
979 1819 1059 1846 etiam

275 1864 412 1897 sapientes
434 1863 654 1898 circumvenire),
671 1871 704 1891 ne
723 1864 889 1898 reciperetur
910 1863 1059 1892 contendit.

278 1908 526 1940 Deinde,dcl‘nncto
542 1909 621 1936 beato
646 1908 810 1942 Alexandro,
836 1910 894 1944 ipse
918 1917 1060 1937 successor

279 1955 434 1990 designatus
458 1955 492 1981 ad
523 1955 625 1989 majora
657 1962 718 1982 sese
746 1955 874 1982 instruxit
901 1955 1058 1983 certamina.

280 1999 460 2033 Quamobrem
486 2003 557 2027 totus
582 2000 769 2028 haereticorum
790 2007 876 2028 coetus
899 2009 960 2029 eum
983 2002 1059 2036 quasi

279 2052 390 2079 Scopam
417 2044 507 2079 posuit
532 2044 703 2079 loquacitatis
726 2050 755 2071 et
779 2045 975 2072 calumniarum
998 2053 1061 2072 sua-

279 2098 348 2117 rum.
373 2089 439 2117 Sese
459 2090 548 2124 itaque
569 2091 698 2118 adversus
722 2090 795 2117 illum
821 2091 953 2118 adornant
977 2090 1061 2118 Euse-

279 2137 339 2164 bius
354 2135 566 2163 Nicontediensis
586 2140 612 2162 et
628 2136 709 2169 socii,
732 2136 927 2171 conductisque
950 2137 1062 2171 quibus-

278 2183 339 2210 dam
363 2182 511 2209 Helelianis
535 2182 686 2214 haereticis,
710 2189 805 2209 eorum
832 2182 982 2210 ministerio
1008 2183 1061 2210 cri-

1107 1636 1158 1671 τὴν
1168 1635 1327 1669 καθαίρεσιν
1341 1635 1387 1661 καὶ
1398 1634 1429 1661 τὺ
1443 1633 1566 1669 ἀνάθεμα
1576 1633 1786 1668 ὑποκρινόμενον
1800 1632 1837 1658 τὰ
1850 1632 1897 1667 τῆς

1108 1681 1258 1713 εὐσεϐείας,
1288 1680 1432 1716 κρατύνειν
1446 1679 1475 1706 δέ
1503 1681 1535 1716 τῇ
1551 1680 1618 1716 πρὸς
1641 1679 1731 1713 ὀλίγον
1754 1678 1898 1713 ὑποκρίσει

1110 1727 1304 1763 μηχανώμενον
1321 1727 1356 1753 τὰ
1370 1727 1419 1761 τῆς
1439 1725 1574 1758 ἀσεϐείας,
1597 1724 1722 1760 ἐφώρασέ
1743 1732 1773 1750 τε
1788 1725 1802 1751 ὸ
1817 1722 1898 1757 σοφὸς

1116 1773 1282 1807 ’Δθανάσιος,
1299 1773 1347 1800 καὶ⁸
1368 1773 1553 1800 ἀποσταλέντα
1574 1772 1642 1808 πρὸς
1660 1771 1833 1806 Ἀλέξανδρον
1855 1770 1899 1796 τὸν

1115 1819 1315 1855 Ἀλεξανδρείας
1330 1818 1404 1856 παρὰ
1416 1819 1462 1846 τοῦ
1478 1818 1605 1850 εὐσεϐοῦς
1617 1817 1746 1854 βασιλέως
1757 1817 1900 1843 Κωνσταν-

1109 1865 1181 1892 τίνου
1199 1863 1262 1900 (οἶδε
1293 1865 1347 1901 γὰρ
1362 1864 1488 1896 πολλάκις
1506 1864 1734 1901 μεμηχανημένος
1753 1862 1828 1894 δόλος
1853 1862 1899 1889 καὶ

1109 1913 1171 1944 τοὺς
1187 1911 1313 1940 συνετοὺς
1330 1910 1519 1944 ἐκκλέπτειν),
1549 1910 1586 1946 μὴ
1602 1909 1803 1945 παραδέξασθαι
1839 1916 1900 1934 συν-

1109 1957 1272 1991 ηγωνίσατο.
1290 1954 1356 1983 Εἶτα
1365 1956 1412 1982 τοῦ
1423 1957 1451 1982 ὲν
1464 1955 1550 1990 ἁγίοις
1565 1954 1771 1990 τελευτήσαντος
1779 1953 1900 1987 Ἀλεξάν-

1110 2001 1186 2036 δρου,
1202 2000 1283 2033 αὐτὸς
1305 2000 1443 2032 καταστὰς
1455 2000 1575 2035 διάδοχος
1600 1999 1668 2035 πρὸς
1683 1998 1771 2034 πολλῷ
1789 1998 1900 2034 μείζους

1110 2046 1217 2081 ἀγῶνας
1242 2047 1413 2074 ἐναπεδὺετο.
1426 2046 1471 2072 Διὸ
1485 2047 1532 2072 καὶ
1547 2045 1619 2072 ἂπαν
1642 2045 1672 2072 τὸ
1686 2045 1822 2081 αἱρετικὸν
1839 2044 1900 2071 σύν-

1111 2101 1204 2128 ταγμα
1222 2092 1320 2119 σκοπὸν
1334 2092 1416 2118 αὑτὸν
1434 2092 1483 2127 τῆς
1498 2091 1600 2123 οἰκείας
1615 2091 1793 2126 προὺτίθεσαν
1812 2091 1900 2125 γλωσ-

1112 2138 1222 2172 σαλγίας
1242 2147 1273 2164 τε
1289 2138 1336 2164 καὶ
1349 2137 1538 2172 συκοφαντίας.
1564 2137 1784 2173 Συμφράττονται
1799 2136 1832 2172 δὴ
1849 2136 1900 2172 μά-

1110 2183 1187 2210 λιστα
1209 2183 1269 2210 κατ’
1285 2183 1366 2210 αὐτοῦ
1381 2184 1407 2210 οί
1417 2184 1481 2220 περὶ
1497 2184 1626 2210 Εὑσέϐιον
1639 2185 1685 2210 τὸν
1702 2182 1897 2218 Νικομηδείας,

278 2229 350 2256 mina
372 2228 537 2263 coalingunt.
561 2228 678 2262 Quorum
704 2229 820 2263 primum
843 2228 917 2256 fuit:
935 2229 1005 2263 quod
1025 2236 1057 2256 ex

1110 2228 1157 2255 καὶ
1175 2228 1331 2264 μισθοῦνταί
1356 2237 1432 2260 τινας
1444 2229 1493 2264 τῆς
1508 2228 1638 2256 Μελετίου
1653 2227 1786 2264 αἱρέσεως
1804 2228 1850 2254 καὶ
1866 2226 1898 2253 δι’

277 2273 418 2300 Athanasii
442 2274 551 2300 avaritia
572 2273 670 2300 lineam
688 2278 788 2300 vestem
801 2273 920 2309 Egyptii
936 2273 1061 2301 Ecclesim

278 2319 467 2346 Alexandrinae
487 2318 661 2354 peusitarent.
685 2318 838 2345 Secundum
859 2327 866 2345 :
883 2320 953 2354 quod
975 2319 1061 2353 impe-

280 2365 362 2392 ratori
383 2365 535 2397 insidiatus,
555 2364 712 2391 Philumena
733 2363 854 2397 cuidam,
874 2364 920 2399 qui
942 2364 1062 2399 tyranni-

279 2412 341 2439 dem
362 2411 501 2439 all'ectasse
519 2411 662 2444 ferebatur,
679 2418 740 2439 sese
766 2411 947 2445 adiunxisset,
970 2410 1062 2445 illique

280 2464 436 2484 crumenam
460 2457 576 2484 misisset
595 2457 653 2484 auri
676 2458 793 2491 plenam.
810 2457 929 2484 Tertium
945 2465 951 2483 :
969 2456 1062 2491 lschy-

282 2511 339 2530 ΙἯΙῐι
353 2503 500 2538 spectabat,
514 2511 617 2531 necnon
632 2511 749 2531 mensam
763 2504 930 2535 subversam,
948 2508 976 2530 et.
998 2511 1062 2530 0011·

281 2548 396 2575 fractum
421 2549 531 2575 calicem
561 2548 721 2583 mysticum,
749 2547 894 2576 Mareolem
918 2548 1016 2579 etiam,
1035 2553 1063 2575 et

281 2593 425 2620 Macarium
451 2595 656 2630 presbyterum,
679 2594 790 2629 ejusque
813 2594 954 2621 violentam
978 2594 1062 2621 latro-

281 2647 344 2666 num
360 2639 443 2666 instar
458 2639 646 2672 irruptionem,
659 2647 719 2674 quae
737 2640 829 2667 omnia
843 2641 921 2674 quasi
939 2639 965 2666 in
980 2646 1063 2666 scena

281 2686 554 2720 repraesentabuntur.

315 2778 342 2805 ὅ.
363 2776 426 2805 llaec
443 2783 470 2805 et
493 2777 590 2805 similia
618 2777 739 2806 dramata
760 2778 905 2806 commenti
931 2777 1063 2806 Eusebius

279 2827 308 2850 et.
331 2823 413 2854 socii,
436 2824 468 2850 ad
492 2830 571 2851 aures
598 2832 629 2851 ea
653 2823 778 2851 deferunt
800 2824 1004 2859 imperatorias,
1029 2825 1062 2851 ad

281 2869 403 2901 iramque
415 2868 581 2896 concitarunt
596 2870 797 2903 imperatorem,
811 2874 971 2898 accusantes
981 2870 1063 2898 Atha-

1111 2274 1201 2301 αὐτῶν
1221 2274 1388 2310 κατηγορίας
1403 2275 1612 2310 συῤῥόιπτουσιν.
1628 2271 1677 2300 Ὧν
1691 2275 1707 2309 ή
1728 2273 1777 2309 μὲν
1791 2273 1896 2309 πρώτη,

1111 2320 1186 2356 λινῆν
1213 2321 1312 2356 ἐσθῆτα
1341 2321 1404 2352 τοὺς
1424 2321 1588 2355 Αἰγυπτίους
1609 2320 1694 2348 τελεῖν
1721 2321 1753 2356 τῇ
1776 2319 1899 2352 Ἀλεξαν-

1111 2367 1195 2403 δρέων
1211 2368 1243 2393 ἐκ
1264 2367 1313 2402 τῆς
1332 2366 1487 2394 Ἀθανασίου
1514 2367 1679 2399 πλεονεξίας,
1702 2365 1896 2392 συνέπλαττεν.

1111 2415 1128 2448 ὴ
1139 2413 1252 2448 δευτέρα
1267 2413 1306 2445 δὲ,
1321 2413 1358 2445 ὡς
1380 2415 1436 2445 τοῖς
1450 2413 1582 2448 βασιλέως
1594 2413 1727 2450 ὲνεδρεύει
1743 2414 1897 2450 πράγμασι,

1111 2459 1265 2494 Φιλουμένῳ
1279 2460 1333 2496 γάρ
1348 2467 1411 2492 τινι,
1435 2459 1574 2487 ἐπιθέσθαι
1588 2460 1722 2495 τυραννίδι
1735 2462 1830 2495 φήμην
1851 2459 1898 2486 λα-

1113 2505 1196 2537 ϐόντι,
1220 2506 1330 2541 χρυσίου
1358 2506 1461 2542 πλῆρες
1484 2507 1669 2540 ἐξαποστεῖλαι
1696 2506 1898 2542 γλωσσόκομον,

1113 2552 1269 2580 ὑπετίθετο·
1285 2553 1332 2580 καὶ
1343 2555 1360 2588 ὴ
1373 2554 1452 2589 τρίτη
1475 2554 1598 2589 ’ἰσχύραν
1612 2554 1659 2580 καὶ
1673 2554 1722 2590 τὴν
1738 2554 1900 2589 ἀνατραπεῖ-

1114 2607 1162 2626 σαν
1175 2599 1324 2635 τράπεζαν,
1351 2600 1397 2625 καὶ
1411 2599 1441 2625 τὸ
1457 2600 1589 2634 κατεαγδς
1614 2599 1743 2635 μυστικὸν
1759 2599 1897 2634 ποτήριον,

1115 2645 1215 2672 καὶτὸν
1229 2644 1390 2680 Μαρεώτην,
1407 2645 1453 2672 καὶ
1477 2646 1619 2681 Μακάριον
1644 2645 1839 2681 πρεσϐύτερον,
1853 2643 1900 2670 καὶ

1111 2689 1161 2725 τὴν
1174 2688 1322 2725 λῃστρικὴν
1341 2690 1422 2717 αὑτοῦ
1445 2690 1548 2725 ἔφοδον,
1567 2692 1615 2718 καὶ
1629 2693 1660 2719 τὸ
1676 2692 1730 2718 ἀνὰ
1748 2692 1837 2718 πᾶσαν
1849 2691 1900 2725 τὴν

1112 2735 1274 2769 οἰκουμένην
1287 2735 1446 2771 θεατρισθὲν
1461 2737 1552 2772 δρᾶμα
1565 2740 1729 2773 σκηνοποιεῖ.

1148 2780 1174 2807 5.
1192 2780 1284 2808 Ταῦτα
1298 2783 1344 2808 καὶ
1358 2782 1460 2809 τοιαῦθ’
1480 2783 1561 2819 ἕτερα
1578 2785 1603 2811 οι
1620 2785 1683 2820 περὶ
1700 2785 1828 2812 Εὺσέϐιον
1837 2784 1902 2819 δρα-

1115 2826 1362 2861 ματουργήσαντες,
1379 2829 1419 2859 εἰς
1434 2828 1518 2861 ἀκοὰς
1536 2829 1661 2865 ἐνηχοῦσι
1679 2831 1728 2862 τὰς
1750 2830 1900 2866 βασιλικὰς,

1114 2872 1161 2899 καὶ
1175 2872 1294 2899 κινοῦσιν
1304 2873 1343 2905 είς
1353 2873 1452 2908 ὀργήν·
1466 2876 1663 2913 αἰτιασάμενοι,
1674 2877 1715 2903 ὅτι
1732 2877 1779 2904 καὶ
1794 2876 1902 2912 Ἀρειον
