2027 3042
713 169 741 197 S.
763 167 952 196 ATiiANASl'i
972 167 1055 196 ViTA
1073 167 1119 195 Ex
1137 167 1278 196 PHOTlO.
1721 175 1806 197 cum
1835 165 1846 174 ⁴

184 227 333 264 βασιλικοῖς
344 228 391 255 καὶ
406 228 552 264 γράμμασι
570 234 616 255 και
634 228 820 264 κροστάγμασι
842 229 963 256 πεποιοό-

1022 229 1139 261 nasium,
1158 229 1229 264 quod
1244 227 1338 256 Arium
1357 226 1536 262 imperatoriis
1551 227 1648 256 litteris
1662 233 1690 256 et
1706 228 1809 262 iussio-

183 276 225 304 τε,
243 273 331 300 καίτοι
345 272 380 299 τὰ
402 273 470 308 ὀρθὰ
501 273 660 309 φρονοῦντα,
687 274 737 300 οὐκ
749 273 878 309 ἠνέσχετο
896 274 963 306 δέξαι

1022 274 1100 302 nibus
1125 274 1273 306 munitum,
1299 273 1362 300 licet
1386 277 1460 301 recte
1483 272 1658 307 sentientem,
1684 274 1809 309 recipere

182 320 253 346 σθαι.
271 320 338 346 Κατ’
352 320 440 345 ἐκεῖνο
457 319 486 345 δὲ
504 319 599 354 καιροῦ
615 321 661 346 καὶ
677 319 722 346 ἐπὶ
739 320 771 346 τὰ
784 320 838 347 τῶν
861 320 963 356 Ἱεροσο

1022 320 1160 348 noluisset.
1192 321 1291 348 Eodem
1319 327 1399 355 porro
1429 325 1547 355 tempore
1569 319 1602 347 ad
1624 319 1809 356 Jerosolymo-

181 365 274 401 λύμων
289 366 414 399 ὲγκαίνια
442 366 535 401 σχεδὸν
549 368 648 398 πάντες
665 366 798 402 συνῄεσαν
812 368 837 394 oi
857 367 969 395 ἐπίσκο-

181 420 245 438 ποι·
265 412 312 439 καὶ
329 413 428 448 γράφει
451 413 653 445 Κωνσταντίνος
677 414 691 439 ὁ
705 414 820 449 εὐσεδὴς
845 414 969 449 βασιλεὺς

180 457 260 484 πάλιν
277 457 438 493 συλλεγῆναι
465 457 572 485 σύνώον
586 458 756 493 ἐποψομένην
769 458 787 486 ἃ
805 459 924 486 διέϐαλλέ
938 468 969 486 τε

184 504 344 533 Ἀϐανάσιον
360 505 407 536 καὶ
428 505 445 532 ἃ
461 505 571 540 συνίστη
600 505 646 531 τὸν
662 506 779 541 Ἀρειον.
806 507 861 533 Καὶ
882 507 968 542 εἰμὲν

180 550 275 584 φθόνος
287 551 480 587 όροοδοξοῦντα
491 551 536 577 τὸν
549 551 656 586 Ἀρειον
671 551 721 586 τῆς
738 551 900 586 Ἐκκληαίας
927 552 967 578 δι-

180 595 302 630 έστησεν,
316 597 354 628 εἰς
367 597 476 632 εἰρήνην
490 597 655 632 συμῦιϐάσαι
665 598 715 633 τὴν
728 598 867 624 διάστασιν
880 606 886 612 ·
902 599 926 625 εἰ
939 599 967 625 δὲ

179 642 258 673 αὐτὸς
275 642 366 679 ἀπάτῃ
382 643 524 678 κέχρηται,
537 645 577 676 εἰς
595 644 797 680 Ἀλεξίινὸρειάν
813 652 842 670 τε
853 645 967 680 διαπεμ-

178 687 286 723 etiam,
311 689 392 715 κάκεῖ
415 690 462 716 σὺν
488 690 615 726 ἀκριϐείᾳ
635 691 680 716 ὑπ’
698 690 820 722 ἐξέτασιν
842 690 965 724 ἄγεσθαι.

178 733 232 770 Τὴν
250 734 277 760 δὲ
294 734 436 769 διάσκεψιν
454 735 503 770 τὴν
528 736 592 771 περὶ
616 735 773 762 Ἀθανὰσιον
791 737 837 763 καλ.
858 737 967 771 Ἀρειον

178 781 376 817 πορευομένους
396 781 441 808 ἐπὶ
454 782 489 808 τὰ
509 782 681 818 Ἱεροσόλυμα
695 783 755 809 ὁδοῦ
771 783 908 819 πάρεργον
936 785 967 810 ἐν

177 827 257 863 Τύρῳ
271 827 445 863 ποιήσασθαι.
462 828 628 864 Τριακοστὸν
642 829 670 856 δὲ
695 829 754 856 τότε
782 829 879 865 ἠνύετο
906 830 965 862 ἔτος

175 874 226 909 τῆς
240 874 444 901 Κωνσταντίνου
459 874 606 909 βασιλείας.
640 875 785 911 Ἐξήκοντα
800 876 828 902 δὲ
853 877 964 903 ἐπίσκο-

174 927 221 945 ποι
236 919 284 955 τὴν
297 919 325 945 ὲν
335 919 414 955 Τύρῳ
426 919 532 946 σύνοδον
540 919 684 955 ἐπλήρουν,
692 920 828 946 Διονυσίου
836 920 882 947 τοῦ
895 921 964 947 ὐπα-

173 966 252 993 τικοῦ
265 967 424 1001 συνάγοντος
437 967 544 998 αὐτοὺς,
561 967 619 1002 μεθ’
633 964 663 993 οὗ
680 967 728 994 καὶ
741 968 755 994 6
768 967 817 1003 τῆς
830 968 964 1004 ἐπαρχίας

174 1012 268 1048 ἅρχων
279 1013 325 1038 καί
335 1021 408 1044 τινες
419 1012 475 1039 τῶν
487 1013 516 1038 ἐν
531 1013 602 1039 τέλει
618 1014 651 1048 τῇ
670 1012 771 1048 συνόδῳ
788 1013 944 1049 συνέδρευον
954 1022 961 1028 ·

173 1057 265 1092 παρῆν
276 1056 305 1083 δὲ
321 1057 368 1083 καὶ
391 1057 559 1090 ’Δθανάσιος,
571 1058 638 1085 ἀλλὰ
655 1058 701 1085 καὶ
712 1058 853 1094 Μακάριος
867 1059 881 1085 ὁ
896 1067 963 1094 πρε-

173 1103 314 1138 σϐύτερος.
340 1105 537 1140 στρατιωτικῆς
559 1105 650 1140 χειρὸς
681 1105 734 1132 ἀπὸ
761 1104 963 1140 Ἀλεξανδρείας

174 1149 377 1186 σιδηφδέσμιον
393 1151 474 1177 αὑτὸν
493 1150 622 1186 ἀγούσης.
653 1150 768 1186 Πρώτην
782 1149 828 1177 οὖν
847 1158 963 1185 κατηγο-

174 1195 236 1232 ρίαν
250 1196 276 1222 οἱ
293 1196 457 1232 συκοφάνται
471 1197 520 1232 τὴν
537 1198 601 1233 περὶ
616 1197 664 1232 τῆς
678 1197 753 1232 λινῆς
772 1197 886 1231 ἐσθῆτος
897 1206 963 1232 προ-

172 1242 330 1269 σάλλονταισ
347 1242 414 1269 ἀλλὰ
428 1242 531 1278 ταύτην
546 1244 595 1279 τὴν
627 1243 751 1279 διαϐολὴν
766 1244 816 1269 οὐκ
830 1244 859 1270 ὲν
883 1243 963 1279 Τύρῳ

174 1287 256 1323 μόνον
271 1287 437 1323 κινηθεῖσαν,
454 1288 521 1315 ἀλλὰ
541 1289 588 1315 καὶ
605 1289 738 1325 πρότερον
753 1289 782 1315 ὲν
793 1288 816 1314 Ν
821 1287 962 1323 ικομηδείᾳ

172 1335 233 1365 ταῖς
249 1334 296 1360 τοῦ
323 1333 453 1368 βασιλέως
471 1334 623 1369 ἐνεχθεῖσαν
645 1335 748 1366 ἀκοαῖς,
771 1335 851 1366 Ἀπις
868 1343 898 1361 τε
915 1334 962 1361 καὶ

171 1380 316 1416 Μακάριος
328 1381 352 1407 οὶ
369 1381 418 1416 τῆς
437 1381 638 1417 Ἀλεξανδρείας
661 1381 853 1416 πρεσϐύτεροι,
871 1382 961 1408 ὲκεῖσε

171 1427 383 1463 παρατυχόντες,
404 1427 501 1463 ῥᾳδίως
523 1427 674 1463 διήλεγξαν.
689 1427 733 1454 Διὸ
745 1427 798 1454 τῶν
815 1428 863 1462 μὲν
880 1436 961 1454 συκο-

1021 373 1080 394 rum
1106 365 1231 393 Encatnia
1258 366 1375 401 episcopi
1403 373 1487 401 prope
1513 372 1607 393 omnes
1637 373 1804 394 convenere.

1021 412 1134 447 Scripsit
1160 412 1354 440 Constantinus
1376 413 1436 447 pius
1467 412 1624 447 imperator,
1652 417 1681 440 ut
1707 412 1806 440 iterum

1019 460 1136 495 synodus
1157 459 1348 491 celebraretur,
1374 460 1401 486 in
1424 466 1475 494 qua
1504 459 1725 487 examinarentur
1746 467 1807 494 qua

1019 505 1051 531 ad
1072 504 1212 532 Athanasii
1234 505 1434 532 accusationem
1454 510 1482 532 et
1498 505 1531 532 ad
1552 505 1611 533 Arii
1629 506 1803 533 commenda~

1020 547 1117 575 tionem
1133 548 1201 575 dicta
1216 552 1316 575 essent.
1333 547 1407 580 Quod
1427 547 1449 575 si
1471 547 1564 574 Arium
1586 547 1684 575 invidia
1701 547 1736 575 ab
1751 547 1804 576 Eo-

1018 594 1100 621 clcsia
1120 594 1308 628 disjunxissel,
1332 594 1365 621 ad
1392 601 1485 628 pacem
1511 594 1586 622 illum
1611 595 1806 629 admitterent;

1019 641 1059 668 sin
1078 641 1139 668 dolo
1161 641 1218 676 ipse
1233 648 1297 668 usus
1314 646 1404 672 esset,
1426 641 1616 668 Alexandriam
1642 642 1804 675 mitteretur,

1018 692 1099 722 atque
1120 687 1173 715 illic
1195 693 1321 716 accurate
1339 688 1535 722 disquireretttr
1551 687 1583 715 de
1605 688 1661 714 illo.
1684 687 1806 715 Examen

1017 739 1106 761 autem
1126 735 1293 769 negotiorum
1312 733 1453 760 Athanasii
1469 737 1497 760 et
1511 733 1581 764 Arii,
1595 733 1688 766 jussit,
1712 737 1741 760 ut
1760 732 1807 760 Je-

1016 780 1178 816 rosolymam
1203 781 1313 814 profecti
1336 779 1473 815 episcopi,
1499 779 1606 814 paulum
1621 787 1637 806 a
1654 779 1698 806 via
1724 779 1806 807 delle-

1015 831 1120 854 ctentes
1142 827 1205 862 Tyri
1224 826 1393 861 perlicerent.
1420 825 1584 853 Tricesimus
1605 830 1660 852 tum
1682 825 1806 853 absolve-

1014 875 1093 902 batur
1114 874 1218 908 imperii
1234 873 1403 901 Constantini
1425 879 1522 900 annus.
1553 872 1698 907 Sexaginta
1713 876 1805 900 autem

1015 920 1132 955 episcopi
1153 920 1216 955 Tyri
1234 920 1361 952 aderant,
1382 924 1495 953 cogente
1513 918 1572 946 illos
1590 919 1720 954 Dionysio
1736 926 1803 946 con-

1015 966 1114 1000 sulari,
1135 974 1251 1001 quocum
1273 971 1301 993 et
1323 965 1467 1000 provincia:
1497 964 1649 1000 praefectus,
1669 968 1697 992 et
1721 963 1804 999 aliqui

1015 1014 1219 1048 magistratuum
1235 1013 1260 1039 in
1275 1011 1389 1040 conciiio
1410 1010 1548 1039 sedebant.
1564 1010 1666 1037 Aderat
1679 1013 1706 1037 et
1724 1009 1804 1036 Atha-

1015 1059 1116 1091 nasius,
1131 1063 1210 1093 atque
1224 1058 1305 1085 etiam
1325 1054 1458 1084 Macarius
1475 1056 1616 1092 presbyter
1635 1055 1802 1083 Alexandria

1018 1105 1124 1132 vinctus
1141 1105 1246 1133 catenis
1269 1104 1364 1131 ferreis
1385 1111 1400 1131 a
1419 1103 1529 1130 militari
1554 1109 1635 1130 manu
1658 1102 1802 1130 abductus.

1014 1150 1140 1178 Primum‘
1161 1152 1252 1185 itaque
1271 1151 1444 1186 symphoniae
1461 1151 1498 1178 iiii
1519 1151 1719 1178 accusationem
1741 1158 1805 1186 pro-

1013 1198 1103 1225 ferunt
1117 1198 1150 1226 de
1169 1197 1238 1224 linea
1251 1201 1336 1230 veste,
1362 1197 1410 1225 sed
1428 1197 1500 1224 illam
1526 1197 1726 1225 accusationem
1746 1197 1803 1232 jam

1013 1248 1076 1272 ante
1093 1244 1254 1273 Nicomediae
1277 1244 1458 1279 imperatoriis
1473 1245 1584 1272 auribus
1603 1243 1723 1276 allatam,
1737 1244 1805 1280 Apis

1013 1294 1041 1318 et
1061 1290 1194 1319 Macarius
1213 1290 1390 1319 Alexandrini
1413 1291 1579 1326 presbyteri,
1597 1291 1643 1326 qui
1661 1295 1717 1319 tum
1739 1291 1804 1318 iilu‘e

1013 1344 1076 1364 casu
1103 1337 1267 1365 advenerant
1293 1337 1372 1364 facile
1395 1337 1611 1365 confutet-erunt.
1633 1337 1804 1373 Quapropter

1013 1383 1193 1418 sycophantas
1220 1383 1366 1419 imperator
1395 1384 1493 1412 litteris
1531 1385 1588 1412 suis
1615 1384 1799 1419 perstrinxit,

1012 1428 1242 1465 Athanasiumque
1264 1435 1294 1458 ut
1314 1438 1344 1458 se
1366 1431 1453 1458 adiret
1476 1431 1598 1459 hortatus
1620 1435 1673 1458 est.
1694 1431 1806 1459 Litteras

172 1473 278 1508 φαντῶν
293 1475 306 1500 ὁ
324 1473 449 1509 βασιλεὺς
465 1473 606 1510 καθήψατο
624 1474 784 1509 γράμμασι,
804 1472 962 1500 ’Λϐανάσιον

1015 1481 1094 1510 porro
1109 1476 1142 1504 ad
1160 1478 1291 1512 synodum
1306 1480 1441 1504 venerunt
1458 1477 1579 1512 Tyriam,
1595 1483 1627 1504 ac
1643 1476 1736 1504 dolore
1751 1476 1804 1504 Ett-

171 1519 199 1546 δε
217 1520 283 1555 πρὸς
298 1520 393 1546 ἑαυτὸν
410 1519 495 1546 ἐλθεῖν
508 1519 702 1555 προετρέψατο.
720 1520 774 1545 Καὶ
792 1519 826 1546 τὰ
836 1520 962 1555 γράμμα-

1015 1522 1118 1549 schium
1133 1526 1160 1549 et
1175 1523 1265 1550 socios
1283 1522 1416 1556 aii‘ccere,
1438 1523 1482 1558 qui
1499 1523 1553 1557 jam
1573 1523 1600 1550 in
1625 1528 1707 1550 unum
1724 1523 1803 1550 multi

171 1574 206 1593 τα
217 1563 268 1601 ἦκε
283 1564 351 1602 πρὸς
362 1566 412 1602 τὴν
428 1567 456 1592 ὲν
471 1566 551 1601 Τύρῳ
570 1566 677 1592 σύνοδον
695 1566 742 1593 καὶ
756 1567 795 1598 εἰς
811 1567 961 1601 κατήφειαν

1015 1568 1199 1596 conﬂuxerant
1216 1570 1345 1597 adversus
1357 1571 1532 1598 Athanasium
1547 1580 1553 1598 :
1567 1571 1639 1605 quod
1655 1570 1802 1604 imperator

170 1613 220 1649 τὴν
231 1613 296 1650 περὶ
310 1613 355 1640 τὸν
369 1612 498 1639 Εὑσέϐιον
510 1612 625 1648 φατρίαν
639 1613 819 1643 συνέστελλεν,
834 1611 883 1648 ἤδη
899 1612 963 1638 πολ-

1015 1615 1073 1643 illos
1093 1616 1213 1650 graviter
1235 1616 1365 1650 culparet,
1389 1621 1416 1644 et
1432 1617 1507 1652 quod
1527 1617 1660 1644 calumnia
1676 1617 1710 1644 de
1731 1617 1802 1644 linea

171 1659 220 1695 λὴν
241 1659 354 1695 ῥέουσαν
371 1660 429 1686 κατ’
450 1658 607 1686 Ἀθανασίου
618 1667 624 1673 ·
657 1659 696 1685 ὅτι
714 1667 744 1685 τε
760 1659 860 1689 αὐτοὺς
883 1659 897 1684 ὁ
914 1658 962 1693 βα-

172 1705 262 1737 σιλεὺς
278 1705 417 1740 ᾐτιάσατο,
430 1705 476 1732 καὶ
495 1705 535 1732 ὅτι
548 1705 564 1741 ή
576 1705 646 1732 κατὰ
656 1705 705 1741 τὴν
717 1705 793 1741 λινῆν
802 1704 903 1739 ἐσθῆτα
919 1713 964 1730 συ-

171 1752 307 1786 κοφαντία
323 1749 479 1787 προέφθασε
493 1750 584 1777 δοῦναι
600 1751 645 1778 τὸν
661 1750 779 1786 ἔλεγχον.

207 1799 234 1825 41
248 1799 304 1834 Τῆς
318 1795 484 1833 δὲδιαόολῆς
514 1798 614 1833 ταύτης
643 1799 815 1830 ἐκπεσόντες,
844 1798 877 1825 τὰ
900 1798 963 1834 περὶ

177 1843 303 1879 Ἰσχύραν
317 1843 364 1870 καὶ
381 1843 524 1879 Μακάριον
543 1844 587 1870 τὸν
604 1842 789 1879 πρεσϐύτερον
808 1844 963 1879 προτείνου-

171 1897 223 1917 σιν.
245 1890 275 1916 '0
290 1889 317 1916 se
334 1890 413 1924 σοφὸς
435 1888 591 1921 Ἀθανάσιος
612 1890 803 1925 παρεγράφετο
820 1890 870 1925 μὲν
892 1891 966 1917 κατὰ

171 1935 272 1971 νόμους
288 1936 416 1971 πράττων
430 1936 493 1968 τοὺς
519 1937 666 1971 προφανεϊς
694 1935 816 1971 ἐχθροὺς,
834 1936 962 1963 Εὑσέϐιόν

171 1988 244 2017 φημι
259 1980 379 2012 καὶτοὺς
391 1981 560 2017 ὁμόφρονας·
579 1981 654 2016 ἠξίου
670 1981 698 2007 δὲ
716 1982 769 2017 πρὸ
784 1981 892 2008 πάντων
912 1983 962 2008 Ἰσ-

171 2027 259 2063 χύραν
271 2027 463 2062 ἀποδειχθῆναι
478 2027 672 2064 πρεσδύτερον,
700 2023 731 2054 οὗ
745 2027 963 2064 λειτουργοῦντος

170 2074 344 2101 ἑπείσπεσεῖν
366 2074 495 2101 ἔπλαττεν
524 2076 540 2110 ἡ
569 2074 719 2110 κατηγορία
748 2074 792 2101 τὺν
820 2075 961 2111 Μακάρων

171 2120 399 2157 κατιϊλῃστρικὴν
409 2121 502 2156 ἔφοδον
517 2122 546 2154 ἐξ
563 2121 712 2156 ἀποστολῆς
731 2121 899 2154 Ἀθανασίου,
915 2122 962 2149 καὶ

171 2166 324 2203 ἀνατρέψαι
345 2166 393 2202 τὴν
411 2165 487 2202 ἱερὰν
502 2166 651 2202 τράπεζαν,
663 2166 710 2193 καὶ
721 2165 750 2192 τὸ
763 2166 892 2202 μυστικὸν
909 2175 959 2193 κα-

170 2215 266 2247 τεάξαι
279 2214 418 2250 ποτήριον,
435 2214 480 2240 καὶ
494 2213 528 2240 τὰ
543 2214 592 2249 τῆς
609 2213 683 2245 θείας
697 2214 808 2249 Γραφῆς
825 2213 903 2248 ἡμῶν
920 2213 961 2248 βι-

171 2261 235 2288 δλία
247 2261 316 2296 πυρὶ
330 2260 506 2296 παραδοῦναι.
531 2259 600 2286 Ἀλλ’
615 2260 629 2285 ὁ
647 2259 694 2294 μὲν
709 2259 742 2286 τὰ
759 2259 804 2285 δύο
816 2259 902 2286 ταῦτα
919 2259 961 2286 νό-

171 2315 215 2342 μῳ
229 2305 312 2341 κοινῷ
334 2305 537 2342 ἀντιπαρετίθει
551 2306 598 2332 καὶ
620 2305 878 2341 ἁντιπρούϐάλλετο·
897 2306 920 2332 οἱ
933 2305 961 2331 δὲ

173 2353 266 2390 κριταὶ
281 2353 341 2389 οὐχὶ
353 2352 464 2389 κρίνειν,
480 2353 520 2383 εἰς
532 2352 559 2378 δὲ
570 2352 601 2378 τὸ
619 2352 763 2387 κρατύνειν
770 2351 819 2387 τὴν
833 2360 961 2386 συκοφαν-

173 2399 235 2426 τίαν
253 2398 312 2425 ὅλσν
325 2397 426 2425 ἔτεινον
435 2397 480 2424 τὸν
490 2397 618 2433 λογισμόν
628 2406 634 2412 ·
652 2397 691 2423 διὸ
701 2397 778 2432 λόγον
793 2397 843 2432 μὲν
858 2397 912 2424 τῶν
925 2398 964 2424 δι-

172 2444 258 2476 καίως
269 2443 424 2480 λεγομένων
440 2443 534 2470 οὐδένα
549 2441 630 2478 εἶχον.
648 2443 793 2478 Εὶσάγεται
814 2443 843 2469 δὲ
860 2444 875 2478 ἡ
900 2445 964 2479 περὶ

167 2493 215 2519 τὸν
228 2491 370 2528 Μακάρων
392 2492 442 2519 καὶ
457 2492 581 2527 Ἰσχύραν
609 2491 779 2526 κατηγορία,
801 2484 894 2518 καὶτὸ
915 2491 963 2528 μὲν

170 2536 308 2574 πρόθυμον
323 2536 357 2573 ἦν
381 2538 436 2564 τῶν
453 2538 628 2572 συκοφαντῶν
641 2537 791 2572 ἀφόρητον,
810 2538 840 2563 τὸ
867 2537 895 2563 δὲ
911 2537 961 2571 τῆς

171 2585 334 2616 ἀποδείξεως
346 2585 447 2620 ἄπορον
461 2584 510 2620 τὴν
523 2584 676 2620 προθυμίαν
688 2584 791 2610 ἐδείκνυ
804 2584 961 2615 δυσσεϐείας

170 2631 218 2657 καὶ
234 2630 331 2665 φθόνου
356 2630 547 2667 κακούργημα.
570 2630 729 2666 ’Υπερθέσει
759 2631 787 2656 δὲ
814 2631 860 2656 καὶ
879 2630 961 2666 τέχνῃ

161 2669 219 2713 τὴν
236 2678 286 2712 τῆς
310 2677 457 2712 ἀποτυχίας
480 2677 609 2712 αἰσχύνην
624 2675 810 2708 σκευάζοντες,
827 2676 894 2711 πρὸς
915 2675 960 2702 τὸν

160 2723 325 2760 ’Μαρεώτην
359 2725 408 2760 τῆς
436 2724 526 2750 αὐτῶν
552 2723 707 2759 συμμορίας
740 2722 958 2755 ἀποστέλλουσιν,

171 2772 260 2798 ἐκεῖσε
274 2771 323 2806 τὴν
337 2770 437 2802 ἕτασιν,
451 2772 479 2797 ὲν
493 2767 515 2804 ᾧ
531 2771 548 2806 ἡ
564 2769 663 2806 πρᾶξις
675 2768 803 2805 προῆλθε,
818 2768 875 2794 δέον
890 2769 962 2802 γενέ-

173 2818 236 2845 σθαι
255 2817 499 2853 προφασισάμενοι.
525 2817 568 2849 Ὡς
587 2817 608 2843 δ’
624 2814 692 2842 εἶδεν
711 2817 725 2842 ὁ
748 2815 905 2846 Ἀϐανάσιος
918 2815 964 2846 οὓς

171 2863 371 2899 παρεγράψατο
387 2863 481 2898 κριτὰς
498 2862 698 2898 στελλομένους,
713 2860 852 2894 Θεογὸνιος
861 2860 915 2896 γὰρ
930 2858 964 2896 ἦν

171 2910 220 2937 καὶ
235 2909 344 2944 Μάρης,
360 2908 407 2935 καὶ
423 2908 569 2944 Θεόδωρος,
588 2908 635 2934 καὶ
649 2907 814 2938 Μακεδόνως
837 2906 884 2933 καὶ
895 2906 963 2941 Οὐρ-

337 2954 472 2984 ΡΑτιιοι.
491 2953 549 2984 GR.
566 2953 667 2983 XXV.

1014 1665 1088 1688 veste
1102 1661 1313 1689 confutationcm
1330 1662 1395 1697 ipsis
1408 1662 1551 1689 attulisset.

1048 1796 1074 1825 ξ.
1094 1798 1159 1826 cum
1186 1805 1267 1834 porro
1289 1806 1323 1826 an
1353 1799 1506 1834 huiusmodi
1533 1799 1710 1835 sycophantia
1734 1800 1802 1836 lapsi

1012 1850 1116 1876 essent,
1139 1851 1198 1879 qua:
1217 1844 1354 1880 lschyram
1379 1850 1404 1873 et
1423 1845 1568 1872 Macarium
1590 1845 1749 1880 spectabant
1773 1846 1802 1872 in

1013 1890 1132 1916 medium
1148 1889 1272 1917 afferunt.
1293 1890 1408 1925 Sapiens
1427 1896 1517 1918 autem
1539 1890 1712 1922 Athanasius,
1725 1890 1801 1924 juxta

1013 1935 1085 1969 leges
1107 1939 1334 1971 agens,'apertos
1360 1937 1504 1964 recusabat
1527 1937 1631 1970 hostes,
1655 1933 1802 1964 Eusebium

1013 1982 1118 2009 seiilcet‘
1143 1987 1171 2009 et
1196 1986 1342 2009 sectatores
1370 1981 1457 2009 illius:
1476 1982 1502 2009 iu
1526 1982 1619 2018 primis
1642 1987 1732 2009 autem
1755 1983 1803 2010 dc-

1014 2025 1156 2052 utonstrari
1181 2025 1287 2053 volebat
1310 2034 1344 2053 an
1371 2026 1495 2062 lschyras‘
1515 2031 1578 2054 Vere
1602 2027 1742 2063 presbyter
1759 2034 1804 2055 es-

1012 2077 1073 2105 set;
1097 2080 1151 2106 quo
1175 2073 1279 2100 scilicet
1304 2073 1438 2108 liturgiam
1455 2071 1616 2106 celebrante.
1640 2074 1706 2101 falso
1724 2081 1802 2101 accu-

1013 2119 1109 2145 sabant
1132 2118 1243 2146 irruisse
1264 2118 1423 2151 Macariutn,
1448 2119 1481 2146 ab
1504 2119 1651 2146 Athanasio
1670 2120 1800 2152 missum,

1013 2171 1074 2192 cum
1090 2165 1189 2200 impetu
1206 2165 1339 2193 latronum
1362 2166 1446 2193 instar
1460 2165 1588 2199 violento,
1601 2171 1681 2201 atque
1694 2172 1800 2194 sacram

1013 2212 1142 2239 evertisse
1168 2219 1306 2244 mensam,
1336 2213 1462 2247 poculum
1489 2214 1598 2240 sacrum
1624 2212 1800 2247 confregisse.

1013 2263 1121 2286 nostros
1144 2258 1242 2286 divinae
1269 2259 1416 2293 Scriptttrte
1439 2259 1522 2286 libros
1545 2259 1571 2286 in
1596 2259 1682 2294 ignem
1707 2258 1801 2293 conje-

1014 2305 1093 2333 cisse.
1111 2306 1172 2333 ﬂmc
1186 2304 1239 2333 tino
1263 2313 1295 2333 ex
1310 2306 1445 2333 communi
1468 2305 1525 2340 iege
1539 2305 1690 2340 opponebat
1710 2305 1754 2332 illo
1774 2309 1802 2332 et

1014 2351 1169 2385 objiciebat.
1192 2351 1227 2378 At
1242 2351 1356 2385 jntiiecs.
1371 2359 1424 2379 non
1449 2351 1481 2378 ad
1503 2351 1675 2385 iudicandum
1696 2351 1729 2378 de
1753 2357 1801 2378 ca-

1015 2397 1127 2429 lumnia,
1142 2398 1188 2425 sed
1205 2398 1237 2424 ad
1259 2396 1417 2424 firmandam
1436 2405 1493 2425 eam
1515 2401 1571 2424 toto
1587 2397 1677 2423 animo
1690 2400 1802 2424 conten-

1015 2443 1115 2470 debant
1126 2463 1133 2475 ,
1149 2444 1322 2476 quamobrem
1339 2450 1430 2469 eorum
1445 2450 1505 2477 qua)
1517 2442 1591 2477 juste
1603 2442 1673 2469 dicta
1694 2441 1802 2469 fuerant

1015 2489 1147 2515 ratioucm
1171 2489 1290 2516 habuere
1305 2488 1416 2515 nullam.
1431 2488 1567 2515 Inducitur
1581 2495 1645 2523 ergo
1666 2487 1802 2515 accusatio

1016 2535 1048 2562 de
1069 2534 1186 2562 Macario
1198 2540 1224 2561 et
1239 2534 1357 2570 lschyra,
1370 2539 1482 2569 eratque
1501 2534 1727 2569 sycophantarum
1743 2533 1802 2560 ani-

1016 2581 1128 2608 mositas
1154 2579 1338 2611 intolerabilis,
1362 2587 1412 2607 nec
1428 2580 1607 2614 suppetebant
1630 2582 1800 2613 argumenta,

1015 2625 1085 2660 quod
1102 2632 1168 2652 sane
1184 2624 1310 2651 indicium
1327 2630 1385 2651 erat
1403 2625 1549 2659 impietatis
1570 2624 1730 2657 invidithue
1746 2623 1803 2650 il|o<

1016 2679 1085 2698 rum.
1101 2670 1137 2698 Ut
1152 2676 1240 2698 autem
1259 2678 1335 2697 mora
1349 2675 1375 2697 et
1395 2675 1452 2697 arte
1472 2671 1588 2705 quatiant
1617 2671 1746 2705 pudorem
1764 2678 1804 2697 rc-

1016 2718 1099 2752 puisa:
1123 2721 1262 2751 tegerent,
1289 2716 1389 2751 legatos
1413 2723 1468 2743 sua:
1494 2716 1618 2743 factionis
1642 2716 1759 2743 mittttnt-
1776 2717 1802 2743 in

1016 2763 1168 2796 Mareoten,
1192 2771 1225 2791 eo
1247 2763 1350 2791 scilicet
1377 2763 1505 2795 obtenttt,
1532 2762 1602 2797 quod
1629 2761 1664 2789 ibi
1687 2768 1802 2789 examen

1015 2810 1074 2837 fore
1097 2814 1248 2845 oporteret,
1272 2809 1317 2837 ubi
1343 2809 1447 2836 facinus
1470 2809 1618 2836 admissum
1644 2807 1749 2835 luisset.
1769 2807 1804 2835 Ut

1016 2862 1106 2884 autem
1122 2857 1190 2884 vidit
1205 2856 1370 2883 Athanasius
1385 2863 1432 2883 eos
1453 2855 1524 2883 mitti
1545 2855 1656 2891 legatos.
1678 2862 1745 2890 quos
1761 2860 1804 2880 re-

1015 2909 1137 2934 cusasset
1153 2904 1220 2940 ipse,
1240 2903 1424 2939 Theogoniam
1450 2902 1571 2937 scilicet,
1594 2901 1692 2936 lilariu,
1713 2900 1802 2929 Theo-

1621 2955 1643 2977 η
