2027 3042
279 173 358 196 (τοῖιν

976 152 1242 183 PROLEGOMENA.

282 224 387 256 dorum,
411 221 593 250 Macedonium
614 223 641 246 et
664 218 815 249 Ursacium.
835 219 1000 244 contestatns
1021 218 1064 242 est

1126 213 1226 243 πάκιος·
1252 209 1452 245 διεμαρτύρατο
1469 208 1535 235 πᾶσι
1558 208 1588 234 τὺ
1606 206 1836 242 περιφανέστατον
1859 202 1905 232 τοῦ

283 270 407 297 omnibus
443 265 612 294 manifestam
640 271 700 291 esse
728 261 886 296 injustitiam
910 270 916 287 :
943 264 971 288 et
993 259 1065 294 quod

283 314 428 346 Macarius,
443 312 489 347 qui
507 311 580 346 prior
594 309 793 337 accusationem
813 307 950 338 subiisset,
966 306 992 333 in
1007 305 1066 332 vin-

283 359 350 386 culis
366 362 446 389 esset,
463 356 525 383 dum
542 355 664 389 lschyras
687 356 829 380 accusator
851 350 1000 385 illegitimis
1020 348 1067 382 ju-

284 405 386 432 dicihus
408 403 607 438 adiungeretur.
628 399 694 427 Cum
717 403 806 426 autem
824 398 942 432 synodus
967 395 1067 423 nullam

270 451 340 486 ‘ejus
362 449 478 485 querela:
501 453 529 476 et
549 446 752 475 contestationis
780 445 912 471 rationem
938 443 1066 472 haberet.

283 497 353 524 clam
380 496 586 530 imperatorem,
610 495 701 526 utpote
724 490 837 521 accitus,
862 488 936 515 adiit.
961 487 1068 514 Iudices

282 550 364 579 porro
382 542 408 569 in
423 541 559 568 Mareoten
580 537 669 568 missi.
689 536 771 563 altera
801 535 910 562 absente
935 537 1020 567 parte,
1039 535 1068 558 ut

284 591 349 626 ipsis
367 587 535 616 mendacium
555 589 582 612 et
603 583 703 611 invidia
727 581 910 615 imperabant,
933 585 1069 605 commen-

285 625 369 664 tarios
390 642 450 663 cum
471 632 636 662 edidissent,
660 629 693 656 ad
719 625 1066 663 synodum‘remigrarunt,

284 690 344 717 quae
368 681 524 716 priusquam
548 677 584 704 illi
605 674 793 705 advenissent,
816 670 994 699 Athanasium
1019 669 1068 696 de~

284 735 365 758 sertae
385 734 473 755 causa:
507 725 658 752 damnarat.
689 720 755 747 Cum
782 718 953 746 advenissent
967 720 1067 747 autem,

285 773 477 809 depositionem
491 768 548 803 ejus
563 767 766 796 conﬁrmarunt,
783 763 873 790 multis
893 761 990 789 additis
1005 768 1069 788 con-

285 807 410 848 tumeliis.
439 816 591 849 Statimque
623 813 656 840 ad
686 810 916 839 consecrationem
949 807 1070 836 ecclesia;

285 862 528 899 Jerosolymitanae,
553 859 597 894 qui
623 857 704 893 gestis
723 856 779 882 suis
804 853 986 881 sacerdotium
1008 859 1070 887 pro-

1116 258 1297 293 ἀδικήματος·
1327 257 1374 283 καὶ
1389 256 1429 282 ὅτι
1444 255 1586 289 Μακάριος
1611 253 1660 288 μὲν
1684 254 1698 279 ὁ
1729 251 1836 288 πρῶτος
1858 251 1907 286 τὴν

1117 304 1227 340 γραφὴν
1251 302 1431 337 ὑφιστάμενος
1448 303 1477 328 ὲν
1503 301 1620 335 σιδήροις
1632 297 1676 334 ἦν,
1700 297 1822 334 Ίσχύρας
1846 297 1874 323 δὲ
1892 297 1907 323 ὁ

1117 350 1269 384 κατήγορος
1279 348 1335 378 τοῖς
1346 346 1488 381 ὲκθέσμοις
1503 346 1609 380 κριταῖς
1618 343 1805 370 συνετέτακτο.
1825 341 1867 372 Ὠς
1878 341 1906 368 δὲ

1117 396 1147 422 οὺ
1162 395 1302 431 προσεῖχον
1314 394 1332 429 η
1349 393 1456 423 σύνοδος
1475 392 1515 423 οἱς
1526 391 1620 426 ᾐτιᾶτο
1638 390 1684 416 καὶ
1699 388 1905 424 διεμαρτύρατο,

1117 439 1252 468 διαλαθὼν
1268 439 1336 474 πρὸς
1366 437 1487 473 βασιλέα,
1518 437 1564 463 ἆτε
1589 436 1620 471 δὴ
1655 435 1701 462 καὶ
1718 433 1905 470 μετακληθεὶς,

1118 484 1304 520 ἀνεχώρησεν.
1321 484 1351 510 Οἱ
1365 483 1393 509 δὲ
1405 482 1451 509 τοῦ
1466 481 1616 518 Μαρεώτου
1631 479 1732 516 κριταὶ,
1747 480 1778 506 ὲκ
1797 487 1908 514 μονομε-

1120 531 1194 569 ρείας
1215 531 1252 562 ὡς
1275 530 1366 560 αὺτοῖς
1382 529 1412 555 τὸ
1422 527 1519 562 ψεῦδος
1534 527 1580 554 καὶ
1605 527 1619 553 ὁ
1640 526 1736 560 φθόνος
1751 525 1906 556 ἐπέταττεν,

1119 577 1301 613 ὑπομνήματα
1312 575 1516 610 συνταξάμενοι,
1533 573 1600 610 πρὸς
1613 572 1662 608 τὴν
1674 572 1781 599 σύνοδον
1794 570 1907 606 ἐπανῄε-

1120 633 1178 651 σαν.
1192 623 1265 659 Αὖτη
1282 622 1321 654 δὲ,
1333 622 1397 657 πρὶν
1419 621 1435 657 ἢ
1452 619 1654 656 παραγενέσθαι
1667 619 1788 651 τούτους,
1804 618 1908 654 ἐρήμην

1126 670 1282 696 Ἀθανάσιον
1295 667 1482 703 κατεδιῄτησε.
1511 665 1748 702 Παραγεγονότων,
1758 665 1806 700 τήν
1820 672 1850 690 τε
1864 671 1909 689 κα-

1120 717 1239 752 θαίρεσιν
1253 715 1439 749 ἐπεκύρωσαν,
1452 713 1499 740 καὶ
1511 713 1654 748 λοιδορίαις
1673 711 1840 747 ἐπηύξησαν.
1857 711 1909 737 Καὶ

1121 763 1276 799 παραυτίκα
1292 761 1359 797 πρὸς
1375 761 1424 796 τὴν
1451 760 1614 796 καθιέρωσιν
1632 760 1685 795 τῆς
1710 759 1738 785 ὲν
1764 757 1910 794 Ἱεροσολύ-

1123 818 1182 845 μοις
1198 808 1359 843 Ἐκκλησίας
1382 808 1406 834 οἱ
1434 807 1464 833 τὸ
1491 805 1661 842 ἱερουργικδν
1677 804 1706 838 εξ
1730 801 1766 830 ὧν
1792 802 1910 839 ἔπραξαν

1122 855 1392 890 ἀνοσιουργήσαντες,
1421 853 1522 889 σπουδῇ
1551 852 1762 887 παραγίνονται·
1790 850 1836 876 καὶ
1864 849 1908 875 τὸν

285 885 444 938 {auat/erant
465 905 626 933 festinanter
650 904 841 936 perrexerunt,
861 899 1009 930 Ariumque
1032 897 1072 924 in-

1126 885 1238 937 Ἄρειον.
1254 885 1418 932 -ὲπιστάντα,
1445 901 1469 926 οἱ
1569 885 1633 934 περὶ
1647 896 1774 924 Εὑσέὸιον
1789 895 1912 930 ἁσμένως

286 960 403 984 stantem
427 952 541 979 libenter
570 947 713 976 Eusebiani
737 945 926 973 admiserunt:
944 943 990 979 qui
1009 950 1073 970 vero

286 1005 368 1030 rectae
380 999 441 1026 ﬁdei
462 1002 540 1025 erant
560 995 635 1022 illum
669 992 789 1020 aversati
814 996 893 1023 sunt,
913 994 1073 1018 statuerunt-

286 1054 350 1082 que,
368 1049 397 1072 ut
409 1041 586 1073 Alexandriae.
606 1047 660 1075 quo
680 1038 706 1065 in
723 1038 782 1066 loco
804 1037 906 1064 crimen
926 1035 963 1062 illi
987 1035 1075 1062 inten-

286 1080 407 1123 tiabatur,
432 1089 562 1116 rationem
586 1085 726 1116 redderet.
748 1090 801 1118 quo
823 1082 895 1109 illum
915 1081 970 1116 jam
993 1080 1073 1107 adveo

287 1139 360 1166 nisse
376 1136 570 1172 deprehensum
584 1136 635 1160 est.
646 1131 712 1159 Cum
726 1137 769 1156 res
785 1128 811 1155 in
827 1128 873 1154 tali
889 1131 961 1154 motu
974 1130 1073 1158 essent,

288 1183 434 1212 adveniunt
458 1178 628 1215 imperatoris
653 1178 770 1204 litteras:
788 1182 848 1210 qua:
872 1182 925 1201 una
951 1173 1075 1201 Athana-

289 1231 358 1259 sium
373 1236 402 1256 se
421 1228 506 1258 adire,
520 1231 547 1253 et
564 1225 638 1260 ipsos
655 1223 681 1250 in
697 1220 898 1257 imperatoriam
911 1227 939 1247 se
952 1217 1076 1246 conferre

289 1277 425 1305 civitatem
445 1271 655 1309 praecipiebant:
677 1276 742 1304 qua;
753 1275 796 1296 res
815 1266 946 1302 synodum
960 1263 1076 1299 conjecit

289 1323 318 1351 in
334 1321 416 1349 animi
433 1320 608 1347 anxietatem.
821 1321 825 1324 ·

325 1369 353 1396 5.
373 1365 554 1401 Quamobrem
571 1363 688 1390 maxima
702 1362 809 1389 illorum
822 1367 884 1395 pars
901 1359 1009 1387 domum
1031 1365 1075 1385 re-

289 1415 361 1444 versi
377 1418 450 1442 sunt.
464 1411 596 1439 Eusebius
606 1414 695 1437 autem
712 1407 886 1442 Theogonius
900 1410 926 1433 et
940 1404 1006 1432 socii
1022 1403 1076 1431 illic

289 1468 394 1489 moram
425 1458 532 1486 trahere
555 1457 740 1486 decreverunt,
764 1453 809 1480 illa
835 1452 964 1486 temporis
986 1456 1076 1478 extra-

289 1507 379 1534 ctione
392 1511 450 1533 sese
461 1511 492 1531 ex
506 1500 773 1537 angustiisextricare
784 1498 882 1526 conati.
897 1498 1000 1525 [nterea
1012 1504 1076 1524 vero

291 1552 344 1579 alia
355 1550 503 1582 accusatio,
519 1556 570 1583 qua
584 1546 723 1575 dicebatur
736 1545 903 1572 Athanasius
914 1551 1010 1570 aurum
1026 1543 1075 1569 mi-
1089 1561 1110 1589 ο

290 1598 360 1625 sisse
376 1595 545 1625 Philumcno,
562 1599 653 1620 coram
673 1591 837 1625 imperatore
863 1588 1000 1616 confutata
1026 1587 1076 1615 fuit

291 1643 319 1671 iu
345 1640 473 1669 suburbio
497 1637 660 1666 Nicomediae
686 1636 727 1664 cui
754 1643 852 1663 nomen
877 1634 1074 1661 Psammathia.

291 1688 459 1722 Mittiturque
481 1693 542 1713 cum
563 1684 666 1712 honore
686 1682 879 1710 Alexandriam
901 1681 1076 1713 Athanasius,

291 1732 474 1768 imperatoriis
489 1730 586 1759 litteris
601 1729 660 1764 ejus
676 1728 857 1756 innocentiam
873 1726 972 1762 populo
985 1726 1077 1754 decla-

292 1779 428 1808 rantibus.
438 1778 538 1804 Aderat
549 1776 612 1803 item
621 1775 702 1802 Arius
714 1774 822 1806 missus,
835 1778 863 1800 ut
874 1772 998 1808 superius
1010 1772 1075 1805 dixi,

292 1826 327 1853 ab
344 1822 580 1859 Jerosolyuiitanis
608 1821 756 1856 episcopis,
774 1826 934 1854 rursumque
949 1818 1078 1846 tumultus

294 1871 321 1898 in
345 1870 460 1905 [Egypto
474 1869 587 1896 ohortus
605 1871 656 1894 est.
677 1866 739 1893 llaec
755 1870 844 1893 autem
859 1865 1018 1900 imperatori
1037 1872 1078 1892 re-

294 1917 405 1950 scripsit
418 1914 593 1946 Athanasius,
605 1913 650 1947 qui
663 1913 809 1946 imperator
823 1912 917 1938 Arium
930 1911 1077 1938 revocavit.

294 1963 344 1989 Hic
368 1968 432 1988 vero
455 1967 515 1986 cum
539 1958 700 1986 Eusebianis
722 1958 772 1984 iter
800 1956 924 1983 faciendo
947 1955 1080 1984 Casareae

294 2012 467 2042 congressus,
483 2004 550 2031 alias
564 2011 659 2031 rursus
672 2007 765 2030 contra
780 2001 958 2028 Athanasium
977 2000 1080 2028 cnnﬂa—

294 2053 333 2079 vit
349 2049 552 2088 sycophantias.
571 2048 604 2076 Ut
623 2052 712 2075 autem
731 2047 775 2073 vix
794 2053 856 2074 sero
873 2046 980 2073 tandem
997 2045 1080 2072 Euse-

295 2099 368 2127 hiani
381 2099 408 2125 in
418 2096 620 2131 imperatoriam
632 2094 725 2121 urbem
738 2096 923 2124 accesserunt,
935 2091 1078 2123 dicebant,

295 2154 326 2174 sc
340 2153 392 2172 non
407 2144 476 2171 alias
488 2142 596 2177 quidem
613 2139 802 2167 accusationes
822 2138 848 2165 in
866 2145 979 2165 examen
997 2137 1079 2164 adduv

295 2198 387 2220 cturos
401 2200 408 2218 :
425 2197 485 2224 qua:
499 2196 564 2215 vero
579 2187 711 2221 lschyram
731 2184 887 2219 spectabant
912 2190 941 2211 se
954 2182 1009 2216 jam
1027 2182 1081 2210 dis-

1124 946 1325 982 προσδέχονται,
1352 945 1376 971 οι
1402 944 1429 971 δὲ
1459 944 1508 980 τῆς
1527 943 1609 979 ὀρθῆς
1630 941 1844 977 ἀπεστράφησαν
1869 939 1912 966 πίε

1125 1000 1219 1023 στεως,
1234 991 1375 1026 ὁρίσαντες
1392 990 1421 1016 ὲν
1439 987 1624 1023 Ἀλεξανδρείᾳ
1642 987 1687 1014 τὸν
1707 986 1784 1020 λόγον
1804 985 1913 1020 ὑπέχειν

1123 1035 1161 1065 ὧν
1174 1039 1202 1064 ὲν
1213 1037 1286 1072 αἰτίᾳ
1303 1036 1474 1067 καθίσταται,
1493 1035 1521 1061 ἐν
1538 1032 1555 1071 ᾖ
1567 1034 1614 1061 καὶ
1627 1031 1820 1069 παραγεγονὼς
1833 1031 1912 1057 ἑάλω.

1131 1085 1175 1110 Ἐν
1190 1083 1293 1115 τούτοις
1303 1083 1332 1109 δὲ
1344 1082 1397 1109 τῶν
1417 1080 1610 1117 πραττομένων
1621 1079 1798 1114 κινουμένων,
1819 1076 1913 1111 φθάνει

1125 1131 1275 1166 γράμματα
1287 1129 1334 1155 τοῦ
1357 1127 1497 1163 βασιλέως,
1515 1126 1562 1152 καὶ
1581 1125 1738 1152 Ἀθανάσιον
1751 1124 1819 1159 πρὸς
1836 1122 1915 1149 αὑτὸν

1125 1175 1329 1209 ἀπαγγέλλοντα
1341 1175 1428 1210 ἥκειν,
1443 1174 1489 1199 καὶ
1501 1172 1600 1204 αὐτοὺς
1611 1172 1656 1198 ἐπὶ
1670 1171 1719 1206 τὴν
1731 1169 1853 1205 βασιλίδα
1868 1177 1910 1195 πα-

1128 1221 1298 1258 ραγενέσθαι-
1310 1220 1357 1247 καὶ
1375 1221 1414 1251 εἰς
1426 1219 1546 1254 ἀγωνίαν
1560 1217 1687 1254 ἐμϐάλλει
1703 1217 1751 1251 τὴν
1764 1216 1881 1243 σύνοδον.

1162 1360 1188 1388 5.
1201 1360 1246 1386 Διὸ
1259 1360 1283 1386 οἱ
1301 1358 1408 1389 πλείους
1421 1357 1470 1393 μὲν
1487 1356 1575 1383 αὐτῶν
1589 1357 1628 1387 εἰς
1642 1355 1677 1382 τὰ
1695 1355 1781 1381 οἰκεῖα
1801 1353 1917 1389 ἐπανῄε-

1129 1416 1192 1435 σαν·
1209 1408 1234 1434 oi
1252 1407 1281 1434 δὲ
1296 1406 1359 1442 περὶ
1373 1404 1502 1432 Εὑσέῦιον
1519 1404 1566 1431 καὶ
1580 1403 1719 1437 Θεογόνιον
1733 1402 1802 1433 τέως
1822 1401 1917 1428 αὐτόθι

1127 1453 1261 1490 χρονίζειν
1272 1453 1429 1487 ἐγίνωσκον,
1437 1452 1470 1486 τῇ
1481 1450 1602 1486 παρολκῇ
1614 1449 1660 1476 τοῦ
1681 1447 1777 1484 καιροῦ
1790 1447 1840 1483 τὴν
1851 1448 1919 1482 ἀγω-

1127 1500 1186 1527 νίαν
1214 1499 1286 1526 λύειν
1304 1498 1506 1534 μηχανώμενοι.
1539 1497 1582 1522 Ἑν
1606 1494 1634 1522 δὲ
1654 1494 1692 1530 τῷ
1708 1494 1807 1530 μεταξὺ
1823 1494 1873 1521 καὶ
1889 1493 1918 1520 τὸ

1127 1545 1219 1581 ἕτερον
1241 1545 1293 1572 τῶν
1316 1544 1506 1578 ἐγκλημάτων,
1530 1541 1545 1567 ὃ
1568 1541 1607 1576 τῷ
1628 1540 1783 1575 Φιλουμένῳ
1807 1539 1918 1575 χρυσίον

1127 1589 1218 1624 ἔλεγεν
1233 1589 1390 1616 Ἀθανάσιον
1402 1587 1563 1623 διαπέμψαι,
1576 1586 1646 1613 κατὰ
1660 1586 1804 1622 πρόσωπον
1816 1584 1919 1612 διαλύε-

1126 1646 1171 1663 ται
1196 1636 1242 1663 τοῦ
1270 1635 1401 1671 βασιλέως
1422 1635 1450 1661 ὲν
1479 1633 1634 1669 προαστείῳ
1660 1632 1710 1667 τῆς
1733 1631 1918 1666 Νικομηδείας

1126 1680 1264 1716 Ψαμαθίῳ
1279 1680 1438 1715 καλουμένῳ
1452 1679 1644 1714 διατρίϐοντος.
1659 1678 1714 1705 Καὶ
1724 1677 1918 1707 ἀποστέλλεται

1127 1729 1167 1759 εἱς
1188 1726 1391 1763 Ἀλεξάνδρειαν
1412 1725 1480 1761 μετὰ
1504 1725 1585 1760 τιμῆς
1609 1724 1774 1756 Ἀθανάσιος,
1788 1724 1919 1760 γραμμά-

1127 1781 1181 1799 των
1199 1771 1346 1807 βασιλικῶν
1365 1770 1414 1806 τὴν
1429 1769 1553 1797 ἀθώωσιν
1573 1768 1655 1796 αὑτοῦ
1671 1768 1738 1805 πρὸς
1753 1769 1816 1800 τοὺς
1830 1770 1918 1795 ὲκεῖσε

1128 1817 1370 1853 ἀνακηρυττόντων
1382 1825 1388 1831 ·
1406 1816 1496 1851 παρῆν
1510 1817 1538 1843 δὲ
1551 1815 1598 1843 καὶ
1617 1817 1725 1850 Ἄρειος
1745 1815 1918 1846 ἀποσταλεὶς,

1129 1864 1166 1896 ὥς
1183 1873 1228 1900 μοι
1246 1863 1416 1900 προείρηται,
1443 1863 1496 1889 ὑπὸ
1525 1862 1579 1889 τῶν
1604 1863 1632 1889 έν
1651 1861 1859 1898 Ἱεροσολύμοις,
1875 1861 1920 1889 καὶ

1129 1911 1246 1946 τάραχον
1259 1911 1275 1945 ἡ
1290 1909 1428 1944 Αἴγυπτος
1441 1909 1546 1943 δέχεται
1563 1908 1654 1935 πάλιν.
1665 1908 1722 1935 Καὶ
1739 1908 1842 1943 γράφει
1856 1907 1920 1934 ταῦ-

1129 1965 1163 1983 τα
1176 1956 1215 1991 τῷ
1231 1955 1334 1991 βασιλεῖ
1346 1957 1360 1982 ὁ
1382 1954 1549 1986 Ἀθανάσιος,
1567 1954 1613 1980 καὶ
1629 1954 1824 1989 μετάπεμπτον
1844 1953 1921 1988 βασι-

1130 2003 1191 2035 λεὺς
1211 2003 1271 2036 ᾶγει
1285 2002 1332 2028 τὸν
1349 2002 1465 2037 Ἀρειον.
1488 2001 1516 2026 ’0
1532 2000 1559 2026 δὲ
1579 2001 1635 2031 τοῖς
1648 2000 1712 2035 περὶ
1726 1999 1858 2027 Εὐσέϐιον
1873 2008 1922 2026 κα-

1129 2049 1164 2075 τὰ
1177 2048 1226 2084 τὴν
1245 2048 1303 2075 ὁδὸν
1321 2046 1515 2082 ἐν’Καισαρεία
1537 2045 1702 2081 συμσάλλει,
1720 2045 1766 2072 καὶ⁸
1784 2045 1853 2072 ἀλλα
1871 2045 1922 2071 πά-

1131 2095 1171 2121 λιν
1194 2094 1263 2121 κατά
1281 2093 1436 2120 Ἀθανάσιον
1459 2093 1688 2127 συκοφαντήματα
1715 2091 1859 2127 ῥάπτεται.
1880 2091 1922 2121 Ὠς

1131 2141 1152 2167 δ’
1164 2140 1212 2175 ὀψὲ
1229 2140 1275 2166 καὶ
1288 2139 1362 2174 μόλις
1373 2139 1397 2165 oi
1410 2139 1473 2174 περὶ
1487 2137 1616 2164 Εὐσέὸιον
1631 2139 1663 2173 τῇ
1678 2136 1791 2172 βασιλίδι
1807 2136 1922 2173 παρεγί-

1132 2195 1217 2217 νοντο,
1228 2185 1262 2212 τά
1286 2185 1334 2220 μὲν
1350 2185 1416 2212 ἄλλα
1430 2185 1483 2211 τῶν
1497 2184 1676 2220 ἐγκλημάτων
1697 2183 1788 2217 ἔλεγον
1804 2183 1850 2209 ὑπ’
1880 2183 1922 2215 ἐξ·

295 2237 421 2272 quisiisse
442 2239 469 2262 et
489 2234 571 2269 probe
602 2232 672 2260 scire
696 2231 730 2258 ab
744 2229 893 2257 Athanasio
917 2228 988 2256 facta
1011 2235 1075 2255 esse.

1135 2233 1226 2260 έτασιν
1241 2231 1277 2268 μὴ
1289 2231 1453 2266 ὰγαγεῖν,τὰ
1467 2231 1495 2257 δὲ
1509 2231 1573 2266 περὶ
1587 2229 1710 2265 Ἰσχύραν
1724 2229 1770 2256 καὶ
1784 2228 1920 2260 ἐξετάσαι,

297 2283 480 2317 Similiterque
494 2281 565 2316 quod
584 2280 710 2307 frumenti
731 2281 910 2307 commeatum
934 2276 1079 2310 quotannis

295 2328 487 2357 Alexandriam
512 2325 773 2360 Constantinopolim
799 2324 859 2351 vehi
891 2322 999 2350 solitum
1023 2323 1080 2357 ipse

295 2375 462 2411 prohiberet.
487 2373 606 2406 Quorum
632 2371 776 2398 criminum
796 2377 856 2397 cum
876 2376 937 2396 reus
960 2369 1080 2395 Athana-

296 2424 354 2449 sius
377 2419 563 2455 deprehensus
587 2421 670 2450 esset,
701 2416 769 2444 clam
798 2415 928 2443 secedens
948 2414 1078 2449 judicium

294 2466 443 2501 cﬂ‘ugisset.
474 2464 522 2491 llis
549 2464 697 2498 imperator
730 2461 892 2489 commentis
924 2467 1080 2494 persuasus,

295 2511 474 2538 Athanasium
487 2508 681 2537 certaminibus
693 2511 829 2535 assuetum
847 2507 872 2533 in
885 2507 1008 2534 exsilium
1023 2506 1082 2533 mit-

297 2557 330 2583 tit
345 2557 371 2583 in
389 2556 489 2583 Gallias
509 2555 542 2582 ad
559 2555 697 2582 civitatem
713 2553 899 2586 Trevirorum,
917 2557 947 2579 ut
965 2552 1021 2579 illic
1036 2551 1082 2579 de-

297 2607 384 2638 geret.
395 2602 520 2629 Tumultn
533 2605 621 2628 autem
628 2609 660 2628 ac
673 2604 832 2635 tempestate
846 2598 992 2634 {Egyptum
1004 2605 1079 2625 com-

295 2655 430 2682 movente,
448 2655 475 2677 et
496 2649 590 2676 haeresi
606 2657 653 2676 seu
668 2651 787 2683 quadam
807 2651 882 2681 peste
894 2645 1024 2673 Ecclesiis
1038 2645 1081 2672 la-

295 2697 450 2727 befactatis.
469 2697 616 2730 imperator
631 2695 828 2723 Constantinus
847 2693 874 2720 in
898 2692 1016 2727 quodam
1033 2691 1080 2718 Ni-

295 2743 424 2770 comediae
439 2742 581 2773 suburbio,
598 2749 659 2768 cum
675 2748 759 2768 unum
778 2743 805 2767 et
823 2738 935 2774 triginta
951 2745 1038 2765 annos
1054 2737 1080 2764 in

294 2790 408 2823 imperio
419 2788 644 2823 consumpsisset,
663 2788 725 2815 hinc
741 2786 889 2814 translatus
905 2789 955 2816 est,
975 2791 1046 2813 anno
1065 2791 1079 2811 a

333 2881 371 2915 (α)
389 2879 416 2906 In
430 2878 518 2911 editis,
532 2878 655 2909 Γαλλίας.

1133 2280 1180 2306 καὶ¹
1197 2279 1289 2313 σαφῶς
1308 2278 1405 2304 εἰδέναι
1421 2278 1465 2304 ὑπ’
1483 2277 1640 2303 ’Δθανασίου
1650 2275 1841 2311 τετολμῆσθαι.
1863 2276 1920 2301 Ὠσ-

1132 2325 1221 2358 αύτως
1235 2326 1281 2351 καὶ
1301 2326 1341 2356 εἰς
1366 2324 1414 2358 τὴν
1434 2323 1615 2358 σιτοπομπίαν
1625 2323 1674 2357 τὴν
1687 2321 1716 2354 ἐξ
1730 2320 1806 2353 ἔθους
1821 2320 1855 2347 δι’
1878 2321 1921 2346 ‘A—

1133 2371 1303 2407 λεξανδρείας
1315 2372 1348 2406 τῇ
1367 2368 1647 2397 Κωνσταντινουπόλει
1663 2367 1817 2403 φερομένην
1833 2366 1917 2393 κωλύ-

1135 2426 1217 2444 σειεν,
1237 2417 1281 2443 Ἐν
1299 2414 1339 2447 οἷς
1356 2416 1402 2442 καὶ
1417 2414 1552 2451 φωραθεὶς
1569 2413 1660 2449 ἔνοχος
1684 2413 1842 2444 ’Δθανάσιος
1853 2431 1860 2444 .
1876 2412 1920 2438 λα-

1135 2464 1235 2499 θραίως
1255 2462 1445 2497 ἀναχωρήσας,
1470 2461 1519 2495 τὴν
1534 2460 1610 2494 δίκην
1629 2459 1722 2493 ἔφυγε.
1737 2457 1923 2493 Συναρπαγεὶς

1134 2507 1179 2536 οὖν
1196 2510 1252 2540 τοῖς
1268 2508 1425 2542 πλάσμασιν
1438 2507 1452 2534 ὁ
1466 2506 1602 2541 βασιλεὺς,
1620 2507 1660 2536 εἰς
1680 2504 1729 2536 τὰς
1742 2504 1872 2534 Γαλλίους
1885 2501 1922 2538 (α)

1134 2556 1216 2582 οἰκεῖν
1233 2555 1261 2580 ἐν
1279 2553 1436 2589 Τριόεριὰδι
1451 2553 1594 2588 ὑπερόριον
1611 2551 1747 2586 ἐκπέμπει
1764 2550 1809 2576 τὸν
1821 2548 1923 2575 πολύα-

1135 2601 1196 2627 θλον
1210 2600 1376 2628 Ἀθανάσιον.
1395 2599 1514 2635 Θορύὸου
1527 2599 1554 2625 δὲ
1568 2599 1614 2625 καὶ
1628 2598 1711 2633 ζάλης
1724 2597 1773 2632 τὴν
1786 2595 1923 2630 Αἴγυπτον

1135 2646 1365 2682 ὲκκυμαινόντων,
1390 2646 1435 2671 καὶ
1461 2644 1556 2680 λοιμοῦ
1572 2645 1650 2680 δίκην
1671 2644 1721 2679 τῆς
1744 2643 1876 2679 αἱρέσεως
1889 2640 1924 2666 τὰ

1134 2692 1187 2718 τῶν
1208 2691 1374 2727 Ἐκκλησιῶν
1388 2691 1597 2726 λυμαινομένης,
1613 2690 1627 2716 ὁ
1640 2689 1764 2724 βασιλεὺς
1779 2689 1924 2715 Κώνσταν-

1134 2739 1205 2769 τίνος
1232 2738 1302 2764 κατά
1317 2746 1342 2763 τι
1355 2738 1515 2773 προαστεῖον
1539 2737 1588 2772 τῆς
1616 2735 1807 2771 Νικομηδείας,
1834 2733 1863 2760 ἒν
1878 2733 1925 2759 καὶ

1134 2783 1292 2818 τριακοστὸν
1308 2783 1336 2809 ὲν
1351 2784 1383 2818 τῇ
1403 2782 1524 2818 βασιλείᾳ
1540 2782 1667 2814 διανύσας
1680 2781 1749 2814 ἔτος,
1763 2779 1925 2816 μεθίσταται
