2027 3042
710 173 739 201 s.
758 170 945 200 ATHANASII
967 170 1047 198 vna
1065 169 1110 196 nx
1123 167 1266 197 -ΡΗοτιο,
1683 158 1686 162 ’
1726 174 1794 197 cm

178 233 232 261 τῶν
252 231 378 264 ἐνταῦθα,
393 231 467 266 ἄγων
481 230 534 258 ἀπὸ
551 229 682 265 γενέσεως
702 230 825 265 πέμπτον
838 229 885 256 καὶ
903 228 964 264 ἐξη-

1017 227 1157 255 nativitate
1169 225 1338 262 sexagesimo
1351 226 1457 261 quinto.
1478 223 1680 252 Testamentum
1705 231 1794 253 autem

178 278 284 305 κοστόν.
307 276 474 304 Καταλείπει
503 276 531 302 δὲ
558 276 607 311 τὴν
631 275 762 311 διαθήκην
788 275 965 310 πρεσϐυτέρῳ

1017 273 1152 302 commisit
1165 273 1270 300 cuidam
1288 272 1454 308 presbytero,
1468 272 1514 306 qui
1529 271 1630 299 Ariano
1645 271 1736 299 furore
1755 272 1796 299 la-

178 325 231 351 τινὶ
251 324 302 360 τὴν
332 323 436 360 Ἀρείου
465 322 566 349 λύσσαν
598 321 728 354 νοσοῦντι,
754 320 907 357 προστάξας
927 321 965 356 τῷ

1017 320 1138 352 borabat,
1153 319 1251 353 iubens
1267 324 1297 346 ut
1312 318 1465 353 cognomini
1481 318 1533 345 sibi
1546 318 1724 346 Constantino
1739 323 1796 345 tra-

178 371 315 405 ὸμωνύμῳ
339 369 439 404 ταύτην
461 369 612 404 ἐγχειρίσαι
633 368 836 402 Κωνσταντίνῳ.
860 368 898 394 Δι’
917 367 965 394 αὺ-

1017 367 1100 394 deret.
1117 366 1174 399 Quo
1196 366 1247 400 ipsi
1263 366 1348 401 patris
1366 366 1509 399 imperium
1533 365 1592 393 loco
1614 363 1797 392 Occidentalis

178 417 227 452 τῆς
251 416 305 451 γὰρ
325 415 398 450 αὑτῴ
423 416 470 441 καὶ
486 415 502 450 ή
518 414 564 440 τοῦ
579 414 680 449 πατρὸς
694 414 828 449 βασίλειος
842 414 912 449 ἀρχὴ
925 414 965 445 εἰς

1017 410 1120 445 imperii
1157 410 1323 437 tradebatur.
1357 410 1392 437 At
1418 410 1500 437 miser
1527 410 1570 437 ille
1597 410 1797 437 sciscitantibus

179 463 278 498 κλῆρον
289 462 348 489 ἀντὶ
360 462 409 496 τῆς
417 461 560 496 Ἑσπερίας
570 460 729 495 άφωρίζετο.
739 459 807 486 Ἀλλ’
817 460 832 486 ὁ
842 460 964 491 δείλαιος,

1017 456 1147 490 plurimis,
1163 463 1197 483 an
1219 456 1367 491 imperator
1389 462 1580 485 testamentum
1597 456 1716 488 fecisset,
1742 464 1796 484 non

180 509 284 536 πολλῶν
298 508 507 543 πυνθανομένων
522 508 545 533 εί
568 507 698 542 βασιλέως
716 505 830 541 διαθήκη
849 506 964 542 προελή-

1017 503 1116 530 fecisse
1144 501 1303 535 alﬁrmabat,
1322 508 1416 530 nactus
1442 503 1571 530 mendacii
1596 502 1732 538 adjutores
1747 510 1798 529 an~

180 555 255 586 λυθε,
272 555 308 590 μὴ
327 554 451 588 γενέσθαι
480 553 631 584 διετείνετο,
659 553 804 588 συνεργοὺς
829 552 897 586 ἔχων
918 551 965 578 τοῦ

1017 548 1151 583 drogynos
1177 549 1325 576 eunuchos.
1357 549 1438 576 Paulo
1453 554 1515 584 post
1537 555 1626 576 autem
1643 549 1796 576 advenienti

180 599 293 634 ψεύδους
309 599 371 630 τοὺς
387 598 566 634 ἀνδρογύνους
580 597 731 632 εὐνούχους.
749 598 815 624 Μετ’
830 597 918 631 ὀλίγον
938 597 965 624 δὲ

1017 600 1080 623 ante
1105 595 1171 623 alios
1197 595 1353 622 Constantio
1377 595 1445 622 clam
1472 599 1662 623 testamentum
1690 595 1798 623 tradidit

181 645 234 681 πρὸ
252 644 305 671 τῶν
319 644 404 671 ἄλλων
429 643 625 679 παραγεγονότι
649 642 828 678 Κωνσταντίῳ
847 642 896 678 τὴν
920 642 965 669 τοῦ

1018 642 1197 676 imperatoris,
1213 649 1245 669 ac
1267 641 1294 668 in
1308 642 1467 676 proditionis
1481 649 1537 669 sua:
1557 641 1718 672 mercedem.
1733 649 1798 676 gra-

182 690 313 725 βασιλέως
329 689 475 725 ἐγχειρίζει
490 689 620 724 διαθήκην
637 689 723 724 λάθρα
733 697 739 703 ·
757 689 803 715 καὶ
812 689 890 723 χάριν
907 689 965 716 ἀντὶ

1018 687 1081 714 tiam
1097 687 1224 721 postulat,
1248 692 1365 722 paternae
1389 687 1494 715 scilicet
1517 695 1642 722 sameque
1656 687 1716 714 ﬁdei
1736 695 1797 722 pro-

179 736 230 771 τῆς
245 735 388 772 προδοσίας
412 736 481 762 αίτεί
501 736 550 770 τῆς
567 736 702 771 πατρικῆς
726 735 807 762 αὑτοῦ
822 736 868 762 καὶ
886 735 965 771 ὀρθῆς

1018 732 1156 760 ditionem.
1171 732 1313 760 Eusebiani
1331 741 1411 768 porro
1424 733 1573 768 presbyteri
1596 741 1678 768 opera
1703 733 1796 768 perl‘u-

181 782 298 813 πίστεως
312 781 360 816 τὴν
375 781 527 817 προδοσίαν.
541 782 572 808 Ol
583 781 610 807 δὲ
628 781 692 816 περὶ
704 781 843 813 Εὑσέϐιον,
858 782 969 815 παρείσ-

180 827 254 853 δυσιν
261 826 304 853 διὰ
311 826 357 853 τοῦ
368 826 549 862 πρεσϐυτέρου
561 827 628 862 πρὸς
636 827 821 853 Κωνστάντιον
831 827 967 859 λαϐόντες,

181 872 312 899 Εὑσέϐιόν
320 881 349 898 τε
361 872 405 898 τὸν
417 873 603 908 πραιπόσιτον,
612 873 659 899 καὶ
668 873 701 899 δι’
709 873 790 899 αὑτοῦ
798 874 860 905 τοὺς
873 872 968 905 ἄλλους

181 916 333 952 εὐνούχους,
343 917 388 943 καὶ
394 917 424 952 δὴ
432 918 479 943 καὶ
487 917 535 952 τὴν
544 917 675 952 βασιλίδα,
683 919 732 953 τῆς
740 917 869 953 αἱρέσεως
881 927 969 954 παρα-

183 963 358 994 σκευάζουσιν
365 963 489 998 ὲραστάς.
499 963 552 989 Καὶ
558 962 591 990 τὰ
599 963 702 998 Ἀρείου
710 963 788 990 πάλιν
796 963 967 999 ἐκρατύνετο.

216 1008 242 1034 6.
255 1008 314 1034 Τῶν
336 1008 535 1044 ἀρχιερατικῶν
561 1008 662 1043 θρόνων
684 1009 745 1035 κατ’
761 1009 847 1035 ἐκεῖνο
871 1008 967 1044 καιροῦ

179 1052 306 1089 Μάξιμος
322 1054 371 1088 μὲν
392 1053 447 1080 τῶν
464 1052 654 1089 Ἰεροσολύμων
680 1052 736 1089 εἶχε
758 1054 807 1089 τὴν
831 1055 966 1090 ἐφορείαν,

186 1099 358 1135 Ἀλέξανδρος
374 1100 401 1126 δὲ
414 1101 462 1135 τῆς
475 1099 617 1134 βασιλίδος,
631 1100 787 1132 Ἀθανάσιος
803 1100 825 1126 δ’
837 1098 871 1135 ἦν
884 1101 967 1136 ὑπερ-

179 1145 263 1180 όριος.
286 1146 393 1180 Ἀρειος
418 1145 456 1177 δὲ,
473 1145 667 1181 παραγεγονὼς
695 1147 724 1172 ὲν
745 1146 967 1173 Κωνσταντινου-

180 1189 267 1222 πόλει,
281 1189 330 1224 τὴν
346 1189 393 1216 τοῦ
410 1190 477 1216 Θεοῦ
492 1190 657 1226 διαφθείρειν
673 1191 838 1226 ἐφρυάττετο
856 1191 967 1227 Ἐκκλη-

182 1236 252 1262 σίαν.
277 1236 345 1262 Ἀλλ’
359 1237 376 1272 ὴ
395 1236 582 1272 φιλάνθρωπος
598 1238 647 1264 οὐκ
661 1237 871 1273 ὲμακροθύμησε
888 1238 964 1273 δίκη”

180 1282 242 1312 ταῖς
251 1281 279 1307 δὲ
296 1281 342 1307 τοῦ
359 1281 430 1317 [apo-3
449 1281 622 1318 Ἀλεξάνδρου
639 1284 835 1319 παροξυνθεϊσα
851 1293 966 1321 προσευ-

181 1327 253 1361 χαῖς,
274 1326 340 1362 αὐτῇ
363 1327 466 1362 αἱρέσει
495 1328 622 1355 ἐκκόπτει
640 1329 685 1355 τὸν
709 1330 828 1366 Ἄρειον,
851 1331 965 1357 καὶτῶν

182 1371 343 1408 σπλάγχνων
363 1373 445 1400 αὑτοῦ
463 1373 560 1410 ἀθρόον
576 1375 757 1403 διαπεσόντων
772 1376 903 1410 κάτωθεν,
917 1377 966 1412 τῆς

181 1417 253 1454 ζωῆς
271 1418 459 1446 ἀπελαύνεται.
479 1421 583 1456 Μικρὸν
599 1421 627 1447 δὲ
640 1421 693 1448 τῶν
704 1421 734 1454 ἐξ
750 1422 852 1458 Ἀρείου
867 1423 966 1458 ὲφησυ-

181 1464 332 1500 γασάντων,
347 1463 425 1497 αὖθις
436 1466 542 1493 ἅπαντα
559 1466 674 1499 κινοῦσι,
685 1467 715 1494 τὸ
728 1468 871 1504 ὑπερόριον
891 1468 965 1495 Ἀθα-

182 1510 274 1538 νασίου
299 1511 371 1546 μέγα
393 1512 473 1539 ’ὁπλον
486 1512 576 1544 αὐτοῖς
597 1513 638 1544 είς
658 1513 688 1539 τὸ
703 1514 928 1549 καταπράξασθαι
946 1515 964 1542 ἃ

1018 779 1090 813 gium
1123 779 1192 814 apud
1216 778 1401 806 Constantium
1427 779 1529 814 adepti,
1556 779 1701 807 Eusebium
1728 787 1797 814 prae-

1017 824 1145 859 positum,
1170 832 1202 852 ac
1218 832 1266 859 per
1286 832 1347 852 eum
1368 824 1435 852 alios
1460 824 1612 858 eunuchos,
1635 825 1690 853 imo
1710 825 1796 860 ipsam

1019 872 1218 908 imperatricem
1242 873 1275 900 ad
1300 873 1433 900 haereseos
1450 873 1562 900 trahunt
1578 881 1696 901 amorem
1716 879 1798 908 atque

1019 917 1210 952 patrocinium.
1226 917 1294 945 Tum
1307 917 1414 945 Ariame
1430 925 1474 946 res
1487 917 1641 946 ﬁrmitatem
1655 926 1796 954 accepere.

1053 1010 1080 1037 6.
1101 1008 1353 1044 Archiepiscopales
1367 1012 1458 1036 autem
1474 1009 1586 1037 thronos
1605 1013 1659 1037 tum
1676 1010 1703 1037 hi
1715 1017 1798 1038 occu—

1017 1055 1127 1090 pabant,
1149 1054 1281 1082 Maximus
1297 1053 1564 1090 Jerosolymitanum,
1578 1054 1729 1082 Alexander
1743 1056 1796 1082 im-

1017 1100 1158 1135 peratoria:
1174 1100 1260 1132 urbis,
1277 1100 1441 1127 Athanasius
1457 1107 1522 1127 vero
1536 1100 1612 1127 exsul
1627 1105 1695 1127 erat.
1714 1100 1798 1128 Arius

1017 1154 1080 1174 vero
1093 1154 1152 1174 cum
1168 1146 1429 1182 Constantinopolim
1452 1147 1584 1180 venisset,
1604 1147 1738 1175 desiderio
1752 1148 1795 1175 in-

1017 1193 1149 1221 fremebat
1175 1192 1368 1221 labefactanda:
1390 1192 1436 1220 Dei
1463 1192 1599 1220 Ecclesiae.
1627 1193 1680 1221 Sed
1705 1193 1797 1221 divina

1017 1241 1083 1268 ultio
1106 1248 1162 1268 rem
1186 1248 1238 1268 non
1262 1240 1330 1267 ultra
1348 1239 1470 1267 toleravit
1490 1248 1496 1266 :
1515 1239 1694 1275 precibusque
1710 1240 1795 1268 sancti

1017 1286 1163 1313 Alexandri
1181 1289 1328 1317 commota,
1345 1285 1464 1313 haeresin
1480 1285 1545 1312 Ario
1567 1286 1665 1319 privat,
1685 1286 1730 1320 qui
1754 1286 1796 1312 vi-

1016 1332 1137 1359 sceribus
1155 1331 1247 1359 effusis
1261 1331 1409 1359 exstinctus
1421 1337 1472 1359 est.
1485 1330 1552 1359 Cum
1565 1337 1654 1360 autem
1668 1337 1727 1368 post
1741 1332 1797 1360 haec

1016 1386 1110 1413 parum
1135 1378 1355 1413 conquievisseut
1372 1378 1475 1411 Ariani,
1500 1379 1590 1406 omnia
1613 1379 1701 1407 denuo
1719 1387 1796 1407 com-

1016 1429 1166 1458 moverunt,
1183 1424 1233 1451 rati
1247 1432 1343 1459 magno
1359 1424 1409 1452 sibi
1426 1424 1484 1453 fore
1499 1425 1553 1453 telo
1566 1425 1705 1454 Athanasii
1721 1427 1796 1454 exsi-

1016 1470 1082 1498 lium
1096 1470 1129 1497 ad
1145 1470 1235 1497 omnia
1257 1477 1306 1505 pro
1325 1469 1437 1498 libidine
1460 1471 1622 1506 peragenda.
1638 1470 1738 1500 Verum
1752 1472 1796 1499 di~

1014 1516 1075 1542 vina
1104 1515 1270 1549 providentia
1302 1520 1427 1542 conatum
1461 1517 1657 1551 praeoccupavit
1690 1525 1795 1550 eorum,

182 1555 341 1589 διενοοῦντο,
365 1557 530 1593 νομίζοντες.
549 1558 615 1584 Ἀλλ’
628 1560 644 1593 ἡ
655 1558 715 1586 θεία
726 1560 839 1595 πρόνοια
854 1561 903 1597 τὴν
914 1562 962 1588 αὑ-

1017 1560 1246 1595 Athanasiumque
1263 1560 1297 1587 ab
1310 1560 1404 1587 exsilio
1421 1560 1538 1593 reduxit,
1555 1561 1650 1589 litteris
1664 1563 1795 1589 munitum

182 1601 236 1628 τῶν
247 1602 361 1639 σπουδὴν
373 1603 574 1639 προφθάνουσα,
596 1604 752 1632 Ἀθανάσιον
772 1606 903 1640 ἐπανάγει
915 1607 963 1642 τῆς

183 1647 329 1683 ὑπερορίας
355 1648 516 1683 γράμμασιν
534 1649 714 1686 ὠχυρωμένον
735 1650 897 1685 βασιλικοῖς·
923 1649 964 1683 οἷς

183 1693 264 1719 αὑτὸν
275 1693 289 1718 ὁ
299 1693 350 1728 τῆς
363 1693 464 1725 δύσεως
481 1693 549 1729 ἔχων
570 1694 600 1720 τὸ
614 1695 751 1730 σκῆπτρον
763 1695 892 1728 Κώνστας
902 1697 964 1731 ἐφο-

182 1738 280 1771 διάζων
304 1740 344 1771 εἰς
368 1739 569 1776 Ἀλεξάνδρειαν
593 1740 776 1773 ἐξαπέστειλε.
800 1743 854 1769 Καὶ
870 1743 964 1778 ἥδιστα

185 1784 234 1820 μὲν
247 1785 292 1811 τὸν
316 1785 431 1820 ποιμένα
449 1786 505 1812 ὅσοι
516 1786 564 1821 τῆς
577 1786 728 1821 όρθοδοξίας
742 1785 811 1822 ἦσαν
826 1788 946 1824 ἐδέχοντο
955 1797 961 1804 ·

182 1831 213 1857 τὸ
224 1831 381 1866 δἀίρετίζον
399 1831 506 1863 στάσεις
519 1832 644 1864 ἀνεκίνει,
660 1833 707 1859 καὶ
728 1835 784 1865 τοῖς
806 1835 870 1870 περὶ
881 1834 964 1861 Εὐσέ-

183 1877 240 1903 ϐιον
255 1877 380 1913 ἀφορμὰς
393 1879 521 1913 παρεῖχον
535 1879 714 1906 ὲνδιαϐάλλειν
726 1880 806 1906 πάλιν
820 1881 865 1907 τὸν
884 1881 963 1908 Ἀθα-

183 1923 274 1950 νὲισιον
289 1924 357 1959 πρὸς
380 1925 578 1957 Κωνστάντιον,
607 1926 653 1952 καὶ
665 1921 791 1952 τοσοῦτον
805 1929 865 1958 ταῖς
875 1927 964 1954 διαϐο-

183 1969 242 2000 λαίς
258 1970 297 2002 είς
312 1970 395 2006 ὀργὴν
407 1971 452 1998 τὸν
464 1971 618 2007 εὑρίπιστον
632 1972 820 2008 άνερῥίπισαν,
836 1973 873 2004 ὼς
888 1973 962 2000 αὑτί-

185 2024 220 2042 κα
231 2015 310 2044 πάλιν
323 2016 470 2052 ὑπερορίαν
482 2016 551 2043 κατὰ
566 2016 613 2043 τοῦ
626 2017 703 2050 ἁγίου
719 2016 896 2052 ψηφίσασθαι.
913 2014 964 2044 Οὑ-

183 2070 234 2094 τοι,
249 2062 295 2089 καὶ
313 2062 411 2098 νεκροῦ
434 2070 505 2094 τινος
526 2063 604 2097 χεῖρα
630 2063 670 2094 είς
684 2061 764 2090 ὅπλον
786 2064 964 2097 συκοφαντίας

184 2109 254 2136 κατὰ
264 2109 309 2135 τοῦ
323 2110 394 2135 ὁσίου
404 2109 577 2144 ἐκκόψαντες,
592 2109 806 2143 καθωπλίσαντο,
827 2110 962 2146 Ἀρσενίου

183 2153 211 2180 δὲ
227 2154 327 2189 ταύτην
342 2155 473 2190 ὲφήμιζον
484 2176 490 2185 ,
508 2155 555 2181 καὶ
572 2155 626 2182 ἀπὸ
646 2155 802 2182 ’Δθανασίου
820 2157 869 2191 μὲν
887 2157 964 2183 ἐκκό-

184 2199 248 2234 φθαι
259 2200 307 2235 (α),
313 2197 380 2226 εἶναι
389 2200 417 2227 δὲ
424 2201 498 2236 αὐτῷ
505 2201 605 2236 ταύτην
614 2202 732 2237 μαγικῆς
738 2202 832 2238 τέχνης
841 2202 960 2237 ὄργανον.

1018 1606 1197 1640 imperatoriis
1214 1614 1221 1632 :
1239 1605 1335 1639 quibus
1357 1612 1417 1632 eum
1432 1605 1563 1633 Constans
1582 1606 1795 1634 Occidentalium

1017 1651 1132 1687 partium
1149 1651 1306 1685 imperator,
1319 1658 1367 1678 ceu
1380 1650 1476 1677 viatico
1490 1651 1605 1685 quodam
1621 1651 1795 1687 instructum,

1018 1698 1120 1725 remisit
1140 1698 1339 1724 Alexandriam.
1363 1696 1430 1724 Tum
1464 1703 1597 1732 pastorem
1618 1706 1695 1726 suum
1716 1705 1796 1735 quot-

1018 1747 1084 1778 quot
1097 1748 1168 1770 same
1182 1742 1242 1769 ﬁdei
1257 1746 1343 1774 erant,
1359 1741 1535 1770 libentissime
1550 1748 1724 1778 receperunt,
1742 1744 1797 1771 ha:-

1019 1789 1093 1815 retici
1110 1793 1198 1815 autem
1219 1788 1364 1815 seditiones
1388 1787 1549 1820 excitarunt,
1566 1795 1597 1815 ac
1616 1789 1732 1817 Eusebio
1747 1797 1796 1817 oc~

1018 1834 1152 1862 casionem
1178 1834 1319 1866 dederunt,
1345 1837 1374 1861 ut
1404 1835 1577 1862 Athanasium
1604 1843 1697 1864 rursus
1725 1837 1796 1872 apud

1017 1880 1203 1908 Constantium
1226 1879 1448 1911 calumniaretur.
1469 1885 1549 1915 atque
1575 1881 1717 1909 calumniis
1740 1883 1796 1910 suis

1018 1925 1182 1954 levissimum
1210 1926 1343 1953 hominem
1365 1926 1401 1954 ita
1429 1926 1455 1953 in
1481 1926 1547 1954 iram
1565 1927 1744 1962 concitarunt,
1769 1935 1797 1955 ut

1017 1976 1138 2000 sanctum
1157 1972 1252 1999 iterum
1270 1971 1364 1999 exsilio
1377 1972 1525 2000 damnaret.
1543 1972 1574 1999 lli
1595 1974 1692 2001 mortui
1707 1974 1797 2009 cujus-

1018 2018 1078 2044 dam
1117 2024 1197 2044 manu
1222 2017 1352 2048 abscissa.
1375 2024 1434 2044 eam
1458 2017 1534 2051 quasi
1561 2017 1643 2045 telum
1670 2020 1798 2048 adversus

1018 2067 1138 2090 sanctum
1159 2063 1243 2090 virum
1257 2063 1290 2090 ad
1306 2062 1468 2091 calumniam
1481 2065 1626 2099 protulere,
1640 2072 1720 2100 quam
1740 2073 1797 2093 ma-

1020 2117 1083 2136 num
1099 2108 1224 2136 dicebant
1240 2109 1345 2135 Arsenii
1363 2116 1434 2142 esse,
1453 2113 1481 2137 et
1496 2109 1530 2137 ab
1548 2111 1696 2139 Athanasio
1710 2111 1798 2139 abcis-

1018 2161 1086 2186 sam,
1103 2153 1212 2181 aiebant
1228 2160 1287 2180 esse
1301 2154 1411 2188 magica:
1427 2155 1493 2181 artis
1513 2155 1728 2181 instrumentum.
1748 2155 1799 2182 De-

1019 2206 1122 2228 cretum
1139 2207 1220 2235 porro
1232 2200 1318 2227 exsilii
1336 2207 1503 2235 nequaquam
1519 2201 1635 2228 solutum
1657 2200 1725 2228 fuit:
1751 2202 1798 2230 sed

184 2246 239 2272 Καὶ
254 2248 270 2281 ἠ
284 2246 331 2281 μὲν
347 2248 395 2282 τῆς
411 2248 558 2283 ὑπερορίας
565 2248 654 2283 ψῆφος
664 2248 694 2274 ού
705 2248 796 2275 λύεται
806 2257 812 2263 ·
830 2249 964 2284 συνέδριον

1017 2247 1090 2281 iussu
1114 2246 1283 2281 imperatoris
1305 2246 1446 2274 concilium
1463 2246 1527 2282 Tyri
1549 2247 1668 2282 cogitur;
1686 2248 1797 2274 manda-

182 2289 211 2317 δὲ
223 2291 252 2317 ὲν
266 2289 356 2326 Τύρῳ,
372 2291 501 2326 βασιλέως
517 2293 736 2327 προστάττοντος,
754 2293 964 2327 συναθροίζεται·

183 2336 231 2362 καὶ
247 2337 445 2373 προχειρίζεται
465 2338 495 2364 τὸ
508 2338 643 2373 βασιλικὸν
658 2337 779 2373 βούλημα
806 2338 889 2374 ἄνδρα
905 2347 966 2365 συν-

185 2382 273 2409 έστιον
284 2383 330 2409 καὶ
351 2384 488 2419 ὁμόφρονα
505 2383 647 2419 Ἀρχέλαον
661 2382 754 2418 ὄνομα,
770 2384 817 2410 καὶ
832 2385 879 2410 σὺν
894 2383 967 2419 αὐτῷ

183 2430 228 2456 τὸν
246 2429 372 2465 Φοινίκης
393 2430 510 2465 ἄρχοντα
529 2431 700 2467 συνεδριάσαι
716 2438 746 2456 τε
765 2431 820 2462 τοῖς
837 2430 900 2466 περὶ
914 2431 966 2456 Εὑ-

184 2476 281 2509 σέϐιον,
296 2476 342 2502 καὶ
359 2476 603 2510 συνδιασκέψασθαι
620 2476 638 2503 ἃ.
657 2475 727 2503 κατὰ
739 2475 784 2502 τοῦ
809 2475 965 2502 Ἀθανασίου

183 2522 390 2550 συνεσκεύαστο,
408 2522 558 2558 Ἐχρόνιζον
573 2520 618 2549 οὖν
641 2523 665 2548 oi
680 2523 708 2548 ἐν
722 2522 811 2557 Τύρῳ,
827 2521 864 2553 ὡς
881 2521 929 2556 μὲν
942 2521 967 2547 οἰ

182 2568 321 2599 δυσσεϐεῖς
337 2568 512 2599 ὲπλάττοντο,
529 2569 591 2599 τοὺς
605 2568 658 2594 ἀπὸ
680 2566 880 2602 Ἀλεξανδρείας
905 2575 967 2593 κατ-

181 2615 298 2650 ηγόρους
310 2614 497 2649 ἀναμένοντες,
514 2613 560 2643 οὓς
581 2613 627 2640 καὶ
640 2613 686 2640 τοῦ
705 2613 804 2649 μύσους
820 2612 964 2645 αὐτόπτας,

182 2660 229 2685 καὶ
248 2659 293 2685 τὸν
312 2659 448 2695 Ἀρσένιον
472 2659 561 2690 καλῶς
581 2658 771 2692 ἐπιγινώσκειν
795 2658 964 2693 διήγγελλον·

182 2705 219 2735 ὡς
233 2705 260 2731 δὲ
272 2706 302 2731 τὸ
314 2705 463 2740 ἐκϐεϐηκὸς
476 2705 569 2738 ἔδειξε,
585 2704 655 2732 κατὰ
673 2704 747 2731 θείαν
760 2704 895 2740 πρόνοιαν.
912 2702 965 2730 Ἦν

184 2751 232 2786 μὲν
245 2751 299 2786 γὰρ
309 2752 323 2777 ὁ
346 2752 484 2787 Ἀρσένιος
500 2751 550 2786 τῆς
565 2752 593 2777 ὲν
616 2750 802 2786 Ἀλεξανδρείᾳ.
819 2750 966 2785 ἐκκλησίας

181 2796 367 2833 ἀναγνώστης,
383 2797 430 2824 καί
448 2805 512 2823 ποτε
529 2797 607 2831 δίκην
623 2796 739 2831 αἰσχρᾶς
756 2795 844 2827 αἰτίας
862 2795 964 2830 μέλλων

181 2842 302 2879 ὑπέχειν,
330 2844 509 2880 ὲξαρπάζεται
533 2844 581 2880 μὲν
597 2843 649 2870 ὑπὸ
667 2842 834 2875 Ἀθαναςίου,
854 2842 968 2879 δρασμῷ

219 2902 257 2937 (α)
278 2901 333 2934 Sic,
350 2909 397 2936 pro
411 2901 583 2934 ἐκκεκόφθαι.
599 2900 678 2928 Ευιτ.
693 2898 814 2927 Panos.

1019 2298 1128 2327 tumque
1147 2291 1349 2326 imperatorium
1373 2291 1498 2324 traditur,
1519 2296 1548 2318 ut
1567 2292 1725 2323 Archelaus,
1751 2293 1798 2327 qui

1017 2340 1110 2366 eadem
1127 2339 1154 2365 in
1175 2338 1254 2364 domo
1270 2337 1417 2369 habitabat,
1434 2345 1466 2365 ac
1488 2344 1547 2364 cum
1570 2337 1634 2371 ipsis
1654 2338 1796 2370 sentiebat,

1017 2393 1069 2412 una
1084 2392 1144 2412 cum
1162 2384 1302 2411 Phceuices
1319 2383 1446 2419 praefecto
1464 2383 1621 2412 Eusebianis
1635 2384 1796 2417 assiderent,

1017 2436 1044 2458 et
1061 2438 1113 2458 una
1131 2431 1318 2457 examinarent
1333 2438 1365 2457 ea
1395 2437 1452 2464 qua:
1469 2430 1596 2458 adversus
1617 2430 1796 2458 Athanasium

1018 2475 1130 2502 conﬁcta
1150 2475 1267 2502 fuerant.
1289 2474 1390 2501 Moram
1410 2475 1500 2509 itaque
1517 2475 1660 2502 trahebant
1674 2477 1717 2510 qui
1731 2475 1796 2512 Tyri

1018 2522 1154 2552 sedebant,
1180 2521 1257 2556 quasi
1283 2521 1444 2548 Alexandria
1469 2526 1595 2549 venturos
1625 2526 1797 2550 accusatores

1017 2571 1214 2601 exspectarent,
1231 2574 1297 2601 quos
1312 2567 1433 2594 oculatos
1448 2574 1507 2594 esse
1518 2567 1629 2595 sceleris
1644 2572 1738 2599 testes,
1755 2574 1796 2595 at-

1017 2621 1070 2648 quc
1085 2613 1226 2641 Arscuium
1241 2613 1323 2647 probe
1336 2620 1415 2640 nosse
1428 2612 1586 2640 nuntiabant
1601 2622 1608 2639 :
1621 2617 1650 2639 ut
1662 2617 1751 2640 autem
1763 2621 1798 2641 ex

1017 2663 1112 2686 eventu
1138 2659 1223 2693 palam
1247 2658 1308 2690 fuit,
1330 2659 1420 2686 divina
1445 2659 1613 2693 providentia
1634 2659 1670 2686 ita
1689 2659 1798 2693 dispen-

1017 2709 1103 2732 sante.
1133 2704 1196 2731 Erat
1216 2705 1287 2731 enim
1309 2704 1440 2731 Arsenius
1461 2704 1649 2732 Alexandrinas
1670 2704 1798 2732 Ecclesiae

1017 2751 1112 2783 lector,
1125 2750 1170 2785 qui
1183 2758 1243 2777 cum
1260 2751 1342 2785 turpis
1356 2750 1466 2778 sceleris
1480 2758 1573 2785 pt‘euas
1587 2752 1699 2778 daturus
1712 2757 1796 2783 esset,

1018 2797 1052 2823 ab
1067 2796 1215 2823 Athanasio
1231 2801 1339 2830 ereptus
1354 2796 1441 2824 fuerat
1456 2802 1483 2824 et
1497 2796 1557 2832 luga
1584 2797 1731 2832 quaesierat
1745 2798 1796 2825 sibi

1017 2843 1141 2871 salutem.
1155 2842 1274 2878 Cumque
1290 2842 1401 2878 perluga
1418 2843 1462 2872 ille
1488 2843 1593 2877 lateret,
1611 2844 1674 2872 hinc
1695 2843 1795 2872 calum-
