2027 3042
261 172 339 194 CCXVI

931 162 1195 192 PROLEGOMENA.

260 221 353 250 niandi
371 221 481 249 audacia
496 220 585 255 impiis
600 220 722 248 arcessit.
739 219 793 247 Sed
806 221 1033 248 commiseratione

1089 220 1117 246 δὲ
1128 219 1177 254 τὴν
1199 219 1335 255 σωτηρίαν
1350 220 1511 256 καρποῦται.
1530 210 1584 249 Kal
1597 222 1628 249 τὺ
1645 223 1746 258 ἀφανὲς
1762 223 1808 251 τοῦ
1823 233 1868 261 φυ-

260 270 358 296 ductus
381 267 511 295 Arseuius
537 274 599 302 erga
622 267 793 295 liberatorem
820 274 898 295 suum
921 267 966 303 (,in
994 267 1038 295 illa

260 316 332 344 enim
346 314 452 342 concilii
467 315 635 342 cunctatione
649 315 831 350 sycophantim
853 315 924 342 fama
941 315 1039 350 ubique

260 365 406 396 pervagata
423 364 464 387 est
475 361 495 394 ),
520 360 620 396 Tyrum
635 361 774 394 concedit;
792 366 867 388 ratus
885 361 935 388 sibi
951 362 1039 396 potius

259 406 427 435 moriendum
450 413 520 439 esse,
536 415 615 441 quam
633 408 673 434 sui
694 415 774 435 causa
790 408 862 434 circa
879 411 982 434 tantum
998 408 1039 434 vi-

258 459 319 478 rum
338 456 424 478 totum
445 451 537 479 orbem
561 452 754 485 scandalizari;
775 452 924 479 Athanasio
948 457 1037 479 autem

258 501 363 524 secreto
377 504 405 524 se
421 496 502 529 sistit,
518 503 549 524 ac
565 497 703 524 consilium
727 498 760 525 ab
774 505 806 525 eo
822 497 918 532 accipit
931 500 960 524 ut
976 502 1038 525 ante

255 541 386 577 judicium
403 542 526 571 omnibus
537 542 643 575 lateret,
659 550 692 570 ne
708 543 771 578 quid
785 543 841 578 ipse
857 543 918 570 mali
932 551 947 570 a
961 550 1038 578 syco-

258 587 364 623 phantis
377 592 525 623 pateretur,
536 593 562 615 et
573 594 602 616 ut
613 594 754 624 conspecta
767 589 905 617 calumniae
916 589 1037 617 confictae

258 635 400 663 manifesta
429 635 623 668 confutatione,
657 636 857 664 accusationem
888 635 1037 664 adversarii

256 680 422 709 desererent.

291 817 319 845 'I.
339 818 492 846 Convocato
509 819 600 854 itaque
611 819 735 851 concilio,
750 819 864 854 primam
881 819 918 847 illi
934 819 1036 848 calum-

257 863 329 890 niam
343 864 476 891 intentant
488 864 610 891 mulieris
621 864 652 892 de
666 869 758 899 stupro
767 864 856 892 oblato
868 866 1031 893 accusantis.

1089 264 1169 298 γάδος
1185 264 1294 300 θαρρεῖν
1304 264 1343 300 τῷ
1357 265 1494 301 πλάσματι
1507 267 1567 300 τοὺς
1578 268 1715 300 δυσσεϐεῖς
1723 270 1869 299 ὑπετίθετο.

1095 310 1164 337 Ἀλλ’
1176 309 1265 337 οἶκτον
1281 311 1370 338 λαϐὼν
1383 312 1429 338 τοῦ
1445 313 1566 348 σωτῆρος
1579 314 1593 341 ὁ
1614 315 1750 350 ’Δρσένιος
1771 314 1809 351 (ὲν
1819 316 1870 352 γὰρ

1087 357 1127 391 τῷ
1144 357 1284 392 βραδύνειν
1302 358 1333 384 τὸ
1346 358 1482 394 συνέδριον
1501 360 1518 394 ἡ
1532 360 1580 396 τῆς
1597 361 1778 395 συκοφαντίας
1796 363 1870 398 φήμη

1088 403 1224 438 πανταχοῦ
1249 403 1397 439 διέδραμε),
1419 404 1486 439 πρὸς
1504 405 1552 441 τὴν
1578 404 1664 440 Τύρον
1683 407 1868 441 παραγίνεται.

1088 448 1214 482 κρεῖσσον
1230 446 1402 483 λογιζόμενος
1424 450 1448 475 εί
1461 449 1513 476 δέοι
1534 449 1613 476 αὑτὸν
1633 450 1679 477 καὶ
1703 450 1836 484 τεθνάναι,
1854 452 1869 487 ἢ

1087 493 1119 520 δι’
1129 493 1208 520 αὑτὸν
1219 493 1267 529 τὴν
1277 495 1437 531 οἰκουμένην
1448 497 1510 532 περὶ
1523 495 1680 531 τηλικούτου
1691 496 1786 533 ἀνδρὸς
1797 505 1870 524 σκαν-

1087 538 1249 570 δαλίζεσθαι.
1265 539 1456 575 Ἐμφανίζεται
1463 541 1494 576 δὴ
1504 542 1574 568 κατὰ
1582 543 1714 578 μυστικὴν
1723 543 1871 579 ὁμιλίαντῷ

1088 584 1228 619 σεϐασμίῳ
1247 584 1407 620 ’Δθανασίῳ,
1429 587 1476 612 καὶ
1499 586 1604 621 δέχεται
1623 587 1720 624 βουλὴν
1733 589 1870 617 λανθάνειν

1087 629 1191 661 πάντας
1208 629 1261 665 πρὸ
1274 629 1324 664 τῆς
1342 630 1434 664 δίκης·
1451 630 1495 657 ἵνα
1512 631 1548 666 μή
1564 640 1590 658 τι
1609 633 1693 661 κακὸν
1708 633 1786 666 αὐτὸς
1798 634 1872 670 παρὰ

1086 675 1140 701 τῶν
1159 675 1332 709 συκοφαντῶν
1361 675 1452 708 πάθοι,
1475 676 1492 711 ἢ
1508 676 1552 703 τὸν
1569 677 1677 713 ἔλεγχον
1693 679 1811 713 ἄφυκτον
1825 679 1870 707 τοῦ

1087 720 1224 756 δράματος
1238 720 1388 753 συνιδόντες
1408 722 1448 753 είς
1471 722 1616 758 ὑπέρθεσιν
1635 724 1664 750 τὸ
1678 724 1804 761 ἐνκλημα
1817 725 1871 752 δια-

1087 763 1117 790 λύ
1122 772 1158 790 σω
1162 773 1212 791 σιν.

1121 810 1146 836 7.
1180 810 1360 845 Ἀθροίιζουσιν
1383 809 1428 838 οὖν
1457 811 1488 838 τὺ
1515 813 1668 849 συνέδριον
1696 816 1744 842 atat
1774 817 1870 854 πρώτη

1087 854 1261 888 συκοφαντία,
1287 855 1396 889 γύναιον
1419 855 1494 891 αὐτῷ
1517 857 1647 892 ἐπαφιᾶσι
1666 860 1790 895 μοιχείαν
1804 862 1869 888 ἀνα-

255 909 395 937 Clamabat
409 916 490 944 porro
503 910 643 945 impudens
657 898 824 943 muliercula,
841 910 890 937 sibi
905 915 986 938 noctu
1003 910 1033 938 ab

1087 899 1262 935 καλούμενον.
1278 900 1356 927 Ἐὄόα
1371 901 1399 928 δὲ
1412 901 1443 928 τὸ
1455 902 1560 934 ἀναιδὲς
1574 904 1660 930 ἐκεῖνο
1674 907 1719 932 καὶ
1738 907 1872 942 tte.pr

255 955 423 990 irruntpente
443 954 590 982 Athanasio
607 955 701 982 vitium
719 955 838 982 oblatutn
853 954 946 983 fuisse.
962 956 1034 983 Ade-

255 1004 298 1027 rat
311 1007 392 1035 porro
408 999 443 1027 illi
461 999 621 1035 virginitatis
634 1000 747 1028 amatori
762 1005 789 1027 et
805 999 963 1028 Timotheus
977 1000 1035 1034 eius

255 1046 406 1081 presbyter,
421 1052 526 1079 unaque
538 1046 679 1073 consilium
694 1046 786 1072 ineunt
795 1046 1033 1080 sapientissimum,

255 1092 310 1120 imo
329 1099 344 1118 a
368 1090 423 1119 Deo
442 1091 498 1126 ipso
520 1091 692 1126 inspiratum,
714 1099 768 1126 quo
790 1091 867 1119 malae
891 1091 1034 1127 impiorum

256 1141 339 1170 artes,
350 1137 430 1164 facile
441 1136 584 1165 confutata:
595 1137 694 1164 forent.
703 1136 770 1165 Cum
782 1137 854 1164 enim
867 1144 960 1164 coram
975 1144 1034 1164 mu-

255 1183 323 1210 iiere
344 1183 452 1211 adducti
474 1187 574 1215 essent,
599 1183 644 1217 qui
668 1187 811 1210 accusatus
833 1182 920 1210 fuerat
944 1183 1035 1217 quiete

257 1229 340 1256 Deum
364 1227 535 1263 precabatur.
561 1227 717 1255 Timotheus
738 1232 839 1260 autem,
866 1227 968 1255 furiosa
989 1227 1033 1254 illa

256 1274 369 1301 muliere
393 1273 562 1306 impudenter
589 1277 694 1308 agente,
721 1276 748 1300 et
774 1272 961 1305 Athanasium,
994 1273 1033 1300 uti

255 1320 351 1347 edocta
370 1319 469 1352 fuerat,
489 1323 673 1352 corruptorem
689 1323 820 1351 vocante;
838 1318 894 1350 ille,
910 1319 1032 1353 inquam,

255 1367 406 1402 presbyter,
420 1365 497 1400 quasi
512 1365 676 1392 Athanasius
692 1365 749 1399 ipse
766 1365 874 1398 luisset,
891 1364 938 1392 Dic
955 1364 1032 1396 mihi,

256 1413 353 1448 inquit,
368 1411 474 1444 mulier,
484 1418 567 1446 egone
577 1411 647 1444 apud
661 1415 686 1438 te
698 1410 800 1437 mansi?
812 1415 856 1437 aut
868 1414 895 1437 tu
907 1417 950 1437 me
960 1409 1035 1437 domi-

255 1458 396 1493 excepisti,
416 1465 450 1485 an
471 1462 552 1484 noctu
576 1461 602 1483 te
615 1455 735 1483 violavi?
750 1456 806 1489 llla,
822 1459 915 1490 utpote
933 1462 966 1482 ex
984 1462 1033 1489 pu-

255 1504 327 1532 blico
350 1503 471 1538 lupanari
488 1502 594 1535 mulier,
611 1502 767 1537 impudente
787 1501 872 1534 vultu,
894 1501 1033 1536 oculisque

255 1549 289 1574 ad
304 1546 472 1574 Timotheum
494 1546 622 1574 intentis:
641 1547 679 1574 Tu
698 1554 738 1580 es,
754 1546 897 1579 exclamat,
917 1547 962 1582 qui
978 1547 1031 1573 vim

255 1594 320 1621 mihi
337 1593 461 1626 intulisti,
479 1600 576 1628 meque
592 1598 674 1620 noctu
691 1593 845 1627 corrupisti.
862 1592 895 1620 Et
912 1592 946 1620 ad
960 1592 1033 1627 judi-

254 1647 300 1668 ccs
312 1646 453 1672 conversa,
469 1639 611 1666 calumniis
622 1639 677 1666 suis
691 1638 825 1666 horrenda
844 1639 941 1673 adjecit
953 1639 1029 1673 jura-

254 1691 355 1718 nnenta,
381 1687 606 1721 'l‘imotlteumque
622 1686 705 1721 digito
728 1686 882 1718 ostendens,
905 1685 1034 1720 illumque

255 1733 364 1760 trahens
385 1732 489 1759 dicebat
511 1740 519 1759 :
545 1732 569 1759 ls
590 1736 642 1765 est,
667 1737 694 1759 et
717 1739 770 1759 non
793 1732 872 1764 alius,
893 1737 1034 1766 corruptor

254 1785 339 1806 meus.
356 1777 463 1804 Judices
475 1785 555 1812 porro
572 1785 632 1804 cum
658 1777 819 1805 satellitibus
833 1777 933 1810 ridere,
947 1778 1032 1805 Atha-

246 1823 376 1857 ~nasiique
388 1823 557 1858 prudentiam
577 1824 679 1856 mirari,
697 1823 768 1858 quod
785 1823 826 1850 vel
842 1823 935 1857 silens,
951 1831 1033 1851 accu-

253 1868 384 1895 sationem
398 1873 491 1895 contra
514 1876 543 1896 se
561 1868 718 1896 intentatam
735 1869 762 1896 in
779 1874 952 1897 accusatores
972 1877 1033 1897 ver-

254 1919 323 1944 tens.
342 1914 588 1948 impudentissimas
610 1922 669 1942 esse
683 1916 863 1950 sycophantas
882 1916 970 1950 palam
995 1915 1033 1944 fe-

253 1960 346 1986 cisset.
373 1960 408 1986 At
433 1960 470 1987 illi
489 1968 656 1995 nequaquam
679 1962 814 1996 resipuere
833 1969 882 1989 uec
903 1962 1033 1997 majorem

253 2005 322 2040 arqui
345 2005 461 2040 bonique
479 2007 598 2034 habuere
610 2014 713 2034 curam.
740 2008 919 2036 Accusatores
938 2009 1031 2043 igitur,

254 2059 324 2086 quos
351 2051 487 2086 ingemere
504 2053 654 2087 oportebat,
679 2058 707 2081 et
725 2054 818 2087 gratiae
839 2053 897 2082 loco
919 2055 1031 2087 habere,

252 2098 324 2132 quod
337 2098 520 2133 sycophantiae
530 2105 624 2133 poenas
635 2107 685 2126 non
700 2099 813 2131 luerent,
826 2100 942 2134 linguam
957 2101 1033 2128 ador-

252 2149 320 2172 nant
332 2152 408 2172 suam
420 2145 453 2171 ad
466 2144 625 2172 calumniam
642 2145 674 2172 de
687 2145 793 2172 Arseuii
809 2153 900 2179 manu,
915 2146 1032 2173 crimen-

251 2198 306 2226 que
323 2190 404 2218 caedis
425 2195 452 2218 et
466 2191 587 2218 veneﬁcii
609 2190 666 2218 viro
685 2191 822 2218 ascribunt
843 2191 953 2226 pictatis
969 2199 1032 2226 pro—

1047 1572 1067 1601 C

1087 947 1166 980 μένον
1191 946 1301 980 γύναιον
1333 947 1441 984 νύκτωρ
1468 949 1572 976 ἄκουσα
1597 950 1699 987 φθορὰν
1724 953 1872 990 ὑποστῆναι

1085 993 1261 1025 ἐπιπεσόντος
1274 994 1341 1029 αὐτῇ
1364 994 1531 1021 Ἀθανασίου.
1546 996 1632 1033 Συνῆν
1648 997 1688 1033 τῷ
1701 999 1750 1034 τῆς
1766 1000 1870 1036 παρθε-

1084 1039 1144 1070 νίας
1158 1039 1258 1075 ἐραστῇ
1274 1040 1322 1066 καὶ
1336 1039 1468 1075 Τιμόθεος
1480 1042 1494 1067 ὁ
1510 1042 1593 1068 αὐτοῦ
1618 1043 1804 1080 mmmam;
1827 1046 1873 1072 καὶ

1085 1084 1182 1120 βουλὴν
1199 1087 1304 1120 σοφίας,
1324 1087 1424 1122 μᾶλλον
1438 1087 1467 1114 δὲ
1484 1088 1559 1121 θείας
1573 1089 1716 1121 ἐπιπνοίας
1731 1091 1872 1126 βουλεύον-

1083 1139 1138 1162 ται,
1160 1131 1193 1157 δι’
1214 1130 1249 1167 ἧς
1269 1132 1300 1158 τὸ
1324 1133 1514 1168 κακομήχανον
1534 1134 1587 1161 τῶν
1612 1135 1750 1163 δυσσεϐῶν
1773 1138 1874 1173 ῥᾳδίως

1083 1175 1194 1211 ἔμελλεν
1206 1177 1378 1204 ἀπαιτεῖσθαι
1391 1178 1436 1205 τὸν
1449 1178 1566 1215 ἔλεγχον.
1582 1181 1658 1207 Ἐπεὶ
1672 1182 1726 1218 γὰρ
1736 1184 1777 1214 εἰς
1792 1183 1874 1219 πρόσ-

1085 1231 1158 1249 ωπον
1181 1223 1302 1258 ἤχθησαν
1317 1223 1364 1250 τοῦ
1381 1225 1501 1258 γυναίου,
1524 1227 1538 1252 ὀ
1560 1226 1609 1261 μὲν
1627 1227 1872 1264 κατηγορούμενος⁹

1086 1268 1175 1304 ήσυχῆ
1197 1269 1262 1295 Θεὸν
1286 1270 1431 1297 ἐδυσώπει·
1453 1271 1583 1306 Τιμόθεος
1605 1273 1638 1305 δ’,
1661 1274 1874 1310 ἀναιδευομένης

1083 1315 1132 1349 τῆς
1141 1315 1277 1350 μαινάδος,
1289 1316 1389 1343 καὶτὸν
1404 1318 1569 1350 Ἀθανάσιον,
1578 1319 1616 1351 ὠς
1625 1319 1760 1357 ἐδιδάχθη,
1771 1321 1874 1357 φθορέα

1083 1359 1227 1396 καλούσης,
1245 1361 1259 1387 ό
1272 1362 1467 1398 πρεσϐύτερος,
1477 1364 1515 1395 ώς
1528 1364 1607 1400 δῆθεν
1624 1365 1793 1399 Ἀθανάσιος,
1806 1368 1873 1394 Εἰπέ

1085 1413 1139 1440 μοι,
1153 1402 1176 1432 ὦ
1195 1406 1284 1440 γύναι,
1301 1408 1393 1443 φησὶν,
1416 1408 1470 1443 ἐγὼ
1485 1409 1560 1445 παρὰ
1579 1410 1620 1437 σοὶ
1634 1411 1739 1446 ἔμεινα,
1754 1413 1771 1448 ἠ
1792 1413 1824 1439 σύ
1840 1421 1873 1448 με

1082 1451 1112 1477 ὲν
1126 1451 1191 1486 οίκῳ
1214 1452 1251 1487 τῷ
1269 1453 1307 1488 σῷ
1332 1454 1495 1490 ὑπεδέξω,ἢ
1519 1455 1626 1492 νύκτωρ
1647 1457 1677 1483 σὲ
1699 1458 1873 1495 ﬁcus-itania;

1088 1497 1121 1523 Ἦ
1129 1497 1167 1529 δὲ.
1181 1496 1223 1525 οἷα
1232 1498 1341 1533 γύναιον
1356 1501 1387 1527 ἐκ
1402 1501 1530 1536 δημοσίου
1544 1502 1648 1536 τέγους,
1666 1504 1770 1532 ἀναιδεῖ
1785 1514 1872 1542 προσ-

1084 1541 1150 1578 ώπῳ
1165 1543 1211 1570 καὶ
1233 1544 1354 1572 ἀτενέσιν
1373 1546 1521 1581 ὀφθαλμοῖς
1534 1549 1600 1584 πρὸς
1613 1549 1658 1575 τὸν
1664 1550 1799 1585 Τιμόθεον

1084 1588 1212 1623 ϐλέψασα,
1233 1591 1269 1618 Σὺ
1286 1589 1312 1617 εί
1326 1592 1339 1618 ὁ
1355 1592 1403 1627 τὴν
1419 1592 1479 1627 βίαν
1499 1602 1543 1629 μοι
1567 1595 1733 1630 ἐπενεγκὼν,
1759 1597 1809 1625 καὶ
1824 1598 1873 1633 τὴν

1083 1634 1185 1671 φθορὰν
1196 1636 1311 1673 νύκτωρ,
1318 1638 1415 1664 ἀνεὸόα
1424 1648 1430 1654 ·
1441 1640 1563 1676 καὶπρὸς
1574 1642 1635 1673 τοὺς
1643 1642 1739 1677 κριτὰς
1747 1644 1876 1680 ἐπιστρα-

1083 1681 1164 1715 φεῖσα
1177 1682 1239 1713 τοὺς
1254 1684 1447 1718 φρικτοτάτους
1459 1685 1556 1720 ὅρκους
1576 1688 1636 1718 ταῖς
1658 1688 1794 1721 διασολαῖς
1814 1697 1875 1716 συν-

1082 1726 1188 1761 ῆπτεν,
1210 1727 1246 1759 ὡς
1269 1724 1356 1762 οὗτος,
1376 1730 1420 1757 τὸν
1443 1730 1572 1766 Τιμόθεον
1596 1733 1676 1761 πάλιν
1700 1733 1876 1762 δακτυλοδειι⁵

1083 1771 1246 1800 κτοῦσα-καὶ
1268 1774 1400 1802 ἕλκουσα·
1424 1773 1506 1808 Οὗτός
1527 1777 1593 1808 ἐστι.
1615 1780 1662 1806 καὶ
1682 1780 1732 1807 οὐκ
1756 1781 1838 1813 ἄλλος
1861 1781 1875 1807 ό

1083 1817 1149 1852 ἐμὸς
1165 1819 1290 1854 φθορεύς.
1308 1821 1340 1846 Οἱ
1355 1820 1382 1846 δὲ
1401 1822 1492 1857 κριταὶ
1513 1823 1560 1850 σὺν
1575 1824 1631 1856 τοῖς
1651 1824 1812 1861 δορυφόροις
1825 1826 1875 1860 τῆς

1085 1864 1218 1899 μαχλάδος
1229 1866 1278 1900 μὲν
1288 1866 1451 1900 κατεγέλων,
1468 1868 1625 1896 Ἀθανάσιον
1635 1870 1662 1896 δὲ
1675 1871 1724 1906 τῆς
1735 1872 1875 1903 συνέσεως

1084 1909 1248 1945 ἐθαύμαζον,
1267 1911 1340 1943 ὅπως
1362 1913 1445 1946 σιγῶν
1460 1913 1491 1940 τὸ
1504 1915 1563 1940 κατ’
1579 1915 1660 1942 αὐτοῦ
1683 1917 1813 1954 ἔγκλημα
1835 1919 1876 1949 εἰς

1082 1956 1144 1987 τοὺς
1156 1956 1323 1992 κατηγόρους
1334 1958 1509 1993 περιτρέψας,
1520 1961 1725 1995 ἀναιδεστάτους
1740 1964 1876 1999 συκοφάν-

1083 2009 1131 2032 τας
1145 2001 1292 2034 ἀπέδειξεν.
1306 2003 1387 2029 Αὐτοὶ
1398 2002 1426 2030 δὲ
1439 2005 1542 2032 ἑαυτῶν
1555 2006 1632 2034 οὐδὲν
1644 2008 1774 2042 ἀμείνους
1789 2012 1832 2044 εἰς
1845 2011 1876 2038 τὸ

1083 2047 1223 2081 φροντίσαι
1248 2048 1294 2074 τοῦ
1311 2048 1413 2076 δικαίου
1429 2051 1582 2085 γεγόνασιν.
1607 2055 1637 2081 Οἱ
1657 2054 1686 2082 δὲ
1708 2057 1873 2094 κατήγοροι,

1082 2093 1141 2120 δέον
1162 2094 1265 2121 στένειν
1287 2095 1333 2122 καὶ
1357 2096 1436 2131 χάριν
1464 2097 1570 2131 εἰδέναι,
1593 2100 1619 2126 ετ
1640 2108 1682 2132 τις
1708 2101 1813 2134 αὐτοὺς
1837 2104 1875 2139 μὴ

1083 2139 1208 2176 ἀπαιτοίη
1223 2141 1272 2176 τὴν
1286 2142 1335 2177 τῆς
1349 2143 1531 2177 συκοφαντίας
1544 2144 1631 2181 δίκην,
1647 2147 1671 2172 oi
1693 2146 1721 2173 δὲ
1737 2148 1788 2175 καὶ
1806 2148 1876 2184 πρὸς

1083 2187 1131 2223 τὴν
1159 2188 1295 2224 Ἀρσενίου
1317 2188 1406 2222 δεξιὰν
1429 2189 1478 2224 τὴν
1501 2190 1625 2224 γλῶσσαν
1650 2191 1805 2224 όπλίζουσυ
1827 2193 1876 2220 καὶ

252 2238 405 2272 pugnatori.
420 2237 466 2264 llle
485 2245 552 2265 voce
568 2245 601 2265 ac
614 2241 704 2265 mente
724 2238 933 2272 imperterritus:
953 2237 1030 2272 Quis,

1085 2234 1162 2268 φόνον
1179 2235 1236 2269 ἅμα
1251 2235 1298 2262 καὶ
1313 2238 1438 2271 γοητείαν
1453 2245 1491 2271 τῳ
1507 2238 1556 2272 τῆς
1571 2237 1710 2270 εὐσεὸείας
1730 2239 1874 2275 ἀγωνιστῇ

252 2283 349 2319 inquit,
363 2291 396 2311 ex
412 2283 489 2311 vobis
501 2285 645 2312 Arsenium
659 2285 734 2312 novit
747 2285 789 2312 vel
801 2285 939 2312 dexteram
955 2286 1032 2320 ejus?

252 2327 488 2362 Respondentibus
505 2336 539 2356 ex
558 2337 687 2357 consessu
711 2337 763 2357 non
780 2330 872 2364 paucis
888 2331 935 2365 qui
955 2336 1033 2359 erant

249 2381 312 2401 cum
330 2375 542 2406 accusatoribus.
558 2383 586 2403 se
601 2376 684 2410 probe
701 2383 781 2404 nosse
792 2376 936 2405 Arsenium
951 2386 958 2412 ;
977 2383 1031 2406 tum

251 2419 414 2446 Athanasius
432 2428 438 2446 :
457 2419 688 2455 Quandoquidem,
702 2421 750 2454 ait,
765 2429 794 2448 se
810 2422 894 2456 probe
907 2427 934 2449 et
952 2430 1033 2450 accu-

251 2469 310 2493 rate
330 2472 411 2493 nosse
423 2465 564 2493 Arseuium
580 2466 759 2499 conﬁtentur;
776 2467 853 2495 adest
867 2468 922 2501 ille,
941 2469 1032 2503 ingre-

250 2510 349 2538 diatur.
362 2512 421 2545 Quo
436 2511 567 2547 ingresso,
580 2520 686 2540 rursum
700 2513 888 2548 interrogavit.
902 2522 935 2541 an
955 2515 1030 2542 illum

250 2558 443 2590 introductum,
455 2564 565 2586 nossent
575 2566 634 2587 esse
645 2559 799 2589 Arsenium.
813 2560 880 2588 Cum
892 2561 918 2588 id
933 2569 1031 2596 negare

250 2609 303 2628 non
317 2607 428 2636 possent
447 2602 497 2635 illi,
518 2604 649 2638 pertrahit
670 2605 743 2631 illum
761 2606 870 2640 propius
892 2606 925 2633 ad
943 2607 1030 2634 tribu-

250 2647 304 2679 nal,
323 2647 452 2683 iubetque
468 2650 583 2684 printum
600 2655 628 2678 ut
646 2651 784 2678 dexteram
801 2653 888 2687 erigat
909 2660 1029 2685 manum,

250 2694 398 2729 deindeque
419 2696 567 2723 sinistram.
590 2696 623 2724 Et
647 2697 808 2725 exclamavit
828 2706 836 2725 :
861 2697 931 2726 Ecce
947 2699 1030 2726 Arse-

249 2740 333 2772 nium,
351 2741 402 2767 viri
421 2742 503 2774 cives,
523 2749 587 2770 ecce
605 2743 698 2771 ambas
713 2743 773 2779 ejus
793 2751 898 2776 manus.
916 2751 932 2772 ο
946 2745 1031 2772 admi-

249 2786 326 2813 randi
346 2786 460 2820 judices.
479 2788 574 2816 Dicant
593 2797 656 2824 ergo
673 2795 854 2823 accusatores.
886 2791 962 2826 cujus
989 2796 1031 2819 est

248 2839 346 2858 manus
361 2831 462 2865 isthm,
483 2839 510 2861 et
524 2842 538 2861 a
555 2842 608 2870 quo
624 2835 695 2862 illam
715 2836 881 2863 resecuerint
896 2845 902 2864 :
916 2843 970 2871 quo
985 2844 1032 2864 au-

250 2885 302 2908 tem
319 2878 409 2906 animo
424 2886 454 2906 ea
466 2879 519 2908 sint
532 2881 586 2915 usi,
600 2881 701 2910 nemini
716 2881 888 2918 ambiguum;
905 2889 1030 2912 resecue-

1084 2281 1287 2316 περιάπτουσιν.
1311 2281 1380 2308 Ἀλλ’
1398 2283 1499 2314 ἐκεῖνος
1511 2283 1540 2310 ὲν
1556 2282 1596 2317 τῷ
1608 2283 1738 2319 ἀταράχῳ
1756 2285 1806 2311 καὶ
1825 2285 1876 2320 τῆς

1084 2329 1174 2364 φωνῆς
1187 2329 1233 2355 καὶ
1250 2329 1299 2364 τῆς
1313 2329 1434 2365 γνώμης,
1450 2330 1504 2356 Καὶ
1517 2330 1559 2362 τίς
1575 2330 1628 2366 γάρ
1641 2331 1709 2362 ἐστι,
1726 2332 1824 2367 φησιν,
1846 2331 1875 2365 ἐξ

1084 2374 1170 2409 ὑμῶν,
1183 2375 1197 2401 ὁ
1211 2375 1351 2409 γινώσκων
1362 2375 1407 2402 τὸν
1425 2376 1561 2412 Ἀρσένιον
1574 2376 1590 2412 ἢ
1605 2377 1654 2412 τὴν
1668 2377 1752 2404 αὐτοῦ
1768 2378 1874 2412 δεξιάνς

1083 2421 1211 2456 Φαμένων
1235 2421 1256 2447 δ’
1272 2421 1320 2447 οὐκ
1343 2421 1441 2455 ὀλίγων
1464 2421 1510 2454 οὒς
1530 2420 1585 2457 εἶχε
1604 2422 1634 2449 τὺ
1658 2423 1803 2459 συνέδριον
1826 2424 1875 2450 σὺν

1082 2469 1137 2498 τοῖς
1153 2467 1326 2503 κατηγόροις,
1349 2468 1388 2499 ὡς
1410 2468 1503 2503 σαφῶς
1526 2469 1619 2495 εἰδεῖεν
1640 2469 1686 2495 τὸν
1713 2469 1873 2505 ’Δρσένιονο

1083 2514 1137 2541 Καὶ
1152 2515 1212 2541 ἐπεὶ
1231 2514 1346 2549 βεόαίως
1362 2515 1409 2541 καὶ
1424 2515 1553 2550 ἀκριϐῶς,
1570 2516 1584 2541 ὁ
1602 2515 1762 2548 Ἀθανάσιος
1776 2517 1873 2552 ἔφησε,

1083 2560 1227 2594 γινώσκειν
1249 2557 1320 2587 οὗτοι
1337 2562 1562 2597 συνωμολόγησαν
1577 2562 1622 2588 τὸν
1645 2563 1796 2598 ’Δρσένιον,
1814 2564 1828 2590 ό
1845 2563 1874 2590 δὲ

1082 2607 1221 2642 πάρεστιν,
1242 2608 1340 2634 εἰσίτω.
1359 2608 1530 2640 Εἰσελθόντος
1549 2608 1588 2641 δὲ,
1604 2609 1683 2635 πάλιν
1699 2609 1834 2646 ἐπηρώτα
1849 2610 1873 2637 εί

1082 2653 1127 2679 τὸν
1141 2653 1299 2688 εἰσαχθέντα
1317 2653 1415 2686 ἴσασιν,
1434 2654 1471 2686 ὡς
1484 2654 1526 2690 εἴη
1543 2656 1685 2691 Ἀρσένιος.
1702 2656 1767 2684 Τῶν
1781 2657 1810 2683 δὲ
1825 2657 1873 2683 οὐκ

1082 2699 1197 2734 ἑχόντων
1215 2700 1392 2735 ἀρνήσασθαι,
1406 2700 1479 2727 ἕλκει
1494 2709 1524 2727 τε
1544 2701 1624 2728 αὐτὸν
1646 2701 1746 2737 μᾶλλον
1762 2702 1811 2729 τοῦ
1827 2702 1874 2738 βή-

1085 2754 1167 2781 ματος
1186 2746 1331 2782 ὲγγύτερον
1343 2756 1350 2762 ·
1368 2747 1413 2774 καὶ
1431 2747 1542 2783 πρώτην
1556 2748 1604 2784 τὴν
1625 2748 1712 2780 δεξιὰν
1730 2749 1873 2776 ἀνατεῖναι

1082 2792 1212 2824 κελεύσας
1225 2795 1312 2828 χεῖρα,
1327 2792 1384 2820 εἶτα
1398 2794 1443 2820 καὶ
1461 2793 1510 2829 τὴν
1526 2795 1681 2830 ἀριστερὰν,
1697 2794 1871 2830 ἀνέκραγεν·

1087 2837 1152 2865 Ἰδοὺ
1171 2839 1316 2874 Ἀρσένιος,
1332 2839 1426 2874 ἄνδρες
1441 2840 1562 2867 πολῖταν
1593 2841 1648 2867 ίδοὺ
1665 2840 1711 2867 καὶ
1729 2841 1760 2867 ai.
1775 2841 1871 2868 τούτου

1084 2883 1130 2911 δύο
1143 2886 1243 2919 χεῖρες.
1260 2882 1282 2912 ὦ
1297 2885 1439 2920 θαυμάσιοι
1454 2886 1589 2914 δικασταί.
1605 2887 1771 2915 Είπέιτωσαν
1789 2887 1836 2916 οὗν
1849 2888 1874 2915 οι
