2027 3042
732 147 759 174 S.
780 147 966 176 ATHANASII
985 149 1064 177 ΥΙΤΑ
1081 150 1126 178 EX
1144 151 1280 181 ΡΠΟΤΙΟ.

1739 164 1788 187 CC‘X
1791 165 1814 184 VI

200 205 348 241 κατήγοροι
364 204 435 237 τίνος
449 205 522 231 ἐστὶν
539 206 554 241 ή
571 205 631 242 χεὶρ
653 207 698 233 καὶ
711 207 783 239 τίνος
797 207 880 244 αὐτὴν
895 208 984 241 ἐξέκο-

1038 215 1102 238 runt
1116 211 1186 239 enim
1202 212 1235 240 ab
1248 213 1369 244 homine,
1385 216 1412 240 ut
1428 220 1476 240 nos
1496 212 1691 242 interlicerent.
1706 214 1752 242 Sic
1767 215 1809 243 ite

198 251 270 284 dav;
288 251 331 285 ἐφ’
343 247 365 284 ᾦ
380 250 436 287 γὰρ
450 250 536 286 ταύτῃ
552 252 710 287 ἐχρήσαντο,
723 252 773 279 οὐκ
786 253 825 279 ἔτι
838 253 930 280 λοιπὸν
941 255 987 280 ού-

198 297 253 324 δενὶ
265 296 484 332 ὰμφισϐήτησις’
502 297 714 333 ὲχειροκόπησαν
729 298 782 334 γὰρ
794 299 935 335 ἄνθρωπον
950 300 987 331 ὡς

199 340 231 368 ἂν
255 341 328 377 ἡμᾶς
347 341 550 368 θανατώσωσιν.
581 343 649 369 Ἀλλ’
673 344 687 369 ὁ
719 344 768 379 μὲν
787 344 858 370 οὕτω
877 344 912 371 τὰ
934 345 988 371 τῶν

199 387 353 414 ἀντιπάλων
370 388 459 415 πάντα
473 388 560 415 διέλυε
583 390 780 424 μηχανήματα·
797 391 821 416 οἱ
836 390 863 416 δὲ
884 391 985 425 κριταὶ,

198 434 292 468 τυφλοὶ
306 435 353 461 καὶ
364 435 451 470 κωφοὶ
462 435 493 462 ἐκ
504 444 533 461 τε
544 435 590 462 τοῦ
604 436 695 471 ζητεῖν
707 437 834 472 ἀρέσκειν
845 436 988 463 Κωνσταν-

198 481 248 518 τίῳ
262 483 411 516 γεγονότες.
425 482 470 508 καὶ
482 481 512 514 ἐξ
523 478 560 508 ὧν
573 482 716 508 ἀπέκλινον
727 484 783 514 τοῖς
796 482 986 518 αἱρετίζουσιν,

199 527 330 555 ἀπέλιπόν
344 536 373 554 τε
387 527 418 554 τὸ
434 527 519 563 βῆμα,
534 528 580 554 καὶ
593 529 655 564 σιγῇ
669 528 767 555 διδόναι
779 529 811 556 τὰ
822 529 987 564 ἐληλεγμένα

199 572 380 610 ἐτεχνάζοντο.
412 574 664 610 ’Υποχωρησάντων
686 574 714 601 δὲ
739 575 855 606 τούτων,
882 575 988 611 κίνησις

197 619 249 646 οὐκ
263 619 302 646 ἐτι
311 620 504 654 συκοφαντιῶν,
514 620 570 646 ἀλλ’
579 620 694 652 ἀναιδῶς
708 620 745 656 (ιι)
755 622 910 656 μιαιφονίας
918 622 988 649 κατὰ

198 665 245 692 τοῦ
263 666 459 702 τρισαριστέως
474 667 684 703 ἀναῤῥήγνυται.
707 668 762 694 Και
775 669 799 694 οἱ
818 668 867 704 μὲν
881 668 986 702 λόγοις,

198 711 223 738 ol
235 711 263 738 δὲ
279 712 326 738 καὶ
342 713 418 747 χερσὶ
430 713 475 739 τὸν
488 713 602 749 νικητὴν
617 714 837 750 προύπηλάκιζον
847 723 853 729 α
865 715 889 741 οί
903 715 931 742 δὲ
942 716 988 742 καὶ

197 758 243 784 τὸν
258 759 289 784 ἐκ
303 759 350 785 τοῦ
367 759 498 794 βασιλέως
512 760 634 787 ἐπέσειον
650 761 774 788 θάνατον.
800 762 828 788 ’0
841 762 870 788 δὲ
892 762 986 799 Ἀρχέ-

197 802 260 836 λαος
279 805 409 840 μέλλοντα
426 805 588 833 διασπᾶσθαι
608 807 653 834 τὸν
674 808 745 835 ὅσιον
760 808 811 834 ὑπὸ
825 807 878 834 τῶν
894 808 988 836 δυσσε-

198 849 263 882 6ῶν,
281 850 357 886 μόλις
370 851 419 886 τῆς
435 851 521 884 οἰκίας
539 853 660 886 καταϐὰς
687 854 721 889 (εί
733 854 787 889 γὰρ
801 854 848 881 καὶ
861 854 928 890 πρὸς
939 854 988 889 τὴν

199 896 287 932 κρίσιν
299 897 348 932 οὐχ
365 896 564 932 ἑώρα,άλλόὖν
574 896 631 934 εἶχέ
642 908 702 926 τινα
712 900 760 935 τῆς
774 900 881 934 φύσεως
898 900 985 935 αἰδώ),

199 942 270 977 μετὰ
292 944 338 970 καὶ
362 944 416 970 τῶν
438 944 594 980 δορυφόρων
615 945 773 982 ἐξαρπάζει,
799 947 847 973 καὶ
867 946 986 982 δρασμὸν

198 989 312 1024 κρύφιον
325 990 399 1026 αὐτῷ
415 992 628 1026 παρασκευάζει,
652 993 699 1019 καὶ
718 992 874 1019 ὑποτίθεται
887 1001 893 1008 ·
908 992 939 1019 τὸ
957 992 986 1019 δὲ

1039 263 1098 283 rum
1122 256 1167 284 ille
1183 258 1411 293 sycophantarum
1434 258 1571 286 machinas
1593 260 1691 287 evertit
1712 267 1817 289 eomes.

1038 302 1072 328 At.
1090 301 1206 336 jndiccs,
1228 304 1292 331 caeci
1314 308 1393 338 atque
1413 304 1498 336 surdi,
1515 309 1570 331 tum
1588 305 1676 333 studio
1693 305 1816 340 placendi

1038 347 1205 380 Constantio,
1221 353 1277 376 tum
1291 356 1324 376 ex
1346 349 1436 376 animo
1457 348 1490 376 ad
1514 349 1656 377 haereticos
1671 358 1816 386 propenso,

1039 393 1173 421 tribunale
1191 394 1293 428 relicto,
1308 402 1363 422 rem
1381 399 1483 429 gestam
1499 395 1608 423 silentio
1623 403 1745 431 premere
1757 403 1814 424 nio-

1038 440 1076 468 liti
1092 445 1164 469 sunt.
1181 440 1384 468 Discedentibus
1396 441 1458 474 illis,
1475 449 1527 468 non
1538 441 1593 475 jam
1609 441 1711 470 inimici
1729 442 1756 469 in
1770 449 1818 469 ca-

1038 487 1164 519 lumnias,
1180 487 1226 514 sed
1242 487 1268 514 in
1284 487 1384 514 caedem
1400 487 1580 515 strenuissimi
1596 488 1647 515 viri
1663 493 1815 523 erumpunt.

1037 533 1072 560 Et
1092 532 1137 560 alii
1161 533 1249 560 verbis
1267 533 1313 560 alii
1337 533 1447 560 vocibus
1470 533 1578 567 pulsant
1602 534 1747 567 victorem;
1771 533 1816 561 alii

1039 583 1152 606 mortem
1183 579 1217 607 ab
1241 579 1403 614 imperatore
1425 579 1528 606 illatum
1553 579 1585 605 iri
1609 580 1817 606 comminantur.

1038 624 1186 652 Archelaus
1207 632 1288 659 porro
1305 629 1425 652 sanctum
1441 625 1527 652 virum
1544 624 1653 659 jamjam
1680 625 1714 652 ab
1729 624 1818 659 impiis

1037 670 1254 705 discerpendum,
1267 678 1327 697 cum
1342 670 1386 697 vix
1400 670 1480 698 domo
1494 670 1677 698 descendisset
1690 670 1818 705 (tametsi

1037 716 1108 742 enim
1132 715 1166 743 ad
1181 715 1282 749 justum
1301 715 1430 750 judicium
1447 723 1500 743 non
1520 715 1678 750 respiceret,
1703 715 1818 742 naturali

1039 764 1128 787 tamen
1144 761 1306 789 verecundia
1325 761 1494 796 tenebatur),
1510 769 1570 788 cuin
1592 761 1750 789 satellitibus
1765 762 1819 789 eri-

1039 807 1096 842 puit
1112 807 1199 841 illum,
1214 808 1402 843 occultamque
1414 814 1443 836 ut
1455 807 1544 844 fugam
1560 808 1661 836 faceret
1676 809 1780 836 monuit
1791 816 1820 836 et

1039 854 1154 881 curavit.
1175 854 1251 890 lmpii
1273 860 1361 882 autem
1377 862 1437 882 cum
1454 863 1548 883 rursus
1558 862 1713 884 consessum
1729 855 1819 883 venis-

1004 890 1025 917 Β
1039 905 1109 934 sent,
1126 902 1226 928 nefaria
1238 901 1351 928 crimina
1363 909 1377 928 a
1391 909 1420 930 se
1432 901 1545 929 conﬁcta
1557 901 1655 929 insonti
1672 901 1818 934 ascribunt,

1038 952 1154 981 cumque
1172 947 1198 973 in
1213 947 1296 974 variis
1315 947 1412 975 libellis
1427 947 1566 975 mendacia
1581 955 1629 974 sua
1650 952 1818 980 exarasscnt,

1039 991 1197 1019 Constantio
1213 998 1293 1027 atque
1306 993 1431 1020 universo
1445 993 1630 1020 transmittunt
1644 993 1714 1020 orbi.

196 1034 323 1068 δυσσεὸὲς
338 1037 560 1072 συνεδριάσαντες
575 1036 652 1070 αὖθις
664 1038 798 1075 γράφουσί
813 1047 842 1065 τε
862 1039 908 1065 τὸν
919 1038 1038 1066 ἀναίτιον
1054 1038 1154 1070 αίτίαις
1188 1039 1308 1072 ἀτόποις,
1343 1039 1376 1071 ἃς
1396 1039 1472 1066 αὐτοὶ
1495 1039 1677 1071 συνέπλασαν,
1699 1039 1800 1067 ἁλῶναι
1811 1048 1817 1054 ·

196 1083 242 1109 καὶ
256 1082 394 1119 διαφόροις
415 1083 554 1118 βιϐλιδίοις
576 1085 789 1120 ἐγκαταθέμενοι
818 1085 853 1112 τά
879 1085 925 1112 τοῦ
950 1084 1074 1120 ψεύδους,
1094 1085 1133 1121 τῷ
1147 1094 1175 1112 τε
1197 1086 1378 1121 Κωνσταντίῳ
1409 1087 1456 1112 καὶ
1477 1086 1550 1122 πάσῃ
1570 1086 1771 1121 διαπέμπονται
1786 1088 1819 1122 τῇ

196 1129 352 1165 οίκουμένῃ.

231 1197 259 1225 8.
283 1198 338 1224 Καὶ
362 1197 468 1231 γίνεται
490 1197 529 1233 τῷ
553 1197 696 1234 πολυάθλῳ
720 1199 795 1225 πᾶσα
815 1199 890 1235 χώρα
916 1199 988 1235 φυγὴ

198 1243 302 1279 σφόδρα
316 1243 481 1279 ζητουμένῳ.
497 1244 551 1271 Καὶ
565 1246 580 1280 ἡ
595 1244 707 1280 ζήτησις
723 1246 779 1278 τοῖς
793 1246 842 1281 μὲν
857 1246 988 1272 συνειδόσι

197 1290 246 1316 καὶ
261 1289 299 1324 μὴ
314 1289 518 1325 καταμηνύουσι
535 1289 608 1326 ζωῆς
627 1291 770 1327 ἀφαίρεσιν
787 1291 918 1319 ἐπέὸαλλε
940 1293 989 1329 τὴν

197 1335 315 1371 ζημίαν
341 1337 397 1367 τοῖς
413 1335 440 1362 δὲ
463 1336 622 1371 κομίζουσιν
646 1337 663 1373 ἢ
689 1336 777 1369 ζῶντα
801 1338 818 1373 ἢ
841 1338 890 1374 τὴν
907 1339 988 1366 αὐτοῦ

197 1381 318 1417 κεφαλὴν
332 1381 432 1417 δωρεαὶ
446 1382 633 1417 προύτείνοντο
648 1383 772 1419 μεγάλαι.
795 1384 828 1410 Ἃ
847 1384 959 1412 συνιδὼν
974 1385 988 1411 ὀ

196 1428 247 1463 τῆς
262 1429 401 1463 ὑπομονῆς
415 1428 532 1464 ἀδάμας,
552 1430 580 1455 ἐν
596 1429 689 1464 λάκκῳ
700 1429 772 1465 ὕδωρ
789 1430 825 1466 μὴ
841 1431 928 1466 ἔχοντι
941 1431 988 1457 ἐπὶ

197 1473 227 1506 ἒξ
240 1474 311 1501 ἔτεσι
321 1473 411 1501 λαϐὼν
423 1475 576 1511 ἐκαρτέρει.
595 1477 637 1508 Ὠς
645 1476 674 1503 δὲ
684 1476 730 1503 καὶ
742 1476 771 1503 τὸ
789 1478 888 1513 χωρίον
900 1479 987 1505 ἐκεῖνο

1074 1198 1100 1225 8.
1121 1197 1243 1232 Tumque
1255 1198 1287 1225 de
1299 1197 1350 1224 alia
1366 1198 1392 1225 in
1405 1197 1484 1225 aliam
1497 1198 1633 1233 regionem
1648 1199 1766 1235 fugiebat
1780 1201 1821 1227 vir

1038 1250 1158 1278 sanctus,
1185 1244 1312 1271 aerumnis
1340 1243 1490 1276 confectus,
1516 1244 1616 1272 acriter
1639 1242 1819 1280 perquisitus';

1038 1292 1105 1320 adeo
1122 1296 1151 1318 ut
1164 1291 1209 1326 qui
1227 1291 1308 1318 sciret
1323 1291 1432 1318 ubinam
1448 1295 1531 1322 eSsct,
1548 1297 1597 1318 nec
1619 1291 1760 1324 indicaret,
1775 1300 1821 1319 ca-

1038 1338 1114 1374 pitali
1141 1337 1306 1373 plecteretur
1331 1344 1429 1372 pceua;
1455 1337 1487 1364 iis
1512 1345 1577 1364 vero
1602 1338 1648 1372 qui
1670 1338 1821 1365 indicarent

1039 1385 1083 1412 ubi
1098 1385 1215 1420 degeret,
1230 1382 1272 1411 vel
1290 1387 1371 1417 caput
1387 1382 1445 1417 ejus
1462 1382 1600 1416 afferrent,
1616 1390 1711 1419 magna
1725 1391 1822 1418 propo-

1039 1435 1166 1459 nerentur
1187 1431 1306 1465 praemia.
1330 1429 1448 1463 Quorum
1476 1437 1574 1465 gnarus
1598 1430 1734 1465 patientize
1747 1431 1819 1457 Ada-

1039 1484 1107 1510 mas,
1124 1477 1150 1504 in
1166 1476 1240 1504 fovea
1259 1484 1328 1512 aqua
1348 1480 1458 1504 carente
1475 1480 1543 1503 totos
1555 1483 1600 1503 sex
1619 1484 1702 1503 annos
1717 1476 1822 1511 patien-

197 1521 370 1556 προδίδοσθαι
387 1521 493 1557 ἔμελλε,
518 1522 593 1554 θείας
610 1522 696 1558 ὅψεως
717 1524 767 1558 τὴν
784 1524 928 1559 προδοσίαν
949 1523 984 1558 τῷ

1039 1527 1079 1550 ter
1093 1523 1181 1550 latuit.
1196 1522 1288 1549 Pridie
1300 1530 1364 1549 vero
1377 1522 1434 1555 ejus
1446 1522 1498 1548 diei
1513 1529 1566 1556 qua
1584 1522 1737 1556 prodendus
1749 1521 1822 1549 locus

197 1567 342 1604 θεράποντι
366 1568 420 1604 πρὸ
444 1569 510 1603 μιᾶς
535 1569 642 1606 ἡμέρας
667 1570 836 1606 μηνυσάσης,
860 1570 986 1597 κάκεῖθεν

196 1614 400 1650 ἀποδιδράσκει,
413 1615 537 1651 καὶπρὸς
551 1615 599 1651 τὴν
610 1615 690 1642 Λύσιν
706 1616 830 1652 ἀπαίρει·
846 1616 893 1642 τοῦ
910 1615 987 1642 Κών-

198 1668 308 1691 σταντος
322 1660 371 1696 ἤδη
386 1660 436 1697 τὴν
450 1660 536 1696 ἀρχὴν
554 1660 671 1696 ἔχοντος,
686 1662 716 1688 οὐ
732 1662 781 1699 τὴν
797 1661 904 1694 ἑαυτοῦ,
920 1661 987 1689 ἀλλὰ

197 1708 245 1734 καὶ
259 1706 308 1743 τὴν
324 1707 371 1734 τοῦ
392 1706 507 1742 ἀδελφοῦ
530 1707 744 1735 Κωνσταντίνου.
763 1708 817 1734 Καὶ
833 1708 887 1743 γὰρ
907 1707 986 1735 αὑτὸν

196 1752 228 1779 τὺ
256 1754 460 1789 στρατιωτικὸν,
480 1753 619 1789 τυραννίδι
634 1754 789 1790 ἐπιθέμενοι
808 1755 856 1789 (b),
871 1755 984 1781 ἀνεῖλον.

197 1799 324 1826 Διδάσκει
338 1800 481 1835 τοιγαροῦν
495 1800 540 1826 διὰ
555 1800 707 1836 συνδρομῆς
730 1800 839 1826 Ἰουλίου
854 1799 900 1826 τοῦ
920 1800 986 1826 Ῥώ-

199 1853 253 1880 μης
266 1846 313 1872 τὸν
337 1845 449 1880 βασιλέα
469 1845 635 1872 Κώνσταντα
656 1846 705 1877 τὰς
731 1845 866 1877 συσκευὰς
883 1845 915 1877 ἃς
935 1845 986 1872 ὑπὸ

196 1891 250 1918 τῶν
271 1891 416 1927 Ἀρειανῶν
436 1891 551 1927 ὑπέστη,
568 1892 614 1917 καὶ
629 1891 678 1926 τὴν
694 1890 801 1917 σύνοδον
817 1890 867 1926 τὴν
879 1892 907 1918 ἐν
926 1891 985 1917 Ἀν-

196 1937 299 1973 τιοχεία
312 1939 358 1964 ἐπὶ
374 1938 520 1974 διαστροφῇ
538 1937 588 1972 τῆς
605 1938 722 1969 πίστεως
736 1936 966 1972 συγκροτηθεῖσαν
977 1945 984 1952 ·

195 1984 245 2016 καὶ
259 1984 295 2016 ὡς
309 1983 444 2020 Γεώργιον
459 1985 499 2016 εἰς
510 1984 555 2011 τὸν
570 1983 652 2010 αὑτοῦ
670 1983 762 2019 θρόνον
776 1983 918 2018 ἐκθέσμως
930 1992 986 2018 χει-

199 2030 390 2066 ροτονήσαντες
407 2030 605 2065 ἐγκαθίδρυσαν
615 2037 621 2044 ι
637 2029 683 2055 καὶ
706 2029 756 2055 οὐκ
777 2029 879 2055 ἐκεῖνον
894 2029 984 2065 μόνον,

197 2075 266 2102 ἀλλὰ
284 2076 330 2102 καὶ
351 2075 404 2111 πρὸ
426 2075 530 2101 ἐκείνου
550 2075 709 2110 Γρηγόριον.
731 2074 859 2107 Εὐσέϐιος
883 2075 984 2111 μέντοι,

195 2121 413 2157 διαπραξάμενος
436 2121 454 2148 ὃ.
479 2120 643 2160 ἐσπούδαζε,
664 2120 892 2156 ’διαπρεσϐεύεται
918 2121 985 2157 πρὸς

195 2167 242 2193 τὸν
258 2167 331 2193 ὅσιον
357 2166 475 2198 Ἰούλιον,
497 2167 624 2193 κοινωνὸν
646 2166 737 2193 λαόεῖν
755 2167 804 2203 τῆς
827 2166 983 2193 Ἀθανασίου

1038 1573 1108 1600 erat,
1125 1568 1215 1594 divina
1235 1568 1350 1602 quadam
1369 1567 1473 1594 visione
1488 1566 1642 1594 admonitus
1655 1574 1748 1594 servus
1762 1566 1820 1599 Dei,

1038 1614 1100 1641 inde
1114 1614 1227 1649 aufugit,
1240 1615 1322 1648 inque
1333 1613 1506 1641 Occidentem
1519 1613 1656 1641 contendit
1671 1621 1677 1639 :
1692 1620 1751 1640 cum
1764 1611 1820 1646 jam

1037 1660 1171 1688 Constans
1186 1660 1339 1695 imperium.
1352 1667 1404 1686 non
1417 1659 1497 1687 modo
1510 1667 1598 1691 suum,
1612 1660 1657 1687 sed
1671 1659 1752 1686 etiam
1765 1659 1820 1686 fra-

1037 1705 1086 1733 tris
1103 1705 1273 1733 Conslantini
1290 1705 1441 1738 obtineret;
1458 1713 1520 1732 nam
1540 1705 1615 1732 illum
1632 1705 1768 1733 exercitus
1780 1711 1820 1740 ty-

1037 1752 1177 1779 rannidem
1205 1751 1376 1779 ali‘eclantem
1406 1750 1590 1780 interfecerat.
1618 1752 1701 1778 Docet
1728 1751 1819 1786 igitur,

1036 1797 1184 1832 opitulante
1197 1797 1266 1825 Iulio
1279 1797 1408 1827 Romano.
1426 1797 1629 1832 imperatorem,
1646 1804 1713 1832 quas
1725 1803 1820 1831 passus

1036 1849 1107 1871 esset
1129 1844 1342 1878 conspirationes
1366 1843 1399 1870 ab
1422 1843 1539 1877 Arianis,
1564 1850 1666 1871 necnon
1689 1842 1819 1878 synodum

1036 1889 1185 1917 Antiochia:
1208 1890 1241 1916 ad
1257 1889 1426 1916 eversionem
1450 1889 1511 1916 fidei
1538 1894 1713 1917 convocatam
1737 1896 1818 1916 esse:

1035 1942 1088 1969 qua
1111 1934 1216 1962 ratione
1237 1934 1301 1961 item
1320 1935 1462 1969 Georgium
1490 1934 1629 1970 illegitime
1648 1936 1674 1962 in
1695 1936 1819 1962 eamdem

1036 1981 1126 2008 sedem
1135 1981 1287 2008 ordinatum
1296 1981 1516 2014 constituissent;
1530 1989 1579 2009 nec
1590 1981 1664 2009 illum
1676 1982 1819 2015 duntaxat,

1036 2028 1082 2054 sed
1106 2028 1181 2062 prius
1198 2028 1280 2055 etiam
1304 2027 1475 2063 Gregorium.
1501 2029 1631 2056 EuSebius
1652 2037 1732 2064 porro
1756 2037 1819 2057 cum

1035 2081 1094 2109 quae
1107 2074 1134 2101 in
1150 2074 1239 2102 animo
1251 2079 1328 2102 erant
1345 2075 1514 2110 perfecisset,
1530 2076 1562 2102 ad
1579 2081 1701 2103 sanctum
1717 2075 1819 2102 Juliqu

1035 2120 1195 2156 legationem
1212 2122 1304 2155 mittit,
1319 2122 1371 2148 hoc
1381 2130 1463 2157 agens
1476 2126 1504 2148 ut
1517 2121 1692 2148 Athanasium
1709 2121 1752 2147 ille
1764 2129 1820 2148 una

1036 2166 1187 2194 damnaret.
1207 2166 1252 2194 Ille
1264 2174 1328 2194 vero
1343 2175 1374 2194 ex
1392 2167 1499 2194 Eusebii
1515 2167 1623 2198 litteris,
1639 2166 1817 2193 Athanasium

196 2212 383 2248 κατακρίσεως
395 2213 599 2248 μηχανώμενος.
616 2213 645 2239 '0
655 2213 682 2239 δὲ
695 2212 723 2246 ἐξ
734 2209 771 2240 ὧν
784 2214 886 2244 ἐκεῖνος
903 2213 984 2248 ἐγρα-

1036 2219 1088 2239 ηοη
1100 2211 1295 2244 damnandum,
1309 2213 1354 2240 sed
1366 2214 1454 2248 potius
1467 2213 1659 2240 absolvendum
1670 2212 1817 2246 judicavit;

196 2266 257 2292 φεν,
272 2259 303 2285 ού
320 2259 490 2295 κατάκρισιν,
508 2258 633 2286 ἁθώωσιν
654 2259 682 2286 δὲ
706 2259 804 2294 μᾶλλον
824 2259 981 2286 ’Δθανασίου

196 2303 327 2340 συνορῶν,
343 2305 487 2340 γράμμασι
507 2305 552 2332 τὸν
576 2304 739 2340 ἠδικημένον
760 2304 926 2340 ἐπιρρώσας,
943 2306 982 2336 εἰς

201 2349 402 2386 Ἀλεξάνδρειαν
427 2351 599 2378 ἁποστέλλει’
625 2352 654 2378 ἐν
675 2348 715 2383 οἷς
748 2351 794 2378 καὶ
817 2351 879 2382 τοὺς
902 2351 982 2378 αὑτὸν

193 2396 358 2429 καθελόντας
375 2397 466 2424 δικαία
482 2398 529 2424 καὶ
545 2398 575 2423 οὐ
598 2397 684 2433 μικρὰ
703 2397 805 2432 μέμψις
822 2398 980 2432 μετήρχετο.

199 2442 270 2469 Ἀλλ’
281 2444 305 2469 οἱ
316 2443 366 2479 τῆς
382 2443 485 2479 Ἀρείου
496 2443 608 2480 λύσσης,
621 2443 833 2479 ὑποφθείραντες
845 2444 891 2470 ἐπὶ
903 2443 982 2470 πλέον

191 2487 239 2515 τὸν
267 2488 466 2520 Κωνστάντιον,
495 2489 524 2515 ὃν
546 2489 622 2516 αὐτοὶ
650 2490 887 2525 κεχειροτονήκασι
908 2489 980 2525 Γρη-

194 2533 294 2570 γόριον,
323 2535 369 2561 ἐπὶ
389 2535 439 2570 τὴν
473 2535 673 2571 Ἀλεξάνδρειαν
699 2537 878 2571 στρατιωτικῇ
909 2536 981 2571 χειρὶ

193 2580 383 2616 ἐκπεμφθῆναι
397 2581 631 2617 καταπράττονται
648 2582 787 2618 (Συριανὸς
807 2580 841 2617 ἦν
862 2590 979 2617 στρατη-

193 2618 309 2662 ﬂag-771;
333 2626 461 2661 τοιαύτης
484 2627 684 2662 παρατάξεως),
707 2628 753 2654 καὶ
769 2629 783 2654 ὁ
801 2628 914 2661 στρατὸς
939 2630 979 2661 εἰς

192 2669 273 2697 πέντε
287 2671 409 2706 χιλιάδας
426 2671 599 2707 ἀπηρτίζετο.
612 2672 756 2708 Διαφεύγει
772 2673 795 2699 δ’
811 2672 856 2700 οὖν
870 2675 883 2700 ὁ
899 2673 978 2708 σοφὸς

197 2717 356 2750 Ἀθανάσιος
372 2719 417 2745 τόν
438 2728 467 2746 τε
491 2720 641 2755 στρατηγὸν
661 2721 706 2747 καὶ
726 2721 789 2752 τοὺς
810 2721 978 2757 στρατιώτας

189 2763 322 2796 πνέοντας
337 2764 396 2791 κατ’
414 2765 497 2792 αὑτοῦ
512 2766 556 2793 τὸν
571 2766 663 2801 φόνον·
683 2767 729 2793 καὶ
745 2766 775 2793 τὸ
792 2767 916 2803 δεύτερον
933 2768 978 2794 ἐπὶ

225 2843 266 2916 ξας
285 2843 368 2872 Forte
385 2845 518 2877 ἀναιδοῦς.
535 2844 612 2872 Eutr.
627 2844 745 2873 ΡΛτιιοι.

240 2879 253 2906 b
283 2879 330 2909 Sic
348 2887 429 2916 supra
444 2881 540 2916 legitur
558 2881 587 2908 τὸ
601 2880 727 2912 δυσσεϐὲς

1034 2260 1185 2296 litterisque
1199 2261 1330 2288 munitum
1346 2262 1401 2289 suis
1413 2262 1493 2288 mittit
1503 2259 1703 2287 Alexandriam.
1716 2259 1819 2292 Quibus

1032 2307 1131 2335 litteris
1147 2315 1194 2335 eos
1216 2308 1260 2342 qui
1282 2307 1454 2334 damnassent
1467 2307 1528 2342 jure
1554 2305 1649 2333 merito
1667 2307 1820 2340 acriterque

1034 2353 1167 2387 culpabat.
1189 2353 1241 2381 Sed
1252 2353 1345 2380 Ariani
1360 2352 1489 2385 furentes,
1503 2359 1563 2378 cum
1579 2352 1664 2386 magis
1683 2351 1820 2386 magisque

1034 2399 1221 2426 Constantium
1238 2399 1433 2433 corrupissent,
1451 2399 1605 2426 ordinatum
1628 2405 1643 2424 a
1668 2405 1697 2425 se
1713 2396 1817 2431 Grego-

1034 2445 1104 2472 rium
1129 2445 1319 2472 Alexandriam
1346 2452 1407 2472 cum
1433 2444 1540 2471 militari
1563 2451 1642 2470 manu
1670 2442 1816 2470 transmitti

1033 2495 1128 2518 curant
1142 2490 1293 2526 (Syrianus
1307 2491 1445 2526 copiarum
1457 2491 1511 2518 dux
1524 2489 1593 2525 erat)
1610 2493 1723 2524 eratque
1738 2496 1816 2516 exer-

1033 2538 1104 2565 citus
1115 2537 1233 2571 quinque
1245 2536 1356 2563 millium
1372 2536 1522 2563 hominum.
1535 2536 1613 2570 Fugit
1630 2542 1694 2569 ergo
1707 2535 1815 2568 sapiens

1032 2583 1197 2611 Athanasius
1211 2583 1306 2610 ducem
1321 2588 1401 2617 atque
1416 2583 1525 2613 milites,
1540 2581 1591 2609 sibi
1607 2588 1699 2608 nccem
1715 2580 1816 2607 inferre

1032 2633 1220 2664 peroptantes,
1246 2629 1400 2662 iterumque
1419 2627 1533 2654 Romam
1558 2626 1694 2654 concedit.
1715 2625 1815 2660 impius

1031 2682 1111 2710 porro
1118 2674 1265 2709 Gregorius
1273 2673 1466 2700 Alexandriam
1477 2673 1629 2707 occupavit.
1642 2671 1813 2706 Populusquc

1032 2727 1087 2748 rem
1103 2728 1155 2748 non
1188 2719 1324 2747 lcrendam
1346 2723 1430 2751 ratus,
1451 2719 1592 2746 ecclesiam
1613 2717 1734 2745 incendit
1750 2718 1813 2744 Dio-

1033 2767 1100 2802 nysii
1121 2769 1311 2800 nuncupatam.
1332 2764 1425 2792 Romae
1446 2765 1527 2800 igitur
1546 2771 1598 2792 una
1612 2768 1689 2791 erant
1709 2763 1817 2791 exsules

283 2879 330 2909 Sic
348 2887 429 2916 supra
444 2881 540 2916 legitur
558 2881 587 2908 τὸ
601 2880 727 2912 δυσσεϐὲς
750 2879 899 2915 (collective
919 2887 968 2913 pro

1035 2878 1172 2911 ῐυτσεῆεῖςὶ
1188 2877 1467 2911 συνεδρεασαντεςλοι
