  <div class='ocr_page' id='page_1' title='image "/cluster/home/n/w/nwhite01/storage/ocr_20150623/25/njp.32101010944591/223.png"; bbox 0 0 2027 3042; ppageno 0'>
   <div class='ocr_carea' id='block_1_1' title="bbox 268 161 370 182">
    <p class='ocr_par' dir='ltr' id='par_1_1' title="bbox 268 161 370 182">
     <span class='ocr_line' id='line_1_1' title="bbox 268 161 370 182; baseline -0.01 0"><span class='ocrx_word' id='word_1_1' title='bbox 268 161 370 182; x_wconf 64' lang='lat' dir='ltr'><strong>CCXVIII</strong></span> 
     </span>
    </p>
   </div>
   <div class='ocr_carea' id='block_1_2' title="bbox 949 155 1216 185">
    <p class='ocr_par' dir='ltr' id='par_1_2' title="bbox 949 155 1216 185">
     <span class='ocr_line' id='line_1_2' title="bbox 949 155 1216 185; baseline 0.011 -3"><span class='ocrx_word' id='word_1_2' title='bbox 949 155 1083 185; x_wconf 79' lang='lat' dir='ltr'><strong>PROLEG</strong></span> <span class='ocrx_word' id='word_1_3' title='bbox 1088 157 1205 185; x_wconf 83' lang='lat' dir='ltr'><strong>OMENA</strong></span> <span class='ocrx_word' id='word_1_4' title='bbox 1210 180 1216 185; x_wconf 92' lang='lat'><strong>.</strong></span> 
     </span>
    </p>
   </div>
   <div class='ocr_carea' id='block_1_3' title="bbox 270 210 1056 252">
    <p class='ocr_par' dir='ltr' id='par_1_3' title="bbox 270 210 1045 246">
     <span class='ocr_line' id='line_1_3' title="bbox 270 210 1045 246; baseline 0.003 -9"><span class='ocrx_word' id='word_1_5' title='bbox 270 211 440 239; x_wconf 79' lang='lat' dir='ltr'><strong>venerandus</strong></span> <span class='ocrx_word' id='word_1_6' title='bbox 451 210 615 238; x_wconf 74' lang='lat' dir='ltr'><strong>Athanasius</strong></span> <span class='ocrx_word' id='word_1_7' title='bbox 630 215 657 238; x_wconf 90' lang='lat' dir='ltr'><strong>et</strong></span> <span class='ocrx_word' id='word_1_8' title='bbox 667 210 778 244; x_wconf 77' lang='lat' dir='ltr'><strong>Paulus,</strong></span> <span class='ocrx_word' id='word_1_9' title='bbox 794 211 942 246; x_wconf 62' lang='lat' dir='ltr'><strong>aequalibus</strong></span> <span class='ocrx_word' id='word_1_10' title='bbox 959 213 1045 240; x_wconf 90' lang='lat' dir='ltr'><strong>ornati</strong></span> 
     </span>
    </p>
   </div>
   <div class='ocr_carea' id='block_1_4' title="bbox 1109 210 1879 252">
    <p class='ocr_par' dir='ltr' id='par_1_4' title="bbox 1109 213 1879 252">
     <span class='ocr_line' id='line_1_4' title="bbox 1109 213 1879 252; baseline 0.005 -13"><span class='ocrx_word' id='word_1_11' title='bbox 1109 214 1147 250; x_wconf 72' lang='grc' dir='ltr'><strong>τὴν</strong></span> <span class='ocrx_word' id='word_1_12' title='bbox 1172 213 1280 250; x_wconf 84' lang='grc' dir='ltr'><strong>Ῥώμην</strong></span> <span class='ocrx_word' id='word_1_13' title='bbox 1305 215 1456 250; x_wconf 80' lang='grc' dir='ltr'><strong>ἀνατρέχει.</strong></span> <span class='ocrx_word' id='word_1_14' title='bbox 1480 215 1508 242; x_wconf 88' lang='lat'><strong>&#39;0</strong></span> <span class='ocrx_word' id='word_1_15' title='bbox 1533 215 1561 242; x_wconf 73' lang='grc' dir='ltr'>δὲ</span> <span class='ocrx_word' id='word_1_16' title='bbox 1587 215 1720 252; x_wconf 74' lang='grc' dir='ltr'>δυσσεϐὴς</span> <span class='ocrx_word' id='word_1_17' title='bbox 1740 216 1879 252; x_wconf 82' lang='grc' dir='ltr'>Γρηγόριος</span> 
     </span>
    </p>
   </div>
   <div class='ocr_carea' id='block_1_5' title="bbox 270 258 628 294">
    <p class='ocr_par' dir='ltr' id='par_1_5' title="bbox 270 258 628 294">
     <span class='ocr_line' id='line_1_5' title="bbox 270 258 628 294; baseline 0 -9"><span class='ocrx_word' id='word_1_18' title='bbox 270 259 464 286; x_wconf 71' lang='lat' dir='ltr'><strong>certaminibus</strong></span> <span class='ocrx_word' id='word_1_19' title='bbox 481 263 509 286; x_wconf 87' lang='lat' dir='ltr'><strong>et</strong></span> <span class='ocrx_word' id='word_1_20' title='bbox 522 258 628 294; x_wconf 85' lang='lat' dir='ltr'><strong>palmis.</strong></span> 
     </span>
    </p>
   </div>
   <div class='ocr_carea' id='block_1_6' title="bbox 1105 261 1879 297">
    <p class='ocr_par' dir='ltr' id='par_1_6' title="bbox 1105 261 1879 297">
     <span class='ocr_line' id='line_1_6' title="bbox 1105 261 1879 297; baseline 0.001 -10"><span class='ocrx_word' id='word_1_21' title='bbox 1105 261 1153 296; x_wconf 79' lang='grc' dir='ltr'><strong>τῆς</strong></span> <span class='ocrx_word' id='word_1_22' title='bbox 1176 261 1369 296; x_wconf 78' lang='grc' dir='ltr'><strong>Ἀλεξανδρέων</strong></span> <span class='ocrx_word' id='word_1_23' title='bbox 1389 262 1539 297; x_wconf 82' lang='grc' dir='ltr'>ἐκράτησε·</span> <span class='ocrx_word' id='word_1_24' title='bbox 1575 263 1621 288; x_wconf 75' lang='grc' dir='ltr'><strong>καὶ</strong></span> <span class='ocrx_word' id='word_1_25' title='bbox 1640 263 1656 297; x_wconf 89' lang='grc' dir='ltr'><strong>ή</strong></span> <span class='ocrx_word' id='word_1_26' title='bbox 1676 262 1760 294; x_wconf 79' lang='grc' dir='ltr'>πόλις,</span> <span class='ocrx_word' id='word_1_27' title='bbox 1779 262 1807 288; x_wconf 79' lang='grc' dir='ltr'>τὸ</span> <span class='ocrx_word' id='word_1_28' title='bbox 1823 271 1879 289; x_wconf 89' lang='grc' dir='ltr'>συν-</span> 
     </span>
    </p>
   </div>
   <div class='ocr_carea' id='block_1_7' title="bbox 268 305 1879 345">
    <p class='ocr_par' dir='ltr' id='par_1_7' title="bbox 268 305 1879 345">
     <span class='ocr_line' id='line_1_7' title="bbox 268 305 1879 345; baseline 0 -11"><span class='ocrx_word' id='word_1_29' title='bbox 268 307 375 343; x_wconf 77' lang='grc' dir='ltr'>ενεχθὲν</span> <span class='ocrx_word' id='word_1_30' title='bbox 391 307 440 333; x_wconf 80' lang='grc' dir='ltr'><strong>οὐκ</strong></span> <span class='ocrx_word' id='word_1_31' title='bbox 456 308 484 333; x_wconf 78' lang='grc' dir='ltr'><strong>ὲν</strong></span> <span class='ocrx_word' id='word_1_32' title='bbox 505 305 544 341; x_wconf 86' lang='grc' dir='ltr'><strong>τῷ</strong></span> <span class='ocrx_word' id='word_1_33' title='bbox 568 305 673 341; x_wconf 83' lang='grc' dir='ltr'>ἀνεκτῷ</span> <span class='ocrx_word' id='word_1_34' title='bbox 697 306 796 341; x_wconf 80' lang='grc' dir='ltr'><strong>θεμένη</strong></span> <span class='ocrx_word' id='word_1_35' title='bbox 824 306 872 342; x_wconf 82' lang='grc' dir='ltr'><strong>τὴν</strong></span> <span class='ocrx_word' id='word_1_36' title='bbox 894 306 1063 341; x_wconf 68' lang='grc' dir='ltr'><strong>καλουμένην</strong></span> <span class='ocrx_word' id='word_1_37' title='bbox 1082 307 1217 333; x_wconf 80' lang='grc' dir='ltr'><strong>Διονυσίου</strong></span> <span class='ocrx_word' id='word_1_38' title='bbox 1239 307 1385 342; x_wconf 70' lang='grc' dir='ltr'><strong>ἐκκλησίαν</strong></span> <span class='ocrx_word' id='word_1_39' title='bbox 1406 308 1567 344; x_wconf 79' lang='grc' dir='ltr'>ἐνέπρησαν.</span> <span class='ocrx_word' id='word_1_40' title='bbox 1603 308 1722 343; x_wconf 80' lang='grc' dir='ltr'>Συνῆσαν</span> <span class='ocrx_word' id='word_1_41' title='bbox 1737 306 1782 334; x_wconf 82' lang='grc' dir='ltr'><strong>οὖν</strong></span> <span class='ocrx_word' id='word_1_42' title='bbox 1804 308 1879 345; x_wconf 74' lang='grc' dir='ltr'>ἀλλή-</span> 
     </span>
    </p>
   </div>
   <div class='ocr_carea' id='block_1_8' title="bbox 268 352 1702 390">
    <p class='ocr_par' dir='ltr' id='par_1_8' title="bbox 268 352 1702 390">
     <span class='ocr_line' id='line_1_8' title="bbox 268 352 1702 390; baseline 0 -10"><span class='ocrx_word' id='word_1_43' title='bbox 268 353 324 385; x_wconf 85' lang='grc' dir='ltr'>λοις</span> <span class='ocrx_word' id='word_1_44' title='bbox 344 353 461 388; x_wconf 75' lang='grc' dir='ltr'><strong>φυγάδες</strong></span> <span class='ocrx_word' id='word_1_45' title='bbox 481 353 555 385; x_wconf 76' lang='grc' dir='ltr'>ὄντες</span> <span class='ocrx_word' id='word_1_46' title='bbox 572 353 586 379; x_wconf 88' lang='grc' dir='ltr'><strong>ὃ</strong></span> <span class='ocrx_word' id='word_1_47' title='bbox 609 361 638 379; x_wconf 89' lang='grc' dir='ltr'><strong>τε</strong></span> <span class='ocrx_word' id='word_1_48' title='bbox 662 352 807 388; x_wconf 77' lang='grc' dir='ltr'>σεϐάσμιος</span> <span class='ocrx_word' id='word_1_49' title='bbox 832 353 989 385; x_wconf 83' lang='grc' dir='ltr'>Ἀθανάσιος</span> <span class='ocrx_word' id='word_1_50' title='bbox 1007 353 1053 379; x_wconf 73' lang='grc' dir='ltr'><strong>καὶ</strong></span> <span class='ocrx_word' id='word_1_51' title='bbox 1073 353 1187 386; x_wconf 82' lang='grc' dir='ltr'><strong>Παῦλος,</strong></span> <span class='ocrx_word' id='word_1_52' title='bbox 1203 355 1258 385; x_wconf 83' lang='grc' dir='ltr'><strong>τοῖς</strong></span> <span class='ocrx_word' id='word_1_53' title='bbox 1276 353 1342 386; x_wconf 80' lang='grc' dir='ltr'><strong>ἴσοις</strong></span> <span class='ocrx_word' id='word_1_54' title='bbox 1355 355 1500 390; x_wconf 82' lang='grc' dir='ltr'><strong>ἀριστείοις</strong></span> <span class='ocrx_word' id='word_1_55' title='bbox 1515 354 1702 390; x_wconf 79' lang='grc' dir='ltr'><strong>κοσμούμενοι.</strong></span> 
     </span>
    </p>
   </div>
   <div class='ocr_carea' id='block_1_9' title="bbox 307 398 1049 433">
    <p class='ocr_par' dir='ltr' id='par_1_9' title="bbox 307 398 1049 433">
     <span class='ocr_line' id='line_1_9' title="bbox 307 398 1049 433; baseline -0.001 -7"><span class='ocrx_word' id='word_1_56' title='bbox 307 399 334 426; x_wconf 89' lang='lat'><strong>9.</strong></span> <span class='ocrx_word' id='word_1_57' title='bbox 353 399 468 432; x_wconf 78' lang='lat' dir='ltr'><strong>Scripsit</strong></span> <span class='ocrx_word' id='word_1_58' title='bbox 480 403 569 425; x_wconf 89' lang='lat' dir='ltr'><strong>autem</strong></span> <span class='ocrx_word' id='word_1_59' title='bbox 583 399 731 431; x_wconf 90' lang='lat' dir='ltr'><strong>Constans,</strong></span> <span class='ocrx_word' id='word_1_60' title='bbox 751 400 878 426; x_wconf 85' lang='lat' dir='ltr'><strong>incitante</strong></span> <span class='ocrx_word' id='word_1_61' title='bbox 897 398 967 427; x_wconf 88' lang='lat' dir='ltr'><strong>Julio</strong></span> <span class='ocrx_word' id='word_1_62' title='bbox 983 406 1049 433; x_wconf 95' lang='lat' dir='ltr'><strong>pon-</strong></span> 
     </span>
    </p>
   </div>
   <div class='ocr_carea' id='block_1_10' title="bbox 270 444 1051 481">
    <p class='ocr_par' dir='ltr' id='par_1_10' title="bbox 270 444 1051 481">
     <span class='ocr_line' id='line_1_10' title="bbox 270 444 1051 481; baseline 0.001 -10"><span class='ocrx_word' id='word_1_63' title='bbox 270 445 353 477; x_wconf 84' lang='lat' dir='ltr'><strong>tilice,</strong></span> <span class='ocrx_word' id='word_1_64' title='bbox 370 444 446 472; x_wconf 79' lang='lat' dir='ltr'><strong>fratri</strong></span> <span class='ocrx_word' id='word_1_65' title='bbox 459 453 508 472; x_wconf 86' lang='lat' dir='ltr'><strong>suo</strong></span> <span class='ocrx_word' id='word_1_66' title='bbox 527 445 697 478; x_wconf 83' lang='lat' dir='ltr'><strong>Constantio,</strong></span> <span class='ocrx_word' id='word_1_67' title='bbox 715 453 827 473; x_wconf 88' lang='lat' dir='ltr'><strong>monens</strong></span> <span class='ocrx_word' id='word_1_68' title='bbox 846 451 875 473; x_wconf 93' lang='lat' dir='ltr'><strong>ut</strong></span> <span class='ocrx_word' id='word_1_69' title='bbox 888 446 933 481; x_wconf 88' lang='lat' dir='ltr'><strong>qui</strong></span> <span class='ocrx_word' id='word_1_70' title='bbox 953 445 1051 478; x_wconf 70' lang='lat' dir='ltr'><strong>injuste</strong></span> 
     </span>
    </p>
   </div>
   <div class='ocr_carea' id='block_1_11' title="bbox 269 491 1049 525">
    <p class='ocr_par' dir='ltr' id='par_1_11' title="bbox 269 491 1049 525">
     <span class='ocr_line' id='line_1_11' title="bbox 269 491 1049 525; baseline 0 -8"><span class='ocrx_word' id='word_1_71' title='bbox 269 491 326 517; x_wconf 71' lang='grc' dir='ltr'><strong>Ιπιεί</strong></span> <span class='ocrx_word' id='word_1_72' title='bbox 343 495 433 518; x_wconf 84' lang='lat' dir='ltr'><strong>essent</strong></span> <span class='ocrx_word' id='word_1_73' title='bbox 449 491 506 518; x_wconf 86' lang='lat' dir='ltr'><strong>suis</strong></span> <span class='ocrx_word' id='word_1_74' title='bbox 527 491 727 525; x_wconf 81' lang='lat' dir='ltr'><strong>episcopalibus</strong></span> <span class='ocrx_word' id='word_1_75' title='bbox 748 491 964 518; x_wconf 85' lang='lat' dir='ltr'><strong>restituerentur.</strong></span> <span class='ocrx_word' id='word_1_76' title='bbox 983 491 1049 518; x_wconf 85' lang='lat' dir='ltr'><strong>Cum</strong></span> 
     </span>
    </p>
   </div>
   <div class='ocr_carea' id='block_1_12' title="bbox 270 537 1051 571">
    <p class='ocr_par' dir='ltr' id='par_1_12' title="bbox 270 537 1051 571">
     <span class='ocr_line' id='line_1_12' title="bbox 270 537 1051 571; baseline 0 -7"><span class='ocrx_word' id='word_1_77' title='bbox 270 542 359 564; x_wconf 88' lang='lat' dir='ltr'><strong>autetn</strong></span> <span class='ocrx_word' id='word_1_78' title='bbox 375 537 440 564; x_wconf 87' lang='lat' dir='ltr'><strong>nihil</strong></span> <span class='ocrx_word' id='word_1_79' title='bbox 455 537 635 571; x_wconf 81' lang='lat' dir='ltr'><strong>impetrasset,</strong></span> <span class='ocrx_word' id='word_1_80' title='bbox 652 541 747 571; x_wconf 81' lang='lat' dir='ltr'><strong>rogant</strong></span> <span class='ocrx_word' id='word_1_81' title='bbox 768 544 828 563; x_wconf 88' lang='lat' dir='ltr'><strong>eum</strong></span> <span class='ocrx_word' id='word_1_82' title='bbox 848 537 1011 564; x_wconf 80' lang='lat' dir='ltr'><strong>Athanasius</strong></span> <span class='ocrx_word' id='word_1_83' title='bbox 1025 541 1051 564; x_wconf 89' lang='lat' dir='ltr'><strong>et</strong></span> 
     </span>
    </p>
   </div>
   <div class='ocr_carea' id='block_1_13' title="bbox 270 581 1050 617">
    <p class='ocr_par' dir='ltr' id='par_1_13' title="bbox 270 581 1050 617">
     <span class='ocr_line' id='line_1_13' title="bbox 270 581 1050 617; baseline -0.001 -8"><span class='ocrx_word' id='word_1_84' title='bbox 270 582 347 615; x_wconf 87' lang='lat' dir='ltr'><strong>socii,</strong></span> <span class='ocrx_word' id='word_1_85' title='bbox 362 586 391 609; x_wconf 93' lang='lat' dir='ltr'><strong>ut</strong></span> <span class='ocrx_word' id='word_1_86' title='bbox 404 582 430 609; x_wconf 93' lang='lat' dir='ltr'><strong>in</strong></span> <span class='ocrx_word' id='word_1_87' title='bbox 447 581 613 609; x_wconf 69' lang='lat' dir='ltr'><strong>cacumenica</strong></span> <span class='ocrx_word' id='word_1_88' title='bbox 628 582 741 617; x_wconf 83' lang='lat' dir='ltr'><strong>synodo,</strong></span> <span class='ocrx_word' id='word_1_89' title='bbox 759 589 819 609; x_wconf 92' lang='lat' dir='ltr'><strong>cum</strong></span> <span class='ocrx_word' id='word_1_90' title='bbox 841 581 874 609; x_wconf 88' lang='lat' dir='ltr'><strong>de</strong></span> <span class='ocrx_word' id='word_1_91' title='bbox 888 584 967 610; x_wconf 84' lang='lat' dir='ltr'><strong>rebus</strong></span> <span class='ocrx_word' id='word_1_92' title='bbox 982 581 1050 613; x_wconf 89' lang='lat' dir='ltr'><strong>suis,</strong></span> 
     </span>
    </p>
   </div>
   <div class='ocr_carea' id='block_1_14' title="bbox 269 627 1050 662">
    <p class='ocr_par' dir='ltr' id='par_1_14' title="bbox 269 627 1050 662">
     <span class='ocr_line' id='line_1_14' title="bbox 269 627 1050 662; baseline -0.003 -7"><span class='ocrx_word' id='word_1_93' title='bbox 269 633 326 655; x_wconf 87' lang='lat' dir='ltr'><strong>tum</strong></span> <span class='ocrx_word' id='word_1_94' title='bbox 345 627 378 655; x_wconf 91' lang='lat' dir='ltr'><strong>de</strong></span> <span class='ocrx_word' id='word_1_95' title='bbox 394 627 457 655; x_wconf 67' lang='lat' dir='ltr'><strong>laesa</strong></span> <span class='ocrx_word' id='word_1_96' title='bbox 476 627 528 654; x_wconf 84' lang='lat' dir='ltr'><strong>[ide</strong></span> <span class='ocrx_word' id='word_1_97' title='bbox 541 627 718 662; x_wconf 88' lang='lat' dir='ltr'><strong>judicaretur.</strong></span> <span class='ocrx_word' id='word_1_98' title='bbox 735 627 874 654; x_wconf 88' lang='lat' dir='ltr'><strong>Consensu</strong></span> <span class='ocrx_word' id='word_1_99' title='bbox 892 627 981 661; x_wconf 78' lang='lat' dir='ltr'><strong>itaque</strong></span> <span class='ocrx_word' id='word_1_100' title='bbox 995 634 1050 653; x_wconf 91' lang='lat' dir='ltr'><strong>am-</strong></span> 
     </span>
    </p>
   </div>
   <div class='ocr_carea' id='block_1_15' title="bbox 271 671 1049 708">
    <p class='ocr_par' dir='ltr' id='par_1_15' title="bbox 271 671 1049 708">
     <span class='ocr_line' id='line_1_15' title="bbox 271 671 1049 708; baseline -0.001 -8"><span class='ocrx_word' id='word_1_101' title='bbox 271 673 369 700; x_wconf 84' lang='lat' dir='ltr'><strong>borum</strong></span> <span class='ocrx_word' id='word_1_102' title='bbox 390 673 581 708; x_wconf 89' lang='lat' dir='ltr'><strong>imperatorum</strong></span> <span class='ocrx_word' id='word_1_103' title='bbox 607 671 724 700; x_wconf 69' lang='lat' dir='ltr'><strong>Sardicz‘c</strong></span> <span class='ocrx_word' id='word_1_104' title='bbox 740 673 868 700; x_wconf 83' lang='lat' dir='ltr'><strong>indicitur</strong></span> <span class='ocrx_word' id='word_1_105' title='bbox 884 673 1049 701; x_wconf 79' lang='lat' dir='ltr'><strong>(ecumenica</strong></span> 
     </span>
    </p>
   </div>
   <div class='ocr_carea' id='block_1_16' title="bbox 270 720 1051 756">
    <p class='ocr_par' dir='ltr' id='par_1_16' title="bbox 270 720 1051 756">
     <span class='ocr_line' id='line_1_16' title="bbox 270 720 1051 756; baseline -0.004 -8"><span class='ocrx_word' id='word_1_106' title='bbox 270 720 398 756; x_wconf 85' lang='lat' dir='ltr'><strong>synodus,</strong></span> <span class='ocrx_word' id='word_1_107' title='bbox 413 720 557 748; x_wconf 89' lang='lat' dir='ltr'><strong>undecimo</strong></span> <span class='ocrx_word' id='word_1_108' title='bbox 572 726 642 746; x_wconf 90' lang='lat' dir='ltr'><strong>anno</strong></span> <span class='ocrx_word' id='word_1_109' title='bbox 662 727 676 747; x_wconf 90' lang='lat' dir='ltr'><strong>a</strong></span> <span class='ocrx_word' id='word_1_110' title='bbox 700 725 787 748; x_wconf 88' lang='lat' dir='ltr'><strong>morte</strong></span> <span class='ocrx_word' id='word_1_111' title='bbox 808 720 975 748; x_wconf 73' lang='lat' dir='ltr'><strong>Constantini</strong></span> <span class='ocrx_word' id='word_1_112' title='bbox 1000 720 1051 746; x_wconf 80' lang='lat' dir='ltr'><strong>im-</strong></span> 
     </span>
    </p>
   </div>
   <div class='ocr_carea' id='block_1_17' title="bbox 269 763 1049 800">
    <p class='ocr_par' dir='ltr' id='par_1_17' title="bbox 269 763 1049 800">
     <span class='ocr_line' id='line_1_17' title="bbox 269 763 1049 800; baseline -0.004 -8"><span class='ocrx_word' id='word_1_113' title='bbox 269 770 425 800; x_wconf 83' lang='lat' dir='ltr'><strong>peratorum</strong></span> <span class='ocrx_word' id='word_1_114' title='bbox 456 765 552 799; x_wconf 83' lang='lat' dir='ltr'><strong>patris.</strong></span> <span class='ocrx_word' id='word_1_115' title='bbox 580 764 617 791; x_wconf 78' lang='lat' dir='ltr'><strong>Ex</strong></span> <span class='ocrx_word' id='word_1_116' title='bbox 644 763 790 792; x_wconf 79' lang='lat' dir='ltr'><strong>Occidente</strong></span> <span class='ocrx_word' id='word_1_117' title='bbox 815 770 904 792; x_wconf 86' lang='lat' dir='ltr'><strong>autem</strong></span> <span class='ocrx_word' id='word_1_118' title='bbox 931 765 1049 798; x_wconf 80' lang='lat' dir='ltr'><strong>episcopi</strong></span> 
     </span>
    </p>
   </div>
   <div class='ocr_carea' id='block_1_18' title="bbox 269 809 1052 845">
    <p class='ocr_par' dir='ltr' id='par_1_18' title="bbox 269 809 1052 845">
     <span class='ocr_line' id='line_1_18' title="bbox 269 809 1052 845; baseline -0.003 -7"><span class='ocrx_word' id='word_1_119' title='bbox 269 817 419 838; x_wconf 85' lang='lat' dir='ltr'><strong>convenere</strong></span> <span class='ocrx_word' id='word_1_120' title='bbox 434 809 493 845; x_wconf 90' lang='lat' dir='ltr'><strong>plus</strong></span> <span class='ocrx_word' id='word_1_121' title='bbox 510 811 636 838; x_wconf 84' lang='lat' dir='ltr'><strong>trecentis</strong></span> <span class='ocrx_word' id='word_1_122' title='bbox 652 820 658 837; x_wconf 90' lang='lat'>:</span> <span class='ocrx_word' id='word_1_123' title='bbox 678 819 710 838; x_wconf 76' lang='lat' dir='ltr'><strong>ex</strong></span> <span class='ocrx_word' id='word_1_124' title='bbox 722 810 833 838; x_wconf 85' lang='lat' dir='ltr'><strong>Oriente</strong></span> <span class='ocrx_word' id='word_1_125' title='bbox 845 814 947 836; x_wconf 88' lang='lat' dir='ltr'><strong>tantum</strong></span> <span class='ocrx_word' id='word_1_126' title='bbox 966 817 1011 836; x_wconf 80' lang='lat' dir='ltr'><strong>sex</strong></span> <span class='ocrx_word' id='word_1_127' title='bbox 1025 814 1052 836; x_wconf 82' lang='lat' dir='ltr'><strong>et</strong></span> 
     </span>
    </p>
   </div>
   <div class='ocr_carea' id='block_1_19' title="bbox 270 856 1051 892">
    <p class='ocr_par' dir='ltr' id='par_1_19' title="bbox 270 856 1051 892">
     <span class='ocr_line' id='line_1_19' title="bbox 270 856 1051 892; baseline -0.001 -9"><span class='ocrx_word' id='word_1_128' title='bbox 270 856 455 892; x_wconf 74' lang='lat' dir='ltr'><strong>septuaginta,</strong></span> <span class='ocrx_word' id='word_1_129' title='bbox 480 856 578 890; x_wconf 85' lang='lat' dir='ltr'><strong>quibus</strong></span> <span class='ocrx_word' id='word_1_130' title='bbox 608 857 838 884; x_wconf 84' lang='lat' dir='ltr'><strong>annumerabatur</strong></span> <span class='ocrx_word' id='word_1_131' title='bbox 869 857 992 891; x_wconf 87' lang='lat' dir='ltr'><strong>lschyras</strong></span> <span class='ocrx_word' id='word_1_132' title='bbox 1023 861 1051 882; x_wconf 91' lang='lat' dir='ltr'><strong>ut</strong></span> 
     </span>
    </p>
   </div>
   <div class='ocr_carea' id='block_1_20' title="bbox 270 901 1050 937">
    <p class='ocr_par' dir='ltr' id='par_1_20' title="bbox 270 901 1050 937">
     <span class='ocr_line' id='line_1_20' title="bbox 270 901 1050 937; baseline -0.003 -8"><span class='ocrx_word' id='word_1_133' title='bbox 270 903 421 937; x_wconf 85' lang='lat' dir='ltr'><strong>episcopus.</strong></span> <span class='ocrx_word' id='word_1_134' title='bbox 435 901 501 928; x_wconf 89' lang='lat' dir='ltr'><strong>Cum</strong></span> <span class='ocrx_word' id='word_1_135' title='bbox 522 902 602 937; x_wconf 79' lang='lat' dir='ltr'><strong>igitur</strong></span> <span class='ocrx_word' id='word_1_136' title='bbox 615 902 732 929; x_wconf 70' lang='lat' dir='ltr'><strong>Sardicaa</strong></span> <span class='ocrx_word' id='word_1_137' title='bbox 745 902 932 929; x_wconf 87' lang='lat' dir='ltr'><strong>convenissent</strong></span> <span class='ocrx_word' id='word_1_138' title='bbox 947 908 1050 933; x_wconf 86' lang='lat' dir='ltr'><strong>omnes,</strong></span> 
     </span>
    </p>
   </div>
   <div class='ocr_carea' id='block_1_21' title="bbox 271 947 1052 981">
    <p class='ocr_par' dir='ltr' id='par_1_21' title="bbox 271 947 1052 981">
     <span class='ocr_line' id='line_1_21' title="bbox 271 947 1052 981; baseline -0.003 -7"><span class='ocrx_word' id='word_1_139' title='bbox 271 947 424 975; x_wconf 83' lang='lat' dir='ltr'><strong>Orientales</strong></span> <span class='ocrx_word' id='word_1_140' title='bbox 437 947 464 974; x_wconf 92' lang='lat' dir='ltr'><strong>in</strong></span> <span class='ocrx_word' id='word_1_141' title='bbox 481 953 654 981; x_wconf 75' lang='lat' dir='ltr'><strong>conspectum</strong></span> <span class='ocrx_word' id='word_1_142' title='bbox 671 948 764 974; x_wconf 90' lang='lat' dir='ltr'><strong>venire</strong></span> <span class='ocrx_word' id='word_1_143' title='bbox 779 947 990 974; x_wconf 84' lang='lat' dir='ltr'><strong>Occidentalium</strong></span> <span class='ocrx_word' id='word_1_144' title='bbox 1009 953 1052 973; x_wconf 91' lang='lat' dir='ltr'><strong>re-</strong></span> 
     </span>
    </p>
   </div>
   <div class='ocr_carea' id='block_1_22' title="bbox 272 993 1051 1029">
    <p class='ocr_par' dir='ltr' id='par_1_22' title="bbox 272 993 1051 1029">
     <span class='ocr_line' id='line_1_22' title="bbox 272 993 1051 1029; baseline -0.003 -8"><span class='ocrx_word' id='word_1_145' title='bbox 272 995 413 1026; x_wconf 81' lang='lat' dir='ltr'><strong>cusabant,</strong></span> <span class='ocrx_word' id='word_1_146' title='bbox 443 994 494 1022; x_wconf 86' lang='lat' dir='ltr'><strong>nisi</strong></span> <span class='ocrx_word' id='word_1_147' title='bbox 522 995 596 1029; x_wconf 90' lang='lat' dir='ltr'><strong>prius</strong></span> <span class='ocrx_word' id='word_1_148' title='bbox 620 994 798 1021; x_wconf 87' lang='lat' dir='ltr'><strong>Athanasium</strong></span> <span class='ocrx_word' id='word_1_149' title='bbox 826 998 852 1020; x_wconf 91' lang='lat' dir='ltr'><strong>et</strong></span> <span class='ocrx_word' id='word_1_150' title='bbox 880 993 992 1020; x_wconf 86' lang='lat' dir='ltr'><strong>Paulum</strong></span> <span class='ocrx_word' id='word_1_151' title='bbox 1018 1000 1051 1020; x_wconf 83' lang='lat' dir='ltr'><strong>ex</strong></span> 
     </span>
    </p>
   </div>
   <div class='ocr_carea' id='block_1_23' title="bbox 1137 400 1880 437">
    <p class='ocr_par' dir='ltr' id='par_1_23' title="bbox 1137 400 1880 437">
     <span class='ocr_line' id='line_1_23' title="bbox 1137 400 1880 437; baseline 0.001 -10"><span class='ocrx_word' id='word_1_152' title='bbox 1137 401 1164 428; x_wconf 89' lang='lat'><strong>9.</strong></span> <span class='ocrx_word' id='word_1_153' title='bbox 1180 401 1200 426; x_wconf 89' lang='grc' dir='ltr'><strong><em>Γ</em></strong></span> <span class='ocrx_word' id='word_1_154' title='bbox 1203 401 1283 436; x_wconf 75' lang='grc' dir='ltr'>ράιρει</span> <span class='ocrx_word' id='word_1_155' title='bbox 1309 401 1337 427; x_wconf 82' lang='grc' dir='ltr'>δὲ</span> <span class='ocrx_word' id='word_1_156' title='bbox 1361 401 1500 434; x_wconf 83' lang='grc' dir='ltr'>Κώνστας,</span> <span class='ocrx_word' id='word_1_157' title='bbox 1526 401 1564 436; x_wconf 84' lang='grc' dir='ltr'>τῷ</span> <span class='ocrx_word' id='word_1_158' title='bbox 1587 400 1692 436; x_wconf 77' lang='grc' dir='ltr'>ἀδελφῷ</span> <span class='ocrx_word' id='word_1_159' title='bbox 1708 401 1880 437; x_wconf 84' lang='grc' dir='ltr'>Κωνσταντίῳ</span> 
     </span>
    </p>
   </div>
   <div class='ocr_carea' id='block_1_24' title="bbox 1102 446 1878 482">
    <p class='ocr_par' dir='ltr' id='par_1_24' title="bbox 1102 446 1878 482">
     <span class='ocr_line' id='line_1_24' title="bbox 1102 446 1878 482; baseline 0.001 -10"><span class='ocrx_word' id='word_1_160' title='bbox 1102 446 1354 482; x_wconf 77' lang='grc' dir='ltr'><strong>συμπαρορμῶντος</strong></span> <span class='ocrx_word' id='word_1_161' title='bbox 1368 447 1449 474; x_wconf 75' lang='grc' dir='ltr'>αὑτὸν</span> <span class='ocrx_word' id='word_1_162' title='bbox 1466 447 1512 473; x_wconf 79' lang='grc' dir='ltr'>καὶ</span> <span class='ocrx_word' id='word_1_163' title='bbox 1533 446 1579 472; x_wconf 78' lang='grc' dir='ltr'>τοῦ</span> <span class='ocrx_word' id='word_1_164' title='bbox 1595 446 1744 482; x_wconf 80' lang='grc' dir='ltr'><strong>ἀρχιερέως</strong></span> <span class='ocrx_word' id='word_1_165' title='bbox 1766 447 1878 480; x_wconf 83' lang='grc' dir='ltr'>Ἰουλίου,</span> 
     </span>
    </p>
   </div>
   <div class='ocr_carea' id='block_1_25' title="bbox 1101 491 1880 528">
    <p class='ocr_par' dir='ltr' id='par_1_25' title="bbox 1101 491 1880 528">
     <span class='ocr_line' id='line_1_25' title="bbox 1101 491 1880 528; baseline 0.003 -11"><span class='ocrx_word' id='word_1_166' title='bbox 1101 491 1170 517; x_wconf 86' lang='grc' dir='ltr'>ὥστε</span> <span class='ocrx_word' id='word_1_167' title='bbox 1187 491 1236 522; x_wconf 77' lang='grc' dir='ltr'><strong>τὰς</strong></span> <span class='ocrx_word' id='word_1_168' title='bbox 1256 491 1322 523; x_wconf 79' lang='grc' dir='ltr'>ἰδίοις</span> <span class='ocrx_word' id='word_1_169' title='bbox 1344 491 1495 522; x_wconf 77' lang='grc' dir='ltr'>ὲπισκοπὰς</span> <span class='ocrx_word' id='word_1_170' title='bbox 1514 491 1657 518; x_wconf 78' lang='grc' dir='ltr'>ἀναλαϐεῖν</span> <span class='ocrx_word' id='word_1_171' title='bbox 1677 491 1740 523; x_wconf 76' lang='grc' dir='ltr'>τοὺς</span> <span class='ocrx_word' id='word_1_172' title='bbox 1756 492 1880 528; x_wconf 76' lang='grc' dir='ltr'>ἠδικημέ-</span> 
     </span>
    </p>
   </div>
   <div class='ocr_carea' id='block_1_26' title="bbox 1101 536 1882 573">
    <p class='ocr_par' dir='ltr' id='par_1_26' title="bbox 1101 536 1882 573">
     <span class='ocr_line' id='line_1_26' title="bbox 1101 536 1882 573; baseline 0.003 -11"><span class='ocrx_word' id='word_1_173' title='bbox 1101 545 1171 568; x_wconf 82' lang='grc' dir='ltr'>νους.</span> <span class='ocrx_word' id='word_1_174' title='bbox 1203 538 1245 568; x_wconf 82' lang='grc' dir='ltr'><strong>Ὡς</strong></span> <span class='ocrx_word' id='word_1_175' title='bbox 1269 537 1297 563; x_wconf 87' lang='grc' dir='ltr'>δὲ</span> <span class='ocrx_word' id='word_1_176' title='bbox 1319 537 1393 564; x_wconf 77' lang='grc' dir='ltr'>οὐδὲν</span> <span class='ocrx_word' id='word_1_177' title='bbox 1413 537 1502 571; x_wconf 76' lang='grc' dir='ltr'>ἤνυεν,</span> <span class='ocrx_word' id='word_1_178' title='bbox 1526 536 1645 570; x_wconf 79' lang='grc' dir='ltr'>ἀξιοῦσιν</span> <span class='ocrx_word' id='word_1_179' title='bbox 1671 537 1750 563; x_wconf 83' lang='grc' dir='ltr'>αὐτὸν</span> <span class='ocrx_word' id='word_1_180' title='bbox 1776 538 1799 564; x_wconf 82' lang='grc' dir='ltr'>οἱ</span> <span class='ocrx_word' id='word_1_181' title='bbox 1824 537 1882 573; x_wconf 77' lang='grc' dir='ltr'>περὶ</span> 
     </span>
    </p>
   </div>
   <div class='ocr_carea' id='block_1_27' title="bbox 1108 582 1881 618">
    <p class='ocr_par' dir='ltr' id='par_1_27' title="bbox 1108 582 1881 618">
     <span class='ocr_line' id='line_1_27' title="bbox 1108 582 1881 618; baseline 0.001 -10"><span class='ocrx_word' id='word_1_182' title='bbox 1108 582 1265 609; x_wconf 79' lang='grc' dir='ltr'>Ἀθανὰσιον</span> <span class='ocrx_word' id='word_1_183' title='bbox 1284 584 1459 618; x_wconf 81' lang='grc' dir='ltr'>οὶκουμενικῇ</span> <span class='ocrx_word' id='word_1_184' title='bbox 1483 582 1583 618; x_wconf 84' lang='grc' dir='ltr'>συνόδῳ</span> <span class='ocrx_word' id='word_1_185' title='bbox 1605 583 1638 609; x_wconf 75' lang='grc' dir='ltr'>τὰ</span> <span class='ocrx_word' id='word_1_186' title='bbox 1662 583 1726 618; x_wconf 76' lang='grc' dir='ltr'>περὶ</span> <span class='ocrx_word' id='word_1_187' title='bbox 1745 582 1840 615; x_wconf 74' lang='grc' dir='ltr'>αὐτούς</span> <span class='ocrx_word' id='word_1_188' title='bbox 1855 591 1881 609; x_wconf 82' lang='grc' dir='ltr'><strong>τε</strong></span> 
     </span>
    </p>
   </div>
   <div class='ocr_carea' id='block_1_28' title="bbox 1101 629 1884 665">
    <p class='ocr_par' dir='ltr' id='par_1_28' title="bbox 1101 629 1884 665">
     <span class='ocr_line' id='line_1_28' title="bbox 1101 629 1884 665; baseline 0 -10"><span class='ocrx_word' id='word_1_189' title='bbox 1101 629 1149 656; x_wconf 77' lang='grc' dir='ltr'>καὶ</span> <span class='ocrx_word' id='word_1_190' title='bbox 1162 629 1213 664; x_wconf 84' lang='grc' dir='ltr'><strong>τῆς</strong></span> <span class='ocrx_word' id='word_1_191' title='bbox 1226 629 1495 665; x_wconf 78' lang='grc' dir='ltr'>συνεπηρεαζομένης</span> <span class='ocrx_word' id='word_1_192' title='bbox 1511 629 1626 660; x_wconf 86' lang='grc' dir='ltr'>πίστεως</span> <span class='ocrx_word' id='word_1_193' title='bbox 1638 629 1808 664; x_wconf 74' lang='grc' dir='ltr'>ἐπικριθῆναι</span> <span class='ocrx_word' id='word_1_194' title='bbox 1819 637 1824 644; x_wconf 93' lang='grc'><strong>·</strong></span> <span class='ocrx_word' id='word_1_195' title='bbox 1841 629 1884 655; x_wconf 73' lang='grc' dir='ltr'>καὶ.</span> 
     </span>
    </p>
   </div>
   <div class='ocr_carea' id='block_1_29' title="bbox 1102 673 1883 709">
    <p class='ocr_par' dir='ltr' id='par_1_29' title="bbox 1102 673 1883 709">
     <span class='ocr_line' id='line_1_29' title="bbox 1102 673 1883 709; baseline 0 -9"><span class='ocrx_word' id='word_1_196' title='bbox 1102 673 1268 709; x_wconf 77' lang='grc' dir='ltr'><strong>κηρύσσεται</strong></span> <span class='ocrx_word' id='word_1_197' title='bbox 1284 673 1380 709; x_wconf 82' lang='grc' dir='ltr'>γνώμῃ</span> <span class='ocrx_word' id='word_1_198' title='bbox 1394 673 1447 700; x_wconf 83' lang='grc' dir='ltr'>τῶν</span> <span class='ocrx_word' id='word_1_199' title='bbox 1463 674 1509 700; x_wconf 86' lang='grc' dir='ltr'>δύο</span> <span class='ocrx_word' id='word_1_200' title='bbox 1527 674 1657 708; x_wconf 82' lang='grc' dir='ltr'>βασιλέων</span> <span class='ocrx_word' id='word_1_201' title='bbox 1671 674 1741 700; x_wconf 84' lang='grc' dir='ltr'>κατὰ</span> <span class='ocrx_word' id='word_1_202' title='bbox 1757 673 1883 709; x_wconf 78' lang='grc' dir='ltr'>Σαρδικὴν</span> 
     </span>
    </p>
   </div>
   <div class='ocr_carea' id='block_1_30' title="bbox 1101 718 1884 756">
    <p class='ocr_par' dir='ltr' id='par_1_30' title="bbox 1101 718 1884 756">
     <span class='ocr_line' id='line_1_30' title="bbox 1101 718 1884 756; baseline -0.001 -10"><span class='ocrx_word' id='word_1_203' title='bbox 1101 720 1276 756; x_wconf 81' lang='grc' dir='ltr'>οίκουμενικὴ</span> <span class='ocrx_word' id='word_1_204' title='bbox 1294 720 1411 751; x_wconf 84' lang='grc' dir='ltr'>σύνοδος.</span> <span class='ocrx_word' id='word_1_205' title='bbox 1433 720 1591 746; x_wconf 85' lang='grc' dir='ltr'>Ἐνδέκατον</span> <span class='ocrx_word' id='word_1_206' title='bbox 1608 720 1630 746; x_wconf 88' lang='grc' dir='ltr'>δ’</span> <span class='ocrx_word' id='word_1_207' title='bbox 1644 718 1678 755; x_wconf 76' lang='grc' dir='ltr'><strong>ἦν</strong></span> <span class='ocrx_word' id='word_1_208' title='bbox 1694 720 1752 751; x_wconf 79' lang='grc' dir='ltr'>ἔτος</span> <span class='ocrx_word' id='word_1_209' title='bbox 1775 720 1827 746; x_wconf 85' lang='grc' dir='ltr'><strong>ἀπὸ</strong></span> <span class='ocrx_word' id='word_1_210' title='bbox 1840 719 1884 754; x_wconf 73' lang='grc' dir='ltr'>τῆς</span> 
     </span>
    </p>
   </div>
   <div class='ocr_carea' id='block_1_31' title="bbox 1105 765 1885 801">
    <p class='ocr_par' dir='ltr' id='par_1_31' title="bbox 1105 765 1885 801">
     <span class='ocr_line' id='line_1_31' title="bbox 1105 765 1885 801; baseline -0.003 -9"><span class='ocrx_word' id='word_1_211' title='bbox 1105 766 1233 801; x_wconf 79' lang='grc' dir='ltr'><strong>τελευτῆς</strong></span> <span class='ocrx_word' id='word_1_212' title='bbox 1255 766 1460 793; x_wconf 82' lang='grc' dir='ltr'>Κωνσταντίνου</span> <span class='ocrx_word' id='word_1_213' title='bbox 1477 766 1524 792; x_wconf 77' lang='grc' dir='ltr'><strong>τοῦ</strong></span> <span class='ocrx_word' id='word_1_214' title='bbox 1550 766 1653 801; x_wconf 76' lang='grc' dir='ltr'>πατρὸς</span> <span class='ocrx_word' id='word_1_215' title='bbox 1672 766 1726 792; x_wconf 82' lang='grc' dir='ltr'>τῶν</span> <span class='ocrx_word' id='word_1_216' title='bbox 1749 765 1885 800; x_wconf 84' lang='grc' dir='ltr'>βασιλέων.</span> 
     </span>
    </p>
   </div>
   <div class='ocr_carea' id='block_1_32' title="bbox 1107 810 1886 846">
    <p class='ocr_par' dir='ltr' id='par_1_32' title="bbox 1107 810 1886 846">
     <span class='ocr_line' id='line_1_32' title="bbox 1107 810 1886 846; baseline -0.001 -9"><span class='ocrx_word' id='word_1_217' title='bbox 1107 811 1154 837; x_wconf 87' lang='grc' dir='ltr'>Ἐκ</span> <span class='ocrx_word' id='word_1_218' title='bbox 1170 811 1255 846; x_wconf 77' lang='grc' dir='ltr'>μὲνδὴ</span> <span class='ocrx_word' id='word_1_219' title='bbox 1267 811 1315 846; x_wconf 82' lang='grc' dir='ltr'>τῆς</span> <span class='ocrx_word' id='word_1_220' title='bbox 1331 811 1475 846; x_wconf 77' lang='grc' dir='ltr'>Ἑσπερίας</span> <span class='ocrx_word' id='word_1_221' title='bbox 1487 811 1556 846; x_wconf 74' lang='grc' dir='ltr'>ὑπὲρ</span> <span class='ocrx_word' id='word_1_222' title='bbox 1569 812 1630 842; x_wconf 79' lang='grc' dir='ltr'>τοὺς</span> <span class='ocrx_word' id='word_1_223' title='bbox 1644 810 1815 846; x_wconf 75' lang='grc' dir='ltr'><strong>τριακοσίους</strong></span> <span class='ocrx_word' id='word_1_224' title='bbox 1829 818 1886 836; x_wconf 84' lang='grc' dir='ltr'>συν-</span> 
     </span>
    </p>
   </div>
   <div class='ocr_carea' id='block_1_33' title="bbox 1102 855 1887 892">
    <p class='ocr_par' dir='ltr' id='par_1_33' title="bbox 1102 855 1887 892">
     <span class='ocr_line' id='line_1_33' title="bbox 1102 855 1887 892; baseline -0.001 -9"><span class='ocrx_word' id='word_1_225' title='bbox 1102 857 1182 892; x_wconf 81' lang='grc' dir='ltr'>ῆλθον</span> <span class='ocrx_word' id='word_1_226' title='bbox 1198 857 1352 888; x_wconf 81' lang='grc' dir='ltr'>ἐπίσκοποι,</span> <span class='ocrx_word' id='word_1_227' title='bbox 1375 857 1407 883; x_wconf 78' lang='grc' dir='ltr'><strong>ἐκ</strong></span> <span class='ocrx_word' id='word_1_228' title='bbox 1427 857 1455 882; x_wconf 80' lang='grc' dir='ltr'>δὲ</span> <span class='ocrx_word' id='word_1_229' title='bbox 1470 857 1519 892; x_wconf 82' lang='grc' dir='ltr'><strong>τῆς</strong></span> <span class='ocrx_word' id='word_1_230' title='bbox 1540 857 1683 891; x_wconf 79' lang='grc' dir='ltr'>Ἀνατολῆς</span> <span class='ocrx_word' id='word_1_231' title='bbox 1705 857 1734 890; x_wconf 76' lang='grc' dir='ltr'>ἓξ</span> <span class='ocrx_word' id='word_1_232' title='bbox 1751 857 1824 891; x_wconf 89' lang='grc' dir='ltr'>μόνοι</span> <span class='ocrx_word' id='word_1_233' title='bbox 1844 855 1887 882; x_wconf 67' lang='grc' dir='ltr'>καὶ</span> 
     </span>
    </p>
   </div>
   <div class='ocr_carea' id='block_1_34' title="bbox 1102 901 1888 938">
    <p class='ocr_par' dir='ltr' id='par_1_34' title="bbox 1102 901 1888 938">
     <span class='ocr_line' id='line_1_34' title="bbox 1102 901 1888 938; baseline -0.004 -8"><span class='ocrx_word' id='word_1_234' title='bbox 1102 903 1304 938; x_wconf 72' lang='grc' dir='ltr'>ἐϐδομήκοντα,</span> <span class='ocrx_word' id='word_1_235' title='bbox 1327 905 1355 929; x_wconf 82' lang='grc' dir='ltr'><strong>έν</strong></span> <span class='ocrx_word' id='word_1_236' title='bbox 1379 901 1418 934; x_wconf 80' lang='grc' dir='ltr'><strong>οἷς</strong></span> <span class='ocrx_word' id='word_1_237' title='bbox 1433 904 1479 930; x_wconf 72' lang='grc' dir='ltr'><strong>καὶ</strong></span> <span class='ocrx_word' id='word_1_238' title='bbox 1501 904 1515 929; x_wconf 90' lang='grc' dir='ltr'>ὁ</span> <span class='ocrx_word' id='word_1_239' title='bbox 1531 903 1577 929; x_wconf 82' lang='grc' dir='ltr'>τοῦ</span> <span class='ocrx_word' id='word_1_240' title='bbox 1593 902 1743 938; x_wconf 84' lang='grc' dir='ltr'><strong>Μαρεώτου</strong></span> <span class='ocrx_word' id='word_1_241' title='bbox 1770 902 1888 937; x_wconf 83' lang='grc' dir='ltr'>Ίσχὺρας</span> 
     </span>
    </p>
   </div>
   <div class='ocr_carea' id='block_1_35' title="bbox 1102 946 1887 984">
    <p class='ocr_par' dir='ltr' id='par_1_35' title="bbox 1102 946 1887 984">
     <span class='ocr_line' id='line_1_35' title="bbox 1102 946 1887 984; baseline -0.001 -10"><span class='ocrx_word' id='word_1_242' title='bbox 1102 949 1242 984; x_wconf 75' lang='grc' dir='ltr'>ἠριθμεῖτο</span> <span class='ocrx_word' id='word_1_243' title='bbox 1254 949 1291 980; x_wconf 79' lang='grc' dir='ltr'><strong>ὡς</strong></span> <span class='ocrx_word' id='word_1_244' title='bbox 1303 949 1458 980; x_wconf 74' lang='grc' dir='ltr'><strong>ἐπίσκοπος.</strong></span> <span class='ocrx_word' id='word_1_245' title='bbox 1480 949 1523 980; x_wconf 79' lang='grc' dir='ltr'>Ὠς</span> <span class='ocrx_word' id='word_1_246' title='bbox 1539 946 1583 974; x_wconf 73' lang='grc' dir='ltr'>οὖν</span> <span class='ocrx_word' id='word_1_247' title='bbox 1599 949 1626 974; x_wconf 76' lang='grc' dir='ltr'><strong>ἐν</strong></span> <span class='ocrx_word' id='word_1_248' title='bbox 1642 949 1674 983; x_wconf 85' lang='grc' dir='ltr'>τῇ</span> <span class='ocrx_word' id='word_1_249' title='bbox 1693 947 1811 983; x_wconf 87' lang='grc' dir='ltr'>Σαρδικῇ</span> <span class='ocrx_word' id='word_1_250' title='bbox 1828 954 1887 973; x_wconf 75' lang='lat' dir='ltr'><strong>aw-</strong></span> 
     </span>
    </p>
   </div>
   <div class='ocr_carea' id='block_1_36' title="bbox 1102 993 1888 1030">
    <p class='ocr_par' dir='ltr' id='par_1_36' title="bbox 1102 993 1888 1030">
     <span class='ocr_line' id='line_1_36' title="bbox 1102 993 1888 1030; baseline -0.001 -10"><span class='ocrx_word' id='word_1_251' title='bbox 1102 995 1185 1030; x_wconf 73' lang='grc' dir='ltr'>ῄεσαν</span> <span class='ocrx_word' id='word_1_252' title='bbox 1201 995 1329 1026; x_wconf 77' lang='grc' dir='ltr'>ἅπαντες,</span> <span class='ocrx_word' id='word_1_253' title='bbox 1343 996 1367 1021; x_wconf 80' lang='grc' dir='ltr'><strong>οἱ</strong></span> <span class='ocrx_word' id='word_1_254' title='bbox 1380 995 1428 1030; x_wconf 72' lang='grc' dir='ltr'>τῆς</span> <span class='ocrx_word' id='word_1_255' title='bbox 1442 995 1589 1029; x_wconf 82' lang='grc' dir='ltr'><strong>’Λνατολῆς</strong></span> <span class='ocrx_word' id='word_1_256' title='bbox 1601 995 1640 1025; x_wconf 75' lang='grc' dir='ltr'>εἰς</span> <span class='ocrx_word' id='word_1_257' title='bbox 1650 993 1710 1028; x_wconf 66' lang='grc' dir='ltr'><strong>ὖψιν</strong></span> <span class='ocrx_word' id='word_1_258' title='bbox 1724 994 1780 1020; x_wconf 87' lang='grc' dir='ltr'><strong>τῶν</strong></span> <span class='ocrx_word' id='word_1_259' title='bbox 1797 994 1888 1020; x_wconf 66' lang='grc' dir='ltr'>Ἐσπεη</span> 
     </span>
    </p>
   </div>
   <div class='ocr_carea' id='block_1_37' title="bbox 272 1038 1056 1077">
    <p class='ocr_par' dir='ltr' id='par_1_37' title="bbox 272 1038 1050 1073">
     <span class='ocr_line' id='line_1_37' title="bbox 272 1038 1050 1073; baseline -0.004 -6"><span class='ocrx_word' id='word_1_260' title='bbox 272 1039 387 1067; x_wconf 85' lang='lat' dir='ltr'><strong>concilio</strong></span> <span class='ocrx_word' id='word_1_261' title='bbox 401 1039 542 1073; x_wconf 84' lang='lat' dir='ltr'><strong>pellerent.</strong></span> <span class='ocrx_word' id='word_1_262' title='bbox 555 1039 621 1066; x_wconf 82' lang='lat' dir='ltr'><strong>Tum</strong></span> <span class='ocrx_word' id='word_1_263' title='bbox 637 1038 802 1073; x_wconf 79' lang='lat' dir='ltr'><strong>Protogenes</strong></span> <span class='ocrx_word' id='word_1_264' title='bbox 814 1038 932 1065; x_wconf 80' lang='lat' dir='ltr'><strong>Sardicae</strong></span> <span class='ocrx_word' id='word_1_265' title='bbox 945 1039 1050 1073; x_wconf 86' lang='lat' dir='ltr'><strong>episco-</strong></span> 
     </span>
    </p>
   </div>
   <div class='ocr_carea' id='block_1_38' title="bbox 1109 1038 1888 1077">
    <p class='ocr_par' dir='ltr' id='par_1_38' title="bbox 1109 1039 1888 1077">
     <span class='ocr_line' id='line_1_38' title="bbox 1109 1039 1888 1077; baseline -0.004 -10"><span class='ocrx_word' id='word_1_266' title='bbox 1109 1042 1170 1077; x_wconf 84' lang='grc' dir='ltr'>ρίων</span> <span class='ocrx_word' id='word_1_267' title='bbox 1184 1041 1270 1068; x_wconf 70' lang='grc' dir='ltr'>ἐλθεῖν</span> <span class='ocrx_word' id='word_1_268' title='bbox 1285 1041 1482 1076; x_wconf 79' lang='grc' dir='ltr'>ἁπηρέσκοντο,</span> <span class='ocrx_word' id='word_1_269' title='bbox 1498 1041 1522 1067; x_wconf 84' lang='grc' dir='ltr'>εἰ</span> <span class='ocrx_word' id='word_1_270' title='bbox 1541 1041 1578 1076; x_wconf 82' lang='grc' dir='ltr'>μὴ</span> <span class='ocrx_word' id='word_1_271' title='bbox 1602 1040 1731 1076; x_wconf 83' lang='grc' dir='ltr'>πρότερον</span> <span class='ocrx_word' id='word_1_272' title='bbox 1745 1040 1808 1069; x_wconf 76' lang='grc' dir='ltr'>τοὺς</span> <span class='ocrx_word' id='word_1_273' title='bbox 1829 1039 1888 1074; x_wconf 76' lang='grc' dir='ltr'>περὶ</span> 
     </span>
    </p>
   </div>
   <div class='ocr_carea' id='block_1_39' title="bbox 269 1083 1054 1120">
    <p class='ocr_par' dir='ltr' id='par_1_39' title="bbox 269 1083 1054 1120">
     <span class='ocr_line' id='line_1_39' title="bbox 269 1083 1054 1120; baseline -0.004 -8"><span class='ocrx_word' id='word_1_274' title='bbox 269 1093 331 1120; x_wconf 86' lang='lat' dir='ltr'><strong>pus,</strong></span> <span class='ocrx_word' id='word_1_275' title='bbox 345 1085 441 1112; x_wconf 85' lang='lat' dir='ltr'><strong>ilosius</strong></span> <span class='ocrx_word' id='word_1_276' title='bbox 454 1085 585 1112; x_wconf 68' lang='lat' dir='ltr'><strong>Cordubae</strong></span> <span class='ocrx_word' id='word_1_277' title='bbox 605 1089 632 1112; x_wconf 89' lang='lat' dir='ltr'><strong>et</strong></span> <span class='ocrx_word' id='word_1_278' title='bbox 650 1084 744 1119; x_wconf 91' lang='lat' dir='ltr'><strong>reliqui</strong></span> <span class='ocrx_word' id='word_1_279' title='bbox 762 1084 893 1119; x_wconf 83' lang='lat' dir='ltr'><strong>episcopi,</strong></span> <span class='ocrx_word' id='word_1_280' title='bbox 909 1091 942 1110; x_wconf 90' lang='lat' dir='ltr'><strong>ne</strong></span> <span class='ocrx_word' id='word_1_281' title='bbox 961 1083 1054 1110; x_wconf 87' lang='lat' dir='ltr'><strong>audire</strong></span> 
     </span>
    </p>
   </div>
   <div class='ocr_carea' id='block_1_40' title="bbox 272 1129 1054 1165">
    <p class='ocr_par' dir='ltr' id='par_1_40' title="bbox 272 1129 1054 1165">
     <span class='ocr_line' id='line_1_40' title="bbox 272 1129 1054 1165; baseline -0.005 -7"><span class='ocrx_word' id='word_1_282' title='bbox 272 1131 380 1165; x_wconf 84' lang='lat' dir='ltr'><strong>quidem</strong></span> <span class='ocrx_word' id='word_1_283' title='bbox 395 1130 520 1164; x_wconf 83' lang='lat' dir='ltr'><strong>injustam</strong></span> <span class='ocrx_word' id='word_1_284' title='bbox 534 1137 626 1157; x_wconf 91' lang='lat' dir='ltr'><strong>eorum</strong></span> <span class='ocrx_word' id='word_1_285' title='bbox 637 1129 843 1164; x_wconf 89' lang='lat' dir='ltr'><strong>postulationem</strong></span> <span class='ocrx_word' id='word_1_286' title='bbox 858 1129 1010 1161; x_wconf 90' lang='lat' dir='ltr'><strong>voluerunt,</strong></span> <span class='ocrx_word' id='word_1_287' title='bbox 1026 1132 1054 1154; x_wconf 88' lang='lat' dir='ltr'><strong>ut</strong></span> 
     </span>
    </p>
   </div>
   <div class='ocr_carea' id='block_1_41' title="bbox 273 1174 1052 1210">
    <p class='ocr_par' dir='ltr' id='par_1_41' title="bbox 273 1174 1052 1210">
     <span class='ocr_line' id='line_1_41' title="bbox 273 1174 1052 1210; baseline -0.004 -8"><span class='ocrx_word' id='word_1_288' title='bbox 273 1175 378 1203; x_wconf 81' lang='lat' dir='ltr'><strong>scilicet</strong></span> <span class='ocrx_word' id='word_1_289' title='bbox 403 1175 476 1202; x_wconf 88' lang='lat' dir='ltr'><strong>viros</strong></span> <span class='ocrx_word' id='word_1_290' title='bbox 500 1182 549 1210; x_wconf 88' lang='lat' dir='ltr'><strong>pro</strong></span> <span class='ocrx_word' id='word_1_291' title='bbox 573 1174 668 1210; x_wconf 83' lang='lat' dir='ltr'><strong>quibus</strong></span> <span class='ocrx_word' id='word_1_292' title='bbox 689 1174 840 1209; x_wconf 83' lang='lat' dir='ltr'><strong>judicandis</strong></span> <span class='ocrx_word' id='word_1_293' title='bbox 860 1178 1052 1205; x_wconf 84' lang='lat' dir='ltr'><strong>convenerant,</strong></span> 
     </span>
    </p>
   </div>
   <div class='ocr_carea' id='block_1_42' title="bbox 274 1219 1051 1257">
    <p class='ocr_par' dir='ltr' id='par_1_42' title="bbox 274 1219 1051 1257">
     <span class='ocr_line' id='line_1_42' title="bbox 274 1219 1051 1257; baseline -0.003 -9"><span class='ocrx_word' id='word_1_294' title='bbox 274 1223 377 1256; x_wconf 83' lang='lat' dir='ltr'><strong>absque</strong></span> <span class='ocrx_word' id='word_1_295' title='bbox 386 1221 486 1256; x_wconf 66' lang='lat' dir='ltr'><strong>praevio</strong></span> <span class='ocrx_word' id='word_1_296' title='bbox 498 1221 601 1257; x_wconf 89' lang='lat' dir='ltr'><strong>judicio</strong></span> <span class='ocrx_word' id='word_1_297' title='bbox 615 1221 826 1248; x_wconf 82' lang='lat' dir='ltr'><strong>condemnarent</strong></span> <span class='ocrx_word' id='word_1_298' title='bbox 840 1225 866 1247; x_wconf 93' lang='lat' dir='ltr'><strong>et</strong></span> <span class='ocrx_word' id='word_1_299' title='bbox 877 1219 1051 1254; x_wconf 84' lang='lat' dir='ltr'><strong>expellerent.</strong></span> 
     </span>
    </p>
   </div>
   <div class='ocr_carea' id='block_1_43' title="bbox 271 1265 1051 1303">
    <p class='ocr_par' dir='ltr' id='par_1_43' title="bbox 271 1265 1051 1303">
     <span class='ocr_line' id='line_1_43' title="bbox 271 1265 1051 1303; baseline -0.003 -9"><span class='ocrx_word' id='word_1_300' title='bbox 271 1267 341 1299; x_wconf 75' lang='lat' dir='ltr'><strong>Hinc</strong></span> <span class='ocrx_word' id='word_1_301' title='bbox 358 1266 507 1296; x_wconf 84' lang='lat' dir='ltr'><strong>Orientales</strong></span> <span class='ocrx_word' id='word_1_302' title='bbox 523 1274 584 1294; x_wconf 86' lang='lat' dir='ltr'><strong>sese</strong></span> <span class='ocrx_word' id='word_1_303' title='bbox 600 1274 622 1303; x_wconf 62' lang='grc' dir='ltr'><strong>,τι</strong></span> <span class='ocrx_word' id='word_1_304' title='bbox 646 1265 851 1294; x_wconf 84' lang='lat' dir='ltr'><strong>Sardicensibus</strong></span> <span class='ocrx_word' id='word_1_305' title='bbox 870 1270 1051 1300; x_wconf 80' lang='lat' dir='ltr'><strong>segregantes,</strong></span> 
     </span>
    </p>
   </div>
   <div class='ocr_carea' id='block_1_44' title="bbox 272 1311 1053 1349">
    <p class='ocr_par' dir='ltr' id='par_1_44' title="bbox 272 1311 1053 1349">
     <span class='ocr_line' id='line_1_44' title="bbox 272 1311 1053 1349; baseline -0.004 -9"><span class='ocrx_word' id='word_1_306' title='bbox 272 1313 452 1349; x_wconf 87' lang='lat' dir='ltr'><strong>Philippopoli</strong></span> <span class='ocrx_word' id='word_1_307' title='bbox 469 1317 687 1347; x_wconf 78' lang='lat' dir='ltr'><strong>congregantur:</strong></span> <span class='ocrx_word' id='word_1_308' title='bbox 712 1311 800 1346; x_wconf 84' lang='lat' dir='ltr'><strong>ibique</strong></span> <span class='ocrx_word' id='word_1_309' title='bbox 817 1311 1053 1339; x_wconf 87' lang='lat' dir='ltr'><strong>consubstantiali-</strong></span> 
     </span>
    </p>
   </div>
   <div class='ocr_carea' id='block_1_45' title="bbox 273 1356 1054 1393">
    <p class='ocr_par' dir='ltr' id='par_1_45' title="bbox 273 1356 1054 1393">
     <span class='ocr_line' id='line_1_45' title="bbox 273 1356 1054 1393; baseline -0.006 -6"><span class='ocrx_word' id='word_1_310' title='bbox 273 1363 366 1391; x_wconf 84' lang='lat' dir='ltr'><strong>tatem,</strong></span> <span class='ocrx_word' id='word_1_311' title='bbox 380 1366 433 1385; x_wconf 91' lang='lat' dir='ltr'><strong>non</strong></span> <span class='ocrx_word' id='word_1_312' title='bbox 443 1357 499 1393; x_wconf 78' lang='lat' dir='ltr'><strong>jam</strong></span> <span class='ocrx_word' id='word_1_313' title='bbox 509 1357 678 1385; x_wconf 84' lang='lat' dir='ltr'><strong>clandestina</strong></span> <span class='ocrx_word' id='word_1_314' title='bbox 692 1356 835 1389; x_wconf 86' lang='lat' dir='ltr'><strong>sententia,</strong></span> <span class='ocrx_word' id='word_1_315' title='bbox 852 1357 899 1384; x_wconf 89' lang='lat' dir='ltr'><strong>sed</strong></span> <span class='ocrx_word' id='word_1_316' title='bbox 917 1356 1054 1391; x_wconf 81' lang='lat' dir='ltr'><strong>propalam</strong></span> 
     </span>
    </p>
   </div>
   <div class='ocr_carea' id='block_1_46' title="bbox 275 1403 1056 1439">
    <p class='ocr_par' dir='ltr' id='par_1_46' title="bbox 275 1403 1056 1439">
     <span class='ocr_line' id='line_1_46' title="bbox 275 1403 1056 1439; baseline -0.005 -6"><span class='ocrx_word' id='word_1_317' title='bbox 275 1405 370 1434; x_wconf 84' lang='lat' dir='ltr'><strong>audaci</strong></span> <span class='ocrx_word' id='word_1_318' title='bbox 394 1404 484 1439; x_wconf 77' lang='lat' dir='ltr'><strong>lingua</strong></span> <span class='ocrx_word' id='word_1_319' title='bbox 507 1404 733 1437; x_wconf 88' lang='lat' dir='ltr'><strong>condetnnarunt,</strong></span> <span class='ocrx_word' id='word_1_320' title='bbox 754 1403 1056 1437; x_wconf 83' lang='lat' dir='ltr'><strong>dissimilitudinemque</strong></span> 
     </span>
    </p>
   </div>
   <div class='ocr_carea' id='block_1_47' title="bbox 275 1448 1055 1484">
    <p class='ocr_par' dir='ltr' id='par_1_47' title="bbox 275 1448 1055 1484">
     <span class='ocr_line' id='line_1_47' title="bbox 275 1448 1055 1484; baseline -0.004 -6"><span class='ocrx_word' id='word_1_321' title='bbox 275 1450 433 1478; x_wconf 79' lang='lat' dir='ltr'><strong>substantiae</strong></span> <span class='ocrx_word' id='word_1_322' title='bbox 460 1450 643 1478; x_wconf 80' lang='lat' dir='ltr'><strong>declararunt.</strong></span> <span class='ocrx_word' id='word_1_323' title='bbox 671 1449 739 1477; x_wconf 88' lang='lat' dir='ltr'><strong>Tum</strong></span> <span class='ocrx_word' id='word_1_324' title='bbox 769 1449 849 1484; x_wconf 89' lang='lat' dir='ltr'><strong>impia</strong></span> <span class='ocrx_word' id='word_1_325' title='bbox 878 1456 927 1477; x_wconf 88' lang='lat' dir='ltr'><strong>sua</strong></span> <span class='ocrx_word' id='word_1_326' title='bbox 948 1448 1055 1476; x_wconf 89' lang='lat' dir='ltr'><strong>decreta</strong></span> 
     </span>
    </p>
   </div>
   <div class='ocr_carea' id='block_1_48' title="bbox 274 1494 1055 1531">
    <p class='ocr_par' dir='ltr' id='par_1_48' title="bbox 274 1494 1055 1531">
     <span class='ocr_line' id='line_1_48' title="bbox 274 1494 1055 1531; baseline -0.005 -7"><span class='ocrx_word' id='word_1_327' title='bbox 274 1496 483 1524; x_wconf 86' lang='lat' dir='ltr'><strong>transmiserunt</strong></span> <span class='ocrx_word' id='word_1_328' title='bbox 498 1496 609 1531; x_wconf 89' lang='lat' dir='ltr'><strong>ubique.</strong></span> <span class='ocrx_word' id='word_1_329' title='bbox 631 1495 810 1523; x_wconf 85' lang='lat' dir='ltr'><strong>Sardicenses</strong></span> <span class='ocrx_word' id='word_1_330' title='bbox 826 1498 917 1522; x_wconf 89' lang='lat' dir='ltr'><strong>autem</strong></span> <span class='ocrx_word' id='word_1_331' title='bbox 940 1494 1055 1529; x_wconf 92' lang='lat' dir='ltr'><strong>primum</strong></span> 
     </span>
    </p>
   </div>
   <div class='ocr_carea' id='block_1_49' title="bbox 275 1540 1055 1576">
    <p class='ocr_par' dir='ltr' id='par_1_49' title="bbox 275 1540 1055 1576">
     <span class='ocr_line' id='line_1_49' title="bbox 275 1540 1055 1576; baseline -0.004 -8"><span class='ocrx_word' id='word_1_332' title='bbox 275 1542 384 1576; x_wconf 86' lang='lat' dir='ltr'><strong>quidem</strong></span> <span class='ocrx_word' id='word_1_333' title='bbox 402 1549 448 1570; x_wconf 86' lang='lat' dir='ltr'><strong>eos</strong></span> <span class='ocrx_word' id='word_1_334' title='bbox 469 1542 514 1576; x_wconf 90' lang='lat' dir='ltr'><strong>qui</strong></span> <span class='ocrx_word' id='word_1_335' title='bbox 537 1541 731 1568; x_wconf 82' lang='lat' dir='ltr'><strong>abscessissent</strong></span> <span class='ocrx_word' id='word_1_336' title='bbox 752 1540 865 1568; x_wconf 78' lang='lat' dir='ltr'><strong>deserta:</strong></span> <span class='ocrx_word' id='word_1_337' title='bbox 889 1547 977 1566; x_wconf 75' lang='lat' dir='ltr'><strong>causre</strong></span> <span class='ocrx_word' id='word_1_338' title='bbox 991 1546 1055 1566; x_wconf 92' lang='lat' dir='ltr'><strong>con-</strong></span> 
     </span>
    </p>
   </div>
   <div class='ocr_carea' id='block_1_50' title="bbox 274 1585 1056 1620">
    <p class='ocr_par' dir='ltr' id='par_1_50' title="bbox 274 1585 1056 1620">
     <span class='ocr_line' id='line_1_50' title="bbox 274 1585 1056 1620; baseline -0.004 -6"><span class='ocrx_word' id='word_1_339' title='bbox 274 1587 460 1614; x_wconf 77' lang='lat' dir='ltr'><strong>demnarunt:</strong></span> <span class='ocrx_word' id='word_1_340' title='bbox 488 1586 584 1614; x_wconf 87' lang='lat' dir='ltr'><strong>deinde</strong></span> <span class='ocrx_word' id='word_1_341' title='bbox 609 1591 780 1613; x_wconf 81' lang='lat' dir='ltr'><strong>accusatores</strong></span> <span class='ocrx_word' id='word_1_342' title='bbox 809 1585 949 1612; x_wconf 78' lang='lat' dir='ltr'><strong>Athanasii</strong></span> <span class='ocrx_word' id='word_1_343' title='bbox 977 1592 1056 1620; x_wconf 88' lang='lat' dir='ltr'><strong>syco-</strong></span> 
     </span>
    </p>
   </div>
   <div class='ocr_carea' id='block_1_51' title="bbox 273 1631 1056 1669">
    <p class='ocr_par' dir='ltr' id='par_1_51' title="bbox 273 1631 1056 1669">
     <span class='ocr_line' id='line_1_51' title="bbox 273 1631 1056 1669; baseline -0.004 -9"><span class='ocrx_word' id='word_1_344' title='bbox 273 1633 390 1669; x_wconf 87' lang='lat' dir='ltr'><strong>phantas</strong></span> <span class='ocrx_word' id='word_1_345' title='bbox 412 1640 473 1660; x_wconf 89' lang='lat' dir='ltr'><strong>esse</strong></span> <span class='ocrx_word' id='word_1_346' title='bbox 500 1640 561 1659; x_wconf 87' lang='lat' dir='ltr'><strong>cum</strong></span> <span class='ocrx_word' id='word_1_347' title='bbox 586 1632 839 1667; x_wconf 89' lang='lat' dir='ltr'><strong>deprehendissent,</strong></span> <span class='ocrx_word' id='word_1_348' title='bbox 862 1631 992 1666; x_wconf 79' lang='lat' dir='ltr'><strong>dignitate</strong></span> <span class='ocrx_word' id='word_1_349' title='bbox 1008 1638 1056 1657; x_wconf 86' lang='lat' dir='ltr'><strong>sua</strong></span> 
     </span>
    </p>
   </div>
   <div class='ocr_carea' id='block_1_52' title="bbox 273 1677 1056 1714">
    <p class='ocr_par' dir='ltr' id='par_1_52' title="bbox 273 1677 1056 1714">
     <span class='ocr_line' id='line_1_52' title="bbox 273 1677 1056 1714; baseline -0.005 -7"><span class='ocrx_word' id='word_1_350' title='bbox 273 1679 435 1714; x_wconf 74' lang='lat' dir='ltr'><strong>spoliarunt,</strong></span> <span class='ocrx_word' id='word_1_351' title='bbox 459 1686 491 1706; x_wconf 88' lang='lat' dir='ltr'><strong>ac</strong></span> <span class='ocrx_word' id='word_1_352' title='bbox 508 1678 680 1713; x_wconf 83' lang='lat' dir='ltr'><strong>tertiumjam</strong></span> <span class='ocrx_word' id='word_1_353' title='bbox 693 1677 807 1705; x_wconf 62' lang='lat' dir='ltr'><strong>Nicena:</strong></span> <span class='ocrx_word' id='word_1_354' title='bbox 817 1677 910 1713; x_wconf 83' lang='lat' dir='ltr'><strong>synodi</strong></span> <span class='ocrx_word' id='word_1_355' title='bbox 921 1678 1056 1704; x_wconf 86' lang='lat' dir='ltr'><strong>decretum</strong></span> 
     </span>
    </p>
   </div>
   <div class='ocr_carea' id='block_1_53' title="bbox 275 1723 1058 1758">
    <p class='ocr_par' dir='ltr' id='par_1_53' title="bbox 275 1723 1058 1758">
     <span class='ocr_line' id='line_1_53' title="bbox 275 1723 1058 1758; baseline -0.003 -6"><span class='ocrx_word' id='word_1_356' title='bbox 275 1726 452 1757; x_wconf 68' lang='lat' dir='ltr'><strong>conﬁrmant,</strong></span> <span class='ocrx_word' id='word_1_357' title='bbox 474 1723 785 1755; x_wconf 86' lang='lat' dir='ltr'><strong>consubstantialitatem</strong></span> <span class='ocrx_word' id='word_1_358' title='bbox 802 1723 986 1758; x_wconf 79' lang='lat' dir='ltr'><strong>promulgant,</strong></span> <span class='ocrx_word' id='word_1_359' title='bbox 1003 1723 1058 1750; x_wconf 90' lang='lat' dir='ltr'><strong>dis-</strong></span> 
     </span>
    </p>
   </div>
   <div class='ocr_carea' id='block_1_54' title="bbox 274 1769 1059 1804">
    <p class='ocr_par' dir='ltr' id='par_1_54' title="bbox 274 1769 1059 1804">
     <span class='ocr_line' id='line_1_54' title="bbox 274 1769 1059 1804; baseline -0.005 -5"><span class='ocrx_word' id='word_1_360' title='bbox 274 1771 479 1799; x_wconf 83' lang='lat' dir='ltr'><strong>similitudinem</strong></span> <span class='ocrx_word' id='word_1_361' title='bbox 501 1771 660 1798; x_wconf 73' lang='lat' dir='ltr'><strong>substantiaa</strong></span> <span class='ocrx_word' id='word_1_362' title='bbox 686 1770 841 1804; x_wconf 84' lang='lat' dir='ltr'><strong>reprobaut.</strong></span> <span class='ocrx_word' id='word_1_363' title='bbox 868 1769 935 1796; x_wconf 85' lang='lat' dir='ltr'><strong>Tum</strong></span> <span class='ocrx_word' id='word_1_364' title='bbox 956 1769 1059 1795; x_wconf 83' lang='lat' dir='ltr'><strong>litteras</strong></span> 
     </span>
    </p>
   </div>
   <div class='ocr_carea' id='block_1_55' title="bbox 273 1815 1059 1851">
    <p class='ocr_par' dir='ltr' id='par_1_55' title="bbox 273 1815 1059 1851">
     <span class='ocr_line' id='line_1_55' title="bbox 273 1815 1059 1851; baseline -0.003 -7"><span class='ocrx_word' id='word_1_365' title='bbox 273 1818 307 1848; x_wconf 82' lang='lat' dir='ltr'><strong>ad</strong></span> <span class='ocrx_word' id='word_1_366' title='bbox 332 1819 471 1846; x_wconf 86' lang='lat' dir='ltr'><strong>universas</strong></span> <span class='ocrx_word' id='word_1_367' title='bbox 497 1818 571 1847; x_wconf 83' lang='lat' dir='ltr'><strong>orbis</strong></span> <span class='ocrx_word' id='word_1_368' title='bbox 594 1817 729 1847; x_wconf 84' lang='lat' dir='ltr'><strong>Ecclesias</strong></span> <span class='ocrx_word' id='word_1_369' title='bbox 752 1817 870 1845; x_wconf 85' lang='lat' dir='ltr'><strong>mittunt.</strong></span> <span class='ocrx_word' id='word_1_370' title='bbox 907 1815 1059 1851; x_wconf 87' lang='lat' dir='ltr'><strong>Compertis</strong></span> 
     </span>
    </p>
   </div>
   <div class='ocr_carea' id='block_1_56' title="bbox 277 1863 1059 1899">
    <p class='ocr_par' dir='ltr' id='par_1_56' title="bbox 277 1863 1059 1899">
     <span class='ocr_line' id='line_1_56' title="bbox 277 1863 1059 1899; baseline -0.001 -9"><span class='ocrx_word' id='word_1_371' title='bbox 277 1872 342 1892; x_wconf 84' lang='lat' dir='ltr'><strong>vero</strong></span> <span class='ocrx_word' id='word_1_372' title='bbox 354 1863 508 1892; x_wconf 87' lang='lat' dir='ltr'><strong>Occidentis</strong></span> <span class='ocrx_word' id='word_1_373' title='bbox 524 1864 672 1899; x_wconf 86' lang='lat' dir='ltr'><strong>imperator</strong></span> <span class='ocrx_word' id='word_1_374' title='bbox 687 1865 768 1892; x_wconf 86' lang='lat' dir='ltr'><strong>rebus</strong></span> <span class='ocrx_word' id='word_1_375' title='bbox 785 1864 904 1892; x_wconf 76' lang='lat' dir='ltr'><strong>Sardicaa</strong></span> <span class='ocrx_word' id='word_1_376' title='bbox 918 1863 1011 1898; x_wconf 81' lang='lat' dir='ltr'><strong>gestis.</strong></span> <span class='ocrx_word' id='word_1_377' title='bbox 1026 1863 1059 1889; x_wconf 91' lang='lat' dir='ltr'><strong>de</strong></span> 
     </span>
    </p>
   </div>
   <div class='ocr_carea' id='block_1_57' title="bbox 275 1907 1057 1943">
    <p class='ocr_par' dir='ltr' id='par_1_57' title="bbox 275 1907 1057 1943">
     <span class='ocr_line' id='line_1_57' title="bbox 275 1907 1057 1943; baseline -0.001 -7"><span class='ocrx_word' id='word_1_378' title='bbox 275 1909 309 1937; x_wconf 87' lang='lat' dir='ltr'><strong>iis</strong></span> <span class='ocrx_word' id='word_1_379' title='bbox 319 1908 410 1936; x_wconf 81' lang='lat' dir='ltr'><strong>statim</strong></span> <span class='ocrx_word' id='word_1_380' title='bbox 424 1908 536 1935; x_wconf 81' lang='lat' dir='ltr'><strong>fratrem</strong></span> <span class='ocrx_word' id='word_1_381' title='bbox 550 1909 693 1935; x_wconf 89' lang='lat' dir='ltr'><strong>certiorem</strong></span> <span class='ocrx_word' id='word_1_382' title='bbox 706 1909 779 1941; x_wconf 82' lang='lat' dir='ltr'><strong>facit,</strong></span> <span class='ocrx_word' id='word_1_383' title='bbox 794 1908 953 1943; x_wconf 89' lang='lat' dir='ltr'><strong>restituique</strong></span> <span class='ocrx_word' id='word_1_384' title='bbox 966 1907 1057 1940; x_wconf 86' lang='lat' dir='ltr'><strong>Paulo,</strong></span> 
     </span>
    </p>
   </div>
   <div class='ocr_carea' id='block_1_58' title="bbox 276 1954 1060 1990">
    <p class='ocr_par' dir='ltr' id='par_1_58' title="bbox 276 1954 1060 1990">
     <span class='ocr_line' id='line_1_58' title="bbox 276 1954 1060 1990; baseline 0 -8"><span class='ocrx_word' id='word_1_385' title='bbox 276 1954 425 1982; x_wconf 77' lang='lat' dir='ltr'><strong>Athanasio</strong></span> <span class='ocrx_word' id='word_1_386' title='bbox 436 1958 464 1982; x_wconf 86' lang='lat' dir='ltr'><strong>et</strong></span> <span class='ocrx_word' id='word_1_387' title='bbox 475 1954 535 1981; x_wconf 87' lang='lat' dir='ltr'><strong>aliis</strong></span> <span class='ocrx_word' id='word_1_388' title='bbox 547 1954 659 1982; x_wconf 86' lang='lat' dir='ltr'><strong>thronos</strong></span> <span class='ocrx_word' id='word_1_389' title='bbox 670 1962 734 1981; x_wconf 85' lang='lat' dir='ltr'><strong>suos</strong></span> <span class='ocrx_word' id='word_1_390' title='bbox 746 1955 845 1989; x_wconf 87' lang='lat' dir='ltr'><strong>partim</strong></span> <span class='ocrx_word' id='word_1_391' title='bbox 859 1955 983 1982; x_wconf 88' lang='lat' dir='ltr'><strong>hortatur</strong></span> <span class='ocrx_word' id='word_1_392' title='bbox 997 1962 1060 1990; x_wconf 84' lang='lat' dir='ltr'><strong>par-</strong></span> 
     </span>
    </p>
   </div>
   <div class='ocr_carea' id='block_1_59' title="bbox 277 1999 1058 2034">
    <p class='ocr_par' dir='ltr' id='par_1_59' title="bbox 277 1999 1058 2034">
     <span class='ocr_line' id='line_1_59' title="bbox 277 1999 1058 2034; baseline 0.001 -8"><span class='ocrx_word' id='word_1_393' title='bbox 277 1999 324 2029; x_wconf 85' lang='lat' dir='ltr'><strong>tim</strong></span> <span class='ocrx_word' id='word_1_394' title='bbox 339 1999 438 2034; x_wconf 81' lang='lat' dir='ltr'><strong>jubet;</strong></span> <span class='ocrx_word' id='word_1_395' title='bbox 457 2007 572 2034; x_wconf 88' lang='lat' dir='ltr'><strong>cumque</strong></span> <span class='ocrx_word' id='word_1_396' title='bbox 588 2000 753 2027; x_wconf 85' lang='lat' dir='ltr'><strong>Athanasius</strong></span> <span class='ocrx_word' id='word_1_397' title='bbox 772 2008 877 2027; x_wconf 91' lang='lat' dir='ltr'><strong>rursum</strong></span> <span class='ocrx_word' id='word_1_398' title='bbox 895 2001 1058 2031; x_wconf 82' lang='lat' dir='ltr'><strong>Arianorum</strong></span> 
     </span>
    </p>
   </div>
   <div class='ocr_carea' id='block_1_60' title="bbox 276 2045 1060 2081">
    <p class='ocr_par' dir='ltr' id='par_1_60' title="bbox 276 2045 1060 2081">
     <span class='ocr_line' id='line_1_60' title="bbox 276 2045 1060 2081; baseline 0.001 -10"><span class='ocrx_word' id='word_1_399' title='bbox 276 2045 383 2072; x_wconf 86' lang='lat' dir='ltr'><strong>insidiis</strong></span> <span class='ocrx_word' id='word_1_400' title='bbox 409 2049 556 2079; x_wconf 88' lang='lat' dir='ltr'><strong>peteretur,</strong></span> <span class='ocrx_word' id='word_1_401' title='bbox 583 2053 614 2073; x_wconf 90' lang='lat' dir='ltr'><strong>ac</strong></span> <span class='ocrx_word' id='word_1_402' title='bbox 644 2045 736 2078; x_wconf 73' lang='lat' dir='ltr'><strong>Romae</strong></span> <span class='ocrx_word' id='word_1_403' title='bbox 761 2047 882 2081; x_wconf 77' lang='lat' dir='ltr'><strong>degeret,</strong></span> <span class='ocrx_word' id='word_1_404' title='bbox 906 2046 1060 2074; x_wconf 82' lang='lat' dir='ltr'><strong>Occidentis</strong></span> 
     </span>
    </p>
   </div>
   <div class='ocr_carea' id='block_1_61' title="bbox 277 2089 1060 2125">
    <p class='ocr_par' dir='ltr' id='par_1_61' title="bbox 277 2089 1060 2125">
     <span class='ocr_line' id='line_1_61' title="bbox 277 2089 1060 2125; baseline 0.001 -8"><span class='ocrx_word' id='word_1_405' title='bbox 277 2090 428 2125; x_wconf 75' lang='lat' dir='ltr'><strong>imperator</strong></span> <span class='ocrx_word' id='word_1_406' title='bbox 453 2097 559 2117; x_wconf 89' lang='lat' dir='ltr'><strong>rursum</strong></span> <span class='ocrx_word' id='word_1_407' title='bbox 576 2089 654 2117; x_wconf 79' lang='lat' dir='ltr'><strong>fratri</strong></span> <span class='ocrx_word' id='word_1_408' title='bbox 681 2090 776 2118; x_wconf 88' lang='lat' dir='ltr'><strong>litteris</strong></span> <span class='ocrx_word' id='word_1_409' title='bbox 795 2091 969 2124; x_wconf 72' lang='lat' dir='ltr'><strong>signiﬁcavit,</strong></span> <span class='ocrx_word' id='word_1_410' title='bbox 993 2099 1022 2118; x_wconf 86' lang='lat' dir='ltr'><strong>se</strong></span> <span class='ocrx_word' id='word_1_411' title='bbox 1038 2091 1060 2119; x_wconf 91' lang='lat' dir='ltr'><strong>si</strong></span> 
     </span>
    </p>
   </div>
   <div class='ocr_carea' id='block_1_62' title="bbox 277 2135 1059 2172">
    <p class='ocr_par' dir='ltr' id='par_1_62' title="bbox 277 2135 1059 2172">
     <span class='ocr_line' id='line_1_62' title="bbox 277 2135 1059 2172; baseline 0 -8"><span class='ocrx_word' id='word_1_412' title='bbox 277 2137 335 2171; x_wconf 86' lang='lat' dir='ltr'><strong>ipse</strong></span> <span class='ocrx_word' id='word_1_413' title='bbox 351 2135 421 2164; x_wconf 89' lang='lat' dir='ltr'><strong>bono</strong></span> <span class='ocrx_word' id='word_1_414' title='bbox 445 2136 534 2165; x_wconf 84' lang='lat' dir='ltr'><strong>animo</strong></span> <span class='ocrx_word' id='word_1_415' title='bbox 550 2136 730 2168; x_wconf 86' lang='lat' dir='ltr'><strong>Athanasium</strong></span> <span class='ocrx_word' id='word_1_416' title='bbox 749 2137 870 2171; x_wconf 84' lang='lat' dir='ltr'><strong>recipere</strong></span> <span class='ocrx_word' id='word_1_417' title='bbox 885 2137 976 2169; x_wconf 86' lang='lat' dir='ltr'><strong>vellet,</strong></span> <span class='ocrx_word' id='word_1_418' title='bbox 994 2138 1059 2172; x_wconf 87' lang='lat' dir='ltr'><strong>ipsi-</strong></span> 
     </span>
    </p>
   </div>
   <div class='ocr_carea' id='block_1_63' title="bbox 276 2182 1060 2218">
    <p class='ocr_par' dir='ltr' id='par_1_63' title="bbox 276 2182 1060 2218">
     <span class='ocr_line' id='line_1_63' title="bbox 276 2182 1060 2218; baseline 0 -8"><span class='ocrx_word' id='word_1_419' title='bbox 276 2191 329 2218; x_wconf 90' lang='lat' dir='ltr'><strong>que</strong></span> <span class='ocrx_word' id='word_1_420' title='bbox 345 2182 524 2218; x_wconf 87' lang='lat' dir='ltr'><strong>episcopalem</strong></span> <span class='ocrx_word' id='word_1_421' title='bbox 547 2183 671 2210; x_wconf 92' lang='lat' dir='ltr'><strong>thronum</strong></span> <span class='ocrx_word' id='word_1_422' title='bbox 691 2183 842 2215; x_wconf 84' lang='lat' dir='ltr'><strong>restituere,</strong></span> <span class='ocrx_word' id='word_1_423' title='bbox 863 2188 985 2218; x_wconf 81' lang='lat' dir='ltr'><strong>paratum</strong></span> <span class='ocrx_word' id='word_1_424' title='bbox 1001 2191 1060 2210; x_wconf 90' lang='lat' dir='ltr'><strong>esse</strong></span> 
     </span>
    </p>
   </div>
   <div class='ocr_carea' id='block_1_64' title="bbox 277 2228 1060 2261">
    <p class='ocr_par' dir='ltr' id='par_1_64' title="bbox 277 2228 1060 2261">
     <span class='ocr_line' id='line_1_64' title="bbox 277 2228 1060 2261; baseline 0 -5"><span class='ocrx_word' id='word_1_425' title='bbox 277 2229 310 2257; x_wconf 89' lang='lat' dir='ltr'><strong>ad</strong></span> <span class='ocrx_word' id='word_1_426' title='bbox 336 2228 513 2256; x_wconf 83' lang='lat' dir='ltr'><strong>Athanasium</strong></span> <span class='ocrx_word' id='word_1_427' title='bbox 540 2235 572 2255; x_wconf 88' lang='lat' dir='ltr'><strong>eo</strong></span> <span class='ocrx_word' id='word_1_428' title='bbox 598 2228 776 2260; x_wconf 86' lang='lat' dir='ltr'><strong>mittendum;</strong></span> <span class='ocrx_word' id='word_1_429' title='bbox 802 2228 824 2255; x_wconf 88' lang='lat' dir='ltr'><strong>si</strong></span> <span class='ocrx_word' id='word_1_430' title='bbox 848 2228 940 2261; x_wconf 90' lang='lat' dir='ltr'><strong>nollet,</strong></span> <span class='ocrx_word' id='word_1_431' title='bbox 965 2236 993 2256; x_wconf 89' lang='lat' dir='ltr'><strong>se</strong></span> <span class='ocrx_word' id='word_1_432' title='bbox 1012 2236 1060 2256; x_wconf 87' lang='lat' dir='ltr'><strong>suo</strong></span> 
     </span>
    </p>
   </div>
   <div class='ocr_carea' id='block_1_65' title="bbox 276 2273 866 2309">
    <p class='ocr_par' dir='ltr' id='par_1_65' title="bbox 276 2273 866 2309">
     <span class='ocr_line' id='line_1_65' title="bbox 276 2273 866 2309; baseline -0.002 -8"><span class='ocrx_word' id='word_1_433' title='bbox 276 2279 365 2307; x_wconf 79' lang='lat' dir='ltr'><strong>marte</strong></span> <span class='ocrx_word' id='word_1_434' title='bbox 382 2274 453 2308; x_wconf 89' lang='lat' dir='ltr'><strong>juris</strong></span> <span class='ocrx_word' id='word_1_435' title='bbox 468 2282 500 2301; x_wconf 87' lang='lat' dir='ltr'><strong>ac</strong></span> <span class='ocrx_word' id='word_1_436' title='bbox 513 2274 626 2309; x_wconf 75' lang='lat' dir='ltr'><strong>justitia:</strong></span> <span class='ocrx_word' id='word_1_437' title='bbox 643 2274 778 2301; x_wconf 85' lang='lat' dir='ltr'><strong>vindicem</strong></span> <span class='ocrx_word' id='word_1_438' title='bbox 799 2273 866 2300; x_wconf 80' lang='lat' dir='ltr'><strong>fore.</strong></span> 
     </span>
    </p>
   </div>
   <div class='ocr_carea' id='block_1_66' title="bbox 1113 1085 1886 1121">
    <p class='ocr_par' dir='ltr' id='par_1_66' title="bbox 1113 1085 1886 1121">
     <span class='ocr_line' id='line_1_66' title="bbox 1113 1085 1886 1121; baseline -0.004 -7"><span class='ocrx_word' id='word_1_439' title='bbox 1113 1087 1269 1114; x_wconf 82' lang='grc' dir='ltr'>Ἀθανάσιον</span> <span class='ocrx_word' id='word_1_440' title='bbox 1293 1089 1339 1114; x_wconf 77' lang='grc' dir='ltr'><strong>καί</strong></span> <span class='ocrx_word' id='word_1_441' title='bbox 1372 1087 1477 1114; x_wconf 75' lang='grc' dir='ltr'>Παῦλον</span> <span class='ocrx_word' id='word_1_442' title='bbox 1501 1086 1547 1113; x_wconf 82' lang='grc' dir='ltr'>τοῦ</span> <span class='ocrx_word' id='word_1_443' title='bbox 1571 1087 1698 1121; x_wconf 80' lang='grc' dir='ltr'><strong>συλλόγου</strong></span> <span class='ocrx_word' id='word_1_444' title='bbox 1723 1085 1886 1113; x_wconf 79' lang='grc' dir='ltr'>ἀπελάσωσι-</span> 
     </span>
    </p>
   </div>
   <div class='ocr_carea' id='block_1_67' title="bbox 1107 1131 1891 1168">
    <p class='ocr_par' dir='ltr' id='par_1_67' title="bbox 1107 1131 1891 1168">
     <span class='ocr_line' id='line_1_67' title="bbox 1107 1131 1891 1168; baseline -0.004 -9"><span class='ocrx_word' id='word_1_445' title='bbox 1107 1133 1285 1168; x_wconf 83' lang='grc' dir='ltr'>Πρωτογένης</span> <span class='ocrx_word' id='word_1_446' title='bbox 1308 1133 1336 1159; x_wconf 78' lang='grc' dir='ltr'>δὲ</span> <span class='ocrx_word' id='word_1_447' title='bbox 1361 1134 1375 1159; x_wconf 87' lang='grc' dir='ltr'>ὁ</span> <span class='ocrx_word' id='word_1_448' title='bbox 1401 1133 1536 1168; x_wconf 82' lang='grc' dir='ltr'>Σαρδικῆς</span> <span class='ocrx_word' id='word_1_449' title='bbox 1562 1133 1709 1163; x_wconf 79' lang='grc' dir='ltr'><strong>ἐπίσκοπος</strong></span> <span class='ocrx_word' id='word_1_450' title='bbox 1731 1132 1780 1158; x_wconf 76' lang='grc' dir='ltr'>καὶ</span> <span class='ocrx_word' id='word_1_451' title='bbox 1804 1131 1891 1161; x_wconf 75' lang='lat' dir='ltr'><strong>&quot;Ocno;</strong></span> 
     </span>
    </p>
   </div>
   <div class='ocr_carea' id='block_1_68' title="bbox 1108 1174 1890 1214">
    <p class='ocr_par' dir='ltr' id='par_1_68' title="bbox 1108 1174 1890 1214">
     <span class='ocr_line' id='line_1_68' title="bbox 1108 1174 1890 1214; baseline -0.005 -9"><span class='ocrx_word' id='word_1_452' title='bbox 1108 1178 1293 1214; x_wconf 80' lang='grc' dir='ltr'>Κουδρούὸης,</span> <span class='ocrx_word' id='word_1_453' title='bbox 1318 1178 1365 1204; x_wconf 72' lang='grc' dir='ltr'>καὶ</span> <span class='ocrx_word' id='word_1_454' title='bbox 1385 1179 1410 1204; x_wconf 84' lang='grc' dir='ltr'><strong>οἱ</strong></span> <span class='ocrx_word' id='word_1_455' title='bbox 1426 1178 1514 1204; x_wconf 69' lang='grc' dir='ltr'>λοιποὶ</span> <span class='ocrx_word' id='word_1_456' title='bbox 1528 1178 1656 1213; x_wconf 77' lang='grc' dir='ltr'>ἑπόμενοι</span> <span class='ocrx_word' id='word_1_457' title='bbox 1675 1177 1728 1203; x_wconf 77' lang='grc' dir='ltr'>οὐδ’</span> <span class='ocrx_word' id='word_1_458' title='bbox 1750 1177 1789 1208; x_wconf 81' lang='grc' dir='ltr'><strong>είς</strong></span> <span class='ocrx_word' id='word_1_459' title='bbox 1811 1174 1890 1210; x_wconf 82' lang='grc' dir='ltr'>ἀκοὴν</span> 
     </span>
    </p>
   </div>
   <div class='ocr_carea' id='block_1_69' title="bbox 1107 1222 1890 1259">
    <p class='ocr_par' dir='ltr' id='par_1_69' title="bbox 1107 1222 1890 1259">
     <span class='ocr_line' id='line_1_69' title="bbox 1107 1222 1890 1259; baseline -0.003 -9"><span class='ocrx_word' id='word_1_460' title='bbox 1107 1224 1157 1259; x_wconf 83' lang='grc' dir='ltr'><strong>τὴν</strong></span> <span class='ocrx_word' id='word_1_461' title='bbox 1173 1223 1305 1259; x_wconf 73' lang='grc' dir='ltr'><strong>ἔκθεσμον</strong></span> <span class='ocrx_word' id='word_1_462' title='bbox 1327 1223 1415 1250; x_wconf 80' lang='grc' dir='ltr'>αὐτῶν</span> <span class='ocrx_word' id='word_1_463' title='bbox 1438 1223 1549 1256; x_wconf 77' lang='grc' dir='ltr'>ἀξίωσιν</span> <span class='ocrx_word' id='word_1_464' title='bbox 1571 1222 1764 1259; x_wconf 79' lang='grc' dir='ltr'><strong>παρεδέξαντο,</strong></span> <span class='ocrx_word' id='word_1_465' title='bbox 1786 1222 1890 1257; x_wconf 78' lang='grc' dir='ltr'>ἄνδρας,</span> 
     </span>
    </p>
   </div>
   <div class='ocr_carea' id='block_1_70' title="bbox 1108 1270 1892 1307">
    <p class='ocr_par' dir='ltr' id='par_1_70' title="bbox 1108 1270 1892 1307">
     <span class='ocr_line' id='line_1_70' title="bbox 1108 1270 1892 1307; baseline -0.001 -10"><span class='ocrx_word' id='word_1_466' title='bbox 1108 1270 1156 1302; x_wconf 78' lang='grc' dir='ltr'><strong>οὓς</strong></span> <span class='ocrx_word' id='word_1_467' title='bbox 1175 1270 1303 1306; x_wconf 81' lang='grc' dir='ltr'>συνῆλθον</span> <span class='ocrx_word' id='word_1_468' title='bbox 1323 1272 1423 1307; x_wconf 84' lang='grc' dir='ltr'>κρῖναι,</span> <span class='ocrx_word' id='word_1_469' title='bbox 1439 1271 1559 1306; x_wconf 78' lang='grc' dir='ltr'><strong>ἀκρίτως</strong></span> <span class='ocrx_word' id='word_1_470' title='bbox 1577 1271 1742 1306; x_wconf 85' lang='grc' dir='ltr'>κατακρῖναι</span> <span class='ocrx_word' id='word_1_471' title='bbox 1768 1271 1815 1297; x_wconf 72' lang='grc' dir='ltr'><strong>καὶ</strong></span> <span class='ocrx_word' id='word_1_472' title='bbox 1828 1270 1892 1297; x_wconf 85' lang='grc' dir='ltr'>ἀπε-</span> 
     </span>
    </p>
   </div>
   <div class='ocr_carea' id='block_1_71' title="bbox 1109 1313 1892 1352">
    <p class='ocr_par' dir='ltr' id='par_1_71' title="bbox 1109 1313 1892 1352">
     <span class='ocr_line' id='line_1_71' title="bbox 1109 1313 1892 1352; baseline -0.003 -10"><span class='ocrx_word' id='word_1_473' title='bbox 1109 1317 1199 1344; x_wconf 82' lang='grc' dir='ltr'>λάσαι.</span> <span class='ocrx_word' id='word_1_474' title='bbox 1217 1316 1261 1349; x_wconf 78' lang='grc' dir='ltr'><strong>Ἐξ</strong></span> <span class='ocrx_word' id='word_1_475' title='bbox 1277 1314 1313 1343; x_wconf 86' lang='grc' dir='ltr'>ὧν</span> <span class='ocrx_word' id='word_1_476' title='bbox 1327 1317 1350 1343; x_wconf 83' lang='grc' dir='ltr'><strong>οι</strong></span> <span class='ocrx_word' id='word_1_477' title='bbox 1366 1316 1415 1351; x_wconf 74' lang='grc' dir='ltr'><strong>μὲν</strong></span> <span class='ocrx_word' id='word_1_478' title='bbox 1427 1316 1476 1352; x_wconf 84' lang='grc' dir='ltr'>τῆς</span> <span class='ocrx_word' id='word_1_479' title='bbox 1501 1316 1654 1351; x_wconf 78' lang='grc' dir='ltr'>Ἀνατολῆς,</span> <span class='ocrx_word' id='word_1_480' title='bbox 1674 1316 1829 1351; x_wconf 81' lang='grc' dir='ltr'><strong>σχισθέντες</strong></span> <span class='ocrx_word' id='word_1_481' title='bbox 1841 1313 1892 1340; x_wconf 83' lang='grc' dir='ltr'><strong>τῶν</strong></span> 
     </span>
    </p>
   </div>
   <div class='ocr_carea' id='block_1_72' title="bbox 1110 1360 1893 1398">
    <p class='ocr_par' dir='ltr' id='par_1_72' title="bbox 1110 1360 1893 1398">
     <span class='ocr_line' id='line_1_72' title="bbox 1110 1360 1893 1398; baseline -0.003 -9"><span class='ocrx_word' id='word_1_482' title='bbox 1110 1364 1139 1389; x_wconf 84' lang='grc' dir='ltr'><strong>ἐν</strong></span> <span class='ocrx_word' id='word_1_483' title='bbox 1162 1363 1290 1398; x_wconf 82' lang='grc' dir='ltr'>Σαρδικῇ,</span> <span class='ocrx_word' id='word_1_484' title='bbox 1312 1364 1339 1389; x_wconf 84' lang='grc' dir='ltr'><strong>ὲν</strong></span> <span class='ocrx_word' id='word_1_485' title='bbox 1367 1364 1400 1398; x_wconf 82' lang='grc' dir='ltr'>τῇ</span> <span class='ocrx_word' id='word_1_486' title='bbox 1421 1363 1552 1389; x_wconf 84' lang='grc' dir='ltr'>Φιλίππου</span> <span class='ocrx_word' id='word_1_487' title='bbox 1581 1362 1656 1389; x_wconf 85' lang='grc' dir='ltr'>πόλει</span> <span class='ocrx_word' id='word_1_488' title='bbox 1677 1360 1893 1398; x_wconf 72' lang='grc' dir='ltr'><strong>συναθροίζονται</strong></span> 
     </span>
    </p>
   </div>
   <div class='ocr_carea' id='block_1_73' title="bbox 1108 1407 1895 1444">
    <p class='ocr_par' dir='ltr' id='par_1_73' title="bbox 1108 1407 1895 1444">
     <span class='ocr_line' id='line_1_73' title="bbox 1108 1407 1895 1444; baseline -0.004 -8"><span class='ocrx_word' id='word_1_489' title='bbox 1108 1409 1154 1436; x_wconf 82' lang='grc' dir='ltr'>καὶ</span> <span class='ocrx_word' id='word_1_490' title='bbox 1172 1409 1202 1435; x_wconf 80' lang='grc' dir='ltr'>τὸ</span> <span class='ocrx_word' id='word_1_491' title='bbox 1217 1409 1358 1444; x_wconf 84' lang='grc' dir='ltr'>ὁμοούσιον</span> <span class='ocrx_word' id='word_1_492' title='bbox 1376 1409 1426 1435; x_wconf 81' lang='grc' dir='ltr'><strong>οὐκ</strong></span> <span class='ocrx_word' id='word_1_493' title='bbox 1445 1408 1484 1435; x_wconf 72' lang='grc' dir='ltr'><strong>ἔτι</strong></span> <span class='ocrx_word' id='word_1_494' title='bbox 1506 1408 1601 1444; x_wconf 79' lang='grc' dir='ltr'>γνώμῃ</span> <span class='ocrx_word' id='word_1_495' title='bbox 1618 1407 1721 1443; x_wconf 75' lang='grc' dir='ltr'><strong>ὑφάλῳ,</strong></span> <span class='ocrx_word' id='word_1_496' title='bbox 1741 1407 1798 1434; x_wconf 87' lang='grc' dir='ltr'>ἀλλ’</span> <span class='ocrx_word' id='word_1_497' title='bbox 1815 1408 1895 1442; x_wconf 72' lang='grc' dir='ltr'>ἐμφι-</span> 
     </span>
    </p>
   </div>
   <div class='ocr_carea' id='block_1_74' title="bbox 1107 1446 1896 1490">
    <p class='ocr_par' dir='ltr' id='par_1_74' title="bbox 1107 1446 1896 1490">
     <span class='ocr_line' id='line_1_74' title="bbox 1107 1446 1896 1490; baseline -0.005 -9"><span class='ocrx_word' id='word_1_498' title='bbox 1107 1455 1221 1490; x_wconf 78' lang='grc' dir='ltr'>νεστάτῃ</span> <span class='ocrx_word' id='word_1_499' title='bbox 1237 1455 1283 1481; x_wconf 75' lang='grc' dir='ltr'>καὶ</span> <span class='ocrx_word' id='word_1_500' title='bbox 1296 1454 1422 1489; x_wconf 78' lang='grc' dir='ltr'><strong>γλώσσης</strong></span> <span class='ocrx_word' id='word_1_501' title='bbox 1434 1454 1583 1490; x_wconf 82' lang='grc' dir='ltr'>θρασύτητι</span> <span class='ocrx_word' id='word_1_502' title='bbox 1598 1452 1836 1488; x_wconf 78' lang='grc' dir='ltr'>ἁναθεματίζουσι,</span> <span class='ocrx_word' id='word_1_503' title='bbox 1852 1446 1896 1477; x_wconf 64' lang='grc' dir='ltr'>καὶ</span> 
     </span>
    </p>
   </div>
   <div class='ocr_carea' id='block_1_75' title="bbox 1106 1498 1896 1536">
    <p class='ocr_par' dir='ltr' id='par_1_75' title="bbox 1106 1498 1896 1536">
     <span class='ocr_line' id='line_1_75' title="bbox 1106 1498 1896 1536; baseline -0.006 -9"><span class='ocrx_word' id='word_1_504' title='bbox 1106 1501 1136 1528; x_wconf 87' lang='grc' dir='ltr'><strong>τδ</strong></span> <span class='ocrx_word' id='word_1_505' title='bbox 1154 1501 1279 1536; x_wconf 83' lang='grc' dir='ltr'>ἀνόμοιον</span> <span class='ocrx_word' id='word_1_506' title='bbox 1294 1500 1484 1535; x_wconf 76' lang='grc' dir='ltr'><strong>δογματίζουσι</strong></span> <span class='ocrx_word' id='word_1_507' title='bbox 1496 1500 1543 1526; x_wconf 66' lang='grc' dir='ltr'><strong>καὶ</strong></span> <span class='ocrx_word' id='word_1_508' title='bbox 1558 1499 1592 1526; x_wconf 81' lang='grc' dir='ltr'>τὰ</span> <span class='ocrx_word' id='word_1_509' title='bbox 1605 1499 1721 1534; x_wconf 82' lang='grc' dir='ltr'>δυσσεϐῆ</span> <span class='ocrx_word' id='word_1_510' title='bbox 1735 1498 1896 1534; x_wconf 63' lang='grc' dir='ltr'>ψηφίσματα</span> 
     </span>
    </p>
   </div>
   <div class='ocr_carea' id='block_1_76' title="bbox 1108 1544 1897 1581">
    <p class='ocr_par' dir='ltr' id='par_1_76' title="bbox 1108 1544 1897 1581">
     <span class='ocr_line' id='line_1_76' title="bbox 1108 1544 1897 1581; baseline -0.005 -8"><span class='ocrx_word' id='word_1_511' title='bbox 1108 1546 1246 1581; x_wconf 77' lang='grc' dir='ltr'>πανταχοῦ</span> <span class='ocrx_word' id='word_1_512' title='bbox 1270 1546 1486 1581; x_wconf 78' lang='grc' dir='ltr'><strong>διαπέμπονται·</strong></span> <span class='ocrx_word' id='word_1_513' title='bbox 1509 1546 1534 1572; x_wconf 82' lang='grc' dir='ltr'>οἱ</span> <span class='ocrx_word' id='word_1_514' title='bbox 1555 1545 1582 1571; x_wconf 78' lang='grc' dir='ltr'>δὲ</span> <span class='ocrx_word' id='word_1_515' title='bbox 1609 1545 1637 1572; x_wconf 78' lang='grc' dir='ltr'><strong>ἐν</strong></span> <span class='ocrx_word' id='word_1_516' title='bbox 1657 1544 1778 1580; x_wconf 80' lang='grc' dir='ltr'>Σαρδικῇ</span> <span class='ocrx_word' id='word_1_517' title='bbox 1794 1544 1897 1579; x_wconf 81' lang='grc' dir='ltr'>πρῶτον</span> 
     </span>
    </p>
   </div>
   <div class='ocr_carea' id='block_1_77' title="bbox 1108 1587 1898 1627">
    <p class='ocr_par' dir='ltr' id='par_1_77' title="bbox 1108 1587 1898 1627">
     <span class='ocr_line' id='line_1_77' title="bbox 1108 1587 1898 1627; baseline -0.003 -9"><span class='ocrx_word' id='word_1_518' title='bbox 1108 1593 1158 1627; x_wconf 82' lang='grc' dir='ltr'>μὲν</span> <span class='ocrx_word' id='word_1_519' title='bbox 1171 1592 1223 1618; x_wconf 84' lang='grc' dir='ltr'><strong>τῶν</strong></span> <span class='ocrx_word' id='word_1_520' title='bbox 1239 1592 1444 1627; x_wconf 83' lang='grc' dir='ltr'>ἀποσχισάντων</span> <span class='ocrx_word' id='word_1_521' title='bbox 1464 1591 1570 1627; x_wconf 75' lang='grc' dir='ltr'>ἐρήμην</span> <span class='ocrx_word' id='word_1_522' title='bbox 1585 1589 1822 1625; x_wconf 68' lang='grc' dir='ltr'>κατεψηφίσαντο·</span> <span class='ocrx_word' id='word_1_523' title='bbox 1841 1587 1898 1616; x_wconf 71' lang='grc' dir='ltr'>εἶτα</span> 
     </span>
    </p>
   </div>
   <div class='ocr_carea' id='block_1_78' title="bbox 1106 1635 1896 1672">
    <p class='ocr_par' dir='ltr' id='par_1_78' title="bbox 1106 1635 1896 1672">
     <span class='ocr_line' id='line_1_78' title="bbox 1106 1635 1896 1672; baseline -0.006 -7"><span class='ocrx_word' id='word_1_524' title='bbox 1106 1640 1170 1671; x_wconf 82' lang='grc' dir='ltr'>τοὺς</span> <span class='ocrx_word' id='word_1_525' title='bbox 1196 1638 1354 1665; x_wconf 78' lang='grc' dir='ltr'>Ἀθανασίου</span> <span class='ocrx_word' id='word_1_526' title='bbox 1374 1637 1555 1672; x_wconf 83' lang='grc' dir='ltr'><strong>κατηγόρους,</strong></span> <span class='ocrx_word' id='word_1_527' title='bbox 1578 1635 1762 1670; x_wconf 82' lang='grc' dir='ltr'><strong>συκοφαντίας</strong></span> <span class='ocrx_word' id='word_1_528' title='bbox 1776 1635 1896 1665; x_wconf 79' lang='grc' dir='ltr'>ἁλόντας,</span> 
     </span>
    </p>
   </div>
   <div class='ocr_carea' id='block_1_79' title="bbox 1108 1679 1897 1719">
    <p class='ocr_par' dir='ltr' id='par_1_79' title="bbox 1108 1679 1897 1719">
     <span class='ocr_line' id='line_1_79' title="bbox 1108 1679 1897 1719; baseline -0.005 -8"><span class='ocrx_word' id='word_1_529' title='bbox 1108 1683 1267 1719; x_wconf 80' lang='grc' dir='ltr'>καθαιροῦσι</span> <span class='ocrx_word' id='word_1_530' title='bbox 1281 1683 1327 1710; x_wconf 76' lang='grc' dir='ltr'>τοῦ</span> <span class='ocrx_word' id='word_1_531' title='bbox 1344 1682 1498 1718; x_wconf 80' lang='grc' dir='ltr'>ἀξιώματος</span> <span class='ocrx_word' id='word_1_532' title='bbox 1510 1691 1516 1697; x_wconf 93' lang='grc'><strong>·</strong></span> <span class='ocrx_word' id='word_1_533' title='bbox 1533 1683 1580 1709; x_wconf 75' lang='grc' dir='ltr'>καὶ</span> <span class='ocrx_word' id='word_1_534' title='bbox 1595 1683 1684 1718; x_wconf 85' lang='grc' dir='ltr'>τρίτον</span> <span class='ocrx_word' id='word_1_535' title='bbox 1694 1682 1746 1717; x_wconf 82' lang='grc' dir='ltr'>τῆς</span> <span class='ocrx_word' id='word_1_536' title='bbox 1763 1683 1792 1708; x_wconf 78' lang='grc' dir='ltr'>ὲν</span> <span class='ocrx_word' id='word_1_537' title='bbox 1799 1679 1897 1715; x_wconf 67' lang='grc' dir='ltr'>Νικαίᾳ</span> 
     </span>
    </p>
   </div>
   <div class='ocr_carea' id='block_1_80' title="bbox 1111 1724 1899 1764">
    <p class='ocr_par' dir='ltr' id='par_1_80' title="bbox 1111 1724 1899 1764">
     <span class='ocr_line' id='line_1_80' title="bbox 1111 1724 1899 1764; baseline -0.006 -7"><span class='ocrx_word' id='word_1_538' title='bbox 1111 1730 1220 1758; x_wconf 81' lang='grc' dir='ltr'>συνόδου</span> <span class='ocrx_word' id='word_1_539' title='bbox 1235 1729 1280 1756; x_wconf 77' lang='grc' dir='ltr'>τὸν</span> <span class='ocrx_word' id='word_1_540' title='bbox 1301 1729 1362 1764; x_wconf 84' lang='grc' dir='ltr'><strong>ὅρον</strong></span> <span class='ocrx_word' id='word_1_541' title='bbox 1379 1728 1552 1764; x_wconf 83' lang='grc' dir='ltr'>κρατύνουσι,</span> <span class='ocrx_word' id='word_1_542' title='bbox 1571 1728 1618 1755; x_wconf 78' lang='grc' dir='ltr'>καὶ</span> <span class='ocrx_word' id='word_1_543' title='bbox 1635 1728 1722 1763; x_wconf 80' lang='grc' dir='ltr'>ἀνακη</span> <span class='ocrx_word' id='word_1_544' title='bbox 1729 1727 1854 1762; x_wconf 81' lang='grc' dir='ltr'>ρύττουσι</span> <span class='ocrx_word' id='word_1_545' title='bbox 1870 1724 1899 1752; x_wconf 74' lang='grc' dir='ltr'>τὸ</span> 
     </span>
    </p>
   </div>
   <div class='ocr_carea' id='block_1_81' title="bbox 1111 1772 1897 1810">
    <p class='ocr_par' dir='ltr' id='par_1_81' title="bbox 1111 1772 1897 1810">
     <span class='ocr_line' id='line_1_81' title="bbox 1111 1772 1897 1810; baseline -0.004 -8"><span class='ocrx_word' id='word_1_546' title='bbox 1111 1776 1271 1810; x_wconf 77' lang='grc' dir='ltr'>ὁμοούσιον</span> <span class='ocrx_word' id='word_1_547' title='bbox 1282 1775 1328 1801; x_wconf 75' lang='grc' dir='ltr'><strong>ἐπὶ</strong></span> <span class='ocrx_word' id='word_1_548' title='bbox 1339 1775 1415 1807; x_wconf 68' lang='grc' dir='ltr'>πᾶσι,</span> <span class='ocrx_word' id='word_1_549' title='bbox 1433 1774 1463 1800; x_wconf 84' lang='grc' dir='ltr'>τὸ</span> <span class='ocrx_word' id='word_1_550' title='bbox 1478 1774 1617 1809; x_wconf 79' lang='grc' dir='ltr'>ἀνόμοιον</span> <span class='ocrx_word' id='word_1_551' title='bbox 1624 1774 1652 1800; x_wconf 79' lang='grc' dir='ltr'>δὲ</span> <span class='ocrx_word' id='word_1_552' title='bbox 1670 1772 1897 1809; x_wconf 83' lang='grc' dir='ltr'>ἀποκηρύττουσι.</span> 
     </span>
    </p>
   </div>
   <div class='ocr_carea' id='block_1_82' title="bbox 1112 1818 1900 1855">
    <p class='ocr_par' dir='ltr' id='par_1_82' title="bbox 1112 1818 1900 1855">
     <span class='ocr_line' id='line_1_82' title="bbox 1112 1818 1900 1855; baseline -0.004 -8"><span class='ocrx_word' id='word_1_553' title='bbox 1112 1822 1166 1847; x_wconf 76' lang='grc' dir='ltr'><strong>Καὶ</strong></span> <span class='ocrx_word' id='word_1_554' title='bbox 1180 1820 1331 1855; x_wconf 79' lang='grc' dir='ltr'>γράμματα</span> <span class='ocrx_word' id='word_1_555' title='bbox 1347 1820 1415 1855; x_wconf 79' lang='grc' dir='ltr'>πρὸς</span> <span class='ocrx_word' id='word_1_556' title='bbox 1430 1819 1519 1851; x_wconf 77' lang='grc' dir='ltr'>πάσας</span> <span class='ocrx_word' id='word_1_557' title='bbox 1534 1819 1582 1852; x_wconf 81' lang='grc' dir='ltr'><strong>τὰς</strong></span> <span class='ocrx_word' id='word_1_558' title='bbox 1600 1820 1765 1855; x_wconf 79' lang='grc' dir='ltr'>οἰκουμένης</span> <span class='ocrx_word' id='word_1_559' title='bbox 1788 1818 1900 1852; x_wconf 85' lang='grc' dir='ltr'><strong>Ἐκκλη-</strong></span> 
     </span>
    </p>
   </div>
   <div class='ocr_carea' id='block_1_83' title="bbox 1112 1863 1900 1902">
    <p class='ocr_par' dir='ltr' id='par_1_83' title="bbox 1112 1863 1900 1902">
     <span class='ocr_line' id='line_1_83' title="bbox 1112 1863 1900 1902; baseline -0.003 -9"><span class='ocrx_word' id='word_1_560' title='bbox 1112 1866 1171 1898; x_wconf 87' lang='grc' dir='ltr'>σίας</span> <span class='ocrx_word' id='word_1_561' title='bbox 1185 1866 1391 1901; x_wconf 78' lang='grc' dir='ltr'><strong>διαπέμπονται.</strong></span> <span class='ocrx_word' id='word_1_562' title='bbox 1401 1865 1482 1897; x_wconf 81' lang='grc' dir='ltr'>Γνοὺς</span> <span class='ocrx_word' id='word_1_563' title='bbox 1491 1865 1512 1891; x_wconf 84' lang='grc' dir='ltr'>δ’</span> <span class='ocrx_word' id='word_1_564' title='bbox 1525 1866 1537 1891; x_wconf 82' lang='grc' dir='ltr'><strong>ό</strong></span> <span class='ocrx_word' id='word_1_565' title='bbox 1547 1865 1599 1892; x_wconf 84' lang='grc' dir='ltr'><strong>τῶν</strong></span> <span class='ocrx_word' id='word_1_566' title='bbox 1615 1865 1769 1902; x_wconf 85' lang='grc' dir='ltr'>Ἐσπερίων</span> <span class='ocrx_word' id='word_1_567' title='bbox 1777 1863 1900 1900; x_wconf 72' lang='grc' dir='ltr'>βασιλεὺς</span> 
     </span>
    </p>
   </div>
   <div class='ocr_carea' id='block_1_84' title="bbox 1111 1909 1900 1948">
    <p class='ocr_par' dir='ltr' id='par_1_84' title="bbox 1111 1909 1900 1948">
     <span class='ocr_line' id='line_1_84' title="bbox 1111 1909 1900 1948; baseline -0.004 -8"><span class='ocrx_word' id='word_1_568' title='bbox 1111 1912 1145 1940; x_wconf 80' lang='grc' dir='ltr'>τὰ</span> <span class='ocrx_word' id='word_1_569' title='bbox 1168 1912 1237 1940; x_wconf 79' lang='grc' dir='ltr'>κατὰ</span> <span class='ocrx_word' id='word_1_570' title='bbox 1258 1913 1306 1948; x_wconf 86' lang='grc' dir='ltr'><strong>τὴν</strong></span> <span class='ocrx_word' id='word_1_571' title='bbox 1331 1912 1465 1947; x_wconf 85' lang='grc' dir='ltr'>Σαρδικὴν</span> <span class='ocrx_word' id='word_1_572' title='bbox 1485 1911 1686 1947; x_wconf 78' lang='grc' dir='ltr'>συνενεχθέντα,</span> <span class='ocrx_word' id='word_1_573' title='bbox 1716 1911 1839 1938; x_wconf 85' lang='grc' dir='ltr'>διδάσκει</span> <span class='ocrx_word' id='word_1_574' title='bbox 1854 1909 1900 1946; x_wconf 80' lang='grc' dir='ltr'><strong>μὲν</strong></span> 
     </span>
    </p>
   </div>
   <div class='ocr_carea' id='block_1_85' title="bbox 1112 1955 1902 1994">
    <p class='ocr_par' dir='ltr' id='par_1_85' title="bbox 1112 1955 1902 1994">
     <span class='ocr_line' id='line_1_85' title="bbox 1112 1955 1902 1994; baseline -0.003 -9"><span class='ocrx_word' id='word_1_575' title='bbox 1112 1959 1268 1994; x_wconf 75' lang='grc' dir='ltr'>παραυτίκα</span> <span class='ocrx_word' id='word_1_576' title='bbox 1284 1959 1329 1985; x_wconf 81' lang='grc' dir='ltr'>τὸν</span> <span class='ocrx_word' id='word_1_577' title='bbox 1346 1958 1468 1992; x_wconf 71' lang='grc' dir='ltr'>ἀδελφὺν,</span> <span class='ocrx_word' id='word_1_578' title='bbox 1493 1958 1655 1994; x_wconf 87' lang='grc' dir='ltr'>ἀποδοθῆναι</span> <span class='ocrx_word' id='word_1_579' title='bbox 1673 1958 1702 1985; x_wconf 79' lang='grc' dir='ltr'>δὲ</span> <span class='ocrx_word' id='word_1_580' title='bbox 1729 1958 1832 1992; x_wconf 75' lang='grc' dir='ltr'>Παύλῳ</span> <span class='ocrx_word' id='word_1_581' title='bbox 1858 1955 1902 1983; x_wconf 78' lang='grc' dir='ltr'><strong>καὶ</strong></span> 
     </span>
    </p>
   </div>
   <div class='ocr_carea' id='block_1_86' title="bbox 1118 2002 1902 2040">
    <p class='ocr_par' dir='ltr' id='par_1_86' title="bbox 1118 2002 1902 2040">
     <span class='ocr_line' id='line_1_86' title="bbox 1118 2002 1902 2040; baseline -0.004 -9"><span class='ocrx_word' id='word_1_582' title='bbox 1118 2004 1267 2039; x_wconf 84' lang='grc' dir='ltr'>Ἀθανασίῳ</span> <span class='ocrx_word' id='word_1_583' title='bbox 1283 2005 1330 2031; x_wconf 76' lang='grc' dir='ltr'><strong>καὶ</strong></span> <span class='ocrx_word' id='word_1_584' title='bbox 1347 2005 1403 2036; x_wconf 87' lang='grc' dir='ltr'>τοῖς</span> <span class='ocrx_word' id='word_1_585' title='bbox 1422 2005 1486 2040; x_wconf 77' lang='grc' dir='ltr'>περὶ</span> <span class='ocrx_word' id='word_1_586' title='bbox 1503 2004 1600 2036; x_wconf 79' lang='grc' dir='ltr'>αὐτοὺς</span> <span class='ocrx_word' id='word_1_587' title='bbox 1615 2004 1679 2036; x_wconf 76' lang='grc' dir='ltr'>τοὺς</span> <span class='ocrx_word' id='word_1_588' title='bbox 1699 2004 1820 2035; x_wconf 81' lang='grc' dir='ltr'><strong>οἰκείους</strong></span> <span class='ocrx_word' id='word_1_589' title='bbox 1843 2002 1902 2038; x_wconf 85' lang='grc' dir='ltr'>θρό-</span> 
     </span>
    </p>
   </div>
   <div class='ocr_carea' id='block_1_87' title="bbox 1111 2049 1901 2086">
    <p class='ocr_par' dir='ltr' id='par_1_87' title="bbox 1111 2049 1901 2086">
     <span class='ocr_line' id='line_1_87' title="bbox 1111 2049 1901 2086; baseline -0.004 -9"><span class='ocrx_word' id='word_1_590' title='bbox 1111 2058 1172 2080; x_wconf 83' lang='grc' dir='ltr'>νους</span> <span class='ocrx_word' id='word_1_591' title='bbox 1196 2050 1254 2085; x_wconf 79' lang='grc' dir='ltr'><strong>ἆμα</strong></span> <span class='ocrx_word' id='word_1_592' title='bbox 1273 2049 1323 2085; x_wconf 82' lang='grc' dir='ltr'>μὲν</span> <span class='ocrx_word' id='word_1_593' title='bbox 1347 2050 1473 2086; x_wconf 79' lang='grc' dir='ltr'>παρῄνει,</span> <span class='ocrx_word' id='word_1_594' title='bbox 1493 2049 1550 2085; x_wconf 72' lang='grc' dir='ltr'><strong>ἅμα</strong></span> <span class='ocrx_word' id='word_1_595' title='bbox 1568 2050 1596 2076; x_wconf 76' lang='grc' dir='ltr'>δὲ</span> <span class='ocrx_word' id='word_1_596' title='bbox 1613 2050 1660 2076; x_wconf 80' lang='grc' dir='ltr'><strong>καὶ</strong></span> <span class='ocrx_word' id='word_1_597' title='bbox 1690 2049 1901 2086; x_wconf 85' lang='grc' dir='ltr'>παρεκελεύετο.</span> 
     </span>
    </p>
   </div>
   <div class='ocr_carea' id='block_1_88' title="bbox 1111 2095 1903 2131">
    <p class='ocr_par' dir='ltr' id='par_1_88' title="bbox 1111 2095 1903 2131">
     <span class='ocr_line' id='line_1_88' title="bbox 1111 2095 1903 2131; baseline 0.001 -11"><span class='ocrx_word' id='word_1_598' title='bbox 1111 2095 1166 2123; x_wconf 60' lang='grc' dir='ltr'><strong>Καὶ</strong></span> <span class='ocrx_word' id='word_1_599' title='bbox 1195 2095 1353 2127; x_wconf 82' lang='grc' dir='ltr'>Ἀθανάσιος</span> <span class='ocrx_word' id='word_1_600' title='bbox 1379 2095 1427 2130; x_wconf 80' lang='grc' dir='ltr'><strong>μὲν</strong></span> <span class='ocrx_word' id='word_1_601' title='bbox 1452 2095 1629 2122; x_wconf 80' lang='grc' dir='ltr'>ὑπεστέλλετο</span> <span class='ocrx_word' id='word_1_602' title='bbox 1653 2095 1703 2127; x_wconf 83' lang='grc' dir='ltr'>τὰς</span> <span class='ocrx_word' id='word_1_603' title='bbox 1719 2095 1776 2122; x_wconf 78' lang='grc' dir='ltr'>τῶν</span> <span class='ocrx_word' id='word_1_604' title='bbox 1801 2095 1903 2131; x_wconf 79' lang='grc' dir='ltr'>Ἀρεια-</span> 
     </span>
    </p>
   </div>
   <div class='ocr_carea' id='block_1_89' title="bbox 1111 2140 1903 2177">
    <p class='ocr_par' dir='ltr' id='par_1_89' title="bbox 1111 2140 1903 2177">
     <span class='ocr_line' id='line_1_89' title="bbox 1111 2140 1903 2177; baseline -0.001 -9"><span class='ocrx_word' id='word_1_605' title='bbox 1111 2142 1163 2168; x_wconf 81' lang='grc' dir='ltr'><strong>νῶν</strong></span> <span class='ocrx_word' id='word_1_606' title='bbox 1179 2142 1335 2174; x_wconf 75' lang='grc' dir='ltr'>ἐπιϐουλὰς,</span> <span class='ocrx_word' id='word_1_607' title='bbox 1352 2142 1398 2168; x_wconf 73' lang='grc' dir='ltr'>καὶ</span> <span class='ocrx_word' id='word_1_608' title='bbox 1412 2143 1444 2176; x_wconf 87' lang='grc' dir='ltr'>τῇ</span> <span class='ocrx_word' id='word_1_609' title='bbox 1464 2141 1554 2176; x_wconf 84' lang='grc' dir='ltr'><strong>Ῥώμῃ</strong></span> <span class='ocrx_word' id='word_1_610' title='bbox 1570 2141 1752 2177; x_wconf 78' lang='grc' dir='ltr'>προσέδρευεν</span> <span class='ocrx_word' id='word_1_611' title='bbox 1764 2150 1770 2156; x_wconf 88' lang='grc'><strong>·</strong></span> <span class='ocrx_word' id='word_1_612' title='bbox 1787 2143 1801 2169; x_wconf 83' lang='grc' dir='ltr'>ὁ</span> <span class='ocrx_word' id='word_1_613' title='bbox 1814 2141 1843 2167; x_wconf 81' lang='grc' dir='ltr'>δὲ</span> <span class='ocrx_word' id='word_1_614' title='bbox 1856 2140 1903 2175; x_wconf 85' lang='grc' dir='ltr'><strong>τῆς</strong></span> 
     </span>
    </p>
   </div>
   <div class='ocr_carea' id='block_1_90' title="bbox 1114 2184 1903 2222">
    <p class='ocr_par' dir='ltr' id='par_1_90' title="bbox 1114 2184 1903 2222">
     <span class='ocr_line' id='line_1_90' title="bbox 1114 2184 1903 2222; baseline -0.004 -9"><span class='ocrx_word' id='word_1_615' title='bbox 1114 2187 1222 2218; x_wconf 85' lang='grc' dir='ltr'>Δύσεως</span> <span class='ocrx_word' id='word_1_616' title='bbox 1240 2187 1365 2222; x_wconf 56' lang='grc' dir='ltr'>βασιλεὺς</span> <span class='ocrx_word' id='word_1_617' title='bbox 1381 2187 1461 2213; x_wconf 83' lang='grc' dir='ltr'>πάλιν</span> <span class='ocrx_word' id='word_1_618' title='bbox 1477 2187 1577 2222; x_wconf 79' lang='grc' dir='ltr'>γράφει</span> <span class='ocrx_word' id='word_1_619' title='bbox 1592 2186 1726 2222; x_wconf 83' lang='grc' dir='ltr'>τάδελφῷ,</span> <span class='ocrx_word' id='word_1_620' title='bbox 1747 2187 1796 2218; x_wconf 82' lang='grc' dir='ltr'><strong>ὡς,</strong></span> <span class='ocrx_word' id='word_1_621' title='bbox 1814 2186 1839 2213; x_wconf 86' lang='grc' dir='ltr'><strong>εί</strong></span> <span class='ocrx_word' id='word_1_622' title='bbox 1857 2184 1903 2220; x_wconf 82' lang='grc' dir='ltr'><strong>μὲν</strong></span> 
     </span>
    </p>
   </div>
   <div class='ocr_carea' id='block_1_91' title="bbox 1114 2231 1904 2268">
    <p class='ocr_par' dir='ltr' id='par_1_91' title="bbox 1114 2231 1904 2268">
     <span class='ocr_line' id='line_1_91' title="bbox 1114 2231 1904 2268; baseline -0.001 -10"><span class='ocrx_word' id='word_1_623' title='bbox 1114 2231 1263 2267; x_wconf 80' lang='grc' dir='ltr'><strong>προθύμως</strong></span> <span class='ocrx_word' id='word_1_624' title='bbox 1277 2231 1450 2267; x_wconf 82' lang='grc' dir='ltr'>προσδέχοιτο</span> <span class='ocrx_word' id='word_1_625' title='bbox 1462 2232 1508 2259; x_wconf 84' lang='grc' dir='ltr'>τὸν</span> <span class='ocrx_word' id='word_1_626' title='bbox 1521 2232 1613 2267; x_wconf 83' lang='grc' dir='ltr'>ἄνδρα,</span> <span class='ocrx_word' id='word_1_627' title='bbox 1626 2231 1674 2268; x_wconf 51' lang='grc' dir='ltr'><strong>καί</strong></span> <span class='ocrx_word' id='word_1_628' title='bbox 1686 2232 1735 2259; x_wconf 84' lang='grc' dir='ltr'><strong>τὸν</strong></span> <span class='ocrx_word' id='word_1_629' title='bbox 1749 2232 1904 2268; x_wconf 76' lang='grc' dir='ltr'>ἀρχιερατι-</span> 
     </span>
    </p>
   </div>
   <div class='ocr_carea' id='block_1_92' title="bbox 1114 2275 1904 2314">
    <p class='ocr_par' dir='ltr' id='par_1_92' title="bbox 1114 2275 1904 2314">
     <span class='ocr_line' id='line_1_92' title="bbox 1114 2275 1904 2314; baseline 0 -11"><span class='ocrx_word' id='word_1_630' title='bbox 1114 2277 1161 2303; x_wconf 86' lang='grc' dir='ltr'><strong>κὸν</strong></span> <span class='ocrx_word' id='word_1_631' title='bbox 1180 2277 1324 2305; x_wconf 82' lang='grc' dir='ltr'>ἀποδίδωσι</span> <span class='ocrx_word' id='word_1_632' title='bbox 1341 2277 1444 2314; x_wconf 80' lang='grc' dir='ltr'>θρόνον,</span> <span class='ocrx_word' id='word_1_633' title='bbox 1464 2277 1571 2313; x_wconf 72' lang='grc' dir='ltr'>ἕτοιμός</span> <span class='ocrx_word' id='word_1_634' title='bbox 1589 2278 1662 2304; x_wconf 74' lang='grc' dir='ltr'>ἐστιν</span> <span class='ocrx_word' id='word_1_635' title='bbox 1683 2278 1842 2313; x_wconf 81' lang='grc' dir='ltr'>ἐκπέμπειν</span> <span class='ocrx_word' id='word_1_636' title='bbox 1861 2275 1904 2303; x_wconf 72' lang='grc' dir='ltr'>τὸν</span> 
     </span>
    </p>
   </div>
   <div class='ocr_carea' id='block_1_93' title="bbox 283 2319 1481 2360">
    <p class='ocr_par' dir='ltr' id='par_1_93' title="bbox 283 2319 1481 2360">
     <span class='ocr_line' id='line_1_93' title="bbox 283 2319 1481 2360; baseline 0.003 -14"><span class='ocrx_word' id='word_1_637' title='bbox 283 2319 458 2347; x_wconf 79' lang='grc' dir='ltr'>Ἀθανάσιον·</span> <span class='ocrx_word' id='word_1_638' title='bbox 473 2321 499 2353; x_wconf 88' lang='grc' dir='ltr'><strong>εί¹</strong></span> <span class='ocrx_word' id='word_1_639' title='bbox 510 2320 538 2352; x_wconf 72' lang='grc' dir='ltr'><strong>δέ</strong></span> <span class='ocrx_word' id='word_1_640' title='bbox 554 2321 591 2357; x_wconf 89' lang='grc' dir='ltr'>μὴ</span> <span class='ocrx_word' id='word_1_641' title='bbox 611 2320 741 2356; x_wconf 78' lang='grc' dir='ltr'>βούλοιτο,</span> <span class='ocrx_word' id='word_1_642' title='bbox 758 2320 838 2352; x_wconf 79' lang='grc' dir='ltr'>αὐτὸς</span> <span class='ocrx_word' id='word_1_643' title='bbox 854 2321 888 2347; x_wconf 81' lang='grc' dir='ltr'>δι’</span> <span class='ocrx_word' id='word_1_644' title='bbox 905 2321 1001 2352; x_wconf 76' lang='grc' dir='ltr'>ἑαυτοῦ</span> <span class='ocrx_word' id='word_1_645' title='bbox 1019 2321 1065 2348; x_wconf 78' lang='grc' dir='ltr'><strong>τοῦ</strong></span> <span class='ocrx_word' id='word_1_646' title='bbox 1084 2322 1188 2351; x_wconf 80' lang='grc' dir='ltr'>δικαίου</span> <span class='ocrx_word' id='word_1_647' title='bbox 1200 2325 1340 2359; x_wconf 78' lang='grc' dir='ltr'>γενήσοιτο</span> <span class='ocrx_word' id='word_1_648' title='bbox 1353 2325 1481 2360; x_wconf 80' lang='grc' dir='ltr'>τιμωρός.</span> 
     </span>
    </p>
   </div>
   <div class='ocr_carea' id='block_1_94' title="bbox 311 2366 1056 2407">
    <p class='ocr_par' dir='ltr' id='par_1_94' title="bbox 311 2366 1056 2403">
     <span class='ocr_line' id='line_1_94' title="bbox 311 2366 1056 2403; baseline 0.004 -9"><span class='ocrx_word' id='word_1_649' title='bbox 311 2366 360 2396; x_wconf 74' lang='grc'><strong>10.</strong></span> <span class='ocrx_word' id='word_1_650' title='bbox 373 2366 496 2395; x_wconf 79' lang='lat' dir='ltr'><strong>Metuens</strong></span> <span class='ocrx_word' id='word_1_651' title='bbox 512 2368 602 2403; x_wconf 87' lang='lat' dir='ltr'><strong>itaque</strong></span> <span class='ocrx_word' id='word_1_652' title='bbox 615 2367 799 2400; x_wconf 84' lang='lat' dir='ltr'><strong>Constantius,</strong></span> <span class='ocrx_word' id='word_1_653' title='bbox 817 2368 915 2396; x_wconf 89' lang='lat' dir='ltr'><strong>litteris</strong></span> <span class='ocrx_word' id='word_1_654' title='bbox 932 2370 989 2396; x_wconf 82' lang='lat' dir='ltr'><strong>suis</strong></span> <span class='ocrx_word' id='word_1_655' title='bbox 1006 2377 1056 2397; x_wconf 81' lang='lat' dir='ltr'><strong>neu</strong></span> 
     </span>
    </p>
   </div>
   <div class='ocr_carea' id='block_1_95' title="bbox 1109 2366 1903 2407">
    <p class='ocr_par' dir='ltr' id='par_1_95' title="bbox 1150 2369 1903 2407">
     <span class='ocr_line' id='line_1_95' title="bbox 1150 2369 1903 2407; baseline -0.004 -9"><span class='ocrx_word' id='word_1_656' title='bbox 1150 2372 1190 2400; x_wconf 76' lang='lat' dir='ltr'><strong>lO.</strong></span> <span class='ocrx_word' id='word_1_657' title='bbox 1214 2371 1381 2399; x_wconf 81' lang='grc' dir='ltr'>Καθίσταται</span> <span class='ocrx_word' id='word_1_658' title='bbox 1394 2371 1425 2407; x_wconf 83' lang='grc' dir='ltr'>δὴ</span> <span class='ocrx_word' id='word_1_659' title='bbox 1441 2373 1455 2398; x_wconf 81' lang='grc' dir='ltr'>ὁ</span> <span class='ocrx_word' id='word_1_660' title='bbox 1472 2371 1659 2403; x_wconf 79' lang='grc' dir='ltr'>Κωνστάντιος</span> <span class='ocrx_word' id='word_1_661' title='bbox 1674 2372 1714 2403; x_wconf 77' lang='grc' dir='ltr'><strong>εἰς</strong></span> <span class='ocrx_word' id='word_1_662' title='bbox 1731 2371 1792 2403; x_wconf 77' lang='grc' dir='ltr'>δέος</span> <span class='ocrx_word' id='word_1_663' title='bbox 1806 2371 1852 2397; x_wconf 73' lang='grc' dir='ltr'><strong>καὶ</strong></span> <span class='ocrx_word' id='word_1_664' title='bbox 1862 2369 1903 2396; x_wconf 79' lang='grc' dir='ltr'>διὰ</span> 
     </span>
    </p>
   </div>
   <div class='ocr_carea' id='block_1_96' title="bbox 276 2414 1063 2450">
    <p class='ocr_par' dir='ltr' id='par_1_96' title="bbox 276 2414 1063 2450">
     <span class='ocr_line' id='line_1_96' title="bbox 276 2414 1063 2450; baseline 0.004 -10"><span class='ocrx_word' id='word_1_665' title='bbox 276 2414 372 2446; x_wconf 83' lang='lat' dir='ltr'><strong>semel,</strong></span> <span class='ocrx_word' id='word_1_666' title='bbox 388 2421 477 2449; x_wconf 90' lang='lat' dir='ltr'><strong>neque</strong></span> <span class='ocrx_word' id='word_1_667' title='bbox 494 2414 535 2442; x_wconf 88' lang='lat' dir='ltr'><strong>bis</strong></span> <span class='ocrx_word' id='word_1_668' title='bbox 558 2419 674 2448; x_wconf 88' lang='lat' dir='ltr'><strong>tantutn,</strong></span> <span class='ocrx_word' id='word_1_669' title='bbox 690 2416 737 2442; x_wconf 86' lang='lat' dir='ltr'><strong>sed</strong></span> <span class='ocrx_word' id='word_1_670' title='bbox 761 2422 845 2450; x_wconf 88' lang='lat' dir='ltr'><strong>usque</strong></span> <span class='ocrx_word' id='word_1_671' title='bbox 862 2415 950 2448; x_wconf 88' lang='lat' dir='ltr'><strong>tertio.</strong></span> <span class='ocrx_word' id='word_1_672' title='bbox 967 2417 1063 2450; x_wconf 90' lang='lat' dir='ltr'><strong>perhu-</strong></span> 
     </span>
    </p>
   </div>
   <div class='ocr_carea' id='block_1_97' title="bbox 277 2459 1061 2496">
    <p class='ocr_par' dir='ltr' id='par_1_97' title="bbox 277 2459 1061 2496">
     <span class='ocr_line' id='line_1_97' title="bbox 277 2459 1061 2496; baseline 0.004 -11"><span class='ocrx_word' id='word_1_673' title='bbox 277 2459 395 2487; x_wconf 84' lang='lat' dir='ltr'><strong>maniter</strong></span> <span class='ocrx_word' id='word_1_674' title='bbox 415 2464 496 2496; x_wconf 87' lang='lat' dir='ltr'><strong>atque</strong></span> <span class='ocrx_word' id='word_1_675' title='bbox 523 2460 620 2488; x_wconf 85' lang='lat' dir='ltr'><strong>blande</strong></span> <span class='ocrx_word' id='word_1_676' title='bbox 646 2461 678 2487; x_wconf 86' lang='lat' dir='ltr'><strong>ad</strong></span> <span class='ocrx_word' id='word_1_677' title='bbox 705 2469 734 2488; x_wconf 91' lang='lat' dir='ltr'><strong>se</strong></span> <span class='ocrx_word' id='word_1_678' title='bbox 748 2466 826 2488; x_wconf 87' lang='lat' dir='ltr'><strong>vocat</strong></span> <span class='ocrx_word' id='word_1_679' title='bbox 843 2463 1061 2491; x_wconf 84' lang='lat' dir='ltr'><strong>strenuissimum</strong></span> 
     </span>
    </p>
   </div>
   <div class='ocr_carea' id='block_1_98' title="bbox 278 2504 1062 2542">
    <p class='ocr_par' dir='ltr' id='par_1_98' title="bbox 278 2504 1062 2542">
     <span class='ocr_line' id='line_1_98' title="bbox 278 2504 1062 2542; baseline 0.006 -12"><span class='ocrx_word' id='word_1_680' title='bbox 278 2504 467 2533; x_wconf 88' lang='lat' dir='ltr'><strong>Athanasium.</strong></span> <span class='ocrx_word' id='word_1_681' title='bbox 489 2506 574 2540; x_wconf 86' lang='lat' dir='ltr'><strong>Quem</strong></span> <span class='ocrx_word' id='word_1_682' title='bbox 590 2506 744 2535; x_wconf 86' lang='lat' dir='ltr'><strong>Occidentis</strong></span> <span class='ocrx_word' id='word_1_683' title='bbox 760 2507 906 2542; x_wconf 85' lang='lat' dir='ltr'><strong>imperator</strong></span> <span class='ocrx_word' id='word_1_684' title='bbox 919 2517 979 2536; x_wconf 91' lang='lat' dir='ltr'><strong>cum</strong></span> <span class='ocrx_word' id='word_1_685' title='bbox 995 2509 1062 2535; x_wconf 80' lang='lat' dir='ltr'><strong>tntil-</strong></span> 
     </span>
    </p>
   </div>
   <div class='ocr_carea' id='block_1_99' title="bbox 276 2551 1062 2588">
    <p class='ocr_par' dir='ltr' id='par_1_99' title="bbox 276 2551 1062 2588">
     <span class='ocr_line' id='line_1_99' title="bbox 276 2551 1062 2588; baseline 0.004 -10"><span class='ocrx_word' id='word_1_686' title='bbox 276 2551 311 2584; x_wconf 76' lang='lat' dir='ltr'><strong>tis</strong></span> <span class='ocrx_word' id='word_1_687' title='bbox 338 2551 502 2579; x_wconf 87' lang='lat' dir='ltr'><strong>satellitibus</strong></span> <span class='ocrx_word' id='word_1_688' title='bbox 527 2553 620 2580; x_wconf 87' lang='lat' dir='ltr'><strong>mittit.</strong></span> <span class='ocrx_word' id='word_1_689' title='bbox 638 2552 724 2581; x_wconf 84' lang='lat' dir='ltr'><strong>Julius</strong></span> <span class='ocrx_word' id='word_1_690' title='bbox 742 2553 805 2581; x_wconf 91' lang='lat' dir='ltr'><strong>item</strong></span> <span class='ocrx_word' id='word_1_691' title='bbox 832 2553 953 2588; x_wconf 78' lang='lat' dir='ltr'><strong>pontifex</strong></span> <span class='ocrx_word' id='word_1_692' title='bbox 982 2554 1062 2581; x_wconf 88' lang='lat' dir='ltr'><strong>variis</strong></span> 
     </span>
    </p>
   </div>
   <div class='ocr_carea' id='block_1_100' title="bbox 279 2598 1062 2634">
    <p class='ocr_par' dir='ltr' id='par_1_100' title="bbox 279 2598 1062 2634">
     <span class='ocr_line' id='line_1_100' title="bbox 279 2598 1062 2634; baseline 0.003 -10"><span class='ocrx_word' id='word_1_693' title='bbox 279 2605 342 2625; x_wconf 90' lang='lat' dir='ltr'><strong>eum</strong></span> <span class='ocrx_word' id='word_1_694' title='bbox 359 2598 481 2633; x_wconf 87' lang='lat' dir='ltr'><strong>epistolis</strong></span> <span class='ocrx_word' id='word_1_695' title='bbox 495 2599 571 2634; x_wconf 89' lang='lat' dir='ltr'><strong>quasi</strong></span> <span class='ocrx_word' id='word_1_696' title='bbox 586 2599 684 2627; x_wconf 88' lang='lat' dir='ltr'><strong>viatico</strong></span> <span class='ocrx_word' id='word_1_697' title='bbox 698 2600 884 2627; x_wconf 87' lang='lat' dir='ltr'><strong>communivit.</strong></span> <span class='ocrx_word' id='word_1_698' title='bbox 908 2600 1062 2627; x_wconf 83' lang='lat' dir='ltr'><strong>Advenien-</strong></span> 
     </span>
    </p>
   </div>
   <div class='ocr_carea' id='block_1_101' title="bbox 277 2644 1062 2678">
    <p class='ocr_par' dir='ltr' id='par_1_101' title="bbox 277 2644 1062 2678">
     <span class='ocr_line' id='line_1_101' title="bbox 277 2644 1062 2678; baseline 0.001 -8"><span class='ocrx_word' id='word_1_699' title='bbox 277 2646 331 2670; x_wconf 86' lang='lat' dir='ltr'><strong>tem</strong></span> <span class='ocrx_word' id='word_1_700' title='bbox 347 2650 431 2678; x_wconf 86' lang='lat' dir='ltr'><strong>porro</strong></span> <span class='ocrx_word' id='word_1_701' title='bbox 443 2644 620 2671; x_wconf 79' lang='lat' dir='ltr'><strong>Constantius</strong></span> <span class='ocrx_word' id='word_1_702' title='bbox 638 2644 665 2670; x_wconf 91' lang='lat' dir='ltr'><strong>itt</strong></span> <span class='ocrx_word' id='word_1_703' title='bbox 684 2645 823 2678; x_wconf 84' lang='lat' dir='ltr'><strong>proprium</strong></span> <span class='ocrx_word' id='word_1_704' title='bbox 841 2644 961 2672; x_wconf 85' lang='lat' dir='ltr'><strong>restituit</strong></span> <span class='ocrx_word' id='word_1_705' title='bbox 988 2645 1062 2671; x_wconf 86' lang='lat' dir='ltr'><strong>thro-</strong></span> 
     </span>
    </p>
   </div>
   <div class='ocr_carea' id='block_1_102' title="bbox 279 2688 1062 2724">
    <p class='ocr_par' dir='ltr' id='par_1_102' title="bbox 279 2688 1062 2724">
     <span class='ocr_line' id='line_1_102' title="bbox 279 2688 1062 2724; baseline 0.001 -10"><span class='ocrx_word' id='word_1_706' title='bbox 279 2695 355 2722; x_wconf 89' lang='lat' dir='ltr'><strong>num,</strong></span> <span class='ocrx_word' id='word_1_707' title='bbox 377 2688 491 2716; x_wconf 91' lang='lat' dir='ltr'><strong>comiter</strong></span> <span class='ocrx_word' id='word_1_708' title='bbox 525 2689 600 2722; x_wconf 82' lang='lat' dir='ltr'><strong>prilts</strong></span> <span class='ocrx_word' id='word_1_709' title='bbox 636 2689 897 2724; x_wconf 72' lang='lat' dir='ltr'><strong>iucrepatunnCum</strong></span> <span class='ocrx_word' id='word_1_710' title='bbox 925 2689 1062 2724; x_wconf 79' lang='lat' dir='ltr'><strong>aufugisti,</strong></span> 
     </span>
    </p>
   </div>
   <div class='ocr_carea' id='block_1_103' title="bbox 259 2734 1062 2769">
    <p class='ocr_par' dir='ltr' id='par_1_103' title="bbox 259 2734 1062 2769">
     <span class='ocr_line' id='line_1_103' title="bbox 259 2734 1062 2769; baseline -0.001 -7"><span class='ocrx_word' id='word_1_711' title='bbox 259 2736 265 2740; x_wconf 90' lang='lat'>&#39;</span> <span class='ocrx_word' id='word_1_712' title='bbox 279 2735 327 2765; x_wconf 81' lang='lat' dir='ltr'><strong>ait,</strong></span> <span class='ocrx_word' id='word_1_713' title='bbox 344 2742 469 2769; x_wconf 77' lang='lat' dir='ltr'><strong>magnam</strong></span> <span class='ocrx_word' id='word_1_714' title='bbox 489 2735 554 2761; x_wconf 88' lang='lat' dir='ltr'><strong>mihi</strong></span> <span class='ocrx_word' id='word_1_715' title='bbox 580 2734 707 2769; x_wconf 75' lang='lat' dir='ltr'><strong>irrogasti</strong></span> <span class='ocrx_word' id='word_1_716' title='bbox 731 2734 938 2766; x_wconf 79' lang='lat' dir='ltr'><strong>contumeliam,</strong></span> <span class='ocrx_word' id='word_1_717' title='bbox 956 2735 1062 2761; x_wconf 89' lang='lat' dir='ltr'><strong>tametsi</strong></span> 
     </span>
    </p>
   </div>
   <div class='ocr_carea' id='block_1_104' title="bbox 280 2779 1062 2816">
    <p class='ocr_par' dir='ltr' id='par_1_104' title="bbox 280 2779 1062 2816">
     <span class='ocr_line' id='line_1_104' title="bbox 280 2779 1062 2816; baseline 0.001 -10"><span class='ocrx_word' id='word_1_718' title='bbox 280 2787 307 2808; x_wconf 89' lang='lat' dir='ltr'><strong>te</strong></span> <span class='ocrx_word' id='word_1_719' title='bbox 336 2780 493 2808; x_wconf 88' lang='lat' dir='ltr'><strong>humaniter</strong></span> <span class='ocrx_word' id='word_1_720' title='bbox 519 2785 640 2808; x_wconf 85' lang='lat' dir='ltr'><strong>tractare</strong></span> <span class='ocrx_word' id='word_1_721' title='bbox 666 2781 824 2816; x_wconf 76' lang='lat' dir='ltr'><strong>cogitarem.</strong></span> <span class='ocrx_word' id='word_1_722' title='bbox 850 2779 948 2807; x_wconf 86' lang='lat' dir='ltr'><strong>Verqu</strong></span> <span class='ocrx_word' id='word_1_723' title='bbox 981 2788 1062 2807; x_wconf 87' lang='lat' dir='ltr'><strong>unam</strong></span> 
     </span>
    </p>
   </div>
   <div class='ocr_carea' id='block_1_105' title="bbox 276 2826 1063 2862">
    <p class='ocr_par' dir='ltr' id='par_1_105' title="bbox 276 2826 1063 2862">
     <span class='ocr_line' id='line_1_105' title="bbox 276 2826 1063 2862; baseline 0.003 -10"><span class='ocrx_word' id='word_1_724' title='bbox 276 2826 332 2860; x_wconf 87' lang='lat' dir='ltr'><strong>jam</strong></span> <span class='ocrx_word' id='word_1_725' title='bbox 348 2826 413 2853; x_wconf 90' lang='lat' dir='ltr'><strong>mihi</strong></span> <span class='ocrx_word' id='word_1_726' title='bbox 431 2826 553 2854; x_wconf 83' lang='lat' dir='ltr'><strong>conferto</strong></span> <span class='ocrx_word' id='word_1_727' title='bbox 564 2827 688 2862; x_wconf 73' lang='lat' dir='ltr'><strong>gratiam.</strong></span> <span class='ocrx_word' id='word_1_728' title='bbox 705 2827 751 2854; x_wconf 90' lang='lat' dir='ltr'><strong>Ille</strong></span> <span class='ocrx_word' id='word_1_729' title='bbox 772 2835 801 2854; x_wconf 87' lang='lat' dir='ltr'><strong>se</strong></span> <span class='ocrx_word' id='word_1_730' title='bbox 818 2827 885 2854; x_wconf 84' lang='lat' dir='ltr'><strong>dixit</strong></span> <span class='ocrx_word' id='word_1_731' title='bbox 900 2834 948 2862; x_wconf 92' lang='lat' dir='ltr'><strong>pro</strong></span> <span class='ocrx_word' id='word_1_732' title='bbox 962 2827 1063 2854; x_wconf 89' lang='lat' dir='ltr'><strong>viribus</strong></span> 
     </span>
    </p>
   </div>
   <div class='ocr_carea' id='block_1_106' title="bbox 278 2871 1062 2909">
    <p class='ocr_par' dir='ltr' id='par_1_106' title="bbox 278 2871 1062 2909">
     <span class='ocr_line' id='line_1_106' title="bbox 278 2871 1062 2909; baseline 0.004 -11"><span class='ocrx_word' id='word_1_733' title='bbox 278 2871 438 2909; x_wconf 84' lang='lat' dir='ltr'><strong>imperatori</strong></span> <span class='ocrx_word' id='word_1_734' title='bbox 454 2871 590 2901; x_wconf 82' lang='lat' dir='ltr'><strong>facturum</strong></span> <span class='ocrx_word' id='word_1_735' title='bbox 608 2873 685 2901; x_wconf 84' lang='lat' dir='ltr'><strong>satis.</strong></span> <span class='ocrx_word' id='word_1_736' title='bbox 697 2873 766 2901; x_wconf 84' lang='lat' dir='ltr'><strong>Tum</strong></span> <span class='ocrx_word' id='word_1_737' title='bbox 782 2873 954 2901; x_wconf 82' lang='lat' dir='ltr'><strong>Constantius</strong></span> <span class='ocrx_word' id='word_1_738' title='bbox 971 2878 1062 2909; x_wconf 89' lang='lat' dir='ltr'><strong>postu-</strong></span> 
     </span>
    </p>
   </div>
   <div class='ocr_carea' id='block_1_107' title="bbox 1116 2416 1903 2456">
    <p class='ocr_par' dir='ltr' id='par_1_107' title="bbox 1116 2416 1903 2456">
     <span class='ocr_line' id='line_1_107' title="bbox 1116 2416 1903 2456; baseline -0.003 -12"><span class='ocrx_word' id='word_1_739' title='bbox 1116 2418 1287 2456; x_wconf 84' lang='grc' dir='ltr'>γραμμάτων</span> <span class='ocrx_word' id='word_1_740' title='bbox 1297 2417 1345 2452; x_wconf 83' lang='grc' dir='ltr'>οὐχ</span> <span class='ocrx_word' id='word_1_741' title='bbox 1363 2417 1447 2450; x_wconf 72' lang='grc' dir='ltr'>ἅπαξ,</span> <span class='ocrx_word' id='word_1_742' title='bbox 1460 2416 1528 2444; x_wconf 81' lang='grc' dir='ltr'>ἀλλὰ</span> <span class='ocrx_word' id='word_1_743' title='bbox 1541 2417 1588 2443; x_wconf 78' lang='grc' dir='ltr'>καὶ</span> <span class='ocrx_word' id='word_1_744' title='bbox 1602 2417 1644 2449; x_wconf 80' lang='grc' dir='ltr'>δὶς</span> <span class='ocrx_word' id='word_1_745' title='bbox 1659 2418 1706 2443; x_wconf 78' lang='grc' dir='ltr'><strong>καὶ</strong></span> <span class='ocrx_word' id='word_1_746' title='bbox 1720 2418 1784 2452; x_wconf 72' lang='grc' dir='ltr'>τρὶς</span> <span class='ocrx_word' id='word_1_747' title='bbox 1798 2416 1903 2443; x_wconf 83' lang='grc' dir='ltr'>σταλέν-</span> 
     </span>
    </p>
   </div>
   <div class='ocr_carea' id='block_1_108' title="bbox 1115 2462 1904 2500">
    <p class='ocr_par' dir='ltr' id='par_1_108' title="bbox 1115 2462 1904 2500">
     <span class='ocr_line' id='line_1_108' title="bbox 1115 2462 1904 2500; baseline -0.003 -11"><span class='ocrx_word' id='word_1_748' title='bbox 1115 2471 1178 2496; x_wconf 85' lang='grc' dir='ltr'>των,</span> <span class='ocrx_word' id='word_1_749' title='bbox 1197 2463 1348 2497; x_wconf 73' lang='grc' dir='ltr'><strong>ἐπαγωγῶν</strong></span> <span class='ocrx_word' id='word_1_750' title='bbox 1362 2471 1391 2489; x_wconf 93' lang='grc' dir='ltr'><strong>τε</strong></span> <span class='ocrx_word' id='word_1_751' title='bbox 1407 2463 1454 2489; x_wconf 81' lang='grc' dir='ltr'>καὶ</span> <span class='ocrx_word' id='word_1_752' title='bbox 1470 2463 1645 2500; x_wconf 82' lang='grc' dir='ltr'>θελκτηρίων,</span> <span class='ocrx_word' id='word_1_753' title='bbox 1663 2462 1744 2490; x_wconf 88' lang='grc' dir='ltr'>καλεί</span> <span class='ocrx_word' id='word_1_754' title='bbox 1762 2463 1832 2499; x_wconf 69' lang='grc' dir='ltr'>πρὸς</span> <span class='ocrx_word' id='word_1_755' title='bbox 1845 2463 1904 2489; x_wconf 79' lang='grc' dir='ltr'>ἐαυ-</span> 
     </span>
    </p>
   </div>
   <div class='ocr_carea' id='block_1_109' title="bbox 1114 2507 1903 2544">
    <p class='ocr_par' dir='ltr' id='par_1_109' title="bbox 1114 2507 1903 2544">
     <span class='ocr_line' id='line_1_109' title="bbox 1114 2507 1903 2544; baseline -0.001 -10"><span class='ocrx_word' id='word_1_756' title='bbox 1114 2509 1160 2537; x_wconf 72' lang='grc' dir='ltr'>τὸν</span> <span class='ocrx_word' id='word_1_757' title='bbox 1181 2509 1226 2535; x_wconf 77' lang='grc' dir='ltr'>τὸν</span> <span class='ocrx_word' id='word_1_758' title='bbox 1251 2509 1399 2537; x_wconf 77' lang='grc' dir='ltr'>πολύαθλον</span> <span class='ocrx_word' id='word_1_759' title='bbox 1428 2508 1601 2536; x_wconf 81' lang='grc' dir='ltr'>Ἀθανάσιον·</span> <span class='ocrx_word' id='word_1_760' title='bbox 1631 2509 1677 2535; x_wconf 71' lang='grc' dir='ltr'><strong>καὶ</strong></span> <span class='ocrx_word' id='word_1_761' title='bbox 1704 2509 1779 2544; x_wconf 77' lang='grc' dir='ltr'>μετὰ</span> <span class='ocrx_word' id='word_1_762' title='bbox 1806 2507 1903 2540; x_wconf 76' lang='grc' dir='ltr'>πολλῆς</span> 
     </span>
    </p>
   </div>
   <div class='ocr_carea' id='block_1_110' title="bbox 1113 2554 1903 2591">
    <p class='ocr_par' dir='ltr' id='par_1_110' title="bbox 1113 2554 1903 2591">
     <span class='ocr_line' id='line_1_110' title="bbox 1113 2554 1903 2591; baseline 0 -11"><span class='ocrx_word' id='word_1_763' title='bbox 1113 2554 1275 2590; x_wconf 82' lang='grc' dir='ltr'>δορυφορίας</span> <span class='ocrx_word' id='word_1_764' title='bbox 1289 2555 1446 2581; x_wconf 76' lang='grc' dir='ltr'>ἀποστέλλει</span> <span class='ocrx_word' id='word_1_765' title='bbox 1461 2554 1554 2581; x_wconf 75' lang='grc' dir='ltr'>τοῦτον</span> <span class='ocrx_word' id='word_1_766' title='bbox 1568 2556 1582 2582; x_wconf 80' lang='grc' dir='ltr'>ὁ</span> <span class='ocrx_word' id='word_1_767' title='bbox 1602 2555 1652 2590; x_wconf 78' lang='grc' dir='ltr'><strong>τῆς</strong></span> <span class='ocrx_word' id='word_1_768' title='bbox 1670 2555 1810 2591; x_wconf 81' lang='grc' dir='ltr'>Ἐσπέρας</span> <span class='ocrx_word' id='word_1_769' title='bbox 1829 2555 1903 2589; x_wconf 79' lang='grc' dir='ltr'>βασιυ</span> 
     </span>
    </p>
   </div>
   <div class='ocr_carea' id='block_1_111' title="bbox 1113 2599 1903 2637">
    <p class='ocr_par' dir='ltr' id='par_1_111' title="bbox 1113 2599 1903 2637">
     <span class='ocr_line' id='line_1_111' title="bbox 1113 2599 1903 2637; baseline 0 -11"><span class='ocrx_word' id='word_1_770' title='bbox 1113 2600 1185 2632; x_wconf 74' lang='grc' dir='ltr'>λεὺς,</span> <span class='ocrx_word' id='word_1_771' title='bbox 1207 2601 1254 2627; x_wconf 73' lang='grc' dir='ltr'><strong>καὶ</strong></span> <span class='ocrx_word' id='word_1_772' title='bbox 1276 2600 1385 2627; x_wconf 81' lang='grc' dir='ltr'>Ἰουλίου</span> <span class='ocrx_word' id='word_1_773' title='bbox 1411 2600 1457 2627; x_wconf 82' lang='grc' dir='ltr'><strong>τοῦ</strong></span> <span class='ocrx_word' id='word_1_774' title='bbox 1480 2600 1629 2637; x_wconf 77' lang='grc' dir='ltr'>ἀρχιερέως</span> <span class='ocrx_word' id='word_1_775' title='bbox 1642 2600 1809 2636; x_wconf 75' lang='grc' dir='ltr'>γράμμασιν</span> <span class='ocrx_word' id='word_1_776' title='bbox 1826 2599 1903 2627; x_wconf 75' lang='grc' dir='ltr'>αὐτὸν</span> 
     </span>
    </p>
   </div>
   <div class='ocr_carea' id='block_1_112' title="bbox 1111 2645 1903 2682">
    <p class='ocr_par' dir='ltr' id='par_1_112' title="bbox 1111 2645 1903 2682">
     <span class='ocr_line' id='line_1_112' title="bbox 1111 2645 1903 2682; baseline 0.001 -10"><span class='ocrx_word' id='word_1_777' title='bbox 1111 2645 1250 2681; x_wconf 70' lang='grc' dir='ltr'>διαφόροις</span> <span class='ocrx_word' id='word_1_778' title='bbox 1267 2646 1467 2680; x_wconf 71' lang='grc' dir='ltr'>ἔφοδιάζοντος·</span> <span class='ocrx_word' id='word_1_779' title='bbox 1486 2647 1672 2678; x_wconf 86' lang='grc' dir='ltr'>Κωνστάντιος</span> <span class='ocrx_word' id='word_1_780' title='bbox 1692 2646 1722 2673; x_wconf 87' lang='grc' dir='ltr'>δὲ</span> <span class='ocrx_word' id='word_1_781' title='bbox 1749 2653 1903 2682; x_wconf 81' lang='grc' dir='ltr'>παραγεγο-</span> 
     </span>
    </p>
   </div>
   <div class='ocr_carea' id='block_1_113' title="bbox 1113 2691 1902 2727">
    <p class='ocr_par' dir='ltr' id='par_1_113' title="bbox 1113 2691 1902 2727">
     <span class='ocr_line' id='line_1_113' title="bbox 1113 2691 1902 2727; baseline -0.001 -9"><span class='ocrx_word' id='word_1_782' title='bbox 1113 2691 1177 2718; x_wconf 82' lang='grc' dir='ltr'>νότα</span> <span class='ocrx_word' id='word_1_783' title='bbox 1192 2692 1231 2723; x_wconf 83' lang='grc' dir='ltr'><strong>είς</strong></span> <span class='ocrx_word' id='word_1_784' title='bbox 1244 2692 1288 2718; x_wconf 82' lang='grc' dir='ltr'><strong>τὸν</strong></span> <span class='ocrx_word' id='word_1_785' title='bbox 1301 2693 1399 2718; x_wconf 79' lang='grc' dir='ltr'>οἰκεῖον</span> <span class='ocrx_word' id='word_1_786' title='bbox 1414 2691 1506 2727; x_wconf 87' lang='grc' dir='ltr'>θρόνον</span> <span class='ocrx_word' id='word_1_787' title='bbox 1523 2691 1750 2725; x_wconf 82' lang='grc' dir='ltr'>ἀποκαθίστησιν,</span> <span class='ocrx_word' id='word_1_788' title='bbox 1766 2691 1902 2726; x_wconf 70' lang='grc' dir='ltr'>ὑφειμένῳ</span> 
     </span>
    </p>
   </div>
   <div class='ocr_carea' id='block_1_114' title="bbox 1114 2737 1900 2773">
    <p class='ocr_par' dir='ltr' id='par_1_114' title="bbox 1114 2737 1900 2773">
     <span class='ocr_line' id='line_1_114' title="bbox 1114 2737 1900 2773; baseline 0.003 -11"><span class='ocrx_word' id='word_1_789' title='bbox 1114 2737 1245 2772; x_wconf 82' lang='grc' dir='ltr'>πρότερον</span> <span class='ocrx_word' id='word_1_790' title='bbox 1271 2737 1413 2773; x_wconf 83' lang='grc' dir='ltr'>ὀνειδισμῷ</span> <span class='ocrx_word' id='word_1_791' title='bbox 1437 2737 1646 2764; x_wconf 79' lang='grc' dir='ltr'>καθυποϐαλών·</span> <span class='ocrx_word' id='word_1_792' title='bbox 1676 2737 1814 2773; x_wconf 81' lang='grc' dir='ltr'>Ἀποδρὰς</span> <span class='ocrx_word' id='word_1_793' title='bbox 1841 2737 1900 2771; x_wconf 82' lang='grc' dir='ltr'>γὰρ,</span> 
     </span>
    </p>
   </div>
   <div class='ocr_carea' id='block_1_115' title="bbox 1116 2783 1902 2819">
    <p class='ocr_par' dir='ltr' id='par_1_115' title="bbox 1116 2783 1902 2819">
     <span class='ocr_line' id='line_1_115' title="bbox 1116 2783 1902 2819; baseline 0 -11"><span class='ocrx_word' id='word_1_794' title='bbox 1116 2783 1203 2816; x_wconf 78' lang='grc' dir='ltr'>ἔλεγε,</span> <span class='ocrx_word' id='word_1_795' title='bbox 1219 2783 1338 2818; x_wconf 82' lang='grc' dir='ltr'>μεγάλην</span> <span class='ocrx_word' id='word_1_796' title='bbox 1362 2783 1427 2818; x_wconf 78' lang='grc' dir='ltr'>ἐμοῦ</span> <span class='ocrx_word' id='word_1_797' title='bbox 1443 2783 1575 2819; x_wconf 86' lang='grc' dir='ltr'>λοιδορίαν</span> <span class='ocrx_word' id='word_1_798' title='bbox 1591 2783 1738 2818; x_wconf 78' lang='grc' dir='ltr'>κατέχεας,</span> <span class='ocrx_word' id='word_1_799' title='bbox 1763 2783 1851 2810; x_wconf 81' lang='grc' dir='ltr'>καίτοι</span> <span class='ocrx_word' id='word_1_800' title='bbox 1871 2790 1902 2816; x_wconf 85' lang='grc' dir='ltr'><strong>γε</strong></span> 
     </span>
    </p>
   </div>
   <div class='ocr_carea' id='block_1_116' title="bbox 1118 2828 1902 2865">
    <p class='ocr_par' dir='ltr' id='par_1_116' title="bbox 1118 2828 1902 2865">
     <span class='ocr_line' id='line_1_116' title="bbox 1118 2828 1902 2865; baseline -0.001 -10"><span class='ocrx_word' id='word_1_801' title='bbox 1118 2830 1181 2864; x_wconf 69' lang='grc' dir='ltr'>περὶ</span> <span class='ocrx_word' id='word_1_802' title='bbox 1197 2829 1242 2856; x_wconf 82' lang='grc' dir='ltr'><strong>σοῦ</strong></span> <span class='ocrx_word' id='word_1_803' title='bbox 1263 2829 1438 2865; x_wconf 75' lang='grc' dir='ltr'>φιλάνθρωπα</span> <span class='ocrx_word' id='word_1_804' title='bbox 1453 2830 1625 2865; x_wconf 82' lang='grc' dir='ltr'>μελετῶντος.</span> <span class='ocrx_word' id='word_1_805' title='bbox 1639 2828 1712 2864; x_wconf 81' lang='grc' dir='ltr'>Πλὴν</span> <span class='ocrx_word' id='word_1_806' title='bbox 1727 2830 1797 2856; x_wconf 73' lang='grc' dir='ltr'><strong>ἀῖλά</strong></span> <span class='ocrx_word' id='word_1_807' title='bbox 1807 2838 1839 2863; x_wconf 87' lang='grc' dir='ltr'><strong>γε</strong></span> <span class='ocrx_word' id='word_1_808' title='bbox 1857 2828 1902 2856; x_wconf 79' lang='grc' dir='ltr'><strong>νῦν</strong></span> 
     </span>
    </p>
   </div>
   <div class='ocr_carea' id='block_1_117' title="bbox 1118 2873 1904 2912">
    <p class='ocr_par' dir='ltr' id='par_1_117' title="bbox 1118 2873 1904 2912">
     <span class='ocr_line' id='line_1_117' title="bbox 1118 2873 1904 2912; baseline 0.001 -11"><span class='ocrx_word' id='word_1_809' title='bbox 1118 2874 1180 2911; x_wconf 83' lang='grc' dir='ltr'>μίαν</span> <span class='ocrx_word' id='word_1_810' title='bbox 1199 2883 1243 2910; x_wconf 85' lang='grc' dir='ltr'><strong>μοι</strong></span> <span class='ocrx_word' id='word_1_811' title='bbox 1256 2875 1327 2903; x_wconf 82' lang='grc' dir='ltr'>δίδου</span> <span class='ocrx_word' id='word_1_812' title='bbox 1340 2876 1428 2912; x_wconf 84' lang='grc' dir='ltr'>χάριν.</span> <span class='ocrx_word' id='word_1_813' title='bbox 1447 2876 1476 2903; x_wconf 90' lang='lat'><strong>&#39;0</strong></span> <span class='ocrx_word' id='word_1_814' title='bbox 1487 2876 1515 2903; x_wconf 81' lang='grc' dir='ltr'>δὲ</span> <span class='ocrx_word' id='word_1_815' title='bbox 1526 2876 1574 2911; x_wconf 84' lang='grc' dir='ltr'>τὴν</span> <span class='ocrx_word' id='word_1_816' title='bbox 1588 2875 1657 2903; x_wconf 81' lang='grc' dir='ltr'>κατὰ</span> <span class='ocrx_word' id='word_1_817' title='bbox 1669 2873 1788 2912; x_wconf 78' lang='grc' dir='ltr'>δύναμιν</span> <span class='ocrx_word' id='word_1_818' title='bbox 1799 2875 1904 2909; x_wconf 74' lang='grc' dir='ltr'>ἕτοιμος</span> 
     </span>
    </p>
   </div>
  </div>
