2027 3042
736 157 765 186 S.
785 156 971 185 ATHANASII
995 157 1073 185 VITA
1094 158 1138 185 EX
1158 158 1296 187 PHOTIO.

1739 169 1816 189 CCXIX

204 218 274 247 εἶναι
283 219 442 255 διωμολόγει
456 218 625 255 χαρίζεσθαι.
641 219 696 245 Καὶ
705 219 718 245 ὀ
728 218 915 250 Κωνστάντιος
929 218 978 253 μία

1043 219 1080 247 lat
1096 227 1176 247 unam
1208 228 1240 248 ex
1267 220 1459 248 Alexandrinis
1483 220 1611 249 Ecclesiis
1635 220 1742 247 Arionis
1768 229 1817 255 pro

203 265 348 301 ἐκκλησίαν
367 266 421 292 τῶν
439 266 466 292 ὲν
479 265 667 300 Ἀλεξανδρείᾳ
681 265 806 300 ἐπιζητεῖ
817 266 872 296 τοῖς
887 265 990 300 Ἀρεία-

204 313 259 343 WE;
271 311 379 346 δοθῆναι
392 312 579 347 συνακτήριον.
593 312 621 337 '0
632 311 659 337 δὲ
670 311 718 337 οὐκ
726 312 851 343 ἀπεῖπεν,
861 311 988 338 συνάπτει

202 357 231 384 δὲ
246 357 282 393 τῇ
297 357 440 384 καταθέσει
457 358 481 383 εί
497 358 544 384 καὶ
560 357 748 388 Κωνστὰντιος
768 358 797 383 ὲν
815 358 988 383 Κωνσταντι-

201 402 325 430 νουπόλει
344 403 408 438 μίαν
422 405 478 434 τοῖς
494 402 631 438 όμοδόξοις
644 403 677 438 ἣν
691 401 767 428 οὔπω
783 400 854 437 εἶχον
871 403 988 437 ἐγχειρί-

203 454 270 474 cere.
295 447 483 479 Κωνστάντιος
499 447 527 474 δὲ
546 446 692 483 προθύμως
717 455 747 472 τε
774 447 820 472 καὶ
842 447 889 473 σὺν
906 446 986 481 ἡδονῇ

202 492 390 527 ἐπηγγείλατο.
412 492 519 527 Ἡγνόει
533 492 561 518 δὲ
577 492 630 528 ἄρα
644 491 735 518 λυπῶν
751 491 783 518 τὰ
798 491 912 527 μέγιστα
925 491 987 523 τοὺς

200 538 364 574 ὁμόφρονας.
383 538 456 574 Πλὴν
480 538 665 572 καταπλαγεὶς
687 538 736 573 τὴν
759 537 806 564 τοῦ
828 537 985 564 Ἀθανασίου

202 584 308 611 σύνεσίν
323 593 352 611 τε
362 585 410 612 καὶ
421 584 619 620 ἀγχίνοιαν,ὡ;
630 584 801 619 προείρηται,
814 583 882 619 μετὰ
896 586 986 618 πάσης

199 630 278 666 δόξης
297 631 342 657 καὶ
364 631 448 666 τιμῆς
471 631 618 665 ἐκπέμπει,
641 631 753 666 γράφων
777 630 824 656 καὶ
849 630 915 665 πρὸς
939 630 985 656 τὸν

200 677 397 712 Δὺγουστάλιον
423 677 456 704 τά
471 686 500 704 τε
525 676 591 703 ἄλλα
613 676 657 702 διὰ
679 676 891 711 σεδασμιότητος
909 676 984 710 ἄγειν

200 723 289 754 αὑτὸν,
307 723 353 749 καὶ
371 723 458 750 πάντα
472 720 512 754 οἷς
523 722 603 749 αὑτὸν
617 722 697 754 αὐτός
712 731 741 748 τε
758 722 804 748 καὶ
815 723 839 748 οί
851 723 899 748 σὺν
911 722 984 756 αὐτῷ

199 767 428 803 κατεψηφίσαντο,
444 768 474 795 τὸ
497 768 597 804 ἄκυρον
621 768 667 794 καὶ
690 768 868 804 ἀνενέργητον
894 768 980 803 ἔχειν·

197 814 266 840 ἀλλά
280 823 311 848 γε
326 814 358 850 δὴ
375 815 422 841 καὶ
439 815 484 840 τὸν
507 814 551 841 ὑπ’
576 814 650 849 αὐτῷ
666 814 766 848 κλῆρον
779 814 827 849 τὴν
849 814 982 850 προτέραν

196 861 278 895 τιμὴν
295 861 341 887 καὶ
358 861 446 896 πάσης
461 860 590 896 δημοσίου
607 860 757 896 ὑπηρεσίας
770 859 914 886 ἀναλαϐεῖν
930 860 980 894 τὴν

197 905 363 940 ἐλευθερίαν.
375 905 542 932 Καταλαὸὼν
553 903 599 931 οὖν
611 906 625 931 ὁ
644 905 800 936 Ἀθανάσιος
813 904 847 930 τὰ
868 905 981 940 Ἰεροσό-

196 950 279 985 λυμα,
298 952 344 978 καὶ
357 951 475 986 Μαξίμῳ
493 950 530 986 τῷ
546 951 669 986 ἀρχιερεῖ
683 950 730 977 τοῦ
745 950 812 977 Θεοῦ
827 950 872 976 καὶ
884 949 980 985 ὁμολο-

195 997 266 1031 γητῇ
290 996 422 1023 συνελθὼν
442 998 482 1028 είς
505 997 566 1032 ὄψιν
587 1005 616 1023 τε
633 997 680 1023 καὶ¹
701 996 818 1032 ὁμιλίαν,
840 996 875 1023 τά
900 1005 929 1023 τε
952 997 980 1022 ὲν

193 1042 311 1078 Σαρδικῇ
323 1042 560 1078 διαπεπραγμένα,
569 1043 616 1070 καὶ
623 1043 660 1074 ὼς
671 1043 738 1078 πρὸς
746 1043 826 1069 αὐτὸν
835 1043 978 1069 Κωνστάν-

195 1095 250 1118 tto;
272 1087 376 1124 διετέθη
401 1087 636 1123 ἀναδιδαξὰμενος,
660 1088 766 1115 σύνοδον
784 1088 908 1123 ἀθροῖσαι
933 1087 980 1113 τὸν

194 1126 362 1169 ὁμολογητην
378 1134 607 1169 καταπράττεται.
629 1134 713 1170 Καὶή
731 1133 838 1166 σύνοδος
858 1133 898 1169 τῷ
916 1133 980 1160 θαυ-

197 1177 291 1212 μαστῷ
308 1178 457 1214 Ἀθανασίῳ
469 1179 516 1205 καὶ
527 1179 575 1215 τὴν
592 1179 730 1206 κοινωνίαν
748 1180 795 1206 καὶ
809 1179 838 1205 τὸ
851 1180 980 1216 ἀρχιερα-

193 1223 269 1249 τικὸν
292 1223 399 1259 ἀξίωμα
429 1225 631 1260 ὲπιψηφίζεται.
659 1225 714 1252 Καὶ
742 1225 842 1260 γράφει
868 1229 924 1257 τοῖς
951 1227 979 1253 ἐν

201 1267 386 1304 Ἀλεξανδρείᾳ
405 1270 452 1296 καὶ
467 1270 542 1306 πάσῃ
555 1271 587 1305 τῇ
604 1278 633 1296 τε
655 1270 784 1305 Αἰγύπτῳ
799 1270 845 1303 καὶ
860 1271 947 1306 Λιϐύῃ
961 1270 979 1297 ἃ

195 1315 259 1350 περὶ
288 1315 443 1343 Ἀθανασίου
471 1316 540 1350 ἔγνω
569 1325 598 1343 τε
620 1317 666 1344 καὶ
691 1317 861 1353 διεπράξατο.
898 1318 926 1344 '0
951 1318 979 1344 δὲ

193 1362 316 1394 γενναῖος
340 1358 416 1394 οὗτος
437 1363 564 1398 ἀθλητὴς,
587 1364 619 1398 τῇ
648 1363 834 1399 Ἀλεξανδρείᾳ
855 1363 977 1396 ἐπιστὰς,

193 1407 298 1439 καθίζει
315 1409 361 1434 καὶ
373 1408 454 1440 αὐτὸς
466 1409 614 1444 ἀρχιερέων
629 1408 657 1442 ἐξ
674 1409 810 1443 Αἰγύπτου
823 1418 852 1436 τε
866 1411 912 1437 καὶ
932 1411 978 1436 Λι-

192 1452 260 1488 ϐύης
272 1453 414 1488 σύλλογον·
435 1454 481 1480 καὶ
491 1455 559 1490 αὑτὴ
576 1454 670 1488 (α)τὰς
678 1455 772 1489 ὁμοίας
791 1455 838 1481 καὶ
853 1455 977 1491 ἀπαραλ-

193 1498 307 1531 λάκτους
321 1499 428 1535 ψήφους
448 1501 507 1532 ταῖς
529 1501 557 1526 ὲν
577 1500 692 1536 Σαρδικῇ
709 1501 754 1526 καὶ
784 1501 977 1536 Ἱεροσολύμοις

1041 267 1215 294 conventibus
1232 266 1401 294 celebrandis
1418 267 1497 295 tradi.
1515 266 1569 294 Nec
1586 267 1678 294 abnuit
1695 267 1815 293 Athana-

1041 312 1115 345 sius,
1126 313 1286 346 adjecitque,
1304 313 1448 340 dummodo
1462 320 1540 339 unam
1556 311 1729 339 Constantius
1744 311 1816 339 Con-

1039 358 1224 393 stantinopoli,
1241 359 1274 386 iis
1288 359 1333 393 qui
1352 366 1442 386 secum
1457 359 1590 385 sentirent
1604 357 1750 386 Ecclesium
1764 362 1819 384 tra-

1038 403 1124 436 deret,
1152 404 1196 431 ubi
1227 404 1298 430 nulla
1324 405 1508 439 potiebantur.
1535 404 1612 437 Quod
1645 403 1817 431 Constantius

1037 449 1152 477 libenter
1168 458 1199 477 ac
1216 454 1337 484 prompte
1363 450 1487 485 promisit
1510 450 1618 486 ignarus
1642 458 1671 478 se
1700 458 1746 477 eos
1771 451 1816 485 qui

1043 502 1134 522 secum
1163 495 1295 522 sentirent
1319 502 1424 522 summo
1441 494 1544 522 allicere
1567 495 1667 523 dolore.
1684 495 1816 523 Cmterum

1036 548 1168 567 summam
1195 541 1335 568 Athanasii
1353 541 1522 576 prudentiam
1534 561 1542 573 ,
1573 542 1725 577 ingeniique
1743 542 1815 568 acri-

1036 586 1152 613 moniam
1164 586 1287 619 miratus,
1302 594 1373 618 eum,
1387 587 1424 614 uti
1439 587 1565 620 diximus,
1578 595 1680 614 summa
1691 595 1751 615 eum
1761 588 1817 622 glo-

1035 632 1074 659 ria
1082 637 1107 659 et
1118 633 1218 660 honore
1228 633 1338 660 dimisit.
1353 633 1462 660 Litteris
1470 633 1624 668 Augustalio
1634 633 1741 667 jubens,
1753 642 1815 661 eum

1035 685 1096 705 cum
1117 680 1290 706 veneratione
1304 680 1425 710 tractari,
1441 684 1522 713 atque
1533 681 1621 707 omnia
1635 688 1694 715 qua:
1708 680 1748 708 vel
1760 681 1815 715 ipse

1034 723 1221 757 Constantius,
1239 725 1282 752 vel
1306 725 1346 752 sui
1365 726 1494 752 adversus
1511 733 1572 752 eum
1596 726 1814 761 promulgassent

1034 769 1110 797 irrita
1137 770 1237 803 forent,
1260 778 1291 797 ac
1311 771 1413 798 elerum
1433 771 1503 798 illius
1520 771 1632 805 pristino
1647 772 1751 798 restitui
1766 771 1814 799 ho-

1033 815 1103 848 nori,
1118 815 1274 851 publicique
1293 817 1434 844 ministerii
1455 817 1654 843 immunitatem
1681 817 1813 852 recipere.

1033 861 1099 889 Cum
1125 862 1214 896 itaque
1229 862 1395 890 Athanasius
1423 863 1617 898 Jerosolymatn
1636 862 1812 898 pervenisset,

1033 907 1231 943 Maximumqne
1247 909 1294 935 Dei
1313 909 1465 943 pontiﬁcem
1491 915 1518 936 et
1532 909 1713 936 confessorem
1730 909 1813 935 adiis-

1031 959 1083 986 set,
1097 954 1245 982 collocutus
1260 962 1321 981 cum
1338 962 1371 982 eo
1387 959 1428 982 est
1445 955 1476 982 de
1491 956 1571 982 rebus
1586 955 1704 983 Sardium
1718 956 1811 990 gestis,

1030 999 1115 1035 deque
1126 1001 1274 1028 Constantii
1284 1008 1345 1034 erga
1357 1008 1386 1028 se
1397 1000 1504 1033 alfectu,
1516 1009 1548 1029 ac
1561 1001 1707 1028 confessori
1721 1006 1813 1028 auctor

1031 1044 1081 1071 fuit
1094 1045 1218 1080 cogenda
1230 1046 1335 1081 synodi.
1349 1046 1412 1079 Quae
1425 1047 1543 1082 synodus
1570 1047 1726 1074 admirando
1753 1047 1812 1073 viro

1030 1090 1176 1118 Athanasio
1192 1095 1220 1118 et
1236 1092 1451 1120 communionem
1475 1096 1502 1120 et
1530 1093 1709 1127 pontificalem
1724 1092 1812 1127 digni-

1031 1140 1111 1163 tatem
1127 1137 1232 1164 restitui
1257 1138 1386 1166 decrevit.
1403 1138 1519 1172 Scripsit
1538 1138 1601 1166 item
1621 1138 1811 1165 Alexandrinis

1029 1183 1155 1210 omnibus
1168 1190 1269 1217 perque
1276 1184 1420 1219 Egyptum
1430 1188 1457 1211 et
1465 1183 1573 1219 Libyam
1582 1191 1625 1211 res
1633 1191 1647 1211 a
1656 1191 1685 1211 se
1692 1184 1811 1211 Athana-

1029 1227 1062 1254 sii
1079 1234 1160 1255 causa
1176 1233 1266 1263 gestas
1279 1233 1306 1256 et
1322 1233 1445 1256 statutas.
1460 1227 1612 1256 Generosos
1627 1233 1713 1256 autem
1727 1229 1811 1255 athle-

1030 1278 1068 1306 ta,
1087 1273 1276 1301 Alexandriam
1300 1282 1361 1302 cum
1384 1275 1519 1306 venisset,
1545 1275 1675 1309 synodum
1697 1278 1726 1302 et
1755 1275 1812 1309 ipse

1029 1324 1158 1347 convocat
1173 1320 1362 1355 episcoporum
1381 1321 1487 1356 [Egypti
1505 1325 1531 1348 et
1546 1320 1646 1356 Libym.
1660 1321 1723 1354 Quae
1737 1321 1813 1348 simi-

1029 1365 1063 1392 lia
1076 1366 1185 1393 omnino
1199 1366 1306 1394 decreta
1334 1368 1393 1394 tulit
1408 1367 1440 1394 iis
1453 1374 1512 1402 qua:
1528 1366 1646 1394 Sardica:
1663 1372 1689 1394 et
1705 1367 1813 1394 Jeroso-

1028 1412 1106 1447 lymis
1128 1416 1228 1440 statuta
1247 1413 1361 1440 fuerant.
1378 1413 1477 1441 Verum
1497 1422 1558 1441 cum
1584 1413 1751 1448 Magnentius
1773 1418 1813 1448 ty-

1029 1457 1169 1484 rannidem
1185 1463 1330 1492 occuparet
1360 1466 1393 1485 ac
1421 1458 1599 1485 interfecisset
1622 1459 1812 1493 imperatorem

1029 1502 1192 1535 Occidentis,
1207 1510 1315 1530 rursum
1339 1503 1431 1530 Ariani
1448 1503 1584 1538 pulverem
1609 1509 1725 1535 movent,
1740 1503 1811 1530 Con-

194 1545 311 1577 συνόδοις
325 1545 481 1580 ψηφίζεται.
501 1545 579 1572 Ἀλλὰ
595 1546 649 1581 γὰρ
662 1545 827 1580 Μαγνεντίου
842 1547 976 1582 τυραννίδι

1030 1547 1158 1574 stantium
1175 1548 1289 1580 scilicet,
1310 1548 1440 1576 adversus
1455 1556 1613 1583 generosum
1634 1548 1811 1575 Athanasium

192 1591 363 1626 ἐπιθεμένου,
374 1592 420 1618 καὶ
431 1592 476 1618 τὸν
491 1591 666 1627 βασιλεύοντα
679 1593 728 1627 τῆς
739 1592 846 1624 Δὺσεως
857 1593 977 1627 διαφθεί-

194 1645 299 1672 ραντος,
316 1638 339 1664 οί
353 1637 382 1670 ἐξ
402 1637 506 1673 Ἀρείου
522 1637 601 1664 πάλιν
615 1638 660 1664 τὸν
683 1638 818 1673 κονιορτὸν
835 1639 980 1666 Κωνστάν-

191 1691 248 1710 τιον
266 1683 337 1710 κατὰ
355 1683 401 1710 τοῦ
421 1683 568 1711 πολυάθλου
586 1684 809 1719 ἀναρριπίζουσι·
831 1685 878 1711 καὶ
898 1685 978 1712 πάλιν

191 1728 226 1755 τὰ
248 1729 298 1765 τῆς
318 1729 445 1761 ἀσεϐείας
466 1729 628 1765 ψηφίσματα
641 1751 647 1762 ,
668 1731 715 1756 καὶ
738 1731 817 1757 πάλιν
841 1731 913 1767 φυγὴ
931 1731 977 1758 καὶ

191 1774 273 1801 πάλιν
295 1775 401 1811 ἔρευνα,
428 1775 474 1802 καὶ
491 1776 573 1803 πάλιν
597 1776 772 1812 ὰναζήτησις.
795 1777 848 1803 Ναὶ
872 1777 904 1812 δὴ
930 1777 978 1804 καὶ⁸

192 1819 327 1855 Γεώργιος
349 1821 364 1847 ὁ
378 1821 640 1858 τῆς,’Ᾱλεξανδρέων
657 1822 759 1854 πόλεως
783 1823 909 1858 ἀρπάσας
932 1823 977 1850 τὸν

193 1865 286 1900 θρόνον
303 1866 361 1901 ἆμα
377 1867 433 1898 τοῖς
453 1868 517 1903 περὶ
535 1867 659 1895 Ἀκάκιον
683 1868 730 1894 καὶ
751 1868 928 1903 Πατρόφιλον,
954 1869 977 1894 οἱ

191 1911 242 1946 τῆς
264 1912 367 1946 Ἀρείου
380 1912 508 1947 φατρίας,
524 1912 709 1949 ὲξωθήσαντες
729 1913 920 1949 Ἰεροσολύμων
934 1914 978 1940 τὸν

191 1957 360 1994 ὁμολογητὴν
375 1958 510 1994 Μάξιμον,
528 1959 716 1993 ἀντεισάγουσι
737 1959 880 1995 Κύριλλον.
904 1960 932 1986 Ὁ
951 1959 979 1986 δὲ

191 2004 321 2041 δυσσεϐὴς
336 2005 479 2040 Γεώργιος,
494 2005 626 2032 τοσούτων
640 2005 689 2040 τὴν
712 2005 906 2041 Ἀλεξανδρέων
933 2005 976 2031 ἐν-

191 2050 293 2086 έπλησε
301 2051 404 2082 κακῶν,
413 2051 451 2083 ὼς
460 2051 493 2078 τὰ
501 2053 556 2083 τοῖς
567 2052 678 2087 Ἕλλησι
685 2052 755 2078 κατὰ
762 2051 978 2088 Χριστιανῶντο-

192 2094 327 2130 λμηθέντα
343 2096 548 2132 φιλανθρωπίαν
562 2097 728 2132 νομίζεσθαι.
748 2097 877 2132 Αίκισμοι
893 2096 978 2132 τεγὰρ

192 2141 326 2176 σωμάτων
332 2144 436 2174 καιναῖς
445 2142 577 2174 ἐπινοίαις
583 2144 736 2179 ἀφορήτους
742 2144 868 2179 φέροντες
875 2143 923 2174 τὰς
933 2142 980 2169 ἁλ-

1030 1592 1176 1619 concitant.
1202 1591 1271 1620 Hine
1297 1600 1404 1620 rursum
1435 1593 1517 1627 impia
1545 1593 1673 1626 decreta,
1703 1601 1811 1621 rursum

1030 1637 1092 1672 fuga
1110 1657 1117 1670 ,
1138 1638 1235 1665 iterum
1262 1639 1421 1674 perquisitio
1447 1643 1474 1666 et
1501 1639 1680 1673 investigatio.
1707 1640 1810 1667 interea

1029 1682 1159 1718 Georgius
1170 1684 1296 1710 thronum
1312 1683 1440 1711 invadens
1454 1683 1676 1716 Alexandrinum,
1686 1691 1736 1711 una
1750 1692 1810 1712 cum

1029 1728 1129 1757 Acacio
1144 1735 1171 1757 et
1193 1729 1350 1764 Patropliilo
1371 1730 1479 1757 Arianis
1496 1730 1661 1763 hominibus,
1677 1729 1812 1765 Jcrosoly-

1028 1775 1079 1802 mis
1093 1775 1172 1810 pulso
1187 1770 1343 1803 confessoré
1361 1775 1488 1807 Maximo,
1505 1777 1532 1802 iu
1549 1777 1606 1811 ejus
1621 1776 1707 1803 locum
1724 1776 1810 1811 Cyril-

1029 1822 1083 1849 lum
1096 1822 1273 1849 constituttnl.
1293 1822 1393 1855 Impius
1404 1830 1468 1849 vero
1480 1822 1609 1856 Georgius
1622 1827 1659 1848 tot
1675 1822 1811 1856 tantisque

1028 1867 1219 1894 Alexandriam
1236 1866 1349 1901 replevit
1365 1867 1452 1900 malis,
1469 1872 1497 1894 ut
1509 1867 1656 1894 commissa
1674 1875 1687 1894 a
1704 1868 1811 1903 gentili-

1030 1913 1080 1940 bus
1096 1913 1122 1940 in
1139 1912 1310 1940 Christianos
1326 1912 1458 1944 facinora,
1474 1913 1589 1940 humana
1605 1913 1762 1941 viderentur
1778 1914 1811 1941 iis

1029 1964 1196 1994 comparata.
1221 1959 1302 1985 Novze
1327 1960 1399 1986 enim
1426 1959 1510 1994 plagae
1533 1967 1627 1987 recens
1653 1960 1811 1993 excogitata:

1030 2004 1190 2039 corporibus
1207 2003 1374 2039 inﬂiguutur,
1391 2012 1450 2038 qum
1471 2005 1666 2031 intolerandum
1682 2004 1810 2032 afferrent

1030 2051 1161 2079 dolorem.
1174 2049 1246 2085 Ignis
1259 2051 1337 2077 nudis
1351 2051 1499 2085 virginibus
1514 2051 1646 2078 admotus.
1660 2051 1731 2079 Mors
1745 2059 1810 2079 vero

1032 2096 1132 2123 multos
1141 2095 1567 2131 vita:etsupplieiiseripnit.Tum
1579 2097 1604 2123 in
1622 2097 1716 2124 exsilio
1740 2097 1807 2132 pulsi

1032 2146 1095 2168 sunt
1111 2142 1266 2168 sacerdotes
1289 2146 1316 2168 et
1327 2143 1443 2175 episcopi
1461 2143 1486 2168 in
1498 2142 1612 2177 [Egypto
1626 2142 1731 2175 triginta
1744 2142 1805 2168 duo.

190 2188 305 2224 γηδόνας
315 2189 480 2222 κατέξαινον,
488 2190 535 2216 καὶ⁴
543 2190 598 2226 πῦρ
608 2192 723 2226 γυμναῖς
728 2192 787 2222 ταῖς
793 2190 937 2226 παρθένοις
947 2197 1028 2224 προσε
1033 2189 1138 2223 φέρετω
1150 2189 1196 2215 καὶ
1204 2188 1315 2220 θάνατος
1324 2188 1436 2220 πολλοὺς
1445 2189 1538 2221 ἄλλους
1545 2189 1642 2216 καὶτοῦ
1650 2188 1698 2224 ζῇν
1707 2189 1808 2224 καὶτῆς

189 2235 325 2271 τιμωρίας
333 2235 478 2271 ἐξήρπαξε.
496 2237 625 2272 Γεγόνασι
643 2238 690 2264 καὶ
705 2238 848 2274 ὑπερορίαι
855 2237 908 2264 τῶν
919 2237 988 2264 κατὰ
995 2237 1043 2271 τὴν
1052 2235 1188 2269 Αἴγυπτον
1205 2236 1227 2261 ἱε
1233 2235 1300 2270 ρέων
1306 2243 1334 2261 τε
1342 2234 1388 2260 καὶ
1396 2235 1543 2270 ἀρχιερέων
1550 2235 1595 2261 δύο
1602 2234 1806 2270 καὶτριάκοντα.

225 2282 271 2309 ‘li.
291 2283 320 2309 '0
332 2283 360 2310 δὲ
374 2284 569 2316 Κωνστάντιος,
585 2284 744 2320 προσλαϐὼν
757 2285 803 2311 καὶ
820 2285 868 2320 τὴν
885 2285 975 2311 τάδελ-

1063 2283 1107 2310 Η.
1125 2283 1301 2310 Constantius
1326 2290 1390 2309 vero
1414 2286 1537 2316 suscepto
1563 2281 1654 2308 fratris
1683 2282 1806 2316 imperio,

189 2329 242 2364 φοῦ
255 2329 352 2365 ἀρχὴν,
363 2331 408 2357 καὶ
415 2330 643 2366 τοὺςἙσπερίους
656 2331 819 2362 ἐπισκόπους
833 2331 973 2366 μεθέλκειν

189 2374 230 2406 είς
247 2383 278 2400 τε
291 2374 339 2410 τὴν
362 2375 518 2402 Ἀθανασίου
534 2377 704 2412 κατάκρισιν,
723 2377 770 2403 καὶ
786 2378 825 2408 εἰς
838 2376 887 2412 τὴν
906 2376 973 2403 ἰδίαν

189 2420 355 2453 ἐσπούδαζεν
370 2422 482 2457 αἵρεσιν.
498 2421 542 2448 Διὸ
561 2423 608 2448 καὶ
625 2422 732 2449 σύνοδον
745 2422 788 2449 διὰ
804 2422 890 2449 ταῦτα
903 2421 972 2449 κατὰ

189 2466 352 2494 Μεδιόλανον
373 2467 449 2494 πόλιν
471 2468 520 2503 τῆς
545 2468 657 2500 Ἰταλίας
673 2468 808 2504 ἁθροίζει,
835 2468 882 2494 καὶ
896 2467 972 2499 τινας

191 2513 241 2548 μὲν
255 2512 323 2548 πρὸς
345 2514 443 2540 οἰκεῖον
465 2513 620 2548 διαστρέφει
638 2513 771 2548 βούλημα·
790 2513 926 2545 Διονύσιος
944 2513 972 2540 δὲ

190 2558 238 2585 καὶ
260 2558 388 2590 Εὐσέϐιος
408 2559 456 2585 καὶ
476 2559 605 2591 Ῥοδανὸς,
626 2559 756 2590 Παυλῖνός
768 2568 798 2585 τε
813 2559 860 2585 καί¹
874 2559 970 2585 Λουκί-

189 2613 251 2639 φερ,
264 2604 296 2630 τὸ
309 2605 407 2630 οίκεῐον
422 2605 468 2630 καὶ
483 2605 532 2639 τῆς
548 2604 687 2636 εὐσεϐείας
707 2605 744 2640 μὴ
759 2604 972 2640 καθυϐρίσαντες

189 2650 326 2685 φρόνημα,
343 2651 390 2677 καὶ
411 2651 465 2677 οὐδ’
486 2650 643 2677 Ἀθανασίου
665 2650 836 2684 καταγνῶναι
859 2650 974 2685 ἀνασχό-

191 2704 266 2730 μενοι
289 2696 409 2731 (ᾔδεισαν
428 2696 481 2732 γὰρ
498 2697 546 2732 τὴν
569 2695 727 2723 Ἀθανασίου
745 2696 906 2731 κατάκρισιν
921 2696 970 2731 τὴν

188 2741 238 2774 τῆς
254 2741 370 2773 πίστεως
391 2741 614 2777 προοιμιάζεσθαι
639 2741 816 2776 καθαίρεσιν),
844 2742 872 2767 ὲν
901 2741 972 2776 Ἀρι-

191 2787 269 2822 μήνῳ
286 2788 500 2823 ὑπερορίζονται.
516 2788 597 2816 Γνοὺς
619 2787 646 2814 δὲ
668 2789 682 2814 ὁ
698 2787 744 2814 τοῦ
764 2787 831 2814 Θεοῦ
847 2787 971 2823 θεράπων

195 2831 362 2865 Ἀθανάσιος,
374 2833 412 2864 ὡς
424 2834 504 2860 πάλιν
525 2833 585 2860 κατ’
601 2833 681 2859 αὑτοῦ
701 2833 861 2868 πικρότερόν
875 2842 904 2859 τε
926 2833 972 2859 καὶ

1027 2329 1226 2362 Occidentales,
1243 2336 1304 2355 cum
1324 2328 1356 2356 ad
1380 2328 1519 2354 Athanasii
1543 2327 1806 2360 condemnationem,

1028 2382 1084 2402 tum
1100 2375 1132 2402 ad
1153 2383 1229 2402 suam
1254 2375 1367 2402 Interesin
1387 2374 1544 2408 pertrahere
1558 2373 1706 2407 satagebat.
1719 2374 1807 2406 Quare

1027 2423 1157 2457 synodum
1171 2422 1197 2448 in
1214 2421 1296 2447 Italia:
1312 2421 1421 2448 civitate
1435 2420 1585 2446 Mediolano
1598 2423 1757 2453 congregat,
1774 2426 1806 2446 ac

1026 2468 1157 2502 quosdatn
1176 2467 1211 2494 ibi
1237 2468 1268 2493 ad
1286 2474 1360 2494 suam
1384 2466 1495 2493 abduxit
1513 2466 1687 2493 voluntatem.
1705 2465 1806 2500 Diony-

1027 2515 1083 2541 sius
1097 2522 1172 2546 vero,
1188 2513 1493 2546 Ellseilills,nhmiallﬂ$,
1507 2511 1634 2539 Paulinus
1645 2517 1671 2539 et
1688 2511 1805 2544 Lucifer,

1027 2560 1070 2593 qui
1088 2567 1163 2586 suam
1181 2559 1307 2592 piamque
1332 2559 1488 2592 religionem
1518 2565 1685 2591 nequaquam
1709 2562 1807 2584 contu-

1029 2605 1106 2631 melia
1124 2604 1250 2635 atrecerc,
1265 2611 1350 2637 neque
1372 2604 1550 2631 Athanasium
1565 2603 1744 2630 condemnare
1760 2610 1812 2629 vo.

1026 2651 1133 2678 luerunt
1157 2650 1289 2685 (sciebant
1311 2650 1382 2676 enim
1398 2649 1538 2676 Athanasii
1555 2641 1803 2676 condemnationem

1024 2704 1085 2724 esse
1105 2695 1168 2723 fidei
1193 2695 1426 2722 condemnationis
1448 2695 1523 2729 quasi
1550 2695 1806 2729 prommium),Ari-

1026 2741 1127 2768 minum
1147 2741 1290 2768 mittuntur
1318 2741 1343 2767 in
1369 2740 1507 2767 exsiliunt.
1524 2740 1589 2768 Cum
1616 2745 1708 2767 nosset
1724 2747 1804 2774 porro

1026 2786 1073 2813 Dei
1090 2793 1185 2814 servus
1208 2786 1382 2818 Athanasius,
1403 2787 1555 2814 limreticam
1574 2793 1688 2814 turmam
1709 2787 1811 2814 iterum.

1027 2834 1170 2861 adversum
1195 2842 1224 2862 se
1247 2833 1368 2862 acerbius
1395 2841 1424 2861 ac
1458 2828 1595 2862 crudelius
1620 2831 1803 2865 commoveri,

224 2889 264 2927 (α)
282 2889 349 2926 ch.
364 2891 453 2925 αὺτδς,
467 2891 583 2920 refertur
601 2892 671 2921 cnim
687 2892 718 2920 al
737 2891 870 2926 senm;
884 2891 961 2920 Ευιτ.
977 2889 1096 2918 Panos.
