2027 3042
272 135 341 156 ῦωιι

959 132 1224 162 ΡκοιεοοιιεΝΑ.

271 191 342 219 clam
354 192 479 220 omnibus
492 191 537 227 qui
555 192 581 218 in
599 192 666 218 urbe
678 194 757 218 erant
768 190 801 217 ad
817 190 949 226 virginem
963 197 1043 225 quam

1111 191 1290 226 φονικώτερον
1303 190 1332 217 τὸ
1343 191 1480 226 αἱρετικὸν
1497 191 1675 227 παροξύνεται
1689 192 1790 226 στϊςος,
1806 191 1896 221 λαθὼν

260 237 336 265 -dam
355 237 433 273 fugit.
452 242 481 264 ut
505 238 538 264 ad
561 238 648 264 locum
666 236 817 263 nullatenus
835 241 986 272 suspectum
1003 243 1055 264 non

271 284 487 318 perquireretur.
511 283 576 312 Erat
593 283 665 310 enim
688 283 888 317 speciosissima
910 282 1009 317 puella,
1027 288 1055 310 ut

270 336 366 357 omnes
378 335 481 357 certum
497 334 626 364 putarent
653 330 740 356 virum
765 330 879 363 nullum,
896 330 995 357 nedum
1010 337 1055 357 ar-

270 375 474 410 chiepiscopum
500 375 574 410 apud
588 405 590 407 ,
604 375 676 403 illam
689 376 855 403 diversatum
872 376 916 404 iri.
937 376 1054 410 Eratque

268 428 356 448 annos
376 426 439 448 nata
463 421 566 456 Viginti.
581 421 782 449 Commemorat
806 427 896 449 autem
917 421 967 456 ipsi
983 421 1053 449 veri-

269 467 333 495 tatis
346 466 392 494 ille
404 467 534 501 magister
544 471 571 497 et
581 473 674 495 custos
689 475 749 502 quis
761 475 790 495 se
801 472 967 502 spectarent.
982 467 1053 503 quod

268 511 374 540 scilicet
387 511 420 540 ad
440 513 480 540 sui
497 513 598 540 caedem
620 521 680 540 sese
694 513 860 543 instruerent
874 514 1004 542 haeretici.
1020 513 1054 541 Et

268 557 339 592 quod
351 557 442 588 omnia
454 565 513 592 qum
525 563 602 588 extra
617 559 712 586 urbem
724 563 818 586 essent
832 559 1031 593 vestigarentur
1043 567 1050 585 :

267 603 394 639 quodque
411 611 443 630 ex
464 603 630 632 ret-elatione
655 604 701 631 Dei
718 604 799 632 saluti
813 611 869 631 suae
884 604 1052 636 consulentis

267 650 301 676 ad
314 649 401 684 ipsam
416 650 544 678 venisset.
563 649 608 676 llla
623 658 684 677 cum
705 649 836 677 inelTabili
851 651 950 685 gaudio
964 650 1050 678 virum

268 695 366 730 recipit
378 701 405 724 et
419 703 466 731 per
482 703 530 723 sex
544 704 630 725 annos
648 696 776 729 occultat,
795 697 881 725 donec
896 697 1050 727 Constantii

266 749 342 770 mors
360 741 440 770 linem
469 741 580 769 aﬂ‘erret
604 742 726 770 latebris.
754 743 781 769 In
811 743 936 771 omnibus
961 748 1050 771 autem

266 788 396 816 alacriter
412 789 499 823 virgo,
514 793 542 816 et
562 796 623 816 cum
641 790 793 817 reverentia
814 795 908 818 sancto
928 790 986 817 viro
1000 790 1051 817 mi-

264 835 412 869 nistrabat,
429 835 502 874 quod
526 835 551 862 in
569 836 678 862 civitate
701 836 776 870 parvi
797 840 824 863 et
848 837 950 870 magni,
969 835 1048 863 amici

265 886 293 910 et
319 886 509 917 persecutores
535 882 612 918 juxta
645 882 817 918 ignorabant.
857 881 941 911 lussit
968 889 1049 916 pono

263 928 440 957 Constantius
459 933 490 957 ut
505 934 639 964 quotquot
660 929 686 956 in
704 929 779 956 Italia
806 929 924 964 episcopi
947 928 1049 956 nollent

262 975 371 1003 Arianae
382 975 478 1002 haresi
494 975 674 1007 subscribere,
694 976 749 1003 suis
761 976 934 1008 exigerentur
953 975 1048 1002 Eccle-

263 1020 486 1055 siis,corumque
508 1021 568 1049 loco
592 1022 785 1050 ordinarentur
812 1021 888 1056 impii
914 1021 1046 1050 homines.

262 1064 405 1093 Exsulavit
417 1071 482 1094 tunc
495 1066 576 1093 etiam
597 1066 732 1098 Liberius,
746 1067 791 1100 qui
806 1072 866 1102 post
877 1066 977 1094 Julium
991 1067 1046 1094 llo-

262 1118 373 1139 manutn
397 1112 547 1146 occupabat
564 1112 702 1143 thronum,
719 1112 794 1146 cujus
821 1112 880 1139 loco
903 1112 1045 1141 ordinatur

262 1155 352 1189 Felix,
375 1157 422 1191 qui
440 1156 584 1184 confestim
607 1157 736 1185 divinitus
765 1157 888 1185 immissa
923 1157 1045 1185 cacitate

262 1209 359 1237 pcenas
380 1202 442 1235 luit,
457 1211 488 1230 ac
505 1203 632 1238 deinceps
649 1203 788 1238 pestilenti
807 1203 902 1231 morbo
921 1204 1046 1233 sublatus

260 1253 316 1276 est.
332 1248 368 1277 Ea
391 1248 448 1284 ipsa
465 1249 589 1278 Helelius
603 1249 757 1277 Antiochiae.
772 1250 916 1285 episcopus
931 1251 1044 1285 patitur,

260 1292 374 1329 ejusque
386 1293 445 1322 loco
461 1295 572 1322 haeresis
588 1294 717 1323 Euzoium
732 1296 890 1328 constituit,
911 1296 1045 1324 Constan-

260 1339 374 1374 tinopoli
395 1347 460 1367 vero
481 1340 643 1373 Eudoxium,
667 1342 740 1369 viros
764 1341 861 1377 itnpios
884 1342 1045 1377 dignamque

260 1385 358 1414 heresi
372 1393 420 1414 sua
433 1386 514 1414 vitam
529 1392 649 1422 agentes.

1107 236 1228 267 ἅπαντας
1241 236 1303 268 τοὺς
1325 237 1353 262 ὲν
1367 238 1399 271 τῇ
1421 237 1507 270 πόλει,
1524 237 1650 273 παρθένῳ
1662 238 1714 264 τινὶ
1730 239 1895 273 καταφεύγει

1105 281 1144 316 τῷ
1166 282 1314 317 ἀνυπόπτῳ
1328 283 1376 318 τῆς
1400 283 1482 318 κόρης
1503 283 1626 310 κλέπτων
1645 283 1693 319 τὴν
1710 284 1817 320 εὕρεσιν
1830 293 1837 300 ·
1859 283 1894 322 ἦν

1105 329 1160 363 γὰρ
1173 329 1188 363 ἠ
1203 329 1291 360 νεᾶνις
1303 328 1350 355 καὶ
1363 328 1410 364 τὴν
1430 329 1490 363 ὄψιν
1503 329 1603 364 ὡραία,
1619 330 1666 356 καὶ
1680 332 1812 357 συνοικεῖν
1825 331 1892 366 αὐτῇ

1107 374 1174 409 μηδὲ
1188 374 1233 400 τὸν
1245 375 1359 410 τυχόντα
1367 375 1460 408 ἄνδρα,
1472 376 1569 410 μήτιγε
1578 376 1719 411 ἀρχιερέα.
1732 376 1830 412 πολλὴν
1844 377 1892 404 καὶ

1104 420 1215 455 βεϐαίαν
1236 421 1285 456 τὴν
1308 421 1492 457 πληροφορίαν
1510 423 1675 457 παρέχουσα.
1700 423 1780 454 Ἔτος
1795 423 1822 449 δὲ
1842 423 1892 459 τῆς

1103 467 1210 502 ἡλικίας
1226 466 1346 493 εἰκοστὸν
1362 467 1457 501 ἠνύετο
1471 467 1538 502 αὐτῇ
1559 468 1611 494 ἀπὸ
1624 468 1766 502 γενέσεως.
1786 468 1890 494 ’Δνατί-

1103 512 1182 547 Θησιν
1194 509 1239 538 οὖν
1256 512 1322 547 αὐτῇ
1336 513 1350 538 ὁ
1361 512 1410 547 τῆς
1431 512 1578 548 παρθενίας
1597 513 1644 539 καὶ
1665 513 1822 545 διδάσκαλος
1842 514 1890 541 καὶ

1102 558 1188 592 φύλαξ
1211 558 1245 585 τὰ
1261 558 1322 584 καθ’
1343 559 1449 591 ἑαυτὸν,
1471 559 1512 585 ὅτι
1533 559 1601 594 πρὸς
1628 559 1782 594 μιαιφονίαν
1805 555 1889 587 αὐτοῦ

1101 603 1267 636 ὲξοπλίζοιτο
1283 605 1313 630 τὸ
1324 605 1461 640 αἱρετικόν
1473 614 1480 620 ·
1498 606 1544 631 καὶ
1562 605 1600 638 ὡς
1617 606 1704 633 πάντα
1716 605 1751 632 τὰ
1771 605 1823 638 ἔξω
1838 606 1889 642 τῆς

1103 649 1207 682 πόλεως
1221 651 1455 686 προκατείληπται
1471 651 1595 687 ὲρεύναις
1608 664 1612 667 -
1630 652 1677 678 καὶ
1696 652 1744 684 ὡς,
1760 653 1794 678 ἐκ
1813 652 1889 684 Θείας

1099 696 1188 730 Mam;
1208 696 1257 731 τὴν
1276 697 1410 732 σωτηρίαν
1424 697 1498 732 αὐτῷ
1517 697 1745 734 πρυτανευούσης,
1759 699 1826 734 πρὸς
1838 699 1889 726 αὺ-

1100 742 1149 777 τὴν
1165 743 1237 777 ἥκοι.
1257 743 1289 768 Ἦ
1307 742 1334 768 δὲ
1349 743 1418 778 μετὰ
1433 744 1519 778 χαρᾶς
1533 744 1716 779 ἀνεκλαλήτου
1732 745 1778 771 καὶ
1794 745 1890 772 ὑποδέ-

1100 796 1176 822 χεται
1191 788 1238 815 καὶ
1254 788 1300 814 ἐπὶ
1315 788 1344 821 ἓξ
1356 789 1403 824 ἐτη
1418 789 1620 824 κατακρύπτει·
1640 791 1686 818 καὶ
1704 791 1720 825 ἡ
1743 791 1890 818 Κωνσταν-

1100 834 1157 860 τεου
1170 834 1282 870 τελευτὴ
1300 834 1375 867 λύσις
1391 835 1494 869 γίνεται
1506 836 1555 871 τῆς
1570 837 1739 872 ἁποκρυῦἦς.
1763 838 1807 864 Ἑν
1820 839 1888 866 πᾶσι

1065 872 1086 899 Β
1099 880 1127 907 δὲ
1142 879 1287 915 προθύμως
1304 881 1349 907 καὶ
1372 881 1526 916 σεϐασμίως
1542 883 1558 917 ἡ
1575 881 1707 917 παρθένος
1726 883 1888 920 ἐξυπηρέτει

1100 926 1144 952 τὸν
1159 926 1240 958 ὅσιον,
1263 926 1366 958 πάντας
1388 927 1450 958 τοὺς
1468 927 1497 953 ὲν
1516 929 1548 962 τῇ
1571 928 1647 954 πόλει
1669 929 1783 964 μικρούς
1795 938 1824 956 τε
1839 931 1888 958 καὶ

1102 973 1246 1008 μεγάλους,
1260 973 1306 999 καὶ
1319 974 1381 1004 τοὺς
1394 973 1536 1007 φιλοῦντας
1558 974 1604 1000 καὶ
1623 974 1686 1006 τοὺς
1702 974 1818 1007 διώκτας
1830 976 1887 1003 δια-

1101 1017 1277 1044 λανθάνουσα.
1300 1018 1465 1053 Προστάττει
1491 1018 1512 1044 δ’
1530 1017 1575 1045 οὖν
1589 1020 1603 1046 6
1621 1020 1808 1053 Κωνστάντιος
1823 1022 1888 1054 τοὺς

1102 1064 1139 1099 μὴ
1153 1063 1329 1099 βουλομένους
1341 1064 1394 1090 τῶν
1408 1064 1478 1092 κατὰ
1489 1065 1538 1101 τὴν
1560 1066 1674 1093 Ἰταλίαν
1689 1067 1838 1102 ἀρχιερέων
1850 1068 1885 1104 τῇ

1103 1110 1207 1144 Ἀρείου
1223 1109 1445 1144 καθυπογράζαειν
1463 1111 1620 1144 ἐξωθεῖσθαι
1633 1112 1686 1139 τῶν
1707 1113 1885 1148 Ἐκκλησιῶν,

1096 1156 1153 1182 ἀντ’
1168 1156 1278 1182 ἐκείνων
1300 1157 1362 1188 τοὺς
1385 1157 1523 1189 δυσσεϐεῖς
1543 1158 1765 1192 ὲγκαθίστασθαι.
1786 1160 1886 1196 Ὑπερ-

1096 1201 1210 1237 ωρίζετο
1234 1203 1280 1230 καὶ
1306 1203 1430 1237 Λιϐἐριος
1444 1203 1504 1230 τότε
1521 1205 1590 1240 μετὰ
1610 1205 1718 1232 Ἰούλιον
1731 1207 1776 1233 τὸν
1789 1206 1886 1242 θρόνον

1103 1248 1210 1284 Ῥώμης
1224 1248 1321 1277 ἰθύνων
1331 1258 1338 1263 ·
1357 1249 1403 1276 καὶ
1420 1250 1672 1286 ἀντιχειροτονείται
1685 1252 1769 1285 Φίλιξ,
1783 1253 1812 1285 ὃς
1832 1261 1886 1279 πα-

1099 1295 1227 1330 ραχρῆμα
1243 1295 1291 1330 μὲν
1313 1297 1390 1331 ποινῇ
1410 1295 1532 1332 θεηλάτῳ
1545 1299 1578 1332 τῇ
1595 1297 1648 1325 τῶν
1669 1298 1814 1334 ὀφθαλμῶν
1831 1307 1885 1334 πη-

1100 1340 1181 1376 ρώσει
1205 1341 1395 1372 ὑποϐάλλεται.
1420 1342 1531 1377 ὕστερον
1551 1343 1580 1371 δὲ
1603 1344 1650 1371 καὶ
1676 1345 1785 1380 λοιμικῇ
1812 1346 1885 1382 νόσῳ

1097 1387 1274 1422 κατασχεθεὶς
1297 1388 1492 1424 διαφθείρεται.
1507 1389 1546 1416 Τὰ
1558 1390 1628 1416 αὐτὰ
1646 1390 1674 1417 δὲ
1687 1391 1734 1418 καὶ
1753 1391 1885 1424 Μελέτιος

259 1431 275 1461 6
293 1431 455 1467 Ἀντιοχείας
477 1432 630 1467 ὑφίσταται,
646 1434 692 1460 καὶ
707 1434 882 1469 ἀντικαθιστᾷ
903 1435 919 1469 ἡ
939 1435 1044 1470 αἵρεσις
1063 1434 1108 1460 τὸν
1136 1434 1263 1467 Εὑζὼῖον,
1294 1435 1323 1461 ἐν
1342 1436 1621 1463 Κωνσταντινουπόλει
1639 1437 1667 1464 δὲ
1684 1437 1730 1464 τὸν
1748 1438 1885 1483 Εὑδόειον.

259 1476 358 1513 ινδρας
369 1478 508 1510 δυσσεϐεῖς
523 1479 568 1506 καὶ
579 1479 625 1506 τὸν
638 1479 694 1514 βίον
704 1480 830 1513 ὲπαξίους
843 1480 893 1515 τῆς
904 1480 1043 1516 αἱρέσεως.

295 1524 338 1551 12.
357 1524 457 1552 Eodem
471 1529 591 1561 tempore
606 1525 742 1554 lulianum
757 1527 932 1554 Constantius
948 1527 1036 1554 Cmsa-
1053 1529 1074 1557 ε

259 1570 496 1605 rem'proclamat,
511 1576 538 1598 et
557 1571 583 1598 in
601 1571 703 1599 Gallias
721 1573 814 1600 mittit.
832 1572 934 1599 Novam
952 1577 1042 1599 autem

258 1616 401 1644 ecclesiam
427 1624 442 1643 a
467 1624 496 1644 se
512 1617 745 1653 Constantinopoli
771 1623 966 1650 constructam,
992 1618 1042 1652 ipsi

258 1661 306 1689 Dei
329 1661 474 1696 Sapientiae
495 1663 682 1697 cognominem
701 1663 846 1691 dedicavit.
862 1664 930 1691 Tum
945 1665 1043 1695 impius

258 1707 397 1735 Endoxius
411 1709 438 1736 in
453 1709 525 1737 festo
547 1709 736 1737 Encmniornm
753 1711 780 1737 in
796 1711 893 1738 throno
909 1711 1042 1738 constitu-

257 1759 312 1787 tus,
329 1755 444 1790 primam
461 1755 532 1783 illam
561 1757 691 1784 audacem
714 1757 958 1792 stultissimamque
977 1765 1041 1792 pro-

259 1801 321 1829 tulit
337 1809 429 1829 vocem
445 1811 452 1830 :
469 1802 548 1830 Pater
569 1803 676 1836 impius,
703 1802 790 1830 Filius
813 1803 884 1838 pius.
914 1803 1042 1830 Tumultu

258 1853 348 1875 autem
359 1848 422 1882 jure
439 1849 501 1875 inde
523 1849 630 1881 oborto,
643 1849 715 1876 malo
728 1849 827 1876 malum
852 1851 947 1877 sedare
961 1857 1042 1876 cona-

257 1898 302 1920 tus
318 1898 360 1920 est
376 1901 383 1918 :
399 1893 470 1920 Nihil
486 1894 511 1921 id
530 1902 588 1925 vos,
608 1895 704 1928 inquit,
717 1895 871 1928 conturbet,
889 1903 950 1922 nam
964 1895 1044 1922 Pater

258 1938 368 1972 impius,
386 1940 448 1973 Quia
463 1940 597 1967 neminem
620 1941 664 1974 pie
677 1940 759 1973 colit;
779 1941 864 1968 Filius
887 1949 951 1968 vero
972 1941 1042 1975 pius,

258 1983 322 2018 quia
340 1983 446 2011 Patrem
465 1985 507 2018 pie
526 1986 599 2012 colit.
630 1986 685 2014 [loc
710 1986 811 2014 furiose
841 1987 940 2014 dictum
957 1987 982 2014 in
997 1995 1043 2014 ca-

259 2028 376 2057 chinnos
394 2035 420 2057 et
442 2030 514 2057 risus
536 2032 680 2058 tumultum
703 2032 793 2063 vertit,
812 2033 850 2058 ita
867 2037 896 2059 ut
917 2033 993 2059 inulti
1009 2032 1043 2059 ab

258 2075 373 2103 ecclesia
409 2077 590 2105 discederent.
623 2077 708 2105 Porro
737 2077 860 2106 Julianus
886 2079 911 2106 in
947 2078 1042 2106 Galliis

258 2129 351 2157 agens,
364 2123 486 2150 victoriis
499 2128 595 2150 contra
615 2123 745 2151 barbaros
761 2124 919 2158 rcportatis,
942 2131 956 2150 a
972 2124 1042 2150 mili-

260 2169 331 2195 tibus
351 2167 498 2202 imperator
520 2167 682 2195 declaratur.
700 2168 843 2202 Comperta
866 2168 1041 2196 Constantius

1113 1551 1117 1554 .
1127 1525 1341 1554 12.Κατ’ὲκεϊνο
1351 1526 1447 1562 καιροῦ
1459 1527 1506 1554 καὶ
1526 1527 1667 1555 Ἰουλιανὺν
1675 1528 1689 1554 ὸ
1696 1529 1885 1562 Κωνστάντιος

1094 1572 1251 1607 ἀναγορεύει
1260 1572 1394 1608 Καίσαρα,
1405 1573 1451 1600 καὶ
1462 1574 1530 1608 πρὸς
1540 1574 1588 1605 τὰς
1597 1574 1725 1606 Γαλλίους
1733 1576 1882 1611 ἐκπέμπει.

1099 1616 1235 1651 Ἐγκαινίζ
1236 1626 1260 1643 ει
1267 1617 1294 1644 δὲ
1300 1617 1346 1644 καὶ
1351 1617 1398 1653 τὴν
1407 1619 1434 1644 ὲν
1439 1619 1720 1647 Κωνσταντινουπόλει
1729 1629 1766 1647 πα
1769 1621 1793 1656 ρ’
1798 1621 1883 1648 αὑτοῦ

1093 1663 1301 1698 νεουργηθεῖσαν
1312 1663 1459 1698 ἐκκλησίαν
1468 1673 1475 1679 ·
1496 1664 1638 1700 ἐπώνυμον
1650 1666 1718 1701 αὐτῇ
1729 1667 1746 1701 ἡ
1754 1666 1800 1693 τοῦ
1814 1667 1882 1694 Θεοῦ

1093 1708 1185 1742 Σοφία.
1202 1709 1255 1735 Καὶ
1275 1710 1290 1735 ὁ
1314 1709 1446 1744 δυσσεϐὴς
1463 1710 1587 1742 Εὑδόξιος
1611 1710 1682 1737 κατὰ
1697 1710 1732 1738 τὰ
1752 1711 1882 1746 ἑγκαίνια

1095 1754 1292 1789 ὲνθρονισθεὶς,
1317 1755 1426 1791 πρώτην
1458 1756 1567 1792 ἐκείνην
1597 1757 1645 1792 τὴν
1673 1758 1813 1794 τολμηρὰν
1835 1759 1884 1786 καὶ

1094 1801 1294 1836 ἀφρονεστάτην
1316 1802 1404 1836 ἀφῆκε
1421 1803 1528 1838 φωνήν·
1547 1812 1556 1827 ε
1568 1803 1596 1831 ’0
1608 1803 1703 1839 Πατὴρ
1729 1804 1847 1840 ἀσεϐὴς,
1869 1805 1885 1831 6

1094 1846 1156 1879 Υἱὸς
1173 1846 1296 1881 εὐσεϐής.
1311 1856 1320 1873 t
1339 1847 1459 1882 Θορύϐου
1476 1848 1504 1877 δὲ
1519 1849 1623 1876 δικαίου
1639 1849 1670 1877 τὸ
1687 1849 1789 1885 πλῆθος
1806 1859 1885 1887 περι-

1095 1892 1231 1925 λαϐόντος,
1249 1893 1326 1928 κακῷ
1335 1893 1366 1919 τὸ
1381 1893 1466 1920 κακὸν
1487 1895 1591 1921 ἐπενόει
1609 1895 1785 1927 κατευνάζειν
1798 1904 1804 1911 ·
1822 1896 1882 1927 καὶ.

1094 1939 1194 1974 Μηδὲν,
1207 1940 1282 1975 φησὶ,
1299 1941 1470 1975 ταραττέτω·
1488 1941 1503 1967 6
1520 1941 1570 1976 μὲν
1585 1942 1638 1977 γὰρ
1655 1942 1756 1978 ἀσεϐὴς
1775 1943 1882 1979 Πατὴρ,

1093 1983 1133 2009 ὅτι
1150 1984 1242 2010 οὐδένα
1266 1984 1352 2011 σέόει·
1369 1987 1383 2012 6
1397 1985 1425 2012 δὲ
1442 1986 1504 2017 Υἱὸς
1522 1986 1651 2022 εὐσεϐὴς,
1675 1988 1716 2014 ὅτι
1742 1987 1815 2014 σέδει
1836 1987 1885 2015 τὸν

1093 2029 1212 2064 Πατέρα.
1225 2029 1316 2057 Ταῦτα
1331 2029 1379 2056 τοῦ
1392 2030 1538 2062 δυσσεϐοῦς
1562 2032 1648 2059 εἰπεῖν
1665 2032 1853 2067 ὲπιμανέντος,
1868 2034 1884 2060 6

1094 2074 1207 2110 θόρυϐος
1223 2075 1263 2106 είς
1287 2075 1386 2110 χλεύην
1401 2076 1448 2102 καὶ
1469 2077 1658 2112 μυκτηρισμὸν
1672 2078 1805 2110 ὲκλυθεὶς,
1818 2078 1884 2110 τοὺς

1094 2120 1207 2152 πολλοὺς
1226 2121 1280 2147 τῶν
1305 2121 1518 2157 συνειλεγμένων
1538 2123 1695 2150 διεσκέδασε
1718 2123 1768 2158 τῆς
1783 2124 1885 2159 ἐκκλη-

1094 2167 1164 2199 σίας.
1186 2167 1214 2194 '0
1231 2167 1355 2202 μέντοιγε
1372 2168 1514 2200 Ἰουλιανὸς
1529 2169 1599 2196 κατὰ
1619 2170 1668 2201 τὰς
1681 2170 1808 2202 Γαλλίους
1824 2171 1883 2199 δια-

258 2213 317 2246 eius
332 2213 551 2249 inanguratione,
567 2213 720 2248 baptizatur
733 2213 814 2247 impia
839 2214 932 2241 Enzoii
949 2223 1039 2248 manu,

1097 2213 1204 2248 τρίϐων,
1227 2214 1275 2240 καὶ
1297 2213 1373 2245 νίκας
1399 2214 1602 2249 ἀναδησάμενος
1629 2215 1699 2242 κατὰ
1724 2215 1882 2252 βαρϐάρωνι

258 2265 434 2295 armaturque
456 2265 550 2287 contra
575 2261 771 2287 adversarium.
795 2260 917 2296 Cumque
935 2261 1042 2295 Mopsu-

257 2313 367 2333 erenem
391 2307 570 2341 pervenisset.
587 2306 689 2334 Cilicia!
704 2307 871 2341 oppidulum,
889 2307 950 2335 belli
967 2308 1042 2335 solli-

258 2352 424 2380 citudinibus
452 2353 487 2380 ita
516 2353 660 2385 laboravit,
686 2358 715 2380 ut
740 2353 878 2387 apoplexia
900 2359 1042 2389 correptus

257 2398 357 2432 obiret,
377 2406 476 2425 annum
496 2406 578 2434 agens
605 2407 620 2426 ιι
648 2400 790 2427 nativitatc
806 2400 1040 2435 quadragesimum

256 2445 394 2480 quintum,
418 2445 550 2480 imperiia
571 2451 658 2473 ntorte
684 2446 770 2480 patris
787 2446 944 2473 vicesimum
960 2447 1040 2480 quin-

258 2496 326 2518 tum.
339 2491 473 2526 Georgius
489 2498 579 2518 autem
598 2492 769 2520 Alexandria:
788 2493 916 2526 templum
933 2493 1042 2520 Graeco-

257 2543 317 2563 rum
333 2536 452 2562 dirutnm
479 2536 505 2563 in
525 2544 578 2572 quo
592 2537 655 2564 olim
680 2537 765 2565 Graeci
790 2536 894 2565 Mithrae
911 2538 1040 2573 mysteria

256 2581 383 2614 agebant.
401 2581 475 2608 viros
489 2581 685 2614 sacriﬁcantes,
701 2590 800 2616 pueros
815 2583 878 2609 item
895 2588 921 2610 et
943 2583 1040 2610 mulie-

257 2633 300 2653 res
314 2631 343 2653 ut
359 2634 454 2654 eorum
472 2627 543 2655 extis
565 2627 719 2655 divinarent
731 2648 737 2658 .
756 2628 816 2658 ltoc,
831 2628 953 2662 inquam,
972 2634 1040 2656 tem-

259 2671 332 2706 plum
353 2673 501 2701 emundare
515 2681 660 2709 aggressus
683 2679 735 2708 est,
752 2680 781 2702 ut
805 2675 860 2703 illic
892 2676 1040 2703 oratorium

258 2718 399 2746 excitaret.
425 2719 493 2748 Dum
523 2726 729 2756 expurgareUtr,
755 2721 845 2748 multae
872 2722 1043 2756 reperiuntur

257 2764 384 2793 calvarize
411 2767 655 2802 occisorum,quas
670 2768 818 2795 Chri5tiani
840 2768 897 2796 zelo
925 2769 1041 2803 permoti

257 2810 422 2844 eduxerunt,
438 2817 467 2839 ut
485 2812 641 2840 Graecorum
665 2815 793 2846 mysteria
820 2815 993 2847 traducerent
1012 2820 1041 2843 ει

259 2857 344 2884 risum
363 2856 459 2890 populo
474 2862 623 2885 moverent.
642 2857 715 2885 lianc
729 2858 842 2893 gﬁz’tilcs
857 2867 908 2887 non
925 2856 1040 2889 fert-nios

1095 2259 1146 2285 ὑπὸ
1167 2259 1220 2285 τῶν
1238 2260 1410 2294 στρατιωτῶν
1430 2260 1645 2296 ἁνακηρύττεται
1670 2261 1805 2296 βασιλεύς.
1827 2262 1882 2289 Καὶ

1094 2305 1296 2338 Κωνπάνειος,
1323 2305 1415 2341 μαθὼν
1443 2306 1491 2342 τὴν
1526 2307 1688 2342 ἀνάρρησιν,
1719 2307 1881 2342 βαπτίζεται

1096 2352 1144 2386 μὲν
1159 2353 1192 2387 τῇ
1210 2351 1335 2388 θεομαχῳ
1352 2353 1423 2388 χειρὶ
1440 2353 1570 2384 Εὺζωῖου,
1582 2353 1751 2386 ὲξοπλίζεται
1767 2354 1795 2381 δὲ
1810 2354 1881 2381 κατὰ

1093 2398 1140 2425 τοῦ
1164 2398 1373 2430 ἐπαναστάντος.
1407 2399 1552 2434 Γενόμενος
1575 2400 1603 2426 δὲ
1626 2401 1654 2426 ὲν
1681 2400 1774 2434 Μόψου
1791 2400 1880 2436 κρήνῃ

1094 2441 1239 2478 (πολίχνιον
1262 2443 1290 2470 δὲ
1309 2444 1388 2470 τοῦτο
1406 2444 1455 2480 τῆς
1479 2445 1633 2479 Κιλικίας),
1657 2445 1708 2472 ὑπὸ
1733 2446 1880 2481 φροντίδων

1092 2487 1137 2521 αἷς
1158 2490 1238 2517 αὑτὸν
1260 2491 1274 2516 6
1292 2490 1408 2526 πόλεμος
1425 2492 1545 2525 συνεῖχεν
1574 2491 1729 2527 ἀποπληξίᾳ
1753 2492 1881 2527 ληφθεὶς,

1091 2536 1214 2571 τελευτᾷ,
1237 2536 1295 2568 ἔτος
1311 2537 1358 2571 μὲν
1375 2537 1447 2570 ἄγων
1464 2537 1517 2564 ἀπὸ
1536 2538 1669 2571 γενέσεως
1693 2538 1816 2573 πέμπτον
1833 2539 1881 2568 καὶ

1092 2582 1309 2618 τεσσαρακοστὸν
1319 2603 1327 2615 ,
1348 2582 1510 2618 βασιλεύσας
1524 2583 1552 2610 δὲ
1572 2583 1640 2618 μετὰ
1655 2584 1704 2620 τὴν
1714 2583 1760 2610 τοῦ
1776 2585 1881 2620 πατρὸς

1092 2628 1218 2663 τελευτὴν
1244 2628 1291 2663 ἔτη
1311 2628 1390 2654 πέντε
1415 2629 1462 2655 καὶ
1489 2628 1585 2655 εἴκοσι.
1615 2629 1748 2664 Γεώργιος
1771 2629 1799 2657 δὲ
1815 2630 1829 2656 ὁ
1851 2631 1881 2656 ὲν

1097 2674 1284 2710 Ἀλεξανδρείᾳ
1309 2675 1372 2701 ναὸν
1403 2675 1557 2711 Ἑλληνικὸν
1581 2675 1613 2711 δὴ
1638 2677 1882 2712 κατηρειπωμένον

1091 2719 1130 2756 (ὲν
1195 2721 1224 2747 τὸ
1253 2721 1365 2748 παλαιὸν
1386 2722 1410 2748 οἱ
1427 2721 1557 2757 ’Έλληνες
1579 2722 1688 2754 τελετὰς
1711 2723 1817 2750 ἐτέλουν
1840 2722 1882 2758 τῷ

1091 2766 1184 2802 Μίθρᾳ
1201 2767 1310 2799 θύοντές
1323 2776 1352 2794 τε
1365 2768 1475 2803 ἄνδρας,
1492 2768 1538 2795 καὶ
1551 2769 1656 2800 παῖδας,
1676 2769 1723 2796 καὶ
1736 2770 1879 2802 γυναῖκας,

1091 2813 1137 2839 καὶ
1157 2813 1212 2844 τοῖς
1241 2813 1403 2848 σπλάγχνοις
1427 2813 1516 2840 αὐτῶν
1544 2814 1759 2850 μαντευόμενοι),
1783 2814 1884 2852 τοῦτον

1091 2859 1282 2895 ἀνακαθαίρειν
1302 2859 1458 2895 ἐπεμελεῖτο
1481 2861 1526 2887 ἐπὶ
1548 2861 1578 2887 τὸ
1604 2860 1810 2896 ἀνοικοδομῆσαι
1831 2860 1878 2887 5'1-
