  <div class='ocr_page' id='page_1' title='image "/cluster/home/n/w/nwhite01/storage/ocr_20150623/25/njp.32101010944591/226.png"; bbox 0 0 2027 3042; ppageno 0'>
   <div class='ocr_carea' id='block_1_1' title="bbox 707 141 1271 174">
    <p class='ocr_par' dir='ltr' id='par_1_1' title="bbox 707 141 1271 174">
     <span class='ocr_line' id='line_1_1' title="bbox 707 141 1271 174; baseline -0.011 0"><span class='ocrx_word' id='word_1_1' title='bbox 707 146 737 174; x_wconf 86' lang='lat' dir='ltr'><strong>S.</strong></span> <span class='ocrx_word' id='word_1_2' title='bbox 758 145 947 174; x_wconf 80' lang='lat' dir='ltr'><strong>ATIlANASlI</strong></span> <span class='ocrx_word' id='word_1_3' title='bbox 968 145 1048 174; x_wconf 83' lang='lat' dir='ltr'><strong>VlTA</strong></span> <span class='ocrx_word' id='word_1_4' title='bbox 1068 144 1114 172; x_wconf 79' lang='lat' dir='ltr'><strong>EX</strong></span> <span class='ocrx_word' id='word_1_5' title='bbox 1134 141 1271 171; x_wconf 88' lang='lat' dir='ltr'><strong>PllOTlO.</strong></span> 
     </span>
    </p>
   </div>
   <div class='ocr_carea' id='block_1_2' title="bbox 1724 149 1802 171">
    <p class='ocr_par' dir='ltr' id='par_1_2' title="bbox 1724 149 1802 171">
     <span class='ocr_line' id='line_1_2' title="bbox 1724 149 1802 171; baseline 0 0"><span class='ocrx_word' id='word_1_6' title='bbox 1724 149 1802 171; x_wconf 65' lang='lat' dir='ltr'><strong>CCXX]</strong></span> 
     </span>
    </p>
   </div>
   <div class='ocr_carea' id='block_1_3' title="bbox 179 197 960 241">
    <p class='ocr_par' dir='ltr' id='par_1_3' title="bbox 179 197 960 241">
     <span class='ocr_line' id='line_1_3' title="bbox 179 197 960 241; baseline -0.004 -9"><span class='ocrx_word' id='word_1_7' title='bbox 179 205 301 241; x_wconf 78' lang='grc' dir='ltr'>κτήριον.</span> <span class='ocrx_word' id='word_1_8' title='bbox 329 197 587 240; x_wconf 68' lang='grc' dir='ltr'>Ᾰνακαθαιρομενου</span> <span class='ocrx_word' id='word_1_9' title='bbox 601 202 640 235; x_wconf 77' lang='grc' dir='ltr'>δὲ,</span> <span class='ocrx_word' id='word_1_10' title='bbox 666 202 781 239; x_wconf 74' lang='grc' dir='ltr'>εὕρηται</span> <span class='ocrx_word' id='word_1_11' title='bbox 798 203 883 230; x_wconf 81' lang='grc' dir='ltr'>πολλὰ</span> <span class='ocrx_word' id='word_1_12' title='bbox 904 211 960 238; x_wconf 61' lang='grc' dir='ltr'>κραη</span> 
     </span>
    </p>
   </div>
   <div class='ocr_carea' id='block_1_4' title="bbox 1010 197 1804 241">
    <p class='ocr_par' dir='ltr' id='par_1_4' title="bbox 1022 199 1804 240">
     <span class='ocr_line' id='line_1_4' title="bbox 1022 199 1804 240; baseline 0 -10"><span class='ocrx_word' id='word_1_13' title='bbox 1022 202 1227 235; x_wconf 84' lang='lat' dir='ltr'><strong>contumeliam,</strong></span> <span class='ocrx_word' id='word_1_14' title='bbox 1251 200 1336 240; x_wconf 83' lang='lat' dir='ltr'><strong>impia</strong></span> <span class='ocrx_word' id='word_1_15' title='bbox 1371 201 1488 230; x_wconf 84' lang='lat' dir='ltr'><strong>ducente</strong></span> <span class='ocrx_word' id='word_1_16' title='bbox 1515 200 1557 228; x_wconf 86' lang='lat' dir='ltr'><strong>ira</strong></span> <span class='ocrx_word' id='word_1_17' title='bbox 1584 201 1612 229; x_wconf 85' lang='lat' dir='ltr'><strong>in</strong></span> <span class='ocrx_word' id='word_1_18' title='bbox 1636 199 1804 230; x_wconf 78' lang='lat' dir='ltr'><strong>Christianos</strong></span> 
     </span>
    </p>
   </div>
   <div class='ocr_carea' id='block_1_5' title="bbox 179 247 966 285">
    <p class='ocr_par' dir='ltr' id='par_1_5' title="bbox 179 247 966 285">
     <span class='ocr_line' id='line_1_5' title="bbox 179 247 966 285; baseline -0.005 -7"><span class='ocrx_word' id='word_1_19' title='bbox 179 251 223 278; x_wconf 87' lang='grc' dir='ltr'><strong>νία</strong></span> <span class='ocrx_word' id='word_1_20' title='bbox 237 250 291 277; x_wconf 84' lang='grc' dir='ltr'>τῶν</span> <span class='ocrx_word' id='word_1_21' title='bbox 308 250 502 285; x_wconf 82' lang='grc' dir='ltr'>ἀνῃρημένων·</span> <span class='ocrx_word' id='word_1_22' title='bbox 529 249 576 276; x_wconf 73' lang='grc' dir='ltr'>καὶ</span> <span class='ocrx_word' id='word_1_23' title='bbox 601 248 655 275; x_wconf 81' lang='grc' dir='ltr'>τῶν</span> <span class='ocrx_word' id='word_1_24' title='bbox 684 248 854 284; x_wconf 82' lang='grc' dir='ltr'><strong>Χριστιανῶν</strong></span> <span class='ocrx_word' id='word_1_25' title='bbox 873 249 897 275; x_wconf 90' lang='grc' dir='ltr'>οἰ</span> <span class='ocrx_word' id='word_1_26' title='bbox 918 247 966 283; x_wconf 81' lang='grc' dir='ltr'><strong>ζη-</strong></span> 
     </span>
    </p>
   </div>
   <div class='ocr_carea' id='block_1_6' title="bbox 178 294 966 330">
    <p class='ocr_par' dir='ltr' id='par_1_6' title="bbox 178 294 966 330">
     <span class='ocr_line' id='line_1_6' title="bbox 178 294 966 330; baseline -0.001 -8"><span class='ocrx_word' id='word_1_27' title='bbox 178 296 260 324; x_wconf 74' lang='grc' dir='ltr'>λωταὶ</span> <span class='ocrx_word' id='word_1_28' title='bbox 284 295 505 330; x_wconf 76' lang='grc' dir='ltr'>ἐκπομπεύοντες</span> <span class='ocrx_word' id='word_1_29' title='bbox 534 294 568 322; x_wconf 82' lang='grc' dir='ltr'><strong>τὰ</strong></span> <span class='ocrx_word' id='word_1_30' title='bbox 592 294 646 321; x_wconf 82' lang='grc' dir='ltr'>τῶν</span> <span class='ocrx_word' id='word_1_31' title='bbox 668 295 800 330; x_wconf 84' lang='grc' dir='ltr'>Ἑλλήνων</span> <span class='ocrx_word' id='word_1_32' title='bbox 827 294 966 329; x_wconf 75' lang='grc' dir='ltr'><strong>μυστήρια</strong></span> 
     </span>
    </p>
   </div>
   <div class='ocr_carea' id='block_1_7' title="bbox 178 339 966 376">
    <p class='ocr_par' dir='ltr' id='par_1_7' title="bbox 178 339 966 376">
     <span class='ocr_line' id='line_1_7' title="bbox 178 339 966 376; baseline -0.005 -7"><span class='ocrx_word' id='word_1_33' title='bbox 178 343 218 374; x_wconf 82' lang='grc' dir='ltr'>εὶς</span> <span class='ocrx_word' id='word_1_34' title='bbox 242 342 348 376; x_wconf 73' lang='grc' dir='ltr'>γέλωτα</span> <span class='ocrx_word' id='word_1_35' title='bbox 378 341 419 376; x_wconf 84' lang='grc' dir='ltr'>τῷ</span> <span class='ocrx_word' id='word_1_36' title='bbox 437 342 517 376; x_wconf 87' lang='grc' dir='ltr'>δήμῳ</span> <span class='ocrx_word' id='word_1_37' title='bbox 537 341 584 368; x_wconf 76' lang='grc' dir='ltr'>καὶ</span> <span class='ocrx_word' id='word_1_38' title='bbox 609 341 708 376; x_wconf 83' lang='grc' dir='ltr'><strong>χλεύην</strong></span> <span class='ocrx_word' id='word_1_39' title='bbox 726 340 760 367; x_wconf 77' lang='grc' dir='ltr'><strong>τὰ</strong></span> <span class='ocrx_word' id='word_1_40' title='bbox 781 339 878 375; x_wconf 78' lang='grc' dir='ltr'>κρανία</span> <span class='ocrx_word' id='word_1_41' title='bbox 899 347 966 375; x_wconf 86' lang='grc' dir='ltr'>προ-</span> 
     </span>
    </p>
   </div>
   <div class='ocr_carea' id='block_1_8' title="bbox 177 387 966 423">
    <p class='ocr_par' dir='ltr' id='par_1_8' title="bbox 177 387 966 423">
     <span class='ocr_line' id='line_1_8' title="bbox 177 387 966 423; baseline -0.004 -8"><span class='ocrx_word' id='word_1_42' title='bbox 177 389 282 422; x_wconf 81' lang='grc' dir='ltr'>άγουσι.</span> <span class='ocrx_word' id='word_1_43' title='bbox 297 388 333 414; x_wconf 83' lang='grc' dir='ltr'><strong>Τὸ</strong></span> <span class='ocrx_word' id='word_1_44' title='bbox 346 387 376 416; x_wconf 79' lang='grc' dir='ltr'>δὲ</span> <span class='ocrx_word' id='word_1_45' title='bbox 395 387 559 422; x_wconf 79' lang='grc' dir='ltr'>Ἑλληνικὸν,</span> <span class='ocrx_word' id='word_1_46' title='bbox 572 387 620 422; x_wconf 79' lang='grc' dir='ltr'><strong>τὴν</strong></span> <span class='ocrx_word' id='word_1_47' title='bbox 638 387 715 423; x_wconf 79' lang='grc' dir='ltr'>ὓϐριν</span> <span class='ocrx_word' id='word_1_48' title='bbox 731 387 780 414; x_wconf 82' lang='grc' dir='ltr'>οὐκ</span> <span class='ocrx_word' id='word_1_49' title='bbox 796 387 966 420; x_wconf 74' lang='grc' dir='ltr'><strong>ἐνεγκόντες,</strong></span> 
     </span>
    </p>
   </div>
   <div class='ocr_carea' id='block_1_9' title="bbox 176 432 967 469">
    <p class='ocr_par' dir='ltr' id='par_1_9' title="bbox 176 432 967 469">
     <span class='ocr_line' id='line_1_9' title="bbox 176 432 967 469; baseline -0.003 -8"><span class='ocrx_word' id='word_1_50' title='bbox 176 434 261 469; x_wconf 77' lang='grc' dir='ltr'>ὀργῆς</span> <span class='ocrx_word' id='word_1_51' title='bbox 274 434 365 466; x_wconf 82' lang='grc' dir='ltr'>αὐτοῖς</span> <span class='ocrx_word' id='word_1_52' title='bbox 379 433 460 461; x_wconf 78' lang='grc' dir='ltr'>ἀθέου</span> <span class='ocrx_word' id='word_1_53' title='bbox 476 433 690 469; x_wconf 76' lang='grc' dir='ltr'><strong>στρατηγούσης,</strong></span> <span class='ocrx_word' id='word_1_54' title='bbox 705 434 811 469; x_wconf 82' lang='grc' dir='ltr'><strong>ὁρμῶσι</strong></span> <span class='ocrx_word' id='word_1_55' title='bbox 828 433 898 460; x_wconf 83' lang='grc' dir='ltr'>κατὰ</span> <span class='ocrx_word' id='word_1_56' title='bbox 913 432 967 459; x_wconf 86' lang='grc' dir='ltr'>τῶν</span> 
     </span>
    </p>
   </div>
   <div class='ocr_carea' id='block_1_10' title="bbox 1020 245 1804 283">
    <p class='ocr_par' dir='ltr' id='par_1_10' title="bbox 1020 245 1804 283">
     <span class='ocr_line' id='line_1_10' title="bbox 1020 245 1804 283; baseline -0.001 -7"><span class='ocrx_word' id='word_1_57' title='bbox 1020 245 1187 283; x_wconf 87' lang='lat' dir='ltr'><strong>irrumpunt:</strong></span> <span class='ocrx_word' id='word_1_58' title='bbox 1201 253 1229 275; x_wconf 88' lang='lat' dir='ltr'><strong>et</strong></span> <span class='ocrx_word' id='word_1_59' title='bbox 1243 248 1312 275; x_wconf 83' lang='lat' dir='ltr'><strong>alios</strong></span> <span class='ocrx_word' id='word_1_60' title='bbox 1326 247 1433 283; x_wconf 71' lang='lat' dir='ltr'><strong>gladiis,</strong></span> <span class='ocrx_word' id='word_1_61' title='bbox 1447 247 1513 275; x_wconf 88' lang='lat' dir='ltr'><strong>alios</strong></span> <span class='ocrx_word' id='word_1_62' title='bbox 1526 246 1658 279; x_wconf 83' lang='lat' dir='ltr'><strong>fustibus.</strong></span> <span class='ocrx_word' id='word_1_63' title='bbox 1673 248 1804 282; x_wconf 81' lang='lat' dir='ltr'><strong>quosdam</strong></span> 
     </span>
    </p>
   </div>
   <div class='ocr_carea' id='block_1_11' title="bbox 1019 294 1803 330">
    <p class='ocr_par' dir='ltr' id='par_1_11' title="bbox 1019 294 1803 330">
     <span class='ocr_line' id='line_1_11' title="bbox 1019 294 1803 330; baseline -0.003 -8"><span class='ocrx_word' id='word_1_64' title='bbox 1019 295 1165 330; x_wconf 84' lang='lat' dir='ltr'><strong>lapidibus,</strong></span> <span class='ocrx_word' id='word_1_65' title='bbox 1180 303 1212 322; x_wconf 89' lang='lat' dir='ltr'><strong>ac</strong></span> <span class='ocrx_word' id='word_1_66' title='bbox 1225 295 1322 329; x_wconf 76' lang='lat' dir='ltr'><strong>quovis</strong></span> <span class='ocrx_word' id='word_1_67' title='bbox 1337 294 1437 329; x_wconf 82' lang='lat' dir='ltr'><strong>passim</strong></span> <span class='ocrx_word' id='word_1_68' title='bbox 1449 298 1611 321; x_wconf 86' lang='lat' dir='ltr'><strong>occurrente</strong></span> <span class='ocrx_word' id='word_1_69' title='bbox 1623 294 1803 327; x_wconf 83' lang='lat' dir='ltr'><strong>trucidarunt,</strong></span> 
     </span>
    </p>
   </div>
   <div class='ocr_carea' id='block_1_12' title="bbox 1020 339 1804 374">
    <p class='ocr_par' dir='ltr' id='par_1_12' title="bbox 1020 339 1804 374">
     <span class='ocr_line' id='line_1_12' title="bbox 1020 339 1804 374; baseline -0.001 -6"><span class='ocrx_word' id='word_1_70' title='bbox 1020 341 1162 368; x_wconf 84' lang='lat' dir='ltr'><strong>nonnullos</strong></span> <span class='ocrx_word' id='word_1_71' title='bbox 1183 341 1264 369; x_wconf 81' lang='lat' dir='ltr'><strong>etiam</strong></span> <span class='ocrx_word' id='word_1_72' title='bbox 1289 340 1460 368; x_wconf 81' lang='lat' dir='ltr'><strong>cruciﬁxere.</strong></span> <span class='ocrx_word' id='word_1_73' title='bbox 1477 339 1623 374; x_wconf 79' lang='lat' dir='ltr'><strong>Georgium</strong></span> <span class='ocrx_word' id='word_1_74' title='bbox 1639 345 1730 368; x_wconf 83' lang='lat' dir='ltr'><strong>autem</strong></span> <span class='ocrx_word' id='word_1_75' title='bbox 1756 346 1804 367; x_wconf 86' lang='lat' dir='ltr'><strong>ec—</strong></span> 
     </span>
    </p>
   </div>
   <div class='ocr_carea' id='block_1_13' title="bbox 1020 386 1804 421">
    <p class='ocr_par' dir='ltr' id='par_1_13' title="bbox 1020 386 1804 421">
     <span class='ocr_line' id='line_1_13' title="bbox 1020 386 1804 421; baseline -0.004 -7"><span class='ocrx_word' id='word_1_76' title='bbox 1020 387 1100 416; x_wconf 86' lang='lat' dir='ltr'><strong>clesia</strong></span> <span class='ocrx_word' id='word_1_77' title='bbox 1127 392 1292 419; x_wconf 78' lang='lat' dir='ltr'><strong>extractum,</strong></span> <span class='ocrx_word' id='word_1_78' title='bbox 1327 386 1485 421; x_wconf 85' lang='lat' dir='ltr'><strong>cameloque</strong></span> <span class='ocrx_word' id='word_1_79' title='bbox 1511 386 1655 421; x_wconf 71' lang='lat' dir='ltr'><strong>illigatum,</strong></span> <span class='ocrx_word' id='word_1_80' title='bbox 1683 393 1744 415; x_wconf 81' lang='lat' dir='ltr'><strong>cum</strong></span> <span class='ocrx_word' id='word_1_81' title='bbox 1771 391 1804 412; x_wconf 88' lang='lat' dir='ltr'><strong>eo</strong></span> 
     </span>
    </p>
   </div>
   <div class='ocr_carea' id='block_1_14' title="bbox 1020 431 1673 468">
    <p class='ocr_par' dir='ltr' id='par_1_14' title="bbox 1020 431 1673 468">
     <span class='ocr_line' id='line_1_14' title="bbox 1020 431 1673 468; baseline -0.005 -8"><span class='ocrx_word' id='word_1_82' title='bbox 1020 438 1098 468; x_wconf 86' lang='lat' dir='ltr'><strong>pacto</strong></span> <span class='ocrx_word' id='word_1_83' title='bbox 1112 433 1330 468; x_wconf 80' lang='lat' dir='ltr'><strong>discerpsissent,</strong></span> <span class='ocrx_word' id='word_1_84' title='bbox 1346 431 1520 465; x_wconf 83' lang='lat' dir='ltr'><strong>conjecerunt</strong></span> <span class='ocrx_word' id='word_1_85' title='bbox 1534 433 1559 458; x_wconf 93' lang='lat' dir='ltr'><strong>in</strong></span> <span class='ocrx_word' id='word_1_86' title='bbox 1574 431 1673 466; x_wconf 75' lang='lat' dir='ltr'><strong>ignem.</strong></span> 
     </span>
    </p>
   </div>
   <div class='ocr_carea' id='block_1_15' title="bbox 176 476 1802 517">
    <p class='ocr_par' dir='ltr' id='par_1_15' title="bbox 176 476 1802 517">
     <span class='ocr_line' id='line_1_15' title="bbox 176 476 1802 517; baseline -0.003 -9"><span class='ocrx_word' id='word_1_87' title='bbox 176 481 362 517; x_wconf 77' lang='grc' dir='ltr'>Χριστιανῶν·</span> <span class='ocrx_word' id='word_1_88' title='bbox 381 482 428 508; x_wconf 84' lang='grc' dir='ltr'>καὶ</span> <span class='ocrx_word' id='word_1_89' title='bbox 441 481 504 512; x_wconf 80' lang='grc' dir='ltr'>τοὺς</span> <span class='ocrx_word' id='word_1_90' title='bbox 521 481 570 516; x_wconf 88' lang='grc' dir='ltr'>μὲν</span> <span class='ocrx_word' id='word_1_91' title='bbox 590 480 689 515; x_wconf 76' lang='grc' dir='ltr'>ξίφεσι,</span> <span class='ocrx_word' id='word_1_92' title='bbox 709 481 770 513; x_wconf 80' lang='grc' dir='ltr'>τοὺς</span> <span class='ocrx_word' id='word_1_93' title='bbox 789 480 817 507; x_wconf 82' lang='grc' dir='ltr'>δὲ</span> <span class='ocrx_word' id='word_1_94' title='bbox 837 481 974 515; x_wconf 76' lang='grc' dir='ltr'><strong>ῥοπάλοις,</strong></span> <span class='ocrx_word' id='word_1_95' title='bbox 993 481 1068 513; x_wconf 84' lang='grc' dir='ltr'>τινὰς</span> <span class='ocrx_word' id='word_1_96' title='bbox 1086 481 1113 507; x_wconf 79' lang='grc' dir='ltr'>δὲ</span> <span class='ocrx_word' id='word_1_97' title='bbox 1139 479 1233 512; x_wconf 79' lang='grc' dir='ltr'>λίθοις,</span> <span class='ocrx_word' id='word_1_98' title='bbox 1264 479 1361 511; x_wconf 80' lang='grc' dir='ltr'>ἄλλους</span> <span class='ocrx_word' id='word_1_99' title='bbox 1380 479 1410 506; x_wconf 83' lang='grc' dir='ltr'>δὲ</span> <span class='ocrx_word' id='word_1_100' title='bbox 1432 479 1488 510; x_wconf 81' lang='grc' dir='ltr'>τοῖς</span> <span class='ocrx_word' id='word_1_101' title='bbox 1511 477 1711 514; x_wconf 80' lang='grc' dir='ltr'>παρατυχοῦσιν</span> <span class='ocrx_word' id='word_1_102' title='bbox 1734 476 1802 504; x_wconf 82' lang='grc' dir='ltr'><strong>ἀπέ-</strong></span> 
     </span>
    </p>
   </div>
   <div class='ocr_carea' id='block_1_16' title="bbox 177 524 1802 564">
    <p class='ocr_par' dir='ltr' id='par_1_16' title="bbox 177 524 1802 564">
     <span class='ocr_line' id='line_1_16' title="bbox 177 524 1802 564; baseline -0.002 -11"><span class='ocrx_word' id='word_1_103' title='bbox 177 535 296 560; x_wconf 85' lang='grc' dir='ltr'>κτειναν,</span> <span class='ocrx_word' id='word_1_104' title='bbox 318 527 406 559; x_wconf 81' lang='grc' dir='ltr'>ἐνίους</span> <span class='ocrx_word' id='word_1_105' title='bbox 420 527 448 554; x_wconf 83' lang='grc' dir='ltr'>δὲ</span> <span class='ocrx_word' id='word_1_106' title='bbox 462 527 552 554; x_wconf 78' lang='grc' dir='ltr'>αὐτῶν</span> <span class='ocrx_word' id='word_1_107' title='bbox 585 527 631 555; x_wconf 79' lang='grc' dir='ltr'><strong>καὶ</strong></span> <span class='ocrx_word' id='word_1_108' title='bbox 667 527 890 562; x_wconf 63' lang='grc' dir='ltr'><strong>ἀνεσταύρωσαν</strong></span> <span class='ocrx_word' id='word_1_109' title='bbox 906 527 951 555; x_wconf 77' lang='grc' dir='ltr'>τὸν</span> <span class='ocrx_word' id='word_1_110' title='bbox 970 527 998 554; x_wconf 80' lang='grc' dir='ltr'>δὲ</span> <span class='ocrx_word' id='word_1_111' title='bbox 1018 527 1163 564; x_wconf 83' lang='grc' dir='ltr'>Γεώργιον,</span> <span class='ocrx_word' id='word_1_112' title='bbox 1185 527 1235 562; x_wconf 75' lang='grc' dir='ltr'>τῆς</span> <span class='ocrx_word' id='word_1_113' title='bbox 1258 526 1405 563; x_wconf 71' lang='grc' dir='ltr'>ἐκκλησίας</span> <span class='ocrx_word' id='word_1_114' title='bbox 1426 525 1628 558; x_wconf 76' lang='grc' dir='ltr'>ἐξελκύσαντες,</span> <span class='ocrx_word' id='word_1_115' title='bbox 1643 524 1757 560; x_wconf 84' lang='grc' dir='ltr'>καμήλῳ</span> <span class='ocrx_word' id='word_1_116' title='bbox 1771 532 1802 550; x_wconf 85' lang='grc' dir='ltr'><strong>τε</strong></span> 
     </span>
    </p>
   </div>
   <div class='ocr_carea' id='block_1_17' title="bbox 177 573 1144 610">
    <p class='ocr_par' dir='ltr' id='par_1_17' title="bbox 177 573 1144 610">
     <span class='ocr_line' id='line_1_17' title="bbox 177 573 1144 610; baseline 0.001 -11"><span class='ocrx_word' id='word_1_117' title='bbox 177 574 357 609; x_wconf 82' lang='grc' dir='ltr'>προσέδησαν,</span> <span class='ocrx_word' id='word_1_118' title='bbox 382 574 429 601; x_wconf 78' lang='grc' dir='ltr'>καὶ</span> <span class='ocrx_word' id='word_1_119' title='bbox 460 574 696 610; x_wconf 66' lang='grc' dir='ltr'>διατι-παραχθέντα</span> <span class='ocrx_word' id='word_1_120' title='bbox 721 575 769 601; x_wconf 72' lang='grc' dir='ltr'>σὺν</span> <span class='ocrx_word' id='word_1_121' title='bbox 794 575 863 610; x_wconf 81' lang='grc' dir='ltr'>αὐτῇ</span> <span class='ocrx_word' id='word_1_122' title='bbox 895 575 962 610; x_wconf 77' lang='grc' dir='ltr'>πυρὶ</span> <span class='ocrx_word' id='word_1_123' title='bbox 982 573 1144 610; x_wconf 79' lang='grc' dir='ltr'>παρέδοσαν.</span> 
     </span>
    </p>
   </div>
   <div class='ocr_carea' id='block_1_18' title="bbox 213 620 967 656">
    <p class='ocr_par' dir='ltr' id='par_1_18' title="bbox 213 620 967 656">
     <span class='ocr_line' id='line_1_18' title="bbox 213 620 967 656; baseline 0 -9"><span class='ocrx_word' id='word_1_124' title='bbox 213 620 255 647; x_wconf 77' lang='grc'><strong>15.</strong></span> <span class='ocrx_word' id='word_1_125' title='bbox 283 620 424 652; x_wconf 74' lang='grc' dir='ltr'>Ἰουλιανός</span> <span class='ocrx_word' id='word_1_126' title='bbox 443 629 475 655; x_wconf 90' lang='grc' dir='ltr'><strong>γε</strong></span> <span class='ocrx_word' id='word_1_127' title='bbox 496 621 549 656; x_wconf 81' lang='grc' dir='ltr'><strong>μὴν</strong></span> <span class='ocrx_word' id='word_1_128' title='bbox 573 621 603 647; x_wconf 88' lang='grc' dir='ltr'>τὸ</span> <span class='ocrx_word' id='word_1_129' title='bbox 627 621 676 655; x_wconf 84' lang='grc' dir='ltr'>τῆς</span> <span class='ocrx_word' id='word_1_130' title='bbox 705 621 842 656; x_wconf 71' lang='grc' dir='ltr'>βασιλείας</span> <span class='ocrx_word' id='word_1_131' title='bbox 867 621 967 656; x_wconf 85' lang='grc' dir='ltr'>κράτος</span> 
     </span>
    </p>
   </div>
   <div class='ocr_carea' id='block_1_19' title="bbox 176 667 965 703">
    <p class='ocr_par' dir='ltr' id='par_1_19' title="bbox 176 667 965 703">
     <span class='ocr_line' id='line_1_19' title="bbox 176 667 965 703; baseline 0 -9"><span class='ocrx_word' id='word_1_132' title='bbox 176 667 281 700; x_wconf 82' lang='grc' dir='ltr'>λαϐὼν,</span> <span class='ocrx_word' id='word_1_133' title='bbox 300 667 336 694; x_wconf 75' lang='grc' dir='ltr'><strong>τὰ</strong></span> <span class='ocrx_word' id='word_1_134' title='bbox 356 667 404 703; x_wconf 79' lang='grc' dir='ltr'>μὲν</span> <span class='ocrx_word' id='word_1_135' title='bbox 427 667 560 702; x_wconf 77' lang='grc' dir='ltr'>Ἐλλήνων</span> <span class='ocrx_word' id='word_1_136' title='bbox 594 667 778 699; x_wconf 78' lang='grc' dir='ltr'>ἐσπούδαζεν·</span> <span class='ocrx_word' id='word_1_137' title='bbox 799 667 817 694; x_wconf 78' lang='grc' dir='ltr'>ἃ</span> <span class='ocrx_word' id='word_1_138' title='bbox 840 667 869 694; x_wconf 83' lang='grc' dir='ltr'>δὲ</span> <span class='ocrx_word' id='word_1_139' title='bbox 886 669 965 694; x_wconf 83' lang='grc' dir='ltr'>Κων-</span> 
     </span>
    </p>
   </div>
   <div class='ocr_carea' id='block_1_20' title="bbox 177 712 967 749">
    <p class='ocr_par' dir='ltr' id='par_1_20' title="bbox 177 712 967 749">
     <span class='ocr_line' id='line_1_20' title="bbox 177 712 967 749; baseline 0.001 -10"><span class='ocrx_word' id='word_1_140' title='bbox 177 713 292 748; x_wconf 80' lang='grc' dir='ltr'>σταντίῳ</span> <span class='ocrx_word' id='word_1_141' title='bbox 320 712 391 739; x_wconf 86' lang='grc' dir='ltr'><strong>κατά</strong></span> <span class='ocrx_word' id='word_1_142' title='bbox 419 713 474 739; x_wconf 82' lang='grc' dir='ltr'>τῶν</span> <span class='ocrx_word' id='word_1_143' title='bbox 494 713 539 739; x_wconf 75' lang='grc' dir='ltr'>τοῦ</span> <span class='ocrx_word' id='word_1_144' title='bbox 566 713 632 740; x_wconf 82' lang='grc' dir='ltr'><strong>Θεοῦ</strong></span> <span class='ocrx_word' id='word_1_145' title='bbox 660 714 811 749; x_wconf 80' lang='grc' dir='ltr'>ἀρχιερέων</span> <span class='ocrx_word' id='word_1_146' title='bbox 837 713 967 749; x_wconf 81' lang='grc' dir='ltr'>πεπαρῴ-</span> 
     </span>
    </p>
   </div>
   <div class='ocr_carea' id='block_1_21' title="bbox 177 758 966 795">
    <p class='ocr_par' dir='ltr' id='par_1_21' title="bbox 177 758 966 795">
     <span class='ocr_line' id='line_1_21' title="bbox 177 758 966 795; baseline 0.003 -11"><span class='ocrx_word' id='word_1_147' title='bbox 177 766 251 793; x_wconf 88' lang='grc' dir='ltr'>νητο,</span> <span class='ocrx_word' id='word_1_148' title='bbox 272 758 395 794; x_wconf 79' lang='grc' dir='ltr'>στέργειν</span> <span class='ocrx_word' id='word_1_149' title='bbox 409 758 439 784; x_wconf 85' lang='grc' dir='ltr'>οὐ</span> <span class='ocrx_word' id='word_1_150' title='bbox 454 760 608 795; x_wconf 77' lang='grc' dir='ltr'>προῃρεῖτο.</span> <span class='ocrx_word' id='word_1_151' title='bbox 622 759 667 785; x_wconf 81' lang='grc' dir='ltr'><strong>Διὸ</strong></span> <span class='ocrx_word' id='word_1_152' title='bbox 684 759 746 791; x_wconf 76' lang='grc' dir='ltr'>τοὺς</span> <span class='ocrx_word' id='word_1_153' title='bbox 762 761 790 786; x_wconf 73' lang='grc' dir='ltr'>ὲν</span> <span class='ocrx_word' id='word_1_154' title='bbox 807 759 966 795; x_wconf 84' lang='grc' dir='ltr'>ὑπερορίαις</span> 
     </span>
    </p>
   </div>
   <div class='ocr_carea' id='block_1_22' title="bbox 176 801 964 840">
    <p class='ocr_par' dir='ltr' id='par_1_22' title="bbox 176 801 964 840">
     <span class='ocr_line' id='line_1_22' title="bbox 176 801 964 840; baseline 0.001 -10"><span class='ocrx_word' id='word_1_155' title='bbox 176 804 280 836; x_wconf 83' lang='grc' dir='ltr'>πάντας</span> <span class='ocrx_word' id='word_1_156' title='bbox 306 805 407 839; x_wconf 77' lang='grc' dir='ltr'>φωναῖς</span> <span class='ocrx_word' id='word_1_157' title='bbox 435 804 634 840; x_wconf 78' lang='grc' dir='ltr'>φιλανθρώποις</span> <span class='ocrx_word' id='word_1_158' title='bbox 657 805 848 836; x_wconf 74' lang='grc' dir='ltr'>ἀνεκαλέσατο.</span> <span class='ocrx_word' id='word_1_159' title='bbox 868 806 912 838; x_wconf 80' lang='grc' dir='ltr'><strong>Ἐξ</strong></span> <span class='ocrx_word' id='word_1_160' title='bbox 933 801 964 832; x_wconf 75' lang='grc' dir='ltr'>οὗ</span> 
     </span>
    </p>
   </div>
   <div class='ocr_carea' id='block_1_23' title="bbox 176 849 966 885">
    <p class='ocr_par' dir='ltr' id='par_1_23' title="bbox 176 849 966 885">
     <span class='ocr_line' id='line_1_23' title="bbox 176 849 966 885; baseline 0.001 -9"><span class='ocrx_word' id='word_1_161' title='bbox 176 850 223 876; x_wconf 82' lang='grc' dir='ltr'>καὶ</span> <span class='ocrx_word' id='word_1_162' title='bbox 240 849 397 881; x_wconf 79' lang='grc' dir='ltr'>Ἀϐανάσιος</span> <span class='ocrx_word' id='word_1_163' title='bbox 417 849 558 885; x_wconf 70' lang='grc' dir='ltr'>θαρρήσας</span> <span class='ocrx_word' id='word_1_164' title='bbox 575 850 658 882; x_wconf 75' lang='grc' dir='ltr'>ἔξεισι</span> <span class='ocrx_word' id='word_1_165' title='bbox 687 851 737 885; x_wconf 85' lang='grc' dir='ltr'>μὲν</span> <span class='ocrx_word' id='word_1_166' title='bbox 761 851 811 885; x_wconf 81' lang='grc' dir='ltr'>τῆς</span> <span class='ocrx_word' id='word_1_167' title='bbox 834 851 922 883; x_wconf 74' lang='grc' dir='ltr'>οἰκίας</span> <span class='ocrx_word' id='word_1_168' title='bbox 937 851 966 877; x_wconf 72' lang='grc' dir='ltr'>ἐν</span> 
     </span>
    </p>
   </div>
   <div class='ocr_carea' id='block_1_24' title="bbox 176 894 965 933">
    <p class='ocr_par' dir='ltr' id='par_1_24' title="bbox 176 894 965 933">
     <span class='ocr_line' id='line_1_24' title="bbox 176 894 965 933; baseline 0.001 -11"><span class='ocrx_word' id='word_1_169' title='bbox 176 894 193 933; x_wconf 81' lang='grc' dir='ltr'>ᾖ</span> <span class='ocrx_word' id='word_1_170' title='bbox 213 896 415 931; x_wconf 58' lang='grc' dir='ltr'>κατεκριὴττετο</span> <span class='ocrx_word' id='word_1_171' title='bbox 428 896 479 930; x_wconf 80' lang='grc' dir='ltr'>τῆς</span> <span class='ocrx_word' id='word_1_172' title='bbox 496 896 630 932; x_wconf 76' lang='grc' dir='ltr'>παρθένου</span> <span class='ocrx_word' id='word_1_173' title='bbox 640 905 647 911; x_wconf 87' lang='grc'>·</span> <span class='ocrx_word' id='word_1_174' title='bbox 667 896 737 923; x_wconf 77' lang='grc' dir='ltr'>κατὰ</span> <span class='ocrx_word' id='word_1_175' title='bbox 751 896 835 923; x_wconf 82' lang='grc' dir='ltr'>νύκτα</span> <span class='ocrx_word' id='word_1_176' title='bbox 848 896 876 922; x_wconf 77' lang='grc' dir='ltr'>δὲ</span> <span class='ocrx_word' id='word_1_177' title='bbox 891 897 965 924; x_wconf 74' lang='grc' dir='ltr'>ἔνδον</span> 
     </span>
    </p>
   </div>
   <div class='ocr_carea' id='block_1_25' title="bbox 176 941 965 978">
    <p class='ocr_par' dir='ltr' id='par_1_25' title="bbox 176 941 965 978">
     <span class='ocr_line' id='line_1_25' title="bbox 176 941 965 978; baseline 0 -10"><span class='ocrx_word' id='word_1_178' title='bbox 176 942 254 977; x_wconf 75' lang='grc' dir='ltr'>ὤφθη</span> <span class='ocrx_word' id='word_1_179' title='bbox 283 942 333 976; x_wconf 83' lang='grc' dir='ltr'>τῆς</span> <span class='ocrx_word' id='word_1_180' title='bbox 363 941 527 976; x_wconf 71' lang='grc' dir='ltr'>ἐκκλησίας·</span> <span class='ocrx_word' id='word_1_181' title='bbox 552 942 599 968; x_wconf 81' lang='grc' dir='ltr'>καὶ</span> <span class='ocrx_word' id='word_1_182' title='bbox 621 943 635 968; x_wconf 85' lang='grc' dir='ltr'>ὁ</span> <span class='ocrx_word' id='word_1_183' title='bbox 663 941 857 978; x_wconf 77' lang='grc' dir='ltr'>’Δὶεξανδρέων</span> <span class='ocrx_word' id='word_1_184' title='bbox 881 941 965 977; x_wconf 83' lang='grc' dir='ltr'>δῆμος</span> 
     </span>
    </p>
   </div>
   <div class='ocr_carea' id='block_1_26' title="bbox 177 987 965 1024">
    <p class='ocr_par' dir='ltr' id='par_1_26' title="bbox 177 987 965 1024">
     <span class='ocr_line' id='line_1_26' title="bbox 177 987 965 1024; baseline 0.003 -11"><span class='ocrx_word' id='word_1_185' title='bbox 177 987 302 1023; x_wconf 83' lang='grc' dir='ltr'>ἀσμένως</span> <span class='ocrx_word' id='word_1_186' title='bbox 315 988 405 1019; x_wconf 78' lang='grc' dir='ltr'>αὑτὸν,</span> <span class='ocrx_word' id='word_1_187' title='bbox 423 988 470 1014; x_wconf 82' lang='grc' dir='ltr'>καὶ</span> <span class='ocrx_word' id='word_1_188' title='bbox 489 988 526 1019; x_wconf 83' lang='grc' dir='ltr'>ὠς</span> <span class='ocrx_word' id='word_1_189' title='bbox 542 989 573 1014; x_wconf 82' lang='grc' dir='ltr'>ὲκ</span> <span class='ocrx_word' id='word_1_190' title='bbox 587 987 690 1024; x_wconf 80' lang='grc' dir='ltr'>νεκρῶν</span> <span class='ocrx_word' id='word_1_191' title='bbox 706 987 805 1020; x_wconf 81' lang='grc' dir='ltr'>ζῶντα,</span> <span class='ocrx_word' id='word_1_192' title='bbox 821 988 888 1015; x_wconf 78' lang='grc' dir='ltr'>κατὰ</span> <span class='ocrx_word' id='word_1_193' title='bbox 909 990 965 1024; x_wconf 81' lang='grc' dir='ltr'>ἑορ-</span> 
     </span>
    </p>
   </div>
   <div class='ocr_carea' id='block_1_27' title="bbox 176 1032 964 1070">
    <p class='ocr_par' dir='ltr' id='par_1_27' title="bbox 176 1032 964 1070">
     <span class='ocr_line' id='line_1_27' title="bbox 176 1032 964 1070; baseline 0 -10"><span class='ocrx_word' id='word_1_194' title='bbox 176 1033 226 1067; x_wconf 82' lang='grc' dir='ltr'>τῆς</span> <span class='ocrx_word' id='word_1_195' title='bbox 248 1032 414 1068; x_wconf 79' lang='grc' dir='ltr'>φαιδρότητα</span> <span class='ocrx_word' id='word_1_196' title='bbox 443 1033 615 1065; x_wconf 78' lang='grc' dir='ltr'>ὑπεδέξαντο.</span> <span class='ocrx_word' id='word_1_197' title='bbox 642 1033 722 1060; x_wconf 84' lang='grc' dir='ltr'>Ὂσον</span> <span class='ocrx_word' id='word_1_198' title='bbox 747 1033 775 1060; x_wconf 82' lang='grc' dir='ltr'>δὲ</span> <span class='ocrx_word' id='word_1_199' title='bbox 798 1034 964 1070; x_wconf 80' lang='grc' dir='ltr'>Ἀρειανίζον</span> 
     </span>
    </p>
   </div>
   <div class='ocr_carea' id='block_1_28' title="bbox 175 1079 964 1115">
    <p class='ocr_par' dir='ltr' id='par_1_28' title="bbox 175 1079 964 1115">
     <span class='ocr_line' id='line_1_28' title="bbox 175 1079 964 1115; baseline 0.003 -10"><span class='ocrx_word' id='word_1_200' title='bbox 175 1079 204 1105; x_wconf 70' lang='grc' dir='ltr'>ιν</span> <span class='ocrx_word' id='word_1_201' title='bbox 222 1079 255 1114; x_wconf 83' lang='grc' dir='ltr'><strong>τῇ</strong></span> <span class='ocrx_word' id='word_1_202' title='bbox 285 1079 360 1106; x_wconf 80' lang='grc' dir='ltr'>πόλει</span> <span class='ocrx_word' id='word_1_203' title='bbox 385 1079 546 1106; x_wconf 83' lang='grc' dir='ltr'>ὑπελείπετο</span> <span class='ocrx_word' id='word_1_204' title='bbox 575 1080 615 1111; x_wconf 83' lang='grc' dir='ltr'>εἰς</span> <span class='ocrx_word' id='word_1_205' title='bbox 648 1080 692 1106; x_wconf 84' lang='grc' dir='ltr'>τὸν</span> <span class='ocrx_word' id='word_1_206' title='bbox 727 1080 863 1115; x_wconf 82' lang='grc' dir='ltr'>Γεωργίου</span> <span class='ocrx_word' id='word_1_207' title='bbox 883 1080 964 1108; x_wconf 82' lang='grc' dir='ltr'>τόπον</span> 
     </span>
    </p>
   </div>
   <div class='ocr_carea' id='block_1_29' title="bbox 176 1123 963 1161">
    <p class='ocr_par' dir='ltr' id='par_1_29' title="bbox 176 1123 963 1161">
     <span class='ocr_line' id='line_1_29' title="bbox 176 1123 963 1161; baseline 0.003 -10"><span class='ocrx_word' id='word_1_208' title='bbox 176 1123 292 1153; x_wconf 78' lang='grc' dir='ltr'>Λούκιον</span> <span class='ocrx_word' id='word_1_209' title='bbox 326 1124 557 1160; x_wconf 75' lang='grc' dir='ltr'>προχειρίζονται.</span> <span class='ocrx_word' id='word_1_210' title='bbox 597 1125 740 1157; x_wconf 76' lang='grc' dir='ltr'>Ἰουλιανὸς</span> <span class='ocrx_word' id='word_1_211' title='bbox 771 1126 800 1152; x_wconf 85' lang='grc' dir='ltr'>δὲ</span> <span class='ocrx_word' id='word_1_212' title='bbox 828 1126 963 1161; x_wconf 77' lang='grc' dir='ltr'>πανταχοῦ</span> 
     </span>
    </p>
   </div>
   <div class='ocr_carea' id='block_1_30' title="bbox 175 1169 964 1206">
    <p class='ocr_par' dir='ltr' id='par_1_30' title="bbox 175 1169 964 1206">
     <span class='ocr_line' id='line_1_30' title="bbox 175 1169 964 1206; baseline 0.003 -11"><span class='ocrx_word' id='word_1_213' title='bbox 175 1169 252 1196; x_wconf 74' lang='grc' dir='ltr'>ἐσεϐε</span> <span class='ocrx_word' id='word_1_214' title='bbox 272 1170 306 1196; x_wconf 84' lang='grc' dir='ltr'>τὰ</span> <span class='ocrx_word' id='word_1_215' title='bbox 324 1170 473 1205; x_wconf 82' lang='grc' dir='ltr'>Ἑλλήνων·</span> <span class='ocrx_word' id='word_1_216' title='bbox 500 1170 561 1197; x_wconf 80' lang='grc' dir='ltr'>ἔθυε</span> <span class='ocrx_word' id='word_1_217' title='bbox 585 1171 613 1196; x_wconf 85' lang='grc' dir='ltr'>δὲ</span> <span class='ocrx_word' id='word_1_218' title='bbox 639 1170 710 1197; x_wconf 83' lang='grc' dir='ltr'><strong>κατά</strong></span> <span class='ocrx_word' id='word_1_219' title='bbox 729 1171 777 1206; x_wconf 77' lang='grc' dir='ltr'>τὴν</span> <span class='ocrx_word' id='word_1_220' title='bbox 794 1172 964 1197; x_wconf 82' lang='grc' dir='ltr'>Κωνσταντι-</span> 
     </span>
    </p>
   </div>
   <div class='ocr_carea' id='block_1_31' title="bbox 175 1213 965 1252">
    <p class='ocr_par' dir='ltr' id='par_1_31' title="bbox 175 1213 965 1252">
     <span class='ocr_line' id='line_1_31' title="bbox 175 1213 965 1252; baseline 0.004 -12"><span class='ocrx_word' id='word_1_221' title='bbox 175 1213 300 1241; x_wconf 70' lang='grc' dir='ltr'>νούτοολιν</span> <span class='ocrx_word' id='word_1_222' title='bbox 325 1215 441 1250; x_wconf 81' lang='grc' dir='ltr'>δημοσίᾳ</span> <span class='ocrx_word' id='word_1_223' title='bbox 457 1214 496 1250; x_wconf 77' lang='grc' dir='ltr'>τῷ</span> <span class='ocrx_word' id='word_1_224' title='bbox 520 1216 569 1250; x_wconf 83' lang='grc' dir='ltr'>τῇς</span> <span class='ocrx_word' id='word_1_225' title='bbox 590 1215 680 1251; x_wconf 87' lang='grc' dir='ltr'>Τύχης</span> <span class='ocrx_word' id='word_1_226' title='bbox 703 1216 857 1251; x_wconf 82' lang='grc' dir='ltr'>ἀγάλματι”</span> <span class='ocrx_word' id='word_1_227' title='bbox 883 1216 965 1252; x_wconf 77' lang='grc' dir='ltr'>ἡνίκα</span> 
     </span>
    </p>
   </div>
   <div class='ocr_carea' id='block_1_32' title="bbox 178 1259 963 1298">
    <p class='ocr_par' dir='ltr' id='par_1_32' title="bbox 178 1259 963 1298">
     <span class='ocr_line' id='line_1_32' title="bbox 178 1259 963 1298; baseline 0.003 -12"><span class='ocrx_word' id='word_1_228' title='bbox 178 1260 226 1286; x_wconf 80' lang='grc' dir='ltr'>καὶ</span> <span class='ocrx_word' id='word_1_229' title='bbox 249 1260 338 1295; x_wconf 80' lang='grc' dir='ltr'>Μάρις</span> <span class='ocrx_word' id='word_1_230' title='bbox 352 1261 366 1286; x_wconf 81' lang='grc' dir='ltr'><strong>ὁ</strong></span> <span class='ocrx_word' id='word_1_231' title='bbox 385 1260 555 1295; x_wconf 76' lang='grc' dir='ltr'>Χαλκηδόνος</span> <span class='ocrx_word' id='word_1_232' title='bbox 580 1261 831 1296; x_wconf 77' lang='grc' dir='ltr'>χειραγωγούμενος</span> <span class='ocrx_word' id='word_1_233' title='bbox 846 1259 890 1296; x_wconf 82' lang='grc' dir='ltr'>(ἦν</span> <span class='ocrx_word' id='word_1_234' title='bbox 909 1262 963 1298; x_wconf 83' lang='grc' dir='ltr'><strong>γὰρ</strong></span> 
     </span>
    </p>
   </div>
   <div class='ocr_carea' id='block_1_33' title="bbox 176 1305 960 1344">
    <p class='ocr_par' dir='ltr' id='par_1_33' title="bbox 176 1305 960 1344">
     <span class='ocr_line' id='line_1_33' title="bbox 176 1305 960 1344; baseline 0.004 -12"><span class='ocrx_word' id='word_1_235' title='bbox 176 1305 228 1332; x_wconf 85' lang='grc' dir='ltr'><strong>ὑπὸ</strong></span> <span class='ocrx_word' id='word_1_236' title='bbox 242 1305 289 1332; x_wconf 85' lang='grc' dir='ltr'>τοῦ</span> <span class='ocrx_word' id='word_1_237' title='bbox 305 1306 397 1341; x_wconf 82' lang='grc' dir='ltr'>γήρως</span> <span class='ocrx_word' id='word_1_238' title='bbox 416 1306 546 1341; x_wconf 81' lang='grc' dir='ltr'>ὑπόχυσιν</span> <span class='ocrx_word' id='word_1_239' title='bbox 565 1306 634 1341; x_wconf 77' lang='grc' dir='ltr'>ἔχων</span> <span class='ocrx_word' id='word_1_240' title='bbox 653 1308 681 1334; x_wconf 78' lang='grc' dir='ltr'>ἐν</span> <span class='ocrx_word' id='word_1_241' title='bbox 704 1308 760 1339; x_wconf 71' lang='grc' dir='ltr'>τοῖς</span> <span class='ocrx_word' id='word_1_242' title='bbox 780 1307 960 1344; x_wconf 78' lang='grc' dir='ltr'>ὀφθαλμοῖς),</span> 
     </span>
    </p>
   </div>
   <div class='ocr_carea' id='block_1_34' title="bbox 167 1351 962 1392">
    <p class='ocr_par' dir='ltr' id='par_1_34' title="bbox 167 1351 962 1392">
     <span class='ocr_line' id='line_1_34' title="bbox 167 1351 962 1392; baseline 0.005 -15"><span class='ocrx_word' id='word_1_243' title='bbox 167 1351 261 1392; x_wconf 42' lang='grc' dir='ltr'>,πολλὰ</span> <span class='ocrx_word' id='word_1_244' title='bbox 283 1351 330 1378; x_wconf 78' lang='grc' dir='ltr'><strong>τὸν</strong></span> <span class='ocrx_word' id='word_1_245' title='bbox 358 1352 515 1386; x_wconf 69' lang='grc' dir='ltr'>ἀποστάτην</span> <span class='ocrx_word' id='word_1_246' title='bbox 537 1351 674 1384; x_wconf 75' lang='grc' dir='ltr'>ἐκάκιζεν.</span> <span class='ocrx_word' id='word_1_247' title='bbox 697 1352 727 1379; x_wconf 87' lang='grc'><strong>’0</strong></span> <span class='ocrx_word' id='word_1_248' title='bbox 745 1353 772 1379; x_wconf 83' lang='grc' dir='ltr'>δὲ</span> <span class='ocrx_word' id='word_1_249' title='bbox 796 1353 895 1388; x_wconf 71' lang='grc' dir='ltr'>τυφλὸν</span> <span class='ocrx_word' id='word_1_250' title='bbox 916 1355 962 1382; x_wconf 82' lang='grc' dir='ltr'>καὶ</span> 
     </span>
    </p>
   </div>
   <div class='ocr_carea' id='block_1_35' title="bbox 175 1397 960 1433">
    <p class='ocr_par' dir='ltr' id='par_1_35' title="bbox 175 1397 960 1433">
     <span class='ocr_line' id='line_1_35' title="bbox 175 1397 960 1433; baseline 0.004 -10"><span class='ocrx_word' id='word_1_251' title='bbox 175 1397 293 1433; x_wconf 78' lang='grc' dir='ltr'>πονηρὸν</span> <span class='ocrx_word' id='word_1_252' title='bbox 313 1397 529 1432; x_wconf 78' lang='grc' dir='ltr'>ἀντελοιδορεῖτο,</span> <span class='ocrx_word' id='word_1_253' title='bbox 550 1399 597 1425; x_wconf 77' lang='grc' dir='ltr'><strong>καὶ</strong></span> <span class='ocrx_word' id='word_1_254' title='bbox 619 1398 656 1429; x_wconf 86' lang='grc' dir='ltr'>ὡς</span> <span class='ocrx_word' id='word_1_255' title='bbox 679 1399 692 1425; x_wconf 83' lang='grc' dir='ltr'><strong><em>ὁ</em></strong></span> <span class='ocrx_word' id='word_1_256' title='bbox 716 1398 854 1431; x_wconf 84' lang='grc' dir='ltr'>Γαλιλαῖος</span> <span class='ocrx_word' id='word_1_257' title='bbox 879 1400 960 1427; x_wconf 78' lang='grc' dir='ltr'>αὑτοῦ</span> 
     </span>
    </p>
   </div>
   <div class='ocr_carea' id='block_1_36' title="bbox 175 1443 961 1479">
    <p class='ocr_par' dir='ltr' id='par_1_36' title="bbox 175 1443 961 1479">
     <span class='ocr_line' id='line_1_36' title="bbox 175 1443 961 1479; baseline 0.006 -10"><span class='ocrx_word' id='word_1_258' title='bbox 175 1443 240 1475; x_wconf 80' lang='grc' dir='ltr'>Θεὸς</span> <span class='ocrx_word' id='word_1_259' title='bbox 263 1444 294 1470; x_wconf 82' lang='grc' dir='ltr'>οὺ</span> <span class='ocrx_word' id='word_1_260' title='bbox 320 1443 513 1479; x_wconf 76' lang='grc' dir='ltr'>θεραπεύσειεν</span> <span class='ocrx_word' id='word_1_261' title='bbox 544 1445 637 1477; x_wconf 73' lang='grc' dir='ltr'>αὑτὸν,</span> <span class='ocrx_word' id='word_1_262' title='bbox 664 1446 862 1479; x_wconf 82' lang='grc' dir='ltr'>κατωνείδιζεν.</span> <span class='ocrx_word' id='word_1_263' title='bbox 882 1447 910 1474; x_wconf 89' lang='lat'><strong>&#39;0</strong></span> <span class='ocrx_word' id='word_1_264' title='bbox 933 1447 961 1474; x_wconf 81' lang='grc' dir='ltr'>δὲ</span> 
     </span>
    </p>
   </div>
   <div class='ocr_carea' id='block_1_37' title="bbox 174 1490 995 1528">
    <p class='ocr_par' dir='ltr' id='par_1_37' title="bbox 174 1490 995 1528">
     <span class='ocr_line' id='line_1_37' title="bbox 174 1490 995 1528; baseline 0.006 -13"><span class='ocrx_word' id='word_1_265' title='bbox 174 1490 283 1526; x_wconf 72' lang='grc' dir='ltr'>Μάριςο</span> <span class='ocrx_word' id='word_1_266' title='bbox 303 1490 387 1516; x_wconf 84' lang='grc' dir='ltr'><strong>Τοῦτό</strong></span> <span class='ocrx_word' id='word_1_267' title='bbox 411 1499 444 1525; x_wconf 88' lang='grc' dir='ltr'><strong>με</strong></span> <span class='ocrx_word' id='word_1_268' title='bbox 470 1491 538 1527; x_wconf 86' lang='grc' dir='ltr'>πρὸς</span> <span class='ocrx_word' id='word_1_269' title='bbox 561 1491 610 1527; x_wconf 80' lang='grc' dir='ltr'>τὴν</span> <span class='ocrx_word' id='word_1_270' title='bbox 631 1492 762 1528; x_wconf 81' lang='grc' dir='ltr'>μεγίστην</span> <span class='ocrx_word' id='word_1_271' title='bbox 788 1493 960 1528; x_wconf 82' lang='grc' dir='ltr'>εὐχαριστίαν</span> <span class='ocrx_word' id='word_1_272' title='bbox 974 1499 995 1528; x_wconf 79' lang='lat' dir='ltr'><strong>c</strong></span> 
     </span>
    </p>
   </div>
   <div class='ocr_carea' id='block_1_38' title="bbox 175 1535 961 1572">
    <p class='ocr_par' dir='ltr' id='par_1_38' title="bbox 175 1535 961 1572">
     <span class='ocr_line' id='line_1_38' title="bbox 175 1535 961 1572; baseline 0.008 -10"><span class='ocrx_word' id='word_1_273' title='bbox 175 1537 244 1563; x_wconf 78' lang='grc' dir='ltr'>κινεῖ</span> <span class='ocrx_word' id='word_1_274' title='bbox 258 1535 304 1562; x_wconf 81' lang='grc' dir='ltr'>τοῦ</span> <span class='ocrx_word' id='word_1_275' title='bbox 327 1536 406 1568; x_wconf 79' lang='grc' dir='ltr'>Θεοῦ,</span> <span class='ocrx_word' id='word_1_276' title='bbox 429 1537 470 1563; x_wconf 81' lang='grc' dir='ltr'>ὅτι</span> <span class='ocrx_word' id='word_1_277' title='bbox 496 1545 531 1572; x_wconf 86' lang='grc' dir='ltr'><strong>με</strong></span> <span class='ocrx_word' id='word_1_278' title='bbox 561 1537 660 1572; x_wconf 79' lang='grc' dir='ltr'>τυφλὸν</span> <span class='ocrx_word' id='word_1_279' title='bbox 690 1538 775 1572; x_wconf 70' lang='grc' dir='ltr'>ἔθετο,</span> <span class='ocrx_word' id='word_1_280' title='bbox 794 1540 836 1566; x_wconf 81' lang='grc' dir='ltr'>ἵνα</span> <span class='ocrx_word' id='word_1_281' title='bbox 865 1541 895 1567; x_wconf 83' lang='grc' dir='ltr'>τὸ</span> <span class='ocrx_word' id='word_1_282' title='bbox 915 1541 961 1568; x_wconf 83' lang='grc' dir='ltr'><strong>σὺν</strong></span> 
     </span>
    </p>
   </div>
   <div class='ocr_carea' id='block_1_39' title="bbox 173 1581 960 1622">
    <p class='ocr_par' dir='ltr' id='par_1_39' title="bbox 173 1581 960 1622">
     <span class='ocr_line' id='line_1_39' title="bbox 173 1581 960 1622; baseline 0.009 -15"><span class='ocrx_word' id='word_1_283' title='bbox 173 1582 279 1613; x_wconf 79' lang='grc' dir='ltr'>ἀναιδὲς</span> <span class='ocrx_word' id='word_1_284' title='bbox 296 1581 367 1609; x_wconf 73' lang='grc' dir='ltr'>οὕτω</span> <span class='ocrx_word' id='word_1_285' title='bbox 383 1582 415 1608; x_wconf 80' lang='grc' dir='ltr'><strong>δι’</strong></span> <span class='ocrx_word' id='word_1_286' title='bbox 435 1582 563 1615; x_wconf 82' lang='grc' dir='ltr'>ἀσεϐείας</span> <span class='ocrx_word' id='word_1_287' title='bbox 579 1584 741 1619; x_wconf 73' lang='grc' dir='ltr'>ἀμαυρωθὲν</span> <span class='ocrx_word' id='word_1_288' title='bbox 759 1585 796 1621; x_wconf 88' lang='grc' dir='ltr'><strong>μὴ</strong></span> <span class='ocrx_word' id='word_1_289' title='bbox 818 1585 960 1622; x_wconf 84' lang='grc' dir='ltr'>Θεάσωμαι</span> 
     </span>
    </p>
   </div>
   <div class='ocr_carea' id='block_1_40' title="bbox 173 1626 959 1662">
    <p class='ocr_par' dir='ltr' id='par_1_40' title="bbox 173 1626 959 1662">
     <span class='ocr_line' id='line_1_40' title="bbox 173 1626 959 1662; baseline 0.006 -10"><span class='ocrx_word' id='word_1_290' title='bbox 173 1626 328 1662; x_wconf 66' lang='grc' dir='ltr'>πρόσωπον.</span> <span class='ocrx_word' id='word_1_291' title='bbox 351 1627 418 1653; x_wconf 83' lang='grc' dir='ltr'>Τότε</span> <span class='ocrx_word' id='word_1_292' title='bbox 434 1626 466 1662; x_wconf 81' lang='grc' dir='ltr'>δὴ</span> <span class='ocrx_word' id='word_1_293' title='bbox 481 1627 542 1654; x_wconf 83' lang='grc' dir='ltr'>τότε</span> <span class='ocrx_word' id='word_1_294' title='bbox 559 1628 605 1654; x_wconf 77' lang='grc' dir='ltr'>καὶ</span> <span class='ocrx_word' id='word_1_295' title='bbox 627 1628 761 1660; x_wconf 84' lang='grc' dir='ltr'>Ἰωϐιανὺς</span> <span class='ocrx_word' id='word_1_296' title='bbox 776 1629 823 1656; x_wconf 72' lang='grc' dir='ltr'>καὶ</span> <span class='ocrx_word' id='word_1_297' title='bbox 842 1630 959 1657; x_wconf 86' lang='grc' dir='ltr'>Οὐαλεν-</span> 
     </span>
    </p>
   </div>
   <div class='ocr_carea' id='block_1_41' title="bbox 172 1671 959 1711">
    <p class='ocr_par' dir='ltr' id='par_1_41' title="bbox 172 1671 959 1711">
     <span class='ocr_line' id='line_1_41' title="bbox 172 1671 959 1711; baseline 0.006 -14"><span class='ocrx_word' id='word_1_298' title='bbox 172 1671 288 1704; x_wconf 80' lang='grc' dir='ltr'>τινιανὸς</span> <span class='ocrx_word' id='word_1_299' title='bbox 311 1672 336 1697; x_wconf 88' lang='grc' dir='ltr'><strong>οί</strong></span> <span class='ocrx_word' id='word_1_300' title='bbox 354 1672 423 1706; x_wconf 77' lang='grc' dir='ltr'>μετὰ</span> <span class='ocrx_word' id='word_1_301' title='bbox 440 1671 525 1699; x_wconf 81' lang='grc' dir='ltr'>ταῦτα</span> <span class='ocrx_word' id='word_1_302' title='bbox 541 1672 611 1700; x_wconf 80' lang='grc' dir='ltr'><strong>κατά</strong></span> <span class='ocrx_word' id='word_1_303' title='bbox 635 1673 760 1709; x_wconf 85' lang='grc' dir='ltr'>διαδοχὴν</span> <span class='ocrx_word' id='word_1_304' title='bbox 783 1674 959 1711; x_wconf 84' lang='grc' dir='ltr'>βασιλεύσαν-</span> 
     </span>
    </p>
   </div>
   <div class='ocr_carea' id='block_1_42' title="bbox 172 1717 961 1756">
    <p class='ocr_par' dir='ltr' id='par_1_42' title="bbox 172 1717 961 1756">
     <span class='ocr_line' id='line_1_42' title="bbox 172 1717 961 1756; baseline 0.006 -13"><span class='ocrx_word' id='word_1_305' title='bbox 172 1726 228 1750; x_wconf 80' lang='grc' dir='ltr'>τες,</span> <span class='ocrx_word' id='word_1_306' title='bbox 243 1717 372 1750; x_wconf 74' lang='grc' dir='ltr'>λύσαντες</span> <span class='ocrx_word' id='word_1_307' title='bbox 387 1718 477 1745; x_wconf 85' lang='grc' dir='ltr'>αὐτῶν</span> <span class='ocrx_word' id='word_1_308' title='bbox 492 1720 540 1750; x_wconf 78' lang='grc' dir='ltr'><strong>τὰς</strong></span> <span class='ocrx_word' id='word_1_309' title='bbox 557 1718 654 1752; x_wconf 79' lang='grc' dir='ltr'>ζώνας,</span> <span class='ocrx_word' id='word_1_310' title='bbox 670 1719 709 1755; x_wconf 85' lang='grc' dir='ltr'>τῷ</span> <span class='ocrx_word' id='word_1_311' title='bbox 728 1721 851 1756; x_wconf 83' lang='grc' dir='ltr'>τυράννῳ</span> <span class='ocrx_word' id='word_1_312' title='bbox 875 1730 961 1756; x_wconf 83' lang='grc' dir='ltr'>προσ-</span> 
     </span>
    </p>
   </div>
   <div class='ocr_carea' id='block_1_43' title="bbox 171 1763 959 1800">
    <p class='ocr_par' dir='ltr' id='par_1_43' title="bbox 171 1763 959 1800">
     <span class='ocr_line' id='line_1_43' title="bbox 171 1763 959 1800; baseline 0.008 -12"><span class='ocrx_word' id='word_1_313' title='bbox 171 1763 296 1798; x_wconf 68' lang='grc' dir='ltr'>έρριψαν,</span> <span class='ocrx_word' id='word_1_314' title='bbox 323 1773 332 1788; x_wconf 76' lang='grc' dir='ltr'><strong>ι</strong></span> <span class='ocrx_word' id='word_1_315' title='bbox 346 1764 427 1798; x_wconf 87' lang='grc' dir='ltr'>Ἔχε,</span> <span class='ocrx_word' id='word_1_316' title='bbox 445 1763 579 1798; x_wconf 69' lang='grc' dir='ltr'>λέγοντες,</span> <span class='ocrx_word' id='word_1_317' title='bbox 600 1765 704 1797; x_wconf 79' lang='grc' dir='ltr'>καὶτὰς</span> <span class='ocrx_word' id='word_1_318' title='bbox 731 1765 819 1798; x_wconf 81' lang='grc' dir='ltr'>ζώνας</span> <span class='ocrx_word' id='word_1_319' title='bbox 844 1767 892 1794; x_wconf 76' lang='grc' dir='ltr'><strong>καὶ</strong></span> <span class='ocrx_word' id='word_1_320' title='bbox 909 1767 959 1800; x_wconf 84' lang='grc' dir='ltr'>τὰς</span> 
     </span>
    </p>
   </div>
   <div class='ocr_carea' id='block_1_44' title="bbox 170 1807 958 1847">
    <p class='ocr_par' dir='ltr' id='par_1_44' title="bbox 170 1807 958 1847">
     <span class='ocr_line' id='line_1_44' title="bbox 170 1807 958 1847; baseline 0.006 -13"><span class='ocrx_word' id='word_1_321' title='bbox 170 1807 268 1842; x_wconf 81' lang='grc' dir='ltr'>τιμάς·</span> <span class='ocrx_word' id='word_1_322' title='bbox 285 1817 294 1832; x_wconf 74' lang='grc' dir='ltr'><strong>ι</strong></span> <span class='ocrx_word' id='word_1_323' title='bbox 315 1808 340 1833; x_wconf 85' lang='grc' dir='ltr'><strong>εί</strong></span> <span class='ocrx_word' id='word_1_324' title='bbox 367 1807 456 1842; x_wconf 81' lang='grc' dir='ltr'>βούλει</span> <span class='ocrx_word' id='word_1_325' title='bbox 476 1808 504 1835; x_wconf 78' lang='grc' dir='ltr'>δὲ</span> <span class='ocrx_word' id='word_1_326' title='bbox 531 1809 579 1835; x_wconf 81' lang='grc' dir='ltr'>καὶ</span> <span class='ocrx_word' id='word_1_327' title='bbox 595 1809 730 1843; x_wconf 76' lang='grc' dir='ltr'>κολάζειν,</span> <span class='ocrx_word' id='word_1_328' title='bbox 749 1810 896 1847; x_wconf 78' lang='grc' dir='ltr'>προθύμως</span> <span class='ocrx_word' id='word_1_329' title='bbox 918 1821 958 1840; x_wconf 91' lang='grc' dir='ltr'><strong>σοι</strong></span> 
     </span>
    </p>
   </div>
   <div class='ocr_carea' id='block_1_45' title="bbox 171 1855 958 1894">
    <p class='ocr_par' dir='ltr' id='par_1_45' title="bbox 171 1855 958 1894">
     <span class='ocr_line' id='line_1_45' title="bbox 171 1855 958 1894; baseline 0.008 -13"><span class='ocrx_word' id='word_1_330' title='bbox 171 1855 324 1890; x_wconf 77' lang='grc' dir='ltr'>παρέχομεν</span> <span class='ocrx_word' id='word_1_331' title='bbox 337 1856 428 1883; x_wconf 75' lang='grc' dir='ltr'>καὶτὰ</span> <span class='ocrx_word' id='word_1_332' title='bbox 442 1857 564 1892; x_wconf 85' lang='grc' dir='ltr'>σώματα.</span> <span class='ocrx_word' id='word_1_333' title='bbox 575 1858 603 1884; x_wconf 86' lang='grc'><strong>’0</strong></span> <span class='ocrx_word' id='word_1_334' title='bbox 621 1858 711 1892; x_wconf 74' lang='grc' dir='ltr'>μέντοι</span> <span class='ocrx_word' id='word_1_335' title='bbox 728 1859 894 1894; x_wconf 78' lang='grc' dir='ltr'>Ἀποστάτης</span> <span class='ocrx_word' id='word_1_336' title='bbox 910 1861 958 1891; x_wconf 65' lang='grc' dir='ltr'><strong>σῦν</strong></span> 
     </span>
    </p>
   </div>
   <div class='ocr_carea' id='block_1_46' title="bbox 170 1900 958 1938">
    <p class='ocr_par' dir='ltr' id='par_1_46' title="bbox 170 1900 958 1938">
     <span class='ocr_line' id='line_1_46' title="bbox 170 1900 958 1938; baseline 0.008 -13"><span class='ocrx_word' id='word_1_337' title='bbox 170 1900 225 1931; x_wconf 84' lang='grc' dir='ltr'>τοῖς</span> <span class='ocrx_word' id='word_1_338' title='bbox 242 1900 374 1936; x_wconf 76' lang='grc' dir='ltr'>ὁμόφροσι</span> <span class='ocrx_word' id='word_1_339' title='bbox 399 1901 495 1938; x_wconf 83' lang='grc' dir='ltr'>βουλὴν</span> <span class='ocrx_word' id='word_1_340' title='bbox 512 1902 683 1937; x_wconf 83' lang='grc' dir='ltr'>βουλεύονται</span> <span class='ocrx_word' id='word_1_341' title='bbox 703 1903 858 1930; x_wconf 80' lang='grc' dir='ltr'>’Δθανάσιον</span> <span class='ocrx_word' id='word_1_342' title='bbox 874 1905 958 1931; x_wconf 78' lang='grc' dir='ltr'>ἐκπο-</span> 
     </span>
    </p>
   </div>
   <div class='ocr_carea' id='block_1_47' title="bbox 170 1943 957 1985">
    <p class='ocr_par' dir='ltr' id='par_1_47' title="bbox 170 1943 957 1985">
     <span class='ocr_line' id='line_1_47' title="bbox 170 1943 957 1985; baseline 0.008 -15"><span class='ocrx_word' id='word_1_343' title='bbox 170 1943 223 1970; x_wconf 87' lang='grc' dir='ltr'>δὼν</span> <span class='ocrx_word' id='word_1_344' title='bbox 241 1945 361 1980; x_wconf 84' lang='grc' dir='ltr'>ποιῆσαι,</span> <span class='ocrx_word' id='word_1_345' title='bbox 380 1946 565 1981; x_wconf 76' lang='grc' dir='ltr'>ἐννοούμενος,</span> <span class='ocrx_word' id='word_1_346' title='bbox 579 1947 627 1979; x_wconf 85' lang='grc' dir='ltr'><strong>ὡς,</strong></span> <span class='ocrx_word' id='word_1_347' title='bbox 649 1947 727 1984; x_wconf 79' lang='grc' dir='ltr'>εἴπερ</span> <span class='ocrx_word' id='word_1_348' title='bbox 749 1949 764 1984; x_wconf 81' lang='grc' dir='ltr'>ὴ</span> <span class='ocrx_word' id='word_1_349' title='bbox 785 1949 957 1985; x_wconf 78' lang='grc' dir='ltr'>Ἀλεξάνδρου</span> 
     </span>
    </p>
   </div>
   <div class='ocr_carea' id='block_1_48' title="bbox 171 1990 956 2032">
    <p class='ocr_par' dir='ltr' id='par_1_48' title="bbox 171 1990 956 2032">
     <span class='ocr_line' id='line_1_48' title="bbox 171 1990 956 2032; baseline 0.008 -16"><span class='ocrx_word' id='word_1_350' title='bbox 171 1990 248 2022; x_wconf 73' lang='grc' dir='ltr'>πόλις</span> <span class='ocrx_word' id='word_1_351' title='bbox 276 1992 381 2018; x_wconf 73' lang='grc' dir='ltr'>ἐκείνου</span> <span class='ocrx_word' id='word_1_352' title='bbox 406 1992 595 2028; x_wconf 77' lang='grc' dir='ltr'>ἀπαλλαγείη,</span> <span class='ocrx_word' id='word_1_353' title='bbox 623 1993 721 2029; x_wconf 75' lang='grc' dir='ltr'>ῥᾳδίως</span> <span class='ocrx_word' id='word_1_354' title='bbox 747 1995 809 2026; x_wconf 82' lang='grc' dir='ltr'>τοὺς</span> <span class='ocrx_word' id='word_1_355' title='bbox 836 1995 865 2021; x_wconf 85' lang='grc' dir='ltr'>ὲν</span> <span class='ocrx_word' id='word_1_356' title='bbox 888 1996 956 2032; x_wconf 80' lang='grc' dir='ltr'>αὐτῇ</span> 
     </span>
    </p>
   </div>
   <div class='ocr_carea' id='block_1_49' title="bbox 170 2037 956 2077">
    <p class='ocr_par' dir='ltr' id='par_1_49' title="bbox 170 2037 956 2077">
     <span class='ocr_line' id='line_1_49' title="bbox 170 2037 956 2077; baseline 0.009 -15"><span class='ocrx_word' id='word_1_357' title='bbox 170 2037 348 2072; x_wconf 76' lang='grc' dir='ltr'>Χριστιανοὺς</span> <span class='ocrx_word' id='word_1_358' title='bbox 365 2039 405 2070; x_wconf 84' lang='grc' dir='ltr'><strong>είς</strong></span> <span class='ocrx_word' id='word_1_359' title='bbox 427 2039 457 2065; x_wconf 87' lang='grc' dir='ltr'>τὸ</span> <span class='ocrx_word' id='word_1_360' title='bbox 481 2040 579 2066; x_wconf 81' lang='grc' dir='ltr'>οἰκεῖον</span> <span class='ocrx_word' id='word_1_361' title='bbox 602 2039 763 2075; x_wconf 82' lang='grc' dir='ltr'>μεθελκύσει</span> <span class='ocrx_word' id='word_1_362' title='bbox 787 2041 956 2077; x_wconf 82' lang='grc' dir='ltr'>δυσσέϐημα.</span> 
     </span>
    </p>
   </div>
   <div class='ocr_carea' id='block_1_50' title="bbox 170 2082 957 2122">
    <p class='ocr_par' dir='ltr' id='par_1_50' title="bbox 170 2082 957 2122">
     <span class='ocr_line' id='line_1_50' title="bbox 170 2082 957 2122; baseline 0.006 -14"><span class='ocrx_word' id='word_1_363' title='bbox 170 2083 216 2113; x_wconf 73' lang='grc' dir='ltr'><strong>Διὸ</strong></span> <span class='ocrx_word' id='word_1_364' title='bbox 230 2082 310 2111; x_wconf 85' lang='grc' dir='ltr'>πάλιν</span> <span class='ocrx_word' id='word_1_365' title='bbox 331 2083 513 2118; x_wconf 76' lang='grc' dir='ltr'>συκοφάνται,</span> <span class='ocrx_word' id='word_1_366' title='bbox 540 2085 587 2112; x_wconf 81' lang='grc' dir='ltr'>καὶ</span> <span class='ocrx_word' id='word_1_367' title='bbox 612 2085 692 2113; x_wconf 80' lang='grc' dir='ltr'>πάλιν</span> <span class='ocrx_word' id='word_1_368' title='bbox 719 2086 884 2122; x_wconf 82' lang='grc' dir='ltr'>στρατηγὸς,</span> <span class='ocrx_word' id='word_1_369' title='bbox 911 2087 957 2113; x_wconf 74' lang='grc' dir='ltr'><strong>καὶ</strong></span> 
     </span>
    </p>
   </div>
   <div class='ocr_carea' id='block_1_51' title="bbox 171 2127 954 2166">
    <p class='ocr_par' dir='ltr' id='par_1_51' title="bbox 171 2127 954 2166">
     <span class='ocr_line' id='line_1_51' title="bbox 171 2127 954 2166; baseline 0.005 -13"><span class='ocrx_word' id='word_1_370' title='bbox 171 2127 251 2154; x_wconf 81' lang='grc' dir='ltr'>πάλιν</span> <span class='ocrx_word' id='word_1_371' title='bbox 266 2127 388 2163; x_wconf 82' lang='grc' dir='ltr'>στρατὸς,</span> <span class='ocrx_word' id='word_1_372' title='bbox 411 2129 458 2155; x_wconf 74' lang='grc' dir='ltr'>καὶ</span> <span class='ocrx_word' id='word_1_373' title='bbox 475 2129 556 2156; x_wconf 85' lang='grc' dir='ltr'>πάλιν</span> <span class='ocrx_word' id='word_1_374' title='bbox 578 2129 733 2162; x_wconf 80' lang='grc' dir='ltr'>Ἀθανάσιος</span> <span class='ocrx_word' id='word_1_375' title='bbox 747 2130 954 2166; x_wconf 72' lang='grc' dir='ltr'>ἐκζητούμενος,</span> 
     </span>
    </p>
   </div>
   <div class='ocr_carea' id='block_1_52' title="bbox 170 2173 955 2214">
    <p class='ocr_par' dir='ltr' id='par_1_52' title="bbox 170 2173 955 2214">
     <span class='ocr_line' id='line_1_52' title="bbox 170 2173 955 2214; baseline 0.004 -14"><span class='ocrx_word' id='word_1_376' title='bbox 170 2174 218 2200; x_wconf 73' lang='grc' dir='ltr'>καὶ</span> <span class='ocrx_word' id='word_1_377' title='bbox 234 2173 313 2200; x_wconf 85' lang='grc' dir='ltr'>πάλιν</span> <span class='ocrx_word' id='word_1_378' title='bbox 330 2174 411 2214; x_wconf 83' lang='grc' dir='ltr'>φυγή.</span> <span class='ocrx_word' id='word_1_379' title='bbox 427 2175 482 2201; x_wconf 79' lang='grc' dir='ltr'>Καὶ</span> <span class='ocrx_word' id='word_1_380' title='bbox 497 2175 545 2210; x_wconf 85' lang='grc' dir='ltr'>τῆς</span> <span class='ocrx_word' id='word_1_381' title='bbox 558 2175 705 2210; x_wconf 76' lang='grc' dir='ltr'>ἐκκλησίας</span> <span class='ocrx_word' id='word_1_382' title='bbox 720 2176 829 2212; x_wconf 81' lang='grc' dir='ltr'>διαδρὰς</span> <span class='ocrx_word' id='word_1_383' title='bbox 845 2176 955 2208; x_wconf 79' lang='grc' dir='ltr'>ὁλκάδος</span> 
     </span>
    </p>
   </div>
   <div class='ocr_carea' id='block_1_53' title="bbox 169 2217 955 2255">
    <p class='ocr_par' dir='ltr' id='par_1_53' title="bbox 169 2217 955 2255">
     <span class='ocr_line' id='line_1_53' title="bbox 169 2217 955 2255; baseline 0.005 -11"><span class='ocrx_word' id='word_1_384' title='bbox 169 2217 322 2250; x_wconf 74' lang='grc' dir='ltr'>ὲπιῆαίνει,</span> <span class='ocrx_word' id='word_1_385' title='bbox 350 2219 396 2251; x_wconf 81' lang='grc' dir='ltr'>καὶ</span> <span class='ocrx_word' id='word_1_386' title='bbox 425 2219 471 2245; x_wconf 77' lang='grc' dir='ltr'><strong>ἐπὶ</strong></span> <span class='ocrx_word' id='word_1_387' title='bbox 497 2219 546 2254; x_wconf 83' lang='grc' dir='ltr'>τὴν</span> <span class='ocrx_word' id='word_1_388' title='bbox 573 2219 693 2255; x_wconf 77' lang='grc' dir='ltr'>Θηϐαΐδα</span> <span class='ocrx_word' id='word_1_389' title='bbox 719 2221 847 2247; x_wconf 73' lang='grc' dir='ltr'>ἰθύνεται.</span> <span class='ocrx_word' id='word_1_390' title='bbox 868 2222 922 2248; x_wconf 78' lang='grc' dir='ltr'>Καὶ</span> <span class='ocrx_word' id='word_1_391' title='bbox 941 2222 955 2247; x_wconf 85' lang='grc' dir='ltr'>ὁ</span> 
     </span>
    </p>
   </div>
   <div class='ocr_carea' id='block_1_54' title="bbox 170 2262 956 2301">
    <p class='ocr_par' dir='ltr' id='par_1_54' title="bbox 170 2262 956 2301">
     <span class='ocr_line' id='line_1_54' title="bbox 170 2262 956 2301; baseline 0.005 -13"><span class='ocrx_word' id='word_1_392' title='bbox 170 2262 314 2297; x_wconf 81' lang='grc' dir='ltr'>σατράπης</span> <span class='ocrx_word' id='word_1_393' title='bbox 335 2262 444 2290; x_wconf 70' lang='grc' dir='ltr'>ὄπισθεν</span> <span class='ocrx_word' id='word_1_394' title='bbox 465 2264 644 2291; x_wconf 79' lang='grc' dir='ltr'>καταδιώκει·</span> <span class='ocrx_word' id='word_1_395' title='bbox 660 2265 707 2291; x_wconf 78' lang='grc' dir='ltr'>καὶ</span> <span class='ocrx_word' id='word_1_396' title='bbox 728 2266 857 2301; x_wconf 85' lang='grc' dir='ltr'>μηνύεται</span> <span class='ocrx_word' id='word_1_397' title='bbox 879 2265 956 2292; x_wconf 78' lang='grc' dir='ltr'>τοῦτο</span> 
     </span>
    </p>
   </div>
   <div class='ocr_carea' id='block_1_55' title="bbox 169 2308 956 2347">
    <p class='ocr_par' dir='ltr' id='par_1_55' title="bbox 169 2308 956 2347">
     <span class='ocr_line' id='line_1_55' title="bbox 169 2308 956 2347; baseline 0.005 -13"><span class='ocrx_word' id='word_1_398' title='bbox 169 2309 183 2334; x_wconf 84' lang='grc' dir='ltr'>ὁ</span> <span class='ocrx_word' id='word_1_399' title='bbox 199 2308 379 2344; x_wconf 84' lang='grc' dir='ltr'>διωκόμενος·</span> <span class='ocrx_word' id='word_1_400' title='bbox 403 2310 450 2336; x_wconf 84' lang='grc' dir='ltr'><strong>καὶ</strong></span> <span class='ocrx_word' id='word_1_401' title='bbox 473 2309 534 2346; x_wconf 66' lang='grc' dir='ltr'>ὄψις</span> <span class='ocrx_word' id='word_1_402' title='bbox 552 2310 634 2337; x_wconf 81' lang='grc' dir='ltr'>αὑτὸν</span> <span class='ocrx_word' id='word_1_403' title='bbox 659 2310 718 2337; x_wconf 79' lang='grc' dir='ltr'>θεία</span> <span class='ocrx_word' id='word_1_404' title='bbox 740 2311 956 2347; x_wconf 80' lang='grc' dir='ltr'>παρακελεύεται</span> 
     </span>
    </p>
   </div>
   <div class='ocr_carea' id='block_1_56' title="bbox 167 2354 954 2392">
    <p class='ocr_par' dir='ltr' id='par_1_56' title="bbox 167 2354 954 2392">
     <span class='ocr_line' id='line_1_56' title="bbox 167 2354 954 2392; baseline 0.005 -12"><span class='ocrx_word' id='word_1_405' title='bbox 167 2354 345 2389; x_wconf 69' lang='grc' dir='ltr'>ὰντιστρέψαι</span> <span class='ocrx_word' id='word_1_406' title='bbox 363 2355 394 2382; x_wconf 81' lang='grc' dir='ltr'><strong>τὸ</strong></span> <span class='ocrx_word' id='word_1_407' title='bbox 418 2355 520 2388; x_wconf 86' lang='grc' dir='ltr'>πλοῖον,</span> <span class='ocrx_word' id='word_1_408' title='bbox 548 2357 594 2383; x_wconf 62' lang='grc' dir='ltr'><strong>καὶ¹</strong></span> <span class='ocrx_word' id='word_1_409' title='bbox 620 2356 669 2392; x_wconf 82' lang='grc' dir='ltr'>τὴν</span> <span class='ocrx_word' id='word_1_410' title='bbox 696 2357 819 2384; x_wconf 76' lang='grc' dir='ltr'>ἐναντίαν</span> <span class='ocrx_word' id='word_1_411' title='bbox 839 2357 954 2390; x_wconf 74' lang='grc' dir='ltr'>πλωῖζε-</span> 
     </span>
    </p>
   </div>
   <div class='ocr_carea' id='block_1_57' title="bbox 169 2399 954 2440">
    <p class='ocr_par' dir='ltr' id='par_1_57' title="bbox 169 2399 954 2440">
     <span class='ocr_line' id='line_1_57' title="bbox 169 2399 954 2440; baseline 0.004 -13"><span class='ocrx_word' id='word_1_412' title='bbox 169 2399 241 2428; x_wconf 81' lang='grc' dir='ltr'>σθαι.</span> <span class='ocrx_word' id='word_1_413' title='bbox 254 2400 314 2427; x_wconf 88' lang='grc' dir='ltr'><strong>Τῶν</strong></span> <span class='ocrx_word' id='word_1_414' title='bbox 335 2401 363 2428; x_wconf 83' lang='grc' dir='ltr'>δὲ</span> <span class='ocrx_word' id='word_1_415' title='bbox 386 2401 519 2429; x_wconf 83' lang='grc' dir='ltr'>συνόντων</span> <span class='ocrx_word' id='word_1_416' title='bbox 538 2402 694 2430; x_wconf 77' lang='grc' dir='ltr'>κωλυόντων</span> <span class='ocrx_word' id='word_1_417' title='bbox 708 2404 738 2430; x_wconf 85' lang='grc' dir='ltr'>οὐ</span> <span class='ocrx_word' id='word_1_418' title='bbox 760 2403 847 2438; x_wconf 82' lang='grc' dir='ltr'>λόγοις</span> <span class='ocrx_word' id='word_1_419' title='bbox 865 2404 954 2440; x_wconf 70' lang='grc' dir='ltr'>μόνον,</span> 
     </span>
    </p>
   </div>
   <div class='ocr_carea' id='block_1_58' title="bbox 167 2445 954 2486">
    <p class='ocr_par' dir='ltr' id='par_1_58' title="bbox 167 2445 954 2486">
     <span class='ocr_line' id='line_1_58' title="bbox 167 2445 954 2486; baseline 0.006 -14"><span class='ocrx_word' id='word_1_420' title='bbox 167 2445 236 2473; x_wconf 83' lang='grc' dir='ltr'>ἀλλὰ</span> <span class='ocrx_word' id='word_1_421' title='bbox 257 2447 304 2473; x_wconf 75' lang='grc' dir='ltr'><strong>καὶ</strong></span> <span class='ocrx_word' id='word_1_422' title='bbox 318 2447 445 2483; x_wconf 73' lang='grc' dir='ltr'>δάκρυσι,</span> <span class='ocrx_word' id='word_1_423' title='bbox 470 2449 531 2484; x_wconf 85' lang='grc' dir='ltr'>μηδ’</span> <span class='ocrx_word' id='word_1_424' title='bbox 548 2449 589 2480; x_wconf 80' lang='grc' dir='ltr'>εἰς</span> <span class='ocrx_word' id='word_1_425' title='bbox 604 2448 714 2485; x_wconf 70' lang='grc' dir='ltr'>ὄλεθρον</span> <span class='ocrx_word' id='word_1_426' title='bbox 730 2449 800 2476; x_wconf 81' lang='grc' dir='ltr'>οὕτω</span> <span class='ocrx_word' id='word_1_427' title='bbox 830 2450 954 2486; x_wconf 64' lang='grc' dir='ltr'>προφανῆ</span> 
     </span>
    </p>
   </div>
   <div class='ocr_carea' id='block_1_59' title="bbox 167 2492 956 2532">
    <p class='ocr_par' dir='ltr' id='par_1_59' title="bbox 167 2492 956 2532">
     <span class='ocr_line' id='line_1_59' title="bbox 167 2492 956 2532; baseline 0.006 -14"><span class='ocrx_word' id='word_1_428' title='bbox 167 2492 262 2519; x_wconf 80' lang='grc' dir='ltr'>ἑαυτόν</span> <span class='ocrx_word' id='word_1_429' title='bbox 283 2501 313 2519; x_wconf 88' lang='grc' dir='ltr'><strong>τε</strong></span> <span class='ocrx_word' id='word_1_430' title='bbox 329 2493 471 2526; x_wconf 81' lang='grc' dir='ltr'>κάκείνους</span> <span class='ocrx_word' id='word_1_431' title='bbox 496 2494 635 2526; x_wconf 75' lang='grc' dir='ltr'>ἐκδοῦναι,</span> <span class='ocrx_word' id='word_1_432' title='bbox 658 2495 790 2531; x_wconf 73' lang='grc' dir='ltr'>ἐθάρρυνε</span> <span class='ocrx_word' id='word_1_433' title='bbox 810 2505 840 2522; x_wconf 85' lang='grc' dir='ltr'><strong>τε</strong></span> <span class='ocrx_word' id='word_1_434' title='bbox 855 2496 892 2532; x_wconf 78' lang='grc' dir='ltr'><strong>μὴ</strong></span> <span class='ocrx_word' id='word_1_435' title='bbox 913 2497 956 2523; x_wconf 86' lang='grc' dir='ltr'>δε-</span> 
     </span>
    </p>
   </div>
   <div class='ocr_carea' id='block_1_60' title="bbox 167 2537 956 2576">
    <p class='ocr_par' dir='ltr' id='par_1_60' title="bbox 167 2537 956 2576">
     <span class='ocr_line' id='line_1_60' title="bbox 167 2537 956 2576; baseline 0.005 -12"><span class='ocrx_word' id='word_1_436' title='bbox 167 2537 262 2569; x_wconf 69' lang='grc' dir='ltr'>διέναι,</span> <span class='ocrx_word' id='word_1_437' title='bbox 275 2538 322 2564; x_wconf 82' lang='grc' dir='ltr'>καὶ</span> <span class='ocrx_word' id='word_1_438' title='bbox 335 2538 516 2571; x_wconf 85' lang='grc' dir='ltr'>ἀνεδίδασκεν,</span> <span class='ocrx_word' id='word_1_439' title='bbox 535 2539 572 2571; x_wconf 87' lang='grc' dir='ltr'>ὡς</span> <span class='ocrx_word' id='word_1_440' title='bbox 588 2540 617 2566; x_wconf 85' lang='grc' dir='ltr'>τὸ</span> <span class='ocrx_word' id='word_1_441' title='bbox 632 2539 707 2566; x_wconf 87' lang='grc' dir='ltr'>Θεῐον</span> <span class='ocrx_word' id='word_1_442' title='bbox 724 2541 814 2572; x_wconf 77' lang='grc' dir='ltr'>αὐτοῖς</span> <span class='ocrx_word' id='word_1_443' title='bbox 829 2541 871 2576; x_wconf 76' lang='grc' dir='ltr'>εἴη</span> <span class='ocrx_word' id='word_1_444' title='bbox 890 2541 956 2576; x_wconf 84' lang='grc' dir='ltr'>σύμ-</span> 
     </span>
    </p>
   </div>
   <div class='ocr_carea' id='block_1_61' title="bbox 171 2577 954 2622">
    <p class='ocr_par' dir='ltr' id='par_1_61' title="bbox 171 2577 954 2622">
     <span class='ocr_line' id='line_1_61' title="bbox 171 2577 954 2622; baseline 0.006 -13"><span class='ocrx_word' id='word_1_445' title='bbox 171 2592 266 2618; x_wconf 78' lang='grc' dir='ltr'>μαχον.</span> <span class='ocrx_word' id='word_1_446' title='bbox 284 2583 330 2616; x_wconf 83' lang='grc' dir='ltr'><strong>Ἐξ</strong></span> <span class='ocrx_word' id='word_1_447' title='bbox 350 2584 525 2620; x_wconf 81' lang='grc' dir='ltr'>ὑποστροφῆς</span> <span class='ocrx_word' id='word_1_448' title='bbox 540 2583 586 2612; x_wconf 79' lang='grc' dir='ltr'>οὖν</span> <span class='ocrx_word' id='word_1_449' title='bbox 603 2585 671 2622; x_wconf 81' lang='grc' dir='ltr'>πρὸς</span> <span class='ocrx_word' id='word_1_450' title='bbox 687 2586 735 2622; x_wconf 84' lang='grc' dir='ltr'>τὴν</span> <span class='ocrx_word' id='word_1_451' title='bbox 749 2577 954 2622; x_wconf 66' lang='grc' dir='ltr'>Ἃλεξάνδρειαν</span> 
     </span>
    </p>
   </div>
   <div class='ocr_carea' id='block_1_62' title="bbox 168 2628 961 2668">
    <p class='ocr_par' dir='ltr' id='par_1_62' title="bbox 168 2628 961 2668">
     <span class='ocr_line' id='line_1_62' title="bbox 168 2628 961 2668; baseline 0.004 -14"><span class='ocrx_word' id='word_1_452' title='bbox 168 2628 344 2664; x_wconf 82' lang='grc' dir='ltr'>ἀναγομένοις</span> <span class='ocrx_word' id='word_1_453' title='bbox 370 2630 536 2657; x_wconf 79' lang='grc' dir='ltr'>συναντῶσιν</span> <span class='ocrx_word' id='word_1_454' title='bbox 551 2632 576 2657; x_wconf 85' lang='grc' dir='ltr'><strong>οί</strong></span> <span class='ocrx_word' id='word_1_455' title='bbox 599 2630 754 2664; x_wconf 80' lang='grc' dir='ltr'>διώκοντες,</span> <span class='ocrx_word' id='word_1_456' title='bbox 779 2633 827 2658; x_wconf 83' lang='grc' dir='ltr'><strong>καί¹</strong></span> <span class='ocrx_word' id='word_1_457' title='bbox 849 2633 961 2668; x_wconf 62' lang='grc' dir='ltr'>ὲπερωο</span> 
     </span>
    </p>
   </div>
   <div class='ocr_carea' id='block_1_63' title="bbox 166 2672 953 2712">
    <p class='ocr_par' dir='ltr' id='par_1_63' title="bbox 166 2672 953 2712">
     <span class='ocr_line' id='line_1_63' title="bbox 166 2672 953 2712; baseline 0.009 -14"><span class='ocrx_word' id='word_1_458' title='bbox 166 2672 265 2706; x_wconf 83' lang='grc' dir='ltr'>τῶσιν,</span> <span class='ocrx_word' id='word_1_459' title='bbox 288 2673 314 2699; x_wconf 75' lang='grc' dir='ltr'>εἴ</span> <span class='ocrx_word' id='word_1_460' title='bbox 338 2682 390 2700; x_wconf 87' lang='grc' dir='ltr'><strong>που</strong></span> <span class='ocrx_word' id='word_1_461' title='bbox 419 2673 497 2701; x_wconf 76' lang='grc' dir='ltr'>ἴδοιεν</span> <span class='ocrx_word' id='word_1_462' title='bbox 518 2676 674 2704; x_wconf 81' lang='grc' dir='ltr'>Ἀθανάσιον</span> <span class='ocrx_word' id='word_1_463' title='bbox 702 2677 845 2712; x_wconf 78' lang='grc' dir='ltr'>φεύγοντα.</span> <span class='ocrx_word' id='word_1_464' title='bbox 870 2679 900 2705; x_wconf 80' lang='lat' dir='ltr'><strong>Ui</strong></span> <span class='ocrx_word' id='word_1_465' title='bbox 925 2678 953 2705; x_wconf 83' lang='grc' dir='ltr'>δὲ</span> 
     </span>
    </p>
   </div>
   <div class='ocr_carea' id='block_1_64' title="bbox 165 2719 951 2760">
    <p class='ocr_par' dir='ltr' id='par_1_64' title="bbox 165 2719 951 2760">
     <span class='ocr_line' id='line_1_64' title="bbox 165 2719 951 2760; baseline 0.008 -14"><span class='ocrx_word' id='word_1_466' title='bbox 165 2719 310 2756; x_wconf 72' lang='grc' dir='ltr'><strong>⁴Ιιμείϐοντο</strong></span> <span class='ocrx_word' id='word_1_467' title='bbox 323 2721 370 2748; x_wconf 82' lang='grc' dir='ltr'>καὶ</span> <span class='ocrx_word' id='word_1_468' title='bbox 395 2721 458 2748; x_wconf 84' lang='grc' dir='ltr'>ἰδεῖν</span> <span class='ocrx_word' id='word_1_469' title='bbox 473 2722 564 2754; x_wconf 73' lang='grc' dir='ltr'>αὑτὸν,</span> <span class='ocrx_word' id='word_1_470' title='bbox 580 2723 626 2749; x_wconf 77' lang='grc' dir='ltr'><strong>καὶ</strong></span> <span class='ocrx_word' id='word_1_471' title='bbox 643 2723 691 2755; x_wconf 85' lang='grc' dir='ltr'>ὡς,</span> <span class='ocrx_word' id='word_1_472' title='bbox 705 2724 729 2750; x_wconf 82' lang='grc' dir='ltr'><strong>εί</strong></span> <span class='ocrx_word' id='word_1_473' title='bbox 752 2724 951 2760; x_wconf 81' lang='grc' dir='ltr'>ἐπιταχύνειαν,</span> 
     </span>
    </p>
   </div>
   <div class='ocr_carea' id='block_1_65' title="bbox 167 2765 953 2806">
    <p class='ocr_par' dir='ltr' id='par_1_65' title="bbox 167 2765 953 2806">
     <span class='ocr_line' id='line_1_65' title="bbox 167 2765 953 2806; baseline 0.005 -14"><span class='ocrx_word' id='word_1_474' title='bbox 167 2765 262 2792; x_wconf 82' lang='grc' dir='ltr'>τοῦτον</span> <span class='ocrx_word' id='word_1_475' title='bbox 286 2766 499 2802; x_wconf 80' lang='grc' dir='ltr'>καταλήψεσθαι.</span> <span class='ocrx_word' id='word_1_476' title='bbox 522 2769 576 2794; x_wconf 78' lang='grc' dir='ltr'><strong>Καὶ</strong></span> <span class='ocrx_word' id='word_1_477' title='bbox 603 2768 713 2800; x_wconf 82' lang='grc' dir='ltr'>τούτους</span> <span class='ocrx_word' id='word_1_478' title='bbox 740 2769 789 2804; x_wconf 85' lang='grc' dir='ltr'>μὲν</span> <span class='ocrx_word' id='word_1_479' title='bbox 811 2770 953 2806; x_wconf 77' lang='grc' dir='ltr'>πλανωμέ-</span> 
     </span>
    </p>
   </div>
   <div class='ocr_carea' id='block_1_66' title="bbox 168 2811 953 2851">
    <p class='ocr_par' dir='ltr' id='par_1_66' title="bbox 168 2811 953 2851">
     <span class='ocr_line' id='line_1_66' title="bbox 168 2811 953 2851; baseline 0.008 -14"><span class='ocrx_word' id='word_1_480' title='bbox 168 2819 228 2841; x_wconf 84' lang='grc' dir='ltr'>νους</span> <span class='ocrx_word' id='word_1_481' title='bbox 252 2811 432 2847; x_wconf 79' lang='grc' dir='ltr'>ἀπέπεμπον·</span> <span class='ocrx_word' id='word_1_482' title='bbox 456 2814 532 2840; x_wconf 74' lang='grc' dir='ltr'>αὐτοὶ</span> <span class='ocrx_word' id='word_1_483' title='bbox 547 2815 576 2840; x_wconf 80' lang='grc' dir='ltr'>δὲ</span> <span class='ocrx_word' id='word_1_484' title='bbox 593 2814 688 2841; x_wconf 79' lang='grc' dir='ltr'>θᾶττον</span> <span class='ocrx_word' id='word_1_485' title='bbox 705 2816 744 2847; x_wconf 89' lang='grc' dir='ltr'><strong>είς</strong></span> <span class='ocrx_word' id='word_1_486' title='bbox 762 2816 811 2851; x_wconf 85' lang='grc' dir='ltr'>τὴν</span> <span class='ocrx_word' id='word_1_487' title='bbox 831 2816 953 2848; x_wconf 78' lang='grc' dir='ltr'>Ἀλεξάν-</span> 
     </span>
    </p>
   </div>
   <div class='ocr_carea' id='block_1_67' title="bbox 170 2857 952 2899">
    <p class='ocr_par' dir='ltr' id='par_1_67' title="bbox 170 2857 952 2899">
     <span class='ocr_line' id='line_1_67' title="bbox 170 2857 952 2899; baseline 0.006 -15"><span class='ocrx_word' id='word_1_488' title='bbox 170 2857 232 2894; x_wconf 81' lang='grc' dir='ltr'>δρου</span> <span class='ocrx_word' id='word_1_489' title='bbox 253 2858 438 2895; x_wconf 75' lang='grc' dir='ltr'>κατήχθησαν.</span> <span class='ocrx_word' id='word_1_490' title='bbox 453 2861 507 2888; x_wconf 76' lang='grc' dir='ltr'><strong>Καὶ</strong></span> <span class='ocrx_word' id='word_1_491' title='bbox 524 2861 625 2898; x_wconf 79' lang='grc' dir='ltr'>βραχὺν</span> <span class='ocrx_word' id='word_1_492' title='bbox 645 2862 739 2898; x_wconf 40' lang='lat' dir='ltr'><strong>{fa/Iw;</strong></span> <span class='ocrx_word' id='word_1_493' title='bbox 761 2863 925 2899; x_wconf 71' lang='grc' dir='ltr'>ἀποκρυϐεὶς</span> <span class='ocrx_word' id='word_1_494' title='bbox 939 2864 952 2889; x_wconf 76' lang='grc' dir='ltr'>ὁ</span> 
     </span>
    </p>
   </div>
   <div class='ocr_carea' id='block_1_68' title="bbox 1056 615 1801 652">
    <p class='ocr_par' dir='ltr' id='par_1_68' title="bbox 1056 615 1801 652">
     <span class='ocr_line' id='line_1_68' title="bbox 1056 615 1801 652; baseline -0.005 -4"><span class='ocrx_word' id='word_1_495' title='bbox 1056 620 1103 648; x_wconf 78' lang='lat' dir='ltr'><strong>l5.</strong></span> <span class='ocrx_word' id='word_1_496' title='bbox 1128 619 1250 649; x_wconf 77' lang='lat' dir='ltr'><strong>Julianus</strong></span> <span class='ocrx_word' id='word_1_497' title='bbox 1266 624 1357 648; x_wconf 80' lang='lat' dir='ltr'><strong>autem</strong></span> <span class='ocrx_word' id='word_1_498' title='bbox 1382 623 1496 652; x_wconf 81' lang='lat' dir='ltr'><strong>accepto</strong></span> <span class='ocrx_word' id='word_1_499' title='bbox 1518 617 1642 652; x_wconf 83' lang='lat' dir='ltr'><strong>imperio,</strong></span> <span class='ocrx_word' id='word_1_500' title='bbox 1662 615 1801 651; x_wconf 73' lang='lat' dir='ltr'><strong>gentilium</strong></span> 
     </span>
    </p>
   </div>
   <div class='ocr_carea' id='block_1_69' title="bbox 1019 661 1802 701">
    <p class='ocr_par' dir='ltr' id='par_1_69' title="bbox 1019 661 1802 701">
     <span class='ocr_line' id='line_1_69' title="bbox 1019 661 1802 701; baseline -0.004 -9"><span class='ocrx_word' id='word_1_501' title='bbox 1019 666 1128 701; x_wconf 82' lang='lat' dir='ltr'><strong>quidem</strong></span> <span class='ocrx_word' id='word_1_502' title='bbox 1145 665 1303 701; x_wconf 73' lang='lat' dir='ltr'><strong>religionem</strong></span> <span class='ocrx_word' id='word_1_503' title='bbox 1320 664 1424 697; x_wconf 85' lang='lat' dir='ltr'><strong>coluit;</strong></span> <span class='ocrx_word' id='word_1_504' title='bbox 1441 671 1511 698; x_wconf 83' lang='lat' dir='ltr'><strong>quas</strong></span> <span class='ocrx_word' id='word_1_505' title='bbox 1524 667 1615 693; x_wconf 84' lang='lat' dir='ltr'><strong>autem</strong></span> <span class='ocrx_word' id='word_1_506' title='bbox 1624 661 1802 692; x_wconf 73' lang='lat' dir='ltr'><strong>Constantius</strong></span> 
     </span>
    </p>
   </div>
   <div class='ocr_carea' id='block_1_70' title="bbox 1019 708 1801 747">
    <p class='ocr_par' dir='ltr' id='par_1_70' title="bbox 1019 708 1801 747">
     <span class='ocr_line' id='line_1_70' title="bbox 1019 708 1801 747; baseline -0.008 -7"><span class='ocrx_word' id='word_1_507' title='bbox 1019 712 1067 740; x_wconf 92' lang='lat' dir='ltr'><strong>Dei</strong></span> <span class='ocrx_word' id='word_1_508' title='bbox 1079 712 1255 747; x_wconf 83' lang='lat' dir='ltr'><strong>pontificibus</strong></span> <span class='ocrx_word' id='word_1_509' title='bbox 1263 711 1433 739; x_wconf 80' lang='lat' dir='ltr'><strong>calamitates</strong></span> <span class='ocrx_word' id='word_1_510' title='bbox 1449 709 1585 743; x_wconf 82' lang='lat' dir='ltr'><strong>intulerat,</strong></span> <span class='ocrx_word' id='word_1_511' title='bbox 1604 708 1692 736; x_wconf 83' lang='lat' dir='ltr'><strong>noluit</strong></span> <span class='ocrx_word' id='word_1_512' title='bbox 1703 714 1801 743; x_wconf 86' lang='lat' dir='ltr'><strong>appro-</strong></span> 
     </span>
    </p>
   </div>
   <div class='ocr_carea' id='block_1_71' title="bbox 1018 753 1801 792">
    <p class='ocr_par' dir='ltr' id='par_1_71' title="bbox 1018 753 1801 792">
     <span class='ocr_line' id='line_1_71' title="bbox 1018 753 1801 792; baseline -0.005 -7"><span class='ocrx_word' id='word_1_513' title='bbox 1018 757 1093 785; x_wconf 85' lang='lat' dir='ltr'><strong>bare.</strong></span> <span class='ocrx_word' id='word_1_514' title='bbox 1110 758 1200 791; x_wconf 77' lang='lat' dir='ltr'><strong>Quare</strong></span> <span class='ocrx_word' id='word_1_515' title='bbox 1215 761 1349 792; x_wconf 80' lang='lat' dir='ltr'><strong>quotquot</strong></span> <span class='ocrx_word' id='word_1_516' title='bbox 1365 757 1391 783; x_wconf 88' lang='lat' dir='ltr'><strong>in</strong></span> <span class='ocrx_word' id='word_1_517' title='bbox 1409 755 1507 784; x_wconf 80' lang='lat' dir='ltr'><strong>exsilio</strong></span> <span class='ocrx_word' id='word_1_518' title='bbox 1520 755 1662 789; x_wconf 74' lang='lat' dir='ltr'><strong>degebant,</strong></span> <span class='ocrx_word' id='word_1_519' title='bbox 1674 753 1801 787; x_wconf 82' lang='lat' dir='ltr'><strong>humani-</strong></span> 
     </span>
    </p>
   </div>
   <div class='ocr_carea' id='block_1_72' title="bbox 1019 800 1800 837">
    <p class='ocr_par' dir='ltr' id='par_1_72' title="bbox 1019 800 1800 837">
     <span class='ocr_line' id='line_1_72' title="bbox 1019 800 1800 837; baseline -0.005 -7"><span class='ocrx_word' id='word_1_520' title='bbox 1019 807 1059 830; x_wconf 88' lang='lat' dir='ltr'><strong>ter</strong></span> <span class='ocrx_word' id='word_1_521' title='bbox 1075 803 1222 836; x_wconf 81' lang='lat' dir='ltr'><strong>revocavit,</strong></span> <span class='ocrx_word' id='word_1_522' title='bbox 1236 810 1290 837; x_wconf 85' lang='lat' dir='ltr'><strong>quo</strong></span> <span class='ocrx_word' id='word_1_523' title='bbox 1305 802 1406 830; x_wconf 86' lang='lat' dir='ltr'><strong>factum</strong></span> <span class='ocrx_word' id='word_1_524' title='bbox 1432 805 1462 828; x_wconf 91' lang='lat' dir='ltr'><strong>ut</strong></span> <span class='ocrx_word' id='word_1_525' title='bbox 1486 800 1663 833; x_wconf 74' lang='lat' dir='ltr'><strong>Athanasius,</strong></span> <span class='ocrx_word' id='word_1_526' title='bbox 1690 803 1800 834; x_wconf 79' lang='lat' dir='ltr'><strong>accepta</strong></span> 
     </span>
    </p>
   </div>
   <div class='ocr_carea' id='block_1_73' title="bbox 1017 845 1799 883">
    <p class='ocr_par' dir='ltr' id='par_1_73' title="bbox 1017 845 1799 883">
     <span class='ocr_line' id='line_1_73' title="bbox 1017 845 1799 883; baseline -0.005 -7"><span class='ocrx_word' id='word_1_527' title='bbox 1017 848 1114 876; x_wconf 82' lang='lat' dir='ltr'><strong>fiducia</strong></span> <span class='ocrx_word' id='word_1_528' title='bbox 1132 849 1213 876; x_wconf 84' lang='lat' dir='ltr'><strong>domo</strong></span> <span class='ocrx_word' id='word_1_529' title='bbox 1238 848 1412 883; x_wconf 74' lang='lat' dir='ltr'><strong>egrederetur</strong></span> <span class='ocrx_word' id='word_1_530' title='bbox 1432 847 1547 882; x_wconf 76' lang='lat' dir='ltr'><strong>virginis</strong></span> <span class='ocrx_word' id='word_1_531' title='bbox 1564 846 1590 874; x_wconf 92' lang='lat' dir='ltr'><strong>in</strong></span> <span class='ocrx_word' id='word_1_532' title='bbox 1606 853 1658 881; x_wconf 88' lang='lat' dir='ltr'><strong>qua</strong></span> <span class='ocrx_word' id='word_1_533' title='bbox 1674 845 1799 880; x_wconf 70' lang='lat' dir='ltr'><strong>degebat.</strong></span> 
     </span>
    </p>
   </div>
   <div class='ocr_carea' id='block_1_74' title="bbox 1015 891 1801 926">
    <p class='ocr_par' dir='ltr' id='par_1_74' title="bbox 1015 891 1801 926">
     <span class='ocr_line' id='line_1_74' title="bbox 1015 891 1801 926; baseline -0.004 -5"><span class='ocrx_word' id='word_1_534' title='bbox 1015 893 1101 922; x_wconf 85' lang='lat' dir='ltr'><strong>Noctu</strong></span> <span class='ocrx_word' id='word_1_535' title='bbox 1122 899 1210 922; x_wconf 86' lang='lat' dir='ltr'><strong>autem</strong></span> <span class='ocrx_word' id='word_1_536' title='bbox 1229 895 1255 921; x_wconf 91' lang='lat' dir='ltr'><strong>in</strong></span> <span class='ocrx_word' id='word_1_537' title='bbox 1271 893 1386 921; x_wconf 86' lang='lat' dir='ltr'><strong>ecclesia</strong></span> <span class='ocrx_word' id='word_1_538' title='bbox 1405 892 1568 926; x_wconf 79' lang='lat' dir='ltr'><strong>comparuit,</strong></span> <span class='ocrx_word' id='word_1_539' title='bbox 1586 891 1801 920; x_wconf 85' lang='lat' dir='ltr'><strong>Alexandrinus-</strong></span> 
     </span>
    </p>
   </div>
   <div class='ocr_carea' id='block_1_75' title="bbox 1014 938 1799 976">
    <p class='ocr_par' dir='ltr' id='par_1_75' title="bbox 1014 938 1799 976">
     <span class='ocr_line' id='line_1_75' title="bbox 1014 938 1799 976; baseline -0.005 -9"><span class='ocrx_word' id='word_1_540' title='bbox 1014 948 1066 976; x_wconf 89' lang='lat' dir='ltr'><strong>que</strong></span> <span class='ocrx_word' id='word_1_541' title='bbox 1081 940 1195 975; x_wconf 86' lang='lat' dir='ltr'><strong>populus</strong></span> <span class='ocrx_word' id='word_1_542' title='bbox 1210 940 1324 967; x_wconf 87' lang='lat' dir='ltr'><strong>libenter</strong></span> <span class='ocrx_word' id='word_1_543' title='bbox 1340 939 1426 970; x_wconf 88' lang='lat' dir='ltr'><strong>illum,</strong></span> <span class='ocrx_word' id='word_1_544' title='bbox 1438 938 1513 973; x_wconf 85' lang='lat' dir='ltr'><strong>quasi</strong></span> <span class='ocrx_word' id='word_1_545' title='bbox 1531 938 1663 964; x_wconf 74' lang='lat' dir='ltr'><strong>virentem</strong></span> <span class='ocrx_word' id='word_1_546' title='bbox 1680 944 1712 964; x_wconf 80' lang='lat' dir='ltr'><strong>ex</strong></span> <span class='ocrx_word' id='word_1_547' title='bbox 1726 944 1799 964; x_wconf 83' lang='lat' dir='ltr'><strong>mor-</strong></span> 
     </span>
    </p>
   </div>
   <div class='ocr_carea' id='block_1_76' title="bbox 1015 981 1799 1018">
    <p class='ocr_par' dir='ltr' id='par_1_76' title="bbox 1015 981 1799 1018">
     <span class='ocr_line' id='line_1_76' title="bbox 1015 981 1799 1018; baseline -0.004 -6"><span class='ocrx_word' id='word_1_548' title='bbox 1015 985 1068 1012; x_wconf 85' lang='lat' dir='ltr'><strong>tuis</strong></span> <span class='ocrx_word' id='word_1_549' title='bbox 1085 986 1183 1012; x_wconf 83' lang='lat' dir='ltr'><strong>festum</strong></span> <span class='ocrx_word' id='word_1_550' title='bbox 1200 991 1282 1018; x_wconf 78' lang='lat' dir='ltr'><strong>agens</strong></span> <span class='ocrx_word' id='word_1_551' title='bbox 1299 984 1416 1018; x_wconf 84' lang='lat' dir='ltr'><strong>excepit.</strong></span> <span class='ocrx_word' id='word_1_552' title='bbox 1442 983 1580 1017; x_wconf 82' lang='lat' dir='ltr'><strong>Quotquot</strong></span> <span class='ocrx_word' id='word_1_553' title='bbox 1596 986 1684 1008; x_wconf 87' lang='lat' dir='ltr'><strong>autem</strong></span> <span class='ocrx_word' id='word_1_554' title='bbox 1706 981 1799 1009; x_wconf 84' lang='lat' dir='ltr'><strong>Ariani</strong></span> 
     </span>
    </p>
   </div>
   <div class='ocr_carea' id='block_1_77' title="bbox 1014 1026 1799 1062">
    <p class='ocr_par' dir='ltr' id='par_1_77' title="bbox 1014 1026 1799 1062">
     <span class='ocr_line' id='line_1_77' title="bbox 1014 1026 1799 1062; baseline -0.005 -6"><span class='ocrx_word' id='word_1_555' title='bbox 1014 1029 1041 1056; x_wconf 94' lang='lat' dir='ltr'><strong>in</strong></span> <span class='ocrx_word' id='word_1_556' title='bbox 1060 1030 1126 1056; x_wconf 88' lang='lat' dir='ltr'><strong>urbe</strong></span> <span class='ocrx_word' id='word_1_557' title='bbox 1156 1029 1255 1056; x_wconf 84' lang='lat' dir='ltr'><strong>residui</strong></span> <span class='ocrx_word' id='word_1_558' title='bbox 1286 1033 1375 1060; x_wconf 86' lang='lat' dir='ltr'><strong>erant,</strong></span> <span class='ocrx_word' id='word_1_559' title='bbox 1393 1027 1419 1055; x_wconf 93' lang='lat' dir='ltr'><strong>in</strong></span> <span class='ocrx_word' id='word_1_560' title='bbox 1440 1027 1547 1062; x_wconf 72' lang='lat' dir='ltr'><strong>Georgii</strong></span> <span class='ocrx_word' id='word_1_561' title='bbox 1570 1026 1657 1054; x_wconf 89' lang='lat' dir='ltr'><strong>locum</strong></span> <span class='ocrx_word' id='word_1_562' title='bbox 1687 1026 1799 1058; x_wconf 85' lang='lat' dir='ltr'><strong>Lucium</strong></span> 
     </span>
    </p>
   </div>
   <div class='ocr_carea' id='block_1_78' title="bbox 1013 1072 1800 1108">
    <p class='ocr_par' dir='ltr' id='par_1_78' title="bbox 1013 1072 1800 1108">
     <span class='ocr_line' id='line_1_78' title="bbox 1013 1072 1800 1108; baseline -0.005 -6"><span class='ocrx_word' id='word_1_563' title='bbox 1013 1075 1220 1103; x_wconf 82' lang='lat' dir='ltr'><strong>constituerunt.</strong></span> <span class='ocrx_word' id='word_1_564' title='bbox 1238 1073 1363 1102; x_wconf 86' lang='lat' dir='ltr'><strong>Julianus</strong></span> <span class='ocrx_word' id='word_1_565' title='bbox 1379 1081 1443 1101; x_wconf 88' lang='lat' dir='ltr'><strong>vero</strong></span> <span class='ocrx_word' id='word_1_566' title='bbox 1459 1073 1560 1108; x_wconf 84' lang='lat' dir='ltr'><strong>ubique</strong></span> <span class='ocrx_word' id='word_1_567' title='bbox 1574 1072 1697 1100; x_wconf 88' lang='lat' dir='ltr'><strong>locorum</strong></span> <span class='ocrx_word' id='word_1_568' title='bbox 1712 1072 1800 1108; x_wconf 74' lang='lat' dir='ltr'><strong>genti-</strong></span> 
     </span>
    </p>
   </div>
   <div class='ocr_carea' id='block_1_79' title="bbox 1013 1118 1799 1156">
    <p class='ocr_par' dir='ltr' id='par_1_79' title="bbox 1013 1118 1799 1156">
     <span class='ocr_line' id='line_1_79' title="bbox 1013 1118 1799 1156; baseline -0.004 -9"><span class='ocrx_word' id='word_1_569' title='bbox 1013 1120 1076 1148; x_wconf 88' lang='lat' dir='ltr'><strong>lium</strong></span> <span class='ocrx_word' id='word_1_570' title='bbox 1097 1120 1226 1156; x_wconf 82' lang='lat' dir='ltr'><strong>mysteria</strong></span> <span class='ocrx_word' id='word_1_571' title='bbox 1245 1121 1352 1148; x_wconf 85' lang='lat' dir='ltr'><strong>colebat</strong></span> <span class='ocrx_word' id='word_1_572' title='bbox 1371 1129 1378 1147; x_wconf 87' lang='lat'><strong>:</strong></span> <span class='ocrx_word' id='word_1_573' title='bbox 1395 1118 1681 1153; x_wconf 80' lang='lat' dir='ltr'><strong>Constantinopolique</strong></span> <span class='ocrx_word' id='word_1_574' title='bbox 1711 1118 1799 1154; x_wconf 82' lang='lat' dir='ltr'><strong>palam</strong></span> 
     </span>
    </p>
   </div>
   <div class='ocr_carea' id='block_1_80' title="bbox 1014 1164 1800 1200">
    <p class='ocr_par' dir='ltr' id='par_1_80' title="bbox 1014 1164 1800 1200">
     <span class='ocr_line' id='line_1_80' title="bbox 1014 1164 1800 1200; baseline -0.003 -7"><span class='ocrx_word' id='word_1_575' title='bbox 1014 1166 1128 1194; x_wconf 69' lang='lat' dir='ltr'><strong>fortunae</strong></span> <span class='ocrx_word' id='word_1_576' title='bbox 1156 1165 1228 1194; x_wconf 91' lang='lat' dir='ltr'><strong>idolo</strong></span> <span class='ocrx_word' id='word_1_577' title='bbox 1257 1166 1420 1194; x_wconf 80' lang='lat' dir='ltr'><strong>sacrificavit</strong></span> <span class='ocrx_word' id='word_1_578' title='bbox 1451 1174 1458 1192; x_wconf 90' lang='lat'><strong>:</strong></span> <span class='ocrx_word' id='word_1_579' title='bbox 1485 1172 1538 1200; x_wconf 91' lang='lat' dir='ltr'><strong>quo</strong></span> <span class='ocrx_word' id='word_1_580' title='bbox 1570 1169 1693 1199; x_wconf 82' lang='lat' dir='ltr'><strong>tempore</strong></span> <span class='ocrx_word' id='word_1_581' title='bbox 1718 1164 1800 1191; x_wconf 80' lang='lat' dir='ltr'><strong>Maris</strong></span> 
     </span>
    </p>
   </div>
   <div class='ocr_carea' id='block_1_81' title="bbox 1012 1209 1800 1246">
    <p class='ocr_par' dir='ltr' id='par_1_81' title="bbox 1012 1209 1800 1246">
     <span class='ocr_line' id='line_1_81' title="bbox 1012 1209 1800 1246; baseline -0.004 -7"><span class='ocrx_word' id='word_1_582' title='bbox 1012 1211 1190 1240; x_wconf 88' lang='lat' dir='ltr'><strong>Chalcedonis</strong></span> <span class='ocrx_word' id='word_1_583' title='bbox 1222 1212 1363 1246; x_wconf 85' lang='lat' dir='ltr'><strong>episcopus</strong></span> <span class='ocrx_word' id='word_1_584' title='bbox 1387 1218 1468 1239; x_wconf 88' lang='lat' dir='ltr'><strong>manu</strong></span> <span class='ocrx_word' id='word_1_585' title='bbox 1508 1211 1606 1239; x_wconf 86' lang='lat' dir='ltr'><strong>ductus</strong></span> <span class='ocrx_word' id='word_1_586' title='bbox 1637 1209 1800 1244; x_wconf 79' lang='lat' dir='ltr'><strong>(laborabat</strong></span> 
     </span>
    </p>
   </div>
   <div class='ocr_carea' id='block_1_82' title="bbox 1012 1255 1799 1292">
    <p class='ocr_par' dir='ltr' id='par_1_82' title="bbox 1012 1255 1799 1292">
     <span class='ocr_line' id='line_1_82' title="bbox 1012 1255 1799 1292; baseline -0.001 -8"><span class='ocrx_word' id='word_1_587' title='bbox 1012 1257 1082 1284; x_wconf 88' lang='lat' dir='ltr'><strong>enim</strong></span> <span class='ocrx_word' id='word_1_588' title='bbox 1099 1263 1155 1291; x_wconf 69' lang='lat' dir='ltr'><strong>prte</strong></span> <span class='ocrx_word' id='word_1_589' title='bbox 1178 1261 1316 1285; x_wconf 79' lang='lat' dir='ltr'><strong>senectute</strong></span> <span class='ocrx_word' id='word_1_590' title='bbox 1338 1256 1478 1284; x_wconf 90' lang='lat' dir='ltr'><strong>oculorum</strong></span> <span class='ocrx_word' id='word_1_591' title='bbox 1501 1255 1688 1292; x_wconf 76' lang='lat' dir='ltr'><strong>hebetudine),</strong></span> <span class='ocrx_word' id='word_1_592' title='bbox 1707 1255 1799 1283; x_wconf 76' lang='lat' dir='ltr'><strong>multis</strong></span> 
     </span>
    </p>
   </div>
   <div class='ocr_carea' id='block_1_83' title="bbox 1012 1302 1799 1338">
    <p class='ocr_par' dir='ltr' id='par_1_83' title="bbox 1012 1302 1799 1338">
     <span class='ocr_line' id='line_1_83' title="bbox 1012 1302 1799 1338; baseline -0.001 -7"><span class='ocrx_word' id='word_1_593' title='bbox 1012 1307 1161 1337; x_wconf 79' lang='lat' dir='ltr'><strong>apostatam</strong></span> <span class='ocrx_word' id='word_1_594' title='bbox 1188 1303 1318 1330; x_wconf 79' lang='lat' dir='ltr'><strong>conviciis</strong></span> <span class='ocrx_word' id='word_1_595' title='bbox 1346 1302 1494 1331; x_wconf 81' lang='lat' dir='ltr'><strong>lacessivit.</strong></span> <span class='ocrx_word' id='word_1_596' title='bbox 1515 1302 1562 1331; x_wconf 87' lang='lat' dir='ltr'><strong>ille</strong></span> <span class='ocrx_word' id='word_1_597' title='bbox 1578 1311 1678 1331; x_wconf 65' lang='lat' dir='ltr'><strong>caecum</strong></span> <span class='ocrx_word' id='word_1_598' title='bbox 1698 1303 1799 1338; x_wconf 82' lang='lat' dir='ltr'><strong>impro-</strong></span> 
     </span>
    </p>
   </div>
   <div class='ocr_carea' id='block_1_84' title="bbox 1011 1348 1798 1386">
    <p class='ocr_par' dir='ltr' id='par_1_84' title="bbox 1011 1348 1798 1386">
     <span class='ocr_line' id='line_1_84' title="bbox 1011 1348 1798 1386; baseline 0 -11"><span class='ocrx_word' id='word_1_599' title='bbox 1011 1348 1126 1383; x_wconf 86' lang='lat' dir='ltr'><strong>bumque</strong></span> <span class='ocrx_word' id='word_1_600' title='bbox 1156 1353 1249 1378; x_wconf 81' lang='lat' dir='ltr'><strong>contra</strong></span> <span class='ocrx_word' id='word_1_601' title='bbox 1278 1349 1472 1384; x_wconf 81' lang='lat' dir='ltr'><strong>nuncupabat,</strong></span> <span class='ocrx_word' id='word_1_602' title='bbox 1498 1349 1696 1386; x_wconf 84' lang='lat' dir='ltr'><strong>exprobratque</strong></span> <span class='ocrx_word' id='word_1_603' title='bbox 1727 1349 1798 1384; x_wconf 84' lang='lat' dir='ltr'><strong>quod</strong></span> 
     </span>
    </p>
   </div>
   <div class='ocr_carea' id='block_1_85' title="bbox 1011 1391 1831 1428">
    <p class='ocr_par' dir='ltr' id='par_1_85' title="bbox 1011 1391 1831 1428">
     <span class='ocr_line' id='line_1_85' title="bbox 1011 1391 1831 1428; baseline 0.002 -9"><span class='ocrx_word' id='word_1_604' title='bbox 1011 1393 1136 1421; x_wconf 65' lang='lat' dir='ltr'><strong>Galilmus</strong></span> <span class='ocrx_word' id='word_1_605' title='bbox 1158 1393 1228 1422; x_wconf 82' lang='lat' dir='ltr'><strong>Deus</strong></span> <span class='ocrx_word' id='word_1_606' title='bbox 1255 1401 1308 1422; x_wconf 91' lang='lat' dir='ltr'><strong>non</strong></span> <span class='ocrx_word' id='word_1_607' title='bbox 1329 1394 1416 1428; x_wconf 90' lang='lat' dir='ltr'><strong>ipsum</strong></span> <span class='ocrx_word' id='word_1_608' title='bbox 1440 1399 1558 1422; x_wconf 85' lang='lat' dir='ltr'><strong>curaret.</strong></span> <span class='ocrx_word' id='word_1_609' title='bbox 1575 1394 1624 1422; x_wconf 89' lang='lat' dir='ltr'><strong>Cui</strong></span> <span class='ocrx_word' id='word_1_610' title='bbox 1648 1393 1798 1421; x_wconf 63' lang='lat' dir='ltr'><strong>Elaris:th</strong></span> <span class='ocrx_word' id='word_1_611' title='bbox 1826 1391 1831 1395; x_wconf 82' lang='grc'><em>’</em></span> 
     </span>
    </p>
   </div>
   <div class='ocr_carea' id='block_1_86' title="bbox 1011 1439 1798 1475">
    <p class='ocr_par' dir='ltr' id='par_1_86' title="bbox 1011 1439 1798 1475">
     <span class='ocr_line' id='line_1_86' title="bbox 1011 1439 1798 1475; baseline 0.003 -9"><span class='ocrx_word' id='word_1_612' title='bbox 1011 1439 1072 1467; x_wconf 82' lang='lat' dir='ltr'><strong>ideo</strong></span> <span class='ocrx_word' id='word_1_613' title='bbox 1101 1440 1235 1469; x_wconf 81' lang='lat' dir='ltr'><strong>maximas</strong></span> <span class='ocrx_word' id='word_1_614' title='bbox 1250 1448 1300 1475; x_wconf 78' lang='lat' dir='ltr'><strong>ago</strong></span> <span class='ocrx_word' id='word_1_615' title='bbox 1314 1440 1368 1467; x_wconf 89' lang='lat' dir='ltr'><strong>Deo</strong></span> <span class='ocrx_word' id='word_1_616' title='bbox 1383 1441 1496 1475; x_wconf 73' lang='lat' dir='ltr'><strong>gratias,</strong></span> <span class='ocrx_word' id='word_1_617' title='bbox 1512 1441 1557 1475; x_wconf 86' lang='lat' dir='ltr'><strong>qui</strong></span> <span class='ocrx_word' id='word_1_618' title='bbox 1583 1449 1626 1469; x_wconf 88' lang='lat' dir='ltr'><strong>me</strong></span> <span class='ocrx_word' id='word_1_619' title='bbox 1652 1441 1798 1468; x_wconf 68' lang='lat' dir='ltr'><strong>excmcavit</strong></span> 
     </span>
    </p>
   </div>
   <div class='ocr_carea' id='block_1_87' title="bbox 1013 1481 1796 1522">
    <p class='ocr_par' dir='ltr' id='par_1_87' title="bbox 1013 1481 1796 1522">
     <span class='ocr_line' id='line_1_87' title="bbox 1013 1481 1796 1522; baseline 0.001 -9"><span class='ocrx_word' id='word_1_620' title='bbox 1013 1493 1046 1514; x_wconf 79' lang='lat' dir='ltr'><strong>ne</strong></span> <span class='ocrx_word' id='word_1_621' title='bbox 1075 1481 1257 1521; x_wconf 81' lang='lat' dir='ltr'><strong>impudentem</strong></span> <span class='ocrx_word' id='word_1_622' title='bbox 1284 1491 1358 1514; x_wconf 88' lang='lat' dir='ltr'><strong>tuum</strong></span> <span class='ocrx_word' id='word_1_623' title='bbox 1393 1491 1420 1514; x_wconf 88' lang='lat' dir='ltr'><strong>et</strong></span> <span class='ocrx_word' id='word_1_624' title='bbox 1453 1487 1592 1522; x_wconf 79' lang='lat' dir='ltr'><strong>impietate</strong></span> <span class='ocrx_word' id='word_1_625' title='bbox 1620 1487 1796 1520; x_wconf 74' lang='lat' dir='ltr'><strong>obscuratum</strong></span> 
     </span>
    </p>
   </div>
   <div class='ocr_carea' id='block_1_88' title="bbox 1013 1532 1798 1568">
    <p class='ocr_par' dir='ltr' id='par_1_88' title="bbox 1013 1532 1798 1568">
     <span class='ocr_line' id='line_1_88' title="bbox 1013 1532 1798 1568; baseline 0.001 -8"><span class='ocrx_word' id='word_1_626' title='bbox 1013 1532 1114 1561; x_wconf 87' lang='lat' dir='ltr'><strong>vultum</strong></span> <span class='ocrx_word' id='word_1_627' title='bbox 1129 1533 1327 1568; x_wconf 82' lang='lat' dir='ltr'><strong>conspicerem.</strong></span> <span class='ocrx_word' id='word_1_628' title='bbox 1343 1533 1410 1560; x_wconf 74' lang='lat' dir='ltr'><strong>’l‘um</strong></span> <span class='ocrx_word' id='word_1_629' title='bbox 1426 1541 1492 1560; x_wconf 89' lang='lat' dir='ltr'><strong>vero</strong></span> <span class='ocrx_word' id='word_1_630' title='bbox 1515 1534 1645 1568; x_wconf 85' lang='lat' dir='ltr'><strong>temporis</strong></span> <span class='ocrx_word' id='word_1_631' title='bbox 1669 1533 1798 1561; x_wconf 83' lang='lat' dir='ltr'><strong>Joviauus</strong></span> 
     </span>
    </p>
   </div>
   <div class='ocr_carea' id='block_1_89' title="bbox 1010 1578 1797 1614">
    <p class='ocr_par' dir='ltr' id='par_1_89' title="bbox 1010 1578 1797 1614">
     <span class='ocr_line' id='line_1_89' title="bbox 1010 1578 1797 1614; baseline 0 -8"><span class='ocrx_word' id='word_1_632' title='bbox 1010 1583 1039 1606; x_wconf 87' lang='lat' dir='ltr'><strong>et</strong></span> <span class='ocrx_word' id='word_1_633' title='bbox 1057 1578 1275 1611; x_wconf 75' lang='lat' dir='ltr'><strong>Valentinianus,</strong></span> <span class='ocrx_word' id='word_1_634' title='bbox 1305 1579 1350 1613; x_wconf 87' lang='lat' dir='ltr'><strong>qui</strong></span> <span class='ocrx_word' id='word_1_635' title='bbox 1384 1583 1479 1614; x_wconf 87' lang='lat' dir='ltr'><strong>postea</strong></span> <span class='ocrx_word' id='word_1_636' title='bbox 1504 1578 1684 1614; x_wconf 82' lang='lat' dir='ltr'><strong>imperarunt,</strong></span> <span class='ocrx_word' id='word_1_637' title='bbox 1709 1578 1797 1606; x_wconf 82' lang='lat' dir='ltr'><strong>soluta</strong></span> 
     </span>
    </p>
   </div>
   <div class='ocr_carea' id='block_1_90' title="bbox 1010 1623 1799 1661">
    <p class='ocr_par' dir='ltr' id='par_1_90' title="bbox 1010 1623 1799 1661">
     <span class='ocr_line' id='line_1_90' title="bbox 1010 1623 1799 1661; baseline -0.003 -9"><span class='ocrx_word' id='word_1_638' title='bbox 1010 1624 1116 1660; x_wconf 67' lang='lat' dir='ltr'><strong>cingula</strong></span> <span class='ocrx_word' id='word_1_639' title='bbox 1144 1632 1193 1652; x_wconf 85' lang='lat' dir='ltr'><strong>sua</strong></span> <span class='ocrx_word' id='word_1_640' title='bbox 1221 1629 1336 1661; x_wconf 86' lang='lat' dir='ltr'><strong>tyranno</strong></span> <span class='ocrx_word' id='word_1_641' title='bbox 1360 1624 1546 1659; x_wconf 86' lang='lat' dir='ltr'><strong>projecerunt,</strong></span> <span class='ocrx_word' id='word_1_642' title='bbox 1563 1624 1661 1652; x_wconf 83' lang='lat' dir='ltr'><strong>habeto</strong></span> <span class='ocrx_word' id='word_1_643' title='bbox 1680 1623 1741 1656; x_wconf 87' lang='lat' dir='ltr'><strong>tibi,</strong></span> <span class='ocrx_word' id='word_1_644' title='bbox 1755 1623 1799 1650; x_wconf 88' lang='lat' dir='ltr'><strong>di-</strong></span> 
     </span>
    </p>
   </div>
   <div class='ocr_carea' id='block_1_91' title="bbox 1009 1669 1798 1705">
    <p class='ocr_par' dir='ltr' id='par_1_91' title="bbox 1009 1669 1798 1705">
     <span class='ocr_line' id='line_1_91' title="bbox 1009 1669 1798 1705; baseline -0.001 -8"><span class='ocrx_word' id='word_1_645' title='bbox 1009 1676 1111 1703; x_wconf 86' lang='lat' dir='ltr'><strong>centes,</strong></span> <span class='ocrx_word' id='word_1_646' title='bbox 1127 1670 1233 1705; x_wconf 69' lang='lat' dir='ltr'><strong>cinguia</strong></span> <span class='ocrx_word' id='word_1_647' title='bbox 1247 1675 1274 1699; x_wconf 87' lang='lat' dir='ltr'><strong>et</strong></span> <span class='ocrx_word' id='word_1_648' title='bbox 1289 1670 1427 1703; x_wconf 83' lang='lat' dir='ltr'><strong>honores;</strong></span> <span class='ocrx_word' id='word_1_649' title='bbox 1447 1669 1519 1704; x_wconf 87' lang='lat' dir='ltr'><strong>quod</strong></span> <span class='ocrx_word' id='word_1_650' title='bbox 1535 1669 1556 1696; x_wconf 87' lang='lat' dir='ltr'><strong>si</strong></span> <span class='ocrx_word' id='word_1_651' title='bbox 1574 1669 1639 1697; x_wconf 81' lang='lat' dir='ltr'><strong>velis</strong></span> <span class='ocrx_word' id='word_1_652' title='bbox 1657 1676 1750 1703; x_wconf 79' lang='lat' dir='ltr'><strong>ptenas</strong></span> <span class='ocrx_word' id='word_1_653' title='bbox 1764 1669 1798 1696; x_wconf 87' lang='lat' dir='ltr'><strong>de</strong></span> 
     </span>
    </p>
   </div>
   <div class='ocr_carea' id='block_1_92' title="bbox 1010 1706 1798 1749">
    <p class='ocr_par' dir='ltr' id='par_1_92' title="bbox 1010 1706 1798 1749">
     <span class='ocr_line' id='line_1_92' title="bbox 1010 1706 1798 1749; baseline -0.004 -6"><span class='ocrx_word' id='word_1_654' title='bbox 1010 1716 1087 1743; x_wconf 84' lang='lat' dir='ltr'><strong>nobis</strong></span> <span class='ocrx_word' id='word_1_655' title='bbox 1102 1706 1221 1748; x_wconf 68' lang='lat' dir='ltr'><strong>sumere,</strong></span> <span class='ocrx_word' id='word_1_656' title='bbox 1242 1715 1356 1742; x_wconf 81' lang='lat' dir='ltr'><strong>libenter</strong></span> <span class='ocrx_word' id='word_1_657' title='bbox 1370 1714 1427 1745; x_wconf 72' lang='lat' dir='ltr'><strong>libi,</strong></span> <span class='ocrx_word' id='word_1_658' title='bbox 1452 1714 1552 1749; x_wconf 83' lang='lat' dir='ltr'><strong>(aiunt,</strong></span> <span class='ocrx_word' id='word_1_659' title='bbox 1570 1713 1678 1740; x_wconf 84' lang='lat' dir='ltr'><strong>Juliano</strong></span> <span class='ocrx_word' id='word_1_660' title='bbox 1699 1721 1798 1749; x_wconf 89' lang='lat' dir='ltr'><strong>appro-</strong></span> 
     </span>
    </p>
   </div>
   <div class='ocr_carea' id='block_1_93' title="bbox 1009 1759 1797 1796">
    <p class='ocr_par' dir='ltr' id='par_1_93' title="bbox 1009 1759 1797 1796">
     <span class='ocr_line' id='line_1_93' title="bbox 1009 1759 1797 1796; baseline -0.001 -8"><span class='ocrx_word' id='word_1_661' title='bbox 1009 1761 1193 1796; x_wconf 84' lang='lat' dir='ltr'><strong>pinquantes),</strong></span> <span class='ocrx_word' id='word_1_662' title='bbox 1219 1768 1332 1795; x_wconf 90' lang='lat' dir='ltr'><strong>corpora</strong></span> <span class='ocrx_word' id='word_1_663' title='bbox 1362 1765 1455 1789; x_wconf 83' lang='lat' dir='ltr'><strong>nostra</strong></span> <span class='ocrx_word' id='word_1_664' title='bbox 1484 1759 1636 1787; x_wconf 72' lang='lat' dir='ltr'><strong>offerimus.</strong></span> <span class='ocrx_word' id='word_1_665' title='bbox 1664 1759 1797 1794; x_wconf 85' lang='lat' dir='ltr'><strong>Apostata</strong></span> 
     </span>
    </p>
   </div>
   <div class='ocr_carea' id='block_1_94' title="bbox 1010 1806 1796 1835">
    <p class='ocr_par' dir='ltr' id='par_1_94' title="bbox 1010 1806 1796 1835">
     <span class='ocr_line' id='line_1_94' title="bbox 1010 1806 1796 1835; baseline -0.003 -1"><span class='ocrx_word' id='word_1_666' title='bbox 1010 1814 1074 1834; x_wconf 89' lang='lat' dir='ltr'><strong>vero</strong></span> <span class='ocrx_word' id='word_1_667' title='bbox 1088 1814 1149 1834; x_wconf 91' lang='lat' dir='ltr'><strong>curn</strong></span> <span class='ocrx_word' id='word_1_668' title='bbox 1168 1807 1232 1834; x_wconf 89' lang='lat' dir='ltr'><strong>viris</strong></span> <span class='ocrx_word' id='word_1_669' title='bbox 1248 1813 1340 1835; x_wconf 84' lang='lat' dir='ltr'><strong>secum</strong></span> <span class='ocrx_word' id='word_1_670' title='bbox 1356 1806 1537 1834; x_wconf 83' lang='lat' dir='ltr'><strong>sentientibus</strong></span> <span class='ocrx_word' id='word_1_671' title='bbox 1552 1806 1685 1834; x_wconf 80' lang='lat' dir='ltr'><strong>deliberat</strong></span> <span class='ocrx_word' id='word_1_672' title='bbox 1710 1806 1796 1833; x_wconf 83' lang='lat' dir='ltr'><strong>Atba-</strong></span> 
     </span>
    </p>
   </div>
   <div class='ocr_carea' id='block_1_95' title="bbox 1009 1850 1796 1883">
    <p class='ocr_par' dir='ltr' id='par_1_95' title="bbox 1009 1850 1796 1883">
     <span class='ocr_line' id='line_1_95' title="bbox 1009 1850 1796 1883; baseline -0.001 -5"><span class='ocrx_word' id='word_1_673' title='bbox 1009 1852 1113 1881; x_wconf 85' lang='lat' dir='ltr'><strong>nasium</strong></span> <span class='ocrx_word' id='word_1_674' title='bbox 1127 1851 1161 1879; x_wconf 87' lang='lat' dir='ltr'><strong>de</strong></span> <span class='ocrx_word' id='word_1_675' title='bbox 1177 1851 1267 1878; x_wconf 87' lang='lat' dir='ltr'><strong>medio</strong></span> <span class='ocrx_word' id='word_1_676' title='bbox 1284 1850 1389 1882; x_wconf 79' lang='lat' dir='ltr'><strong>tollere,</strong></span> <span class='ocrx_word' id='word_1_677' title='bbox 1417 1855 1503 1883; x_wconf 78' lang='lat' dir='ltr'><strong>ratus,</strong></span> <span class='ocrx_word' id='word_1_678' title='bbox 1518 1851 1540 1878; x_wconf 86' lang='lat' dir='ltr'><strong>si</strong></span> <span class='ocrx_word' id='word_1_679' title='bbox 1559 1850 1742 1881; x_wconf 74' lang='lat' dir='ltr'><strong>Alexandrina</strong></span> <span class='ocrx_word' id='word_1_680' title='bbox 1757 1852 1796 1878; x_wconf 91' lang='lat' dir='ltr'><strong>ci-</strong></span> 
     </span>
    </p>
   </div>
   <div class='ocr_carea' id='block_1_96' title="bbox 1008 1896 1795 1930">
    <p class='ocr_par' dir='ltr' id='par_1_96' title="bbox 1008 1896 1795 1930">
     <span class='ocr_line' id='line_1_96' title="bbox 1008 1896 1795 1930; baseline 0 -6"><span class='ocrx_word' id='word_1_681' title='bbox 1008 1898 1078 1924; x_wconf 86' lang='lat' dir='ltr'><strong>vitas</strong></span> <span class='ocrx_word' id='word_1_682' title='bbox 1103 1897 1149 1924; x_wconf 94' lang='lat' dir='ltr'><strong>illo</strong></span> <span class='ocrx_word' id='word_1_683' title='bbox 1175 1896 1348 1930; x_wconf 77' lang='lat' dir='ltr'><strong>liberaretur,</strong></span> <span class='ocrx_word' id='word_1_684' title='bbox 1373 1896 1453 1925; x_wconf 82' lang='lat' dir='ltr'><strong>facile</strong></span> <span class='ocrx_word' id='word_1_685' title='bbox 1481 1896 1652 1927; x_wconf 79' lang='lat' dir='ltr'><strong>Christianos</strong></span> <span class='ocrx_word' id='word_1_686' title='bbox 1679 1897 1751 1926; x_wconf 86' lang='lat' dir='ltr'><strong>cives</strong></span> <span class='ocrx_word' id='word_1_687' title='bbox 1768 1897 1795 1924; x_wconf 91' lang='lat' dir='ltr'><strong>in</strong></span> 
     </span>
    </p>
   </div>
   <div class='ocr_carea' id='block_1_97' title="bbox 1008 1942 1795 1979">
    <p class='ocr_par' dir='ltr' id='par_1_97' title="bbox 1008 1942 1795 1979">
     <span class='ocr_line' id='line_1_97' title="bbox 1008 1942 1795 1979; baseline 0 -9"><span class='ocrx_word' id='word_1_688' title='bbox 1008 1951 1083 1971; x_wconf 85' lang='lat' dir='ltr'><strong>suam</strong></span> <span class='ocrx_word' id='word_1_689' title='bbox 1099 1943 1294 1979; x_wconf 86' lang='lat' dir='ltr'><strong>pertrahendos</strong></span> <span class='ocrx_word' id='word_1_690' title='bbox 1307 1943 1484 1977; x_wconf 80' lang='lat' dir='ltr'><strong>impietatem.</strong></span> <span class='ocrx_word' id='word_1_691' title='bbox 1500 1942 1683 1977; x_wconf 83' lang='lat' dir='ltr'><strong>Quamobrem</strong></span> <span class='ocrx_word' id='word_1_692' title='bbox 1695 1943 1795 1971; x_wconf 84' lang='lat' dir='ltr'><strong>iterum</strong></span> 
     </span>
    </p>
   </div>
   <div class='ocr_carea' id='block_1_98' title="bbox 1008 1987 1794 2023">
    <p class='ocr_par' dir='ltr' id='par_1_98' title="bbox 1008 1987 1794 2023">
     <span class='ocr_line' id='line_1_98' title="bbox 1008 1987 1794 2023; baseline 0.001 -8"><span class='ocrx_word' id='word_1_693' title='bbox 1008 1988 1191 2023; x_wconf 71' lang='lat' dir='ltr'><strong>sycophantae.</strong></span> <span class='ocrx_word' id='word_1_694' title='bbox 1209 1987 1308 2018; x_wconf 87' lang='lat' dir='ltr'><strong>iterum</strong></span> <span class='ocrx_word' id='word_1_695' title='bbox 1328 1988 1391 2020; x_wconf 79' lang='lat' dir='ltr'><strong>dux,</strong></span> <span class='ocrx_word' id='word_1_696' title='bbox 1408 1988 1506 2016; x_wconf 87' lang='lat' dir='ltr'><strong>iterum</strong></span> <span class='ocrx_word' id='word_1_697' title='bbox 1532 1989 1680 2021; x_wconf 84' lang='lat' dir='ltr'><strong>exercitus.</strong></span> <span class='ocrx_word' id='word_1_698' title='bbox 1697 1989 1794 2016; x_wconf 84' lang='lat' dir='ltr'><strong>iterum</strong></span> 
     </span>
    </p>
   </div>
   <div class='ocr_carea' id='block_1_99' title="bbox 1007 2034 1795 2071">
    <p class='ocr_par' dir='ltr' id='par_1_99' title="bbox 1007 2034 1795 2071">
     <span class='ocr_line' id='line_1_99' title="bbox 1007 2034 1795 2071; baseline 0.004 -10"><span class='ocrx_word' id='word_1_699' title='bbox 1007 2034 1170 2061; x_wconf 81' lang='lat' dir='ltr'><strong>Athanasius</strong></span> <span class='ocrx_word' id='word_1_700' title='bbox 1183 2034 1314 2069; x_wconf 65' lang='lat' dir='ltr'><strong>quaeritur</strong></span> <span class='ocrx_word' id='word_1_701' title='bbox 1322 2039 1348 2062; x_wconf 91' lang='lat' dir='ltr'><strong>et</strong></span> <span class='ocrx_word' id='word_1_702' title='bbox 1363 2034 1442 2069; x_wconf 77' lang='lat' dir='ltr'><strong>fugit.</strong></span> <span class='ocrx_word' id='word_1_703' title='bbox 1456 2034 1560 2062; x_wconf 84' lang='lat' dir='ltr'><strong>Furtim</strong></span> <span class='ocrx_word' id='word_1_704' title='bbox 1575 2035 1666 2071; x_wconf 82' lang='lat' dir='ltr'><strong>itaque</strong></span> <span class='ocrx_word' id='word_1_705' title='bbox 1679 2043 1712 2067; x_wconf 67' lang='lat' dir='ltr'><strong>ex</strong></span> <span class='ocrx_word' id='word_1_706' title='bbox 1729 2036 1795 2065; x_wconf 87' lang='lat' dir='ltr'><strong>urbe</strong></span> 
     </span>
    </p>
   </div>
   <div class='ocr_carea' id='block_1_100' title="bbox 1007 2079 1793 2115">
    <p class='ocr_par' dir='ltr' id='par_1_100' title="bbox 1007 2079 1793 2115">
     <span class='ocr_line' id='line_1_100' title="bbox 1007 2079 1793 2115; baseline 0.003 -9"><span class='ocrx_word' id='word_1_707' title='bbox 1007 2079 1112 2115; x_wconf 79' lang='lat' dir='ltr'><strong>fugiens</strong></span> <span class='ocrx_word' id='word_1_708' title='bbox 1130 2081 1289 2109; x_wconf 88' lang='lat' dir='ltr'><strong>conscendit</strong></span> <span class='ocrx_word' id='word_1_709' title='bbox 1306 2080 1331 2107; x_wconf 92' lang='lat' dir='ltr'><strong>in</strong></span> <span class='ocrx_word' id='word_1_710' title='bbox 1350 2080 1512 2114; x_wconf 83' lang='lat' dir='ltr'><strong>naviculam,</strong></span> <span class='ocrx_word' id='word_1_711' title='bbox 1531 2086 1558 2108; x_wconf 90' lang='lat' dir='ltr'><strong>et</strong></span> <span class='ocrx_word' id='word_1_712' title='bbox 1580 2082 1613 2109; x_wconf 88' lang='lat' dir='ltr'><strong>ad</strong></span> <span class='ocrx_word' id='word_1_713' title='bbox 1628 2081 1793 2110; x_wconf 82' lang='lat' dir='ltr'><strong>Thebaidem</strong></span> 
     </span>
    </p>
   </div>
   <div class='ocr_carea' id='block_1_101' title="bbox 1006 2125 1796 2162">
    <p class='ocr_par' dir='ltr' id='par_1_101' title="bbox 1006 2125 1796 2162">
     <span class='ocr_line' id='line_1_101' title="bbox 1006 2125 1796 2162; baseline 0.004 -10"><span class='ocrx_word' id='word_1_714' title='bbox 1006 2133 1115 2152; x_wconf 83' lang='lat' dir='ltr'><strong>cursum</strong></span> <span class='ocrx_word' id='word_1_715' title='bbox 1141 2126 1287 2154; x_wconf 88' lang='lat' dir='ltr'><strong>convertit.</strong></span> <span class='ocrx_word' id='word_1_716' title='bbox 1313 2125 1445 2160; x_wconf 84' lang='lat' dir='ltr'><strong>Satrapes</strong></span> <span class='ocrx_word' id='word_1_717' title='bbox 1469 2126 1544 2153; x_wconf 90' lang='lat' dir='ltr'><strong>illum</strong></span> <span class='ocrx_word' id='word_1_718' title='bbox 1560 2134 1574 2153; x_wconf 90' lang='lat' dir='ltr'><strong>a</strong></span> <span class='ocrx_word' id='word_1_719' title='bbox 1592 2131 1670 2162; x_wconf 73' lang='lat' dir='ltr'><strong>tergo</strong></span> <span class='ocrx_word' id='word_1_720' title='bbox 1685 2133 1796 2155; x_wconf 85' lang='lat' dir='ltr'><strong>secutus</strong></span> 
     </span>
    </p>
   </div>
   <div class='ocr_carea' id='block_1_102' title="bbox 971 2166 1794 2207">
    <p class='ocr_par' dir='ltr' id='par_1_102' title="bbox 971 2166 1794 2207">
     <span class='ocr_line' id='line_1_102' title="bbox 971 2166 1794 2207; baseline 0.001 -9"><span class='ocrx_word' id='word_1_721' title='bbox 971 2166 992 2193; x_wconf 83' lang='lat' dir='ltr'><strong>D</strong></span> <span class='ocrx_word' id='word_1_722' title='bbox 1007 2177 1059 2204; x_wconf 89' lang='lat' dir='ltr'><strong>est,</strong></span> <span class='ocrx_word' id='word_1_723' title='bbox 1075 2172 1149 2207; x_wconf 89' lang='lat' dir='ltr'><strong>quod</strong></span> <span class='ocrx_word' id='word_1_724' title='bbox 1162 2172 1207 2199; x_wconf 89' lang='lat' dir='ltr'><strong>ille</strong></span> <span class='ocrx_word' id='word_1_725' title='bbox 1221 2180 1284 2199; x_wconf 89' lang='lat' dir='ltr'><strong>cum</strong></span> <span class='ocrx_word' id='word_1_726' title='bbox 1301 2172 1442 2200; x_wconf 85' lang='lat' dir='ltr'><strong>didicisset</strong></span> <span class='ocrx_word' id='word_1_727' title='bbox 1459 2172 1550 2199; x_wconf 89' lang='lat' dir='ltr'><strong>divina</strong></span> <span class='ocrx_word' id='word_1_728' title='bbox 1566 2172 1670 2200; x_wconf 89' lang='lat' dir='ltr'><strong>visione</strong></span> <span class='ocrx_word' id='word_1_729' title='bbox 1682 2172 1794 2207; x_wconf 90' lang='lat' dir='ltr'><strong>jubetur</strong></span> 
     </span>
    </p>
   </div>
   <div class='ocr_carea' id='block_1_103' title="bbox 1008 2218 1792 2253">
    <p class='ocr_par' dir='ltr' id='par_1_103' title="bbox 1008 2218 1792 2253">
     <span class='ocr_line' id='line_1_103' title="bbox 1008 2218 1792 2253; baseline 0 -9"><span class='ocrx_word' id='word_1_730' title='bbox 1008 2225 1116 2247; x_wconf 85' lang='lat' dir='ltr'><strong>cursum</strong></span> <span class='ocrx_word' id='word_1_731' title='bbox 1142 2223 1302 2252; x_wconf 76' lang='lat' dir='ltr'><strong>convertere</strong></span> <span class='ocrx_word' id='word_1_732' title='bbox 1322 2222 1349 2246; x_wconf 88' lang='lat' dir='ltr'><strong>et</strong></span> <span class='ocrx_word' id='word_1_733' title='bbox 1377 2223 1451 2248; x_wconf 87' lang='lat' dir='ltr'><strong>retro</strong></span> <span class='ocrx_word' id='word_1_734' title='bbox 1475 2220 1614 2253; x_wconf 77' lang='lat' dir='ltr'><strong>navigare.</strong></span> <span class='ocrx_word' id='word_1_735' title='bbox 1631 2218 1707 2251; x_wconf 87' lang='lat' dir='ltr'><strong>Quod</strong></span> <span class='ocrx_word' id='word_1_736' title='bbox 1731 2226 1792 2244; x_wconf 93' lang='lat' dir='ltr'><strong>cum</strong></span> 
     </span>
    </p>
   </div>
   <div class='ocr_carea' id='block_1_104' title="bbox 1007 2263 1794 2304">
    <p class='ocr_par' dir='ltr' id='par_1_104' title="bbox 1007 2263 1794 2304">
     <span class='ocr_line' id='line_1_104' title="bbox 1007 2263 1794 2304; baseline -0.003 -13"><span class='ocrx_word' id='word_1_737' title='bbox 1007 2265 1182 2299; x_wconf 88' lang='lat' dir='ltr'><strong>prohiberent</strong></span> <span class='ocrx_word' id='word_1_738' title='bbox 1201 2265 1246 2304; x_wconf 78' lang='lat' dir='ltr'><strong>qui</strong></span> <span class='ocrx_word' id='word_1_739' title='bbox 1268 2272 1330 2292; x_wconf 90' lang='lat' dir='ltr'><strong>cum</strong></span> <span class='ocrx_word' id='word_1_740' title='bbox 1358 2264 1405 2291; x_wconf 92' lang='lat' dir='ltr'><strong>illo</strong></span> <span class='ocrx_word' id='word_1_741' title='bbox 1421 2269 1508 2296; x_wconf 86' lang='lat' dir='ltr'><strong>erant,</strong></span> <span class='ocrx_word' id='word_1_742' title='bbox 1522 2271 1575 2291; x_wconf 93' lang='lat' dir='ltr'><strong>non</strong></span> <span class='ocrx_word' id='word_1_743' title='bbox 1594 2263 1673 2290; x_wconf 92' lang='lat' dir='ltr'><strong>modo</strong></span> <span class='ocrx_word' id='word_1_744' title='bbox 1688 2263 1794 2295; x_wconf 73' lang='lat' dir='ltr'><strong>verbis,</strong></span> 
     </span>
    </p>
   </div>
   <div class='ocr_carea' id='block_1_105' title="bbox 1006 2310 1794 2347">
    <p class='ocr_par' dir='ltr' id='par_1_105' title="bbox 1006 2310 1794 2347">
     <span class='ocr_line' id='line_1_105' title="bbox 1006 2310 1794 2347; baseline -0.004 -7"><span class='ocrx_word' id='word_1_745' title='bbox 1006 2313 1053 2340; x_wconf 89' lang='lat' dir='ltr'><strong>sed</strong></span> <span class='ocrx_word' id='word_1_746' title='bbox 1082 2313 1163 2340; x_wconf 86' lang='lat' dir='ltr'><strong>etiam</strong></span> <span class='ocrx_word' id='word_1_747' title='bbox 1190 2312 1317 2347; x_wconf 78' lang='lat' dir='ltr'><strong>iacrymis</strong></span> <span class='ocrx_word' id='word_1_748' title='bbox 1343 2316 1494 2345; x_wconf 87' lang='lat' dir='ltr'><strong>monentes,</strong></span> <span class='ocrx_word' id='word_1_749' title='bbox 1519 2318 1552 2338; x_wconf 91' lang='lat' dir='ltr'><strong>ne</strong></span> <span class='ocrx_word' id='word_1_750' title='bbox 1571 2318 1600 2338; x_wconf 86' lang='lat' dir='ltr'><strong>se</strong></span> <span class='ocrx_word' id='word_1_751' title='bbox 1625 2317 1743 2345; x_wconf 85' lang='lat' dir='ltr'><strong>suosque</strong></span> <span class='ocrx_word' id='word_1_752' title='bbox 1765 2310 1794 2338; x_wconf 85' lang='lat' dir='ltr'><strong>in</strong></span> 
     </span>
    </p>
   </div>
   <div class='ocr_carea' id='block_1_106' title="bbox 1007 2356 1791 2394">
    <p class='ocr_par' dir='ltr' id='par_1_106' title="bbox 1007 2356 1791 2394">
     <span class='ocr_line' id='line_1_106' title="bbox 1007 2356 1791 2394; baseline -0.001 -10"><span class='ocrx_word' id='word_1_753' title='bbox 1007 2364 1130 2394; x_wconf 85' lang='lat' dir='ltr'><strong>apertum</strong></span> <span class='ocrx_word' id='word_1_754' title='bbox 1148 2359 1296 2393; x_wconf 81' lang='lat' dir='ltr'><strong>conjiceret</strong></span> <span class='ocrx_word' id='word_1_755' title='bbox 1318 2358 1469 2385; x_wconf 90' lang='lat' dir='ltr'><strong>interitum.</strong></span> <span class='ocrx_word' id='word_1_756' title='bbox 1484 2357 1628 2384; x_wconf 87' lang='lat' dir='ltr'><strong>Coniiderc</strong></span> <span class='ocrx_word' id='word_1_757' title='bbox 1645 2356 1726 2390; x_wconf 81' lang='lat' dir='ltr'><strong>jussit</strong></span> <span class='ocrx_word' id='word_1_758' title='bbox 1742 2356 1791 2384; x_wconf 91' lang='lat' dir='ltr'><strong>ho-</strong></span> 
     </span>
    </p>
   </div>
   <div class='ocr_carea' id='block_1_107' title="bbox 1006 2403 1791 2439">
    <p class='ocr_par' dir='ltr' id='par_1_107' title="bbox 1006 2403 1791 2439">
     <span class='ocr_line' id='line_1_107' title="bbox 1006 2403 1791 2439; baseline 0 -9"><span class='ocrx_word' id='word_1_759' title='bbox 1006 2404 1104 2436; x_wconf 84' lang='lat' dir='ltr'><strong>mines,</strong></span> <span class='ocrx_word' id='word_1_760' title='bbox 1127 2411 1177 2431; x_wconf 87' lang='lat' dir='ltr'><strong>nec</strong></span> <span class='ocrx_word' id='word_1_761' title='bbox 1199 2403 1389 2435; x_wconf 83' lang='lat' dir='ltr'><strong>reformidare,</strong></span> <span class='ocrx_word' id='word_1_762' title='bbox 1407 2404 1552 2437; x_wconf 79' lang='lat' dir='ltr'><strong>docuitque</strong></span> <span class='ocrx_word' id='word_1_763' title='bbox 1566 2404 1650 2431; x_wconf 85' lang='lat' dir='ltr'><strong>Deum</strong></span> <span class='ocrx_word' id='word_1_764' title='bbox 1669 2404 1721 2431; x_wconf 87' lang='lat' dir='ltr'><strong>sibi</strong></span> <span class='ocrx_word' id='word_1_765' title='bbox 1733 2403 1791 2439; x_wconf 84' lang='lat' dir='ltr'><strong>opi-</strong></span> 
     </span>
    </p>
   </div>
   <div class='ocr_carea' id='block_1_108' title="bbox 1007 2450 1790 2484">
    <p class='ocr_par' dir='ltr' id='par_1_108' title="bbox 1007 2450 1790 2484">
     <span class='ocr_line' id='line_1_108' title="bbox 1007 2450 1790 2484; baseline 0 -8"><span class='ocrx_word' id='word_1_766' title='bbox 1007 2450 1097 2476; x_wconf 86' lang='lat' dir='ltr'><strong>tulari.</strong></span> <span class='ocrx_word' id='word_1_767' title='bbox 1123 2450 1331 2478; x_wconf 61' lang='lat' dir='ltr'><strong>“evertentibus</strong></span> <span class='ocrx_word' id='word_1_768' title='bbox 1348 2450 1541 2479; x_wconf 76' lang='lat' dir='ltr'><strong>Alexandriam</strong></span> <span class='ocrx_word' id='word_1_769' title='bbox 1563 2455 1712 2478; x_wconf 92' lang='lat' dir='ltr'><strong>occurrunt</strong></span> <span class='ocrx_word' id='word_1_770' title='bbox 1726 2457 1790 2484; x_wconf 83' lang='lat' dir='ltr'><strong>per-</strong></span> 
     </span>
    </p>
   </div>
   <div class='ocr_carea' id='block_1_109' title="bbox 1005 2494 1791 2530">
    <p class='ocr_par' dir='ltr' id='par_1_109' title="bbox 1005 2494 1791 2530">
     <span class='ocr_line' id='line_1_109' title="bbox 1005 2494 1791 2530; baseline 0.001 -8"><span class='ocrx_word' id='word_1_771' title='bbox 1005 2502 1156 2527; x_wconf 86' lang='lat' dir='ltr'><strong>secutores,</strong></span> <span class='ocrx_word' id='word_1_772' title='bbox 1170 2500 1264 2530; x_wconf 74' lang='lat' dir='ltr'><strong>rogant</strong></span> <span class='ocrx_word' id='word_1_773' title='bbox 1276 2503 1339 2525; x_wconf 88' lang='lat' dir='ltr'><strong>num</strong></span> <span class='ocrx_word' id='word_1_774' title='bbox 1355 2495 1501 2530; x_wconf 75' lang='lat' dir='ltr'><strong>fugientem</strong></span> <span class='ocrx_word' id='word_1_775' title='bbox 1514 2495 1693 2524; x_wconf 79' lang='lat' dir='ltr'><strong>Athanasium</strong></span> <span class='ocrx_word' id='word_1_776' title='bbox 1707 2494 1791 2523; x_wconf 86' lang='lat' dir='ltr'><strong>vidis-</strong></span> 
     </span>
    </p>
   </div>
   <div class='ocr_carea' id='block_1_110' title="bbox 1006 2541 1791 2576">
    <p class='ocr_par' dir='ltr' id='par_1_110' title="bbox 1006 2541 1791 2576">
     <span class='ocr_line' id='line_1_110' title="bbox 1006 2541 1791 2576; baseline -0.001 -8"><span class='ocrx_word' id='word_1_777' title='bbox 1006 2546 1075 2568; x_wconf 86' lang='lat' dir='ltr'><strong>sent.</strong></span> <span class='ocrx_word' id='word_1_778' title='bbox 1092 2541 1266 2576; x_wconf 76' lang='lat' dir='ltr'><strong>Respondent</strong></span> <span class='ocrx_word' id='word_1_779' title='bbox 1282 2541 1318 2568; x_wconf 94' lang='lat' dir='ltr'><strong>illi</strong></span> <span class='ocrx_word' id='word_1_780' title='bbox 1334 2547 1362 2568; x_wconf 85' lang='lat' dir='ltr'><strong>et</strong></span> <span class='ocrx_word' id='word_1_781' title='bbox 1374 2549 1403 2569; x_wconf 90' lang='lat' dir='ltr'><strong>se</strong></span> <span class='ocrx_word' id='word_1_782' title='bbox 1416 2541 1526 2573; x_wconf 90' lang='lat' dir='ltr'><strong>vidisse,</strong></span> <span class='ocrx_word' id='word_1_783' title='bbox 1544 2546 1570 2568; x_wconf 89' lang='lat' dir='ltr'><strong>et</strong></span> <span class='ocrx_word' id='word_1_784' title='bbox 1582 2541 1604 2568; x_wconf 88' lang='lat' dir='ltr'><strong>si</strong></span> <span class='ocrx_word' id='word_1_785' title='bbox 1622 2545 1791 2568; x_wconf 84' lang='lat' dir='ltr'><strong>maturarent</strong></span> 
     </span>
    </p>
   </div>
   <div class='ocr_carea' id='block_1_111' title="bbox 1005 2585 1789 2621">
    <p class='ocr_par' dir='ltr' id='par_1_111' title="bbox 1005 2585 1789 2621">
     <span class='ocr_line' id='line_1_111' title="bbox 1005 2585 1789 2621; baseline -0.004 -7"><span class='ocrx_word' id='word_1_786' title='bbox 1005 2587 1059 2614; x_wconf 91' lang='lat' dir='ltr'><strong>cito</strong></span> <span class='ocrx_word' id='word_1_787' title='bbox 1080 2586 1269 2621; x_wconf 87' lang='lat' dir='ltr'><strong>comprehendi</strong></span> <span class='ocrx_word' id='word_1_788' title='bbox 1292 2593 1379 2620; x_wconf 82' lang='lat' dir='ltr'><strong>posse.</strong></span> <span class='ocrx_word' id='word_1_789' title='bbox 1398 2586 1443 2614; x_wconf 89' lang='lat' dir='ltr'><strong>Sic</strong></span> <span class='ocrx_word' id='word_1_790' title='bbox 1465 2587 1556 2620; x_wconf 85' lang='lat' dir='ltr'><strong>itaque</strong></span> <span class='ocrx_word' id='word_1_791' title='bbox 1577 2591 1699 2617; x_wconf 86' lang='lat' dir='ltr'><strong>errantes</strong></span> <span class='ocrx_word' id='word_1_792' title='bbox 1727 2585 1789 2614; x_wconf 87' lang='lat' dir='ltr'><strong>illos</strong></span> 
     </span>
    </p>
   </div>
   <div class='ocr_carea' id='block_1_112' title="bbox 1004 2631 1791 2667">
    <p class='ocr_par' dir='ltr' id='par_1_112' title="bbox 1004 2631 1791 2667">
     <span class='ocr_line' id='line_1_112' title="bbox 1004 2631 1791 2667; baseline 0.001 -9"><span class='ocrx_word' id='word_1_793' title='bbox 1004 2631 1174 2660; x_wconf 83' lang='lat' dir='ltr'><strong>dimiserunt.</strong></span> <span class='ocrx_word' id='word_1_794' title='bbox 1199 2632 1238 2659; x_wconf 90' lang='lat' dir='ltr'><strong>llli</strong></span> <span class='ocrx_word' id='word_1_795' title='bbox 1265 2637 1356 2659; x_wconf 89' lang='lat' dir='ltr'><strong>autem</strong></span> <span class='ocrx_word' id='word_1_796' title='bbox 1379 2633 1434 2659; x_wconf 89' lang='lat' dir='ltr'><strong>cito</strong></span> <span class='ocrx_word' id='word_1_797' title='bbox 1464 2632 1656 2664; x_wconf 80' lang='lat' dir='ltr'><strong>Alexandriam</strong></span> <span class='ocrx_word' id='word_1_798' title='bbox 1683 2631 1791 2667; x_wconf 79' lang='lat' dir='ltr'><strong>appule-</strong></span> 
     </span>
    </p>
   </div>
   <div class='ocr_carea' id='block_1_113' title="bbox 1005 2677 1788 2712">
    <p class='ocr_par' dir='ltr' id='par_1_113' title="bbox 1005 2677 1788 2712">
     <span class='ocr_line' id='line_1_113' title="bbox 1005 2677 1788 2712; baseline -0.001 -8"><span class='ocrx_word' id='word_1_799' title='bbox 1005 2683 1077 2704; x_wconf 89' lang='lat' dir='ltr'><strong>runt.</strong></span> <span class='ocrx_word' id='word_1_800' title='bbox 1089 2677 1128 2704; x_wconf 84' lang='lat' dir='ltr'><strong>Ac</strong></span> <span class='ocrx_word' id='word_1_801' title='bbox 1145 2684 1204 2704; x_wconf 88' lang='lat' dir='ltr'><strong>cum</strong></span> <span class='ocrx_word' id='word_1_802' title='bbox 1220 2678 1293 2705; x_wconf 89' lang='lat' dir='ltr'><strong>brevi</strong></span> <span class='ocrx_word' id='word_1_803' title='bbox 1315 2682 1436 2712; x_wconf 87' lang='lat' dir='ltr'><strong>tempore</strong></span> <span class='ocrx_word' id='word_1_804' title='bbox 1457 2677 1590 2706; x_wconf 85' lang='lat' dir='ltr'><strong>latitasset</strong></span> <span class='ocrx_word' id='word_1_805' title='bbox 1611 2677 1788 2708; x_wconf 84' lang='lat' dir='ltr'><strong>Athanasius,</strong></span> 
     </span>
    </p>
   </div>
   <div class='ocr_carea' id='block_1_114' title="bbox 1004 2723 1789 2758">
    <p class='ocr_par' dir='ltr' id='par_1_114' title="bbox 1004 2723 1789 2758">
     <span class='ocr_line' id='line_1_114' title="bbox 1004 2723 1789 2758; baseline -0.001 -8"><span class='ocrx_word' id='word_1_806' title='bbox 1004 2728 1146 2758; x_wconf 80' lang='lat' dir='ltr'><strong>postquam</strong></span> <span class='ocrx_word' id='word_1_807' title='bbox 1174 2723 1298 2752; x_wconf 84' lang='lat' dir='ltr'><strong>Julianus</strong></span> <span class='ocrx_word' id='word_1_808' title='bbox 1315 2723 1446 2757; x_wconf 86' lang='lat' dir='ltr'><strong>Apostata</strong></span> <span class='ocrx_word' id='word_1_809' title='bbox 1472 2724 1543 2758; x_wconf 88' lang='lat' dir='ltr'><strong>apud</strong></span> <span class='ocrx_word' id='word_1_810' title='bbox 1567 2723 1666 2751; x_wconf 80' lang='lat' dir='ltr'><strong>Persas</strong></span> <span class='ocrx_word' id='word_1_811' title='bbox 1693 2730 1789 2758; x_wconf 70' lang='lat' dir='ltr'><strong>poenas</strong></span> 
     </span>
    </p>
   </div>
   <div class='ocr_carea' id='block_1_115' title="bbox 1005 2768 1785 2804">
    <p class='ocr_par' dir='ltr' id='par_1_115' title="bbox 1005 2768 1785 2804">
     <span class='ocr_line' id='line_1_115' title="bbox 1005 2768 1785 2804; baseline 0 -8"><span class='ocrx_word' id='word_1_812' title='bbox 1005 2769 1132 2802; x_wconf 81' lang='lat' dir='ltr'><strong>dedisset,</strong></span> <span class='ocrx_word' id='word_1_813' title='bbox 1158 2774 1214 2796; x_wconf 91' lang='lat' dir='ltr'><strong>tum</strong></span> <span class='ocrx_word' id='word_1_814' title='bbox 1241 2769 1285 2796; x_wconf 86' lang='lat' dir='ltr'><strong>ille</strong></span> <span class='ocrx_word' id='word_1_815' title='bbox 1313 2768 1397 2797; x_wconf 87' lang='lat' dir='ltr'><strong>libere</strong></span> <span class='ocrx_word' id='word_1_816' title='bbox 1423 2776 1454 2796; x_wconf 87' lang='lat' dir='ltr'><strong>ac</strong></span> <span class='ocrx_word' id='word_1_817' title='bbox 1468 2769 1638 2796; x_wconf 83' lang='lat' dir='ltr'><strong>confidenter</strong></span> <span class='ocrx_word' id='word_1_818' title='bbox 1660 2768 1730 2804; x_wconf 76' lang='lat' dir='ltr'><strong>egit,</strong></span> <span class='ocrx_word' id='word_1_819' title='bbox 1751 2775 1785 2796; x_wconf 86' lang='lat' dir='ltr'><strong>ac</strong></span> 
     </span>
    </p>
   </div>
   <div class='ocr_carea' id='block_1_116' title="bbox 1005 2814 1790 2850">
    <p class='ocr_par' dir='ltr' id='par_1_116' title="bbox 1005 2814 1790 2850">
     <span class='ocr_line' id='line_1_116' title="bbox 1005 2814 1790 2850; baseline -0.001 -9"><span class='ocrx_word' id='word_1_820' title='bbox 1005 2815 1156 2842; x_wconf 88' lang='lat' dir='ltr'><strong>Salvatoris</strong></span> <span class='ocrx_word' id='word_1_821' title='bbox 1174 2815 1215 2842; x_wconf 89' lang='lat' dir='ltr'><strong>sui</strong></span> <span class='ocrx_word' id='word_1_822' title='bbox 1231 2815 1311 2842; x_wconf 86' lang='lat' dir='ltr'><strong>iidem</strong></span> <span class='ocrx_word' id='word_1_823' title='bbox 1326 2815 1417 2842; x_wconf 90' lang='lat' dir='ltr'><strong>docuit</strong></span> <span class='ocrx_word' id='word_1_824' title='bbox 1435 2819 1461 2842; x_wconf 88' lang='lat' dir='ltr'><strong>et</strong></span> <span class='ocrx_word' id='word_1_825' title='bbox 1475 2815 1638 2850; x_wconf 72' lang='lat' dir='ltr'><strong>prtedicavit.</strong></span> <span class='ocrx_word' id='word_1_826' title='bbox 1661 2814 1790 2842; x_wconf 67' lang='lat' dir='ltr'><strong>Julianus.</strong></span> 
     </span>
    </p>
   </div>
   <div class='ocr_carea' id='block_1_117' title="bbox 1005 2859 1792 2895">
    <p class='ocr_par' dir='ltr' id='par_1_117' title="bbox 1005 2859 1792 2895">
     <span class='ocr_line' id='line_1_117' title="bbox 1005 2859 1792 2895; baseline 0 -8"><span class='ocrx_word' id='word_1_827' title='bbox 1005 2867 1084 2895; x_wconf 84' lang='lat' dir='ltr'><strong>porro</strong></span> <span class='ocrx_word' id='word_1_828' title='bbox 1109 2860 1135 2887; x_wconf 92' lang='lat' dir='ltr'><strong>in</strong></span> <span class='ocrx_word' id='word_1_829' title='bbox 1160 2859 1268 2889; x_wconf 78' lang='lat' dir='ltr'><strong>Perside</strong></span> <span class='ocrx_word' id='word_1_830' title='bbox 1296 2859 1455 2888; x_wconf 81' lang='lat' dir='ltr'><strong>interfectus</strong></span> <span class='ocrx_word' id='word_1_831' title='bbox 1477 2864 1534 2894; x_wconf 75' lang='lat' dir='ltr'><strong>est;</strong></span> <span class='ocrx_word' id='word_1_832' title='bbox 1557 2859 1617 2888; x_wconf 86' lang='lat' dir='ltr'><strong>aliis</strong></span> <span class='ocrx_word' id='word_1_833' title='bbox 1640 2867 1733 2888; x_wconf 84' lang='lat' dir='ltr'><strong>necem</strong></span> <span class='ocrx_word' id='word_1_834' title='bbox 1753 2859 1792 2887; x_wconf 81' lang='lat' dir='ltr'><strong>ad.</strong></span> 
     </span>
    </p>
   </div>
  </div>
