2027 3042
261 141 351 163 CCXIII

948 138 1215 167 PROLEGOMENA.

224 188 227 190 ’
261 191 428 225 transfugam
450 190 561 219 Persam
586 191 778 223 referentibus.
794 193 855 220 aliis
869 195 903 220 ad
925 194 1040 230 aliquem

1096 195 1248 226 θεσπέσιος,
1268 194 1410 221 Ἰουλιανοῦ
1436 194 1483 222 τοῦ
1508 195 1670 222 Ἀποστάτου
1686 195 1736 230 τὴν
1749 195 1827 232 δικην
1851 197 1880 223 ὲν

259 245 293 264 ex
311 237 450 264 militibus.
469 237 534 270 Qua:
550 245 614 265 vero
631 238 810 272 plurimorum
828 244 879 272 est.
899 245 927 268 et
945 241 1043 268 verisi-

261 282 350 309 milior
360 282 460 317 opinio,
475 283 552 309 docet
563 290 623 309 eum
636 284 765 311 divinitus
780 285 851 311 illata
870 293 935 312 nece
951 286 1043 313 subla-

261 332 318 354 tum
334 327 426 354 fuisse.
442 327 530 354 Vitam
554 328 635 363 igitur
651 330 718 356 obiit
740 337 800 357 cum
821 339 908 358 annos
930 332 1043 359 vixisset

261 374 370 408 triginta
395 379 421 402 et
449 381 542 406 unum,
568 375 701 403 vicesimo
725 376 784 403 initi
814 377 918 412 imperii
937 385 1042 411 mense,

259 419 468 455 Romanumque
495 421 639 456 imperium
669 422 751 450 totius
783 424 918 451 exercitus
942 425 1045 451 calculo

259 466 361 500 excipit
378 464 518 499 Jovianus,
532 466 608 502 cujus
627 468 706 502 paulo
724 472 787 495 ante
801 470 980 498 meminimus.
993 470 1045 498 Sed

259 512 305 540 ille
328 519 390 540 cum
415 519 477 540 octo
501 517 605 540 tantum
624 521 729 542 menses
750 515 892 549 imperium
915 516 1046 544 tenuisset

260 557 288 584 in
304 557 433 593 Bithynia
447 559 526 586 obiit.
544 558 609 586 Post
623 559 696 586 illum
723 565 812 588 autem
829 561 1044 595 Valentinianus,

260 603 312 635 vir,
330 608 360 631 ut
373 605 499 631 decessor
522 604 606 638 illius,
625 606 750 634 veritatis
773 613 968 642 propugnator.
991 607 1046 635 Ro-

261 651 390 685 manique
405 651 503 686 sceptri
526 655 679 679 consortem
694 653 774 687 (quod
791 654 893 680 utinam
910 661 1044 688 nunquam

261 695 375 731 factum)
391 696 509 723 admittit
527 697 666 724 Valentem
689 697 812 726 fratrem.
835 699 955 734 Cumque
971 707 1045 726 men-

262 749 320 769 sem
337 750 419 769 unum
435 743 668 778 Constantinopoli
685 745 812 778 degisset,
830 745 933 772 Valenti
947 745 1043 772 Orien-

262 793 326 819 tem.
339 789 446 821 sibique
463 789 618 816 Occidentis
631 790 775 824 imperium
791 792 950 818 reservavit.

1097 241 1214 276 Πέρσαις
1229 241 1437 276 ἀπαιτηοέιτος,
1456 242 1676 277 έπαρρησιάσατό
1691 251 1731 274 τε,
1760 243 1808 269 καὶ
1830 242 1881 278 τὴν

1095 285 1142 311 τοῦ
1159 285 1309 316 σεσωκότος
1325 286 1415 312 πίστιν
1435 286 1593 321 ὲδογμάτιζε
1617 286 1664 313 καὶ
1686 288 1878 322 ἀνεκήρυττεν.

1102 331 1181 357 Ἀλλά
1198 331 1253 367 γὰρ
1273 331 1415 363 Ἰουλιανὸς
1434 332 1482 366 μὲν
1504 333 1532 359 έν
1549 332 1658 368 Περσίδι
1680 333 1810 368 ἀνῃρέθη,
1826 333 1880 359 τῶν

1097 377 1146 412 μὲν
1161 377 1201 408 είς
1220 377 1327 412 Πέρσην
1342 378 1403 404 τινὰ
1421 378 1475 404 τῶν
1494 379 1650 414 αὐτομόλων
1671 379 1719 414 τὴν
1741 379 1880 414 ἀναίρεσιν

1095 423 1293 458 ἀναφερόντων,
1307 423 1361 449 τῶν
1374 423 1403 450 δὲ
1416 425 1455 456 εἰς
1467 424 1526 450 τινὰ
1537 425 1590 451 τῶν
1602 425 1737 451 ὑποτελῶν
1749 433 1880 460 στρατιω-

1095 469 1159 495 τῶν.
1178 470 1206 495 't)
1220 469 1247 496 δὲ
1261 470 1343 501 πολὺς
1361 470 1406 496 καὶ
1419 471 1466 506 τῆς
1482 471 1610 506 ἀληθείας
1629 472 1774 507 ὲγγύτερος
1789 471 1877 505 λόγος,

1096 515 1224 551 θεήλατον
1240 517 1321 543 αὑτὸν
1345 518 1493 553 ὑποστῆναι
1516 517 1565 553 τὴν
1583 519 1699 553 σφαγὴν,
1716 519 1877 546 ἐκδιδάσκει.

1096 563 1286 597 Καταστρέφει
1302 563 1367 597 γοῦν
1381 564 1426 590 τὸν
1451 564 1507 598 βίον
1523 564 1551 590 ἓν
1568 565 1614 591 καὶ
1638 565 1797 599 τριακοστὸν
1822 565 1879 592 δια-

1095 608 1171 639 ϐιοὺς
1189 608 1261 640 έτος,
1286 609 1314 636 ὲν
1334 609 1362 636 δὲ
1388 611 1419 644 τῇ
1449 609 1570 645 βασιλείᾳ
1598 611 1684 645 μῆνας
1707 611 1803 637 εῐκοσι.
1824 612 1879 638 Καὶ

1094 653 1243 689 διαδέχεται
1259 655 1308 690 τὴν
1325 656 1480 690 Ῥωμαϊκὴν
1502 656 1637 691 βασιλείαν
1656 657 1737 692 ψήφῳ
1751 657 1796 684 τοῦ
1813 666 1880 683 παν-

1094 700 1140 731 τδς
1159 700 1361 736 στρατεύματος
1380 701 1525 733 Ἰωσιανὸς,
1538 698 1569 728 οὗ
1589 703 1636 728 καὶ
1653 703 1762 737 μνήμην
1773 703 1787 728 6
1801 702 1880 736 λόγος

1095 745 1173 781 ἔσχεν
1195 746 1357 781 ἔμπροσθεν.
1378 747 1446 773 Ἀλλ’
1465 745 1558 779 οὗτος,
1581 747 1653 774 ὀκτὼ
1676 749 1761 783 μῆνας
1782 749 1879 783 μόνους

1094 793 1123 819 ὲν
1139 795 1172 829 τῇ
1190 793 1312 828 βασιλεία
1332 794 1486 830 διαρκέσας,
1507 796 1578 822 κατὰ
1594 796 1719 823 Βιθυνίαν
1736 797 1879 826 ἀπολείπει

260 834 296 861 τὰ
309 835 475 871 ἀνθρώπινα.
490 837 556 863 Μετ¹
567 837 668 863 ἐκεῖνον
682 837 710 863 δὲ
723 838 952 871 Οὐαλεντινιανὸς,
966 839 1045 874 ἀνὴρ,
1064 839 1158 875 ὥσπερ
1183 841 1197 866 6
1216 840 1268 876 πρὸ
1291 841 1382 874 αὐτοῦ,
1412 842 1462 876 τῆς
1484 842 1620 874 εὐσεόείας
1641 843 1812 878 ὑπέρμαχος·
1832 841 1879 869 καὶ

261 879 395 917 λαμϐάνει
428 883 554 910 κοινωνὸν
581 883 628 917 (ὡς
653 883 708 910 εῐθε
732 884 768 919 μὴ
793 884 916 920 ὢφελεῑ)
950 885 1004 911 τῶν
1029 886 1189 921 Ῥωμαῑκῶν
1209 888 1354 922 σκήπτρων
1371 886 1508 914 Οὐάλεντα
1523 888 1568 914 τὸν
1591 888 1712 922 ἀδελφόν.
1733 889 1787 915 Καὶ
1809 889 1879 924 μῆνα

261 928 374 965 ἡμερῶν
394 930 422 956 ὲν
437 930 722 957 Κωνσταντινουπόλει
742 930 896 966 διατρίψας,
916 931 1040 966 ἁᾳορίζει
1061 932 1109 966 μὲν
1119 932 1248 959 Οὐάλεντι
1264 932 1313 968 τὴν
1333 933 1485 968 ’Δνατολὴν,
1497 932 1572 967 αὑτῷ
1581 933 1608 959 δὲ
1620 933 1705 960 λείπει
1716 934 1764 968 τῆς
1773 933 1881 965 Δύσεως

261 974 310 1010 τὴν
325 975 422 1010 ἀρχήν.

297 1019 343 1046 ﬂ.
360 1020 427 1048 Cum
441 1019 468 1047 in
483 1018 657 1048 Occidentem
675 1020 813 1056 profectus
830 1026 912 1053 esset,
926 1022 972 1056 qui
989 1021 1045 1048 fra-

1132 1022 1174 1048 Η.
1202 1022 1277 1048 Ἐπεὶ
1298 1021 1326 1047 δὲ
1344 1018 1419 1052 οὗτος
1439 1021 1479 1052 εις
1499 1020 1578 1048 Δύσιν
1605 1021 1720 1056 ἀπῆρεν,
1739 1022 1753 1047 ό
1767 1021 1881 1056 ἁδελφὸς

262 1071 305 1094 ter
317 1066 375 1101 ejus
392 1070 451 1094 erat
465 1066 586 1094 uterinus
597 1086 605 1100 ,
621 1067 667 1095 sed
684 1067 795 1094 minime
822 1067 915 1100 frater,
931 1068 985 1094 imo
999 1069 1047 1095 ad-

261 1112 411 1144 versarius,
427 1112 508 1139 fidem
530 1113 602 1147 quod
631 1114 782 1148 spectabat.
797 1113 895 1140 bellum
920 1113 1048 1148 implaca-

262 1158 318 1185 bile
331 1157 461 1185 adversus
477 1157 638 1191 Ecclesiam,
653 1167 699 1186 seu
715 1160 848 1186 adversus
866 1160 1046 1187 orthodoxam

263 1203 343 1231 fidem
371 1204 528 1232 concitavit.
543 1205 583 1232 Ac
610 1205 698 1240 primo
723 1206 832 1240 quidem
860 1206 1046 1233 admirandum

262 1249 398 1277 Meletium
414 1258 428 1277 a
443 1249 548 1278 Juliano
568 1256 735 1284 revocatum,
758 1259 789 1279 ac
815 1251 926 1286 proprio
949 1252 1047 1278 throno

262 1296 429 1329 restitutum,
444 1296 470 1323 in
488 1296 612 1324 exsilium
634 1297 770 1332 ablegavit
790 1304 850 1324 cum
879 1298 972 1324 multis
987 1297 1047 1325 aliis

231 1367 238 1374 _
261 1342 397 1376 episcopis
412 1347 438 1369 et
453 1350 485 1369 ex
501 1342 572 1370 clero
586 1343 740 1377 praecipuis.
756 1342 857 1370 Deinde
869 1343 950 1370 etiam
961 1343 1045 1379 Egy-

262 1393 337 1423 ptnm
357 1388 506 1423 perturbat,
520 1397 551 1416 ac
568 1390 715 1416 seditiones
735 1390 923 1423 ttunultusque
947 1398 1047 1424 praece-

263 1435 389 1462 dentibus
414 1435 552 1470 graviores
582 1435 772 1462 Alexandriam
799 1435 964 1463 invaserunt.
990 1435 1047 1463 Me-

264 1485 341 1508 tuens
356 1488 438 1515 porro
454 1481 496 1508 vir
510 1481 568 1513 Dei,
580 1489 614 1508 ne
632 1481 658 1508 in
673 1489 754 1509 causa
778 1482 835 1517 ipse
850 1487 921 1509 esset
937 1482 1047 1517 popula-

264 1527 301 1553 ris
314 1527 455 1558 tumultus,
475 1531 545 1554 totos
561 1532 680 1562 quatuor
696 1535 803 1555 menses
819 1529 844 1554 in
861 1533 974 1563 paterno
999 1528 1047 1556 de—

261 1569 336 1598 lituit
350 1571 482 1606 sepulcro.
501 1572 631 1600 Tatianus
648 1578 736 1600 autem
752 1572 904 1607 prmfectus,
923 1573 968 1608 qui
988 1581 1041 1600 ca:-

263 1617 342 1645 dibus
356 1617 502 1653 Egyptum
519 1618 662 1652 aﬂlixerat,
678 1619 807 1646 divinitus
821 1620 934 1646 caedium
950 1626 977 1647 et
995 1620 1048 1646 im-

263 1663 372 1698 pietatis
390 1672 486 1699 poanas
499 1665 583 1692 dedit.
602 1665 669 1692 Nam
684 1665 815 1700 dignitate
826 1665 903 1700 juxta
917 1671 944 1693 et
956 1666 1046 1693 multis

263 1709 364 1736 divitiis
375 1709 489 1742 excidit,
505 1710 541 1737 ita
562 1715 591 1737 ut
601 1711 700 1745 stipem
720 1711 778 1744 ipse
789 1715 908 1746 cogeret,
927 1716 954 1739 et
965 1712 1047 1738 amis-

262 1753 301 1781 sis
314 1754 409 1787 oculis,
426 1755 479 1781 vita
506 1755 659 1783 miserrime
681 1761 708 1784 et
731 1757 847 1791 turpiter
871 1756 978 1784 functus
993 1762 1045 1784 est.

261 1799 329 1826 Cum
347 1805 436 1828 autem
454 1801 536 1828 tantis
552 1801 668 1829 motibus
679 1803 770 1829 omnia
784 1801 954 1836 ﬂuctuarent,
968 1807 1047 1830 terra:

262 1849 352 1872 motus
371 1846 527 1880 supervenit
552 1847 673 1874 omnium
688 1848 733 1882 qui
751 1852 826 1875 retro
839 1847 946 1875 fuerant
970 1847 1047 1883 longe

263 1891 408 1923 maximus.
421 1891 466 1926 qui
481 1892 579 1919 multas
593 1893 691 1920 evertit
702 1893 782 1921 urbes
797 1901 803 1919 :
819 1897 942 1928 totasque
955 1894 1046 1921 decem

263 1937 290 1964 in
304 1937 385 1964 Creta
410 1938 491 1966 urbes
508 1938 565 1966 solo
581 1939 707 1973 :eqnavit.
733 1939 801 1966 Tum
825 1947 900 1967 mare
925 1940 1046 1975 proprios

262 1983 396 2010 excedens
417 1984 557 2016 terminos,
583 1985 696 2012 multam
720 1985 902 2014 continentem
931 1986 1046 2013 reddidit

262 2036 363 2056 novum
377 2036 463 2062 mare,
479 2030 589 2057 multam
615 2031 679 2058 item
709 2035 810 2058 terram
835 2036 898 2058 ante
914 2038 983 2066 aqua
999 2039 1046 2058 co-

262 2080 385 2110 opertam
403 2070 496 2104 aratro
520 2077 646 2112 subjecit.
669 2078 722 2105 Sed
747 2078 815 2106 nihil
834 2085 928 2106 eorum
946 2077 1046 2105 Valen-

264 2127 317 2150 tem
337 2122 370 2150 ad
387 2123 484 2150 bonam
500 2123 604 2158 frugem
621 2125 738 2151 reduxit.
754 2124 821 2151 Cum
838 2132 919 2159 porro
934 2124 1046 2151 Alexan-

263 2169 357 2197 drinus
381 2169 506 2205 populus,
519 2169 657 2197 desiderio
685 2171 803 2205 pastoris
827 2170 868 2197 sui
897 2170 1045 2197 tumultua-

262 2220 346 2249 retur,
356 2222 385 2243 se
398 2215 502 2243 scilicet
515 2223 598 2243 naves
609 2216 732 2243 vehendo
743 2215 880 2244 frumento
892 2215 1044 2250 deputatas,

262 2261 370 2295 publica
397 2261 461 2288 item
485 2262 582 2289 horrea
609 2262 810 2294 combusturos,
827 2261 880 2288 nisi
907 2260 1044 2288 doctorem

262 2306 418 2341 reciperent
445 2314 535 2335 suum.
552 2307 599 2334 His
624 2306 725 2335 auditis
741 2307 839 2341 impius
855 2305 962 2338 Valens,
977 2306 1046 2333 littc-

1101 1069 1150 1104 μὲν
1165 1070 1225 1099 ταῖς
1251 1069 1395 1103 μητρικαῖς
1417 1067 1518 1098 ὠδῖσιν,
1543 1067 1592 1093 οὐκ
1618 1067 1730 1101 ἀδελφὸς
1752 1067 1794 1099 δὲ,
1811 1067 1881 1094 ἀλλά

1099 1115 1145 1140 καὶ
1164 1113 1309 1144 ἀντίπαλος
1326 1113 1375 1147 τὴν
1394 1113 1493 1144 πίστιν,
1520 1112 1635 1147 πόλεμον
1655 1112 1785 1139 ἄσπονδον
1809 1112 1882 1139 κατὰ

1097 1160 1146 1196 τῆς
1166 1160 1343 1194 Ἐκκλησίας,
1365 1159 1447 1193 ἤγουν
1470 1159 1519 1193 τῆς
1541 1158 1708 1194 όρθοδοξίας,
1729 1160 1806 1187 κινεῖ.
1828 1158 1880 1185 Καὶ

1098 1206 1204 1241 πρῶτον
1222 1205 1270 1240 μὲν
1285 1205 1330 1230 τὸν
1347 1204 1502 1238 θαυμαστὸν
1518 1203 1647 1230 Μελέτιον
1664 1203 1716 1230 ὑπὸ
1736 1204 1880 1230 Ἰουλιανοῦ

1097 1250 1300 1286 ἁνακληθέντα,
1324 1250 1372 1276 καὶ
1397 1250 1441 1276 τὸν
1468 1250 1564 1276 οἰκεῖον
1591 1249 1759 1284 ἀπειληφότα
1775 1249 1878 1284 θρόνον,

1097 1296 1253 1333 ὑπερορίζει
1277 1295 1345 1332 μετά
1371 1296 1417 1323 καὶ
1443 1295 1547 1322 πολλῶν
1571 1295 1658 1322 ἄλλων
1680 1295 1828 1331 ἀρχιερέων
1849 1304 1879 1321 τε

1097 1345 1144 1370 καὶ
1160 1344 1213 1370 τῶν
1234 1344 1262 1369 ὲν
1278 1343 1371 1378 κλήρῳ
1386 1343 1519 1377 λογάδων·
1541 1342 1634 1368 ἔπειτα
1656 1342 1683 1368 δὲ
1699 1343 1745 1368 καὶ
1765 1342 1812 1377 τὴν
1833 1342 1881 1368 Αἵ-

1097 1398 1198 1424 γυπτον
1214 1389 1392 1424 ὲκταράσσει,
1417 1389 1463 1414 καὶ
1486 1388 1593 1420 στάσεις
1615 1388 1661 1414 καὶ
1675 1387 1782 1423 θόρυϐοι
1802 1387 1881 1422 χαλε-

1098 1436 1213 1471 πώτεροι
1231 1435 1284 1461 τῶν
1307 1434 1466 1469 φθασάντων
1489 1434 1600 1461 διέσειον
1618 1434 1666 1470 τὴν
1683 1433 1881 1470 Ἀλεξανδρέων

1098 1479 1184 1505 πόλιν.
1207 1477 1303 1510 Δεδιὼς
1325 1478 1352 1504 δὲ
1368 1478 1382 1503 6
1399 1477 1560 1513 θεόληπτος,
1584 1479 1621 1514 μὴ
1644 1478 1697 1513 ἀρα
1720 1479 1769 1514 τῆς
1791 1479 1820 1505 ὲν
1841 1478 1881 1513 τῷ

1098 1525 1194 1560 πλήθει
1218 1524 1337 1555 στάσεως
1356 1523 1436 1554 αὐτὸς
1458 1523 1506 1559 τὴν
1527 1523 1616 1550 αἰτίαν
1631 1523 1722 1556 λάϐοι,
1746 1524 1882 1559 τέσσαρας

1097 1572 1172 1603 ὅλους
1190 1572 1276 1606 μῆνας
1292 1570 1385 1597 ἑαυτὸν
1399 1571 1427 1596 ὲν
1443 1570 1560 1606 πατρῴῳ
1582 1571 1658 1606 τάφῳ
1683 1570 1880 1606 κατακρύπτει.

1104 1617 1132 1644 '0
1143 1617 1171 1643 δὲ
1187 1617 1249 1649 τοὺς
1261 1616 1332 1643 κατὰ
1346 1616 1394 1651 τὴν
1411 1617 1544 1650 Αἴγυπτον
1561 1616 1656 1650 φόνους
1671 1615 1881 1651 παλαμώμενος,

1097 1664 1228 1696 Τατιανὺς
1248 1662 1281 1700 ἦν
1295 1665 1310 1690 6
1322 1663 1424 1698 ταύτης
1439 1663 1570 1698 ἔπαρχος,
1588 1663 1646 1698 ὃνή
1670 1662 1729 1689 θεία
1751 1663 1811 1698 δίκη
1832 1662 1882 1690 καὶ

1097 1710 1146 1744 τῆς
1163 1709 1317 1745 μιαιφονίας
1331 1710 1378 1736 καὶ
1393 1709 1443 1743 τῆς
1459 1708 1617 1740 δυσσεϐείας
1632 1708 1728 1735 θᾶττον
1747 1708 1861 1743 μετῆλθε
1872 1717 1880 1723 ·

1097 1757 1143 1783 τοῦ
1169 1765 1198 1783 τε
1219 1756 1272 1792 γὰρ
1294 1756 1448 1791 ἀξιώματος
1477 1755 1523 1781 καὶ
1543 1754 1596 1781 τῶν
1618 1754 1722 1781 πολλῶν
1754 1755 1882 1782 ἐκπίπτει

1097 1803 1254 1838 χρημάτων,
1268 1803 1314 1829 καὶ
1330 1804 1378 1838 τῆς
1393 1801 1494 1838 τροφῆς
1510 1801 1594 1836 αὐτῆς
1610 1801 1725 1836 ἐπαίτης
1736 1799 1780 1836 ἦν.
1798 1801 1880 1828 Ἀλλά

1097 1848 1218 1880 καὶτοὺς
1232 1848 1386 1882 ὀφθαλμοὺς
1401 1846 1555 1879 ἀποϐαλὼν,
1568 1847 1613 1873 τὸν
1631 1846 1688 1882 βίον
1704 1847 1834 1881 ἀλγεινῶς
1851 1856 1882 1873 τε

1097 1892 1144 1918 καὶ
1160 1892 1278 1928 αἰσχρῶς
1298 1892 1490 1927 καταστρέφει.
1510 1892 1554 1918 Ἑν
1568 1891 1672 1923 τούτοις
1691 1892 1729 1924 δὲ,
1752 1900 1883 1927 κυμαινο-

1099 1939 1187 1974 μένων
1201 1938 1253 1965 τῶν
1277 1938 1354 1969 ὅλων,
1377 1937 1496 1973 σκηπτὸς
1511 1938 1673 1973 ἐπισκήπτει
1696 1937 1752 1964 τῶν
1772 1937 1882 1964 πώποτε

1097 1985 1285 2020 γεγενημένων
1304 1986 1318 2011 6
1341 1985 1483 2019 μέγιστος,
1502 1984 1550 2010 καὶ
1574 1983 1675 2015 πολλὰς
1691 1984 1810 2018 ἐδαφίζει
1828 1985 1883 2010 τῶν

1097 2031 1216 2057 πόλεων·
1233 2031 1303 2066 ἀτὰρ
1323 2031 1355 2066 δὴ
1370 2031 1417 2057 καὶ
1436 2031 1486 2065 τῆς
1503 2031 1614 2066 Κρήτης
1634 2029 1683 2061 τὰς
1702 2029 1768 2056 δέκα
1790 2030 1885 2061 πόλεις

1097 2078 1302 2113 κατηρείπωσε·
1335 2078 1381 2104 καὶ
1409 2078 1426 2113 ἡ
1453 2077 1590 2109 θάλασσα,
1619 2077 1672 2103 τῶν
1705 2076 1776 2104 ἰδίων
1812 2077 1884 2111 ὅρων

1097 2123 1287 2158 ὑπερχυθεῖσα,
1308 2122 1407 2158 πολλὴν
1424 2123 1473 2158 μὲν
1485 2122 1535 2157 τῆς
1554 2122 1667 2158 ἠπείρου
1690 2122 1884 2157 ἀποτεμομένη

1096 2169 1232 2196 θάλασσαν
1256 2168 1318 2195 νέαν
1342 2168 1440 2201 ἔδειξε,
1465 2167 1564 2203 πολλὴν
1588 2167 1623 2198 δὲ,
1642 2168 1690 2200 τῆς
1717 2167 1884 2203 ὑποϐρυχὶου

1096 2213 1202 2248 ἀρότρῳ
1229 2212 1375 2248 ὑπέθηκεν.
1400 2212 1469 2238 Ἀλλ’
1491 2211 1567 2239 οὐδὲν
1592 2212 1693 2239 τούτων
1718 2212 1884 2247 ἐσωφρόνισε

1095 2258 1140 2285 τὸν
1159 2258 1307 2285 Οὐάλεντα.
1329 2257 1404 2283 Ἐπεὶ
1419 2253 1446 2283 δὲ
1462 2258 1476 2284 6
1495 2257 1689 2293 Ἀλεξανδρέων
1706 2258 1792 2294 δῆμος
1807 2259 1884 2294 πόθῳ

1096 2304 1143 2331 καὶ
1161 2304 1249 2330 πίστει
1271 2303 1318 2330 τοῦ
1349 2304 1477 2338 ποιμένος
1502 2303 1644 2336 ἐστασίαζέ
1668 2313 1698 2330 τε
1724 2305 1771 2331 καὶ
1795 2305 1883 2331 πάντα

262 2353 302 2380 ris
326 2353 384 2381 suis
413 2353 562 2381 Athanasio
588 2354 722 2388 integram
750 2354 797 2381 dat
823 2353 986 2385 libertatem,
1017 2359 1045 2380 ut

1098 2349 1211 2385 πράξειν
1232 2350 1348 2385 ἠπείλει,
1369 2350 1415 2376 καὶ
1432 2350 1467 2376 τά
1480 2358 1509 2375 τε
1526 2349 1623 2384 σιτηγὰ
1644 2350 1697 2376 τῶν
1711 2350 1819 2383 πλοίων,
1836 2351 1883 2378 καὶ

261 2399 399 2426 Ecclesias
427 2399 639 2427 administraret.
667 2399 733 2427 Cum
753 2405 843 2427 autem
872 2399 1045 2427 Antiochiam

261 2444 434 2480 profecturus
448 2451 528 2477 esset,
543 2446 607 2480 quia
623 2446 762 2473 Eudoxius
779 2445 882 2473 Christi
907 2445 1045 2476 inimicus,

261 2494 407 2525 postquam
429 2491 614 2518 novemdecim
630 2491 709 2518 annis
725 2490 856 2517 adversus
880 2490 1046 2517 orthodoxos

262 2536 434 2571 implacabile
453 2537 551 2565 bellum
569 2538 708 2573 gessisset,
724 2537 874 2564 exstinctus
893 2536 989 2569 fuerat,
1005 2536 1048 2563 Ni-

263 2583 390 2610 comediae
398 2583 530 2611 substitit.
543 2584 690 2619 Arianique
702 2584 887 2618 Demopltilum
899 2584 1024 2610 ordinant
1038 2591 1045 2609 :

261 2629 308 2664 qui
346 2634 436 2657 autem
476 2630 782 2657 consubstantialitatcm
814 2632 1043 2663 propugnarant,

262 2675 406 2710 Evagrium
422 2676 577 2711 quemdam,
593 2676 635 2703 cui
655 2677 749 2703 beatus
770 2675 927 2702 Eustathius
949 2681 1044 2701 manus

263 2721 438 2755 imposuerat.
466 2722 517 2755 Qui
547 2721 703 2749 Eustathius
726 2729 788 2749 cum
821 2726 883 2748 ante
909 2720 1043 2748 Meletium

261 2763 460 2793 Antiochenam
485 2771 590 2801 regeret
609 2766 767 2798 Ecclesiam,
796 2765 830 2793 ab
856 2764 965 2792 Arianis
980 2765 1045 2792 insi-

298 2865 338 2903 (ι)
355 2868 370 2895 Ι.
382 2868 456 2896 δέκα.

1097 2397 1196 2428 αὐτοὺς
1219 2397 1282 2428 τοὺς
1297 2397 1441 2432 δημοσίους
1465 2396 1656 2429 σιτοϐολῶνας,
1679 2397 1703 2423 εί
1724 2397 1760 2432 μὴ
1779 2398 1826 2424 τὸν
1843 2398 1883 2424 δι-

1096 2443 1228 2470 δάσκαλον
1241 2443 1432 2478 ἀπολήψοιντο,
1448 2443 1515 2478 πυρὶ
1532 2442 1696 2478 παραδοῦναι
1710 2442 1881 2469 διετείνοντο·

1096 2490 1177 2524 γνοὺς
1199 2489 1285 2516 ταῦτα
1308 2491 1322 2515 6
1345 2489 1476 2524 δυσσεϐὴς
1499 2489 1622 2525 Οὐάλης,
1646 2489 1689 2515 διὰ
1711 2489 1884 2524 γραμμάτων

1096 2536 1202 2563 δίδωσιν
1231 2535 1382 2570 Ἀθανασίῳ
1411 2536 1501 2561 πᾶσαν
1532 2533 1622 2560 ἄδειαν
1653 2534 1701 2566 τὰς
1722 2534 1884 2570 Ἐκκλησίας

1098 2583 1206 2609 ἰθύνειν.
1226 2582 1357 2617 Ἑξορμᾷν
1379 2581 1406 2608 δὲ
1428 2581 1532 2616 μέλλων
1557 2582 1597 2612 εἱς
1621 2581 1795 2616 Ἀντιόχειαν,
1823 2581 1883 2607 ἐπεὶ

1097 2629 1220 2661 Εὐδόξιος
1239 2630 1254 2655 6
1276 2629 1458 2663 μισόχριστος,
1478 2627 1580 2654 δώδεκα
1597 2626 1635 2662 (τι)
1663 2628 1709 2654 καὶ
1733 2627 1811 2653 ἐννέα
1835 2627 1882 2662 ἔτη

1098 2674 1168 2701 κατὰ
1196 2673 1248 2700 τῶν
1277 2673 1395 2700 εὐσεϐῶν
1424 2673 1555 2700 ἄσπονδον
1580 2673 1697 2708 πόλεμον
1728 2672 1881 2704 ἀναλαδὼν,

1098 2719 1259 2754 ἀπεφθὰρη,
1280 2719 1329 2754 τῆς
1354 2718 1504 2754 ὁδοιπορίας
1532 2718 1601 2745 κατὰ
1626 2719 1676 2754 τὴν
1700 2719 1884 2754 Νικομήδειαν

1098 2765 1242 2801 ἐπεσχέθη.
1258 2766 1311 2792 Καὶ
1327 2765 1351 2791 οἱ
1376 2765 1426 2800 μὲν
1445 2763 1474 2797 ἐξ
1492 2765 1595 2800 Ἀρείου
1617 2765 1767 2800 Δημόφιλον
1792 2772 1884 2801 χειρο-
