2027 3042
593 161 676 189 ‘VlTA
696 162 725 190 S.
745 160 933 189 ATHANASII
952 161 999 189 EX
1015 161 1283 190 METAI’HRASTE.
1645 168 1746 190 ccum

123 221 247 250 τονοῦσιν
257 231 264 238 ·
280 222 304 249 οἱ
316 222 345 249 δὲ
365 222 396 250 τὸ
409 222 551 258 ὁμοούσιον
573 223 770 260 πρεσϐεύοντες
783 224 917 260 Εὐάγριόν

947 236 953 255 ι
970 224 1087 252 mnlnlus
1107 224 1206 257 fuerat,
1229 230 1310 258 atque
1325 224 1420 251 exsilio
1435 229 1577 253 revocatus
1592 233 1625 252 ex
1639 225 1747 252 decreto

124 276 186 295 τινα
203 267 249 294 τοῦ
266 268 400 303 μακαρίου
415 268 564 295 somnon
580 269 630 304 τὴν
645 269 848 305 τελεσιουργίαν
863 279 914 305 χει-

966 271 1001 305 pii
1020 270 1137 303 Joviani,
1151 270 1384 304 Constantinopoli
1403 270 1526 305 degebat.
1551 270 1651 304 Impius
1666 270 1749 305 igitur

129 314 285 351 ρισαμένου,
298 314 326 346 ὃς
344 314 397 350 πρὸ
410 314 542 341 Μελετίου
556 315 604 350 τὴν
622 316 780 350 Ἀντιοχέων
802 316 915 351 Ἐκκλη-

966 315 1063 342 Valens
1081 316 1226 350 compertis
1238 315 1272 342 iis
1290 323 1348 349 qua:
1365 320 1437 350 gesta
1454 315 1571 347 fuerant,
1586 315 1746 341 Arianorum

127 359 188 384 σίαν
211 358 364 394 ποιμαίνων
383 358 420 394 (ιι)
441 358 493 385 ὐπὸ
515 359 569 385 τῶν
597 360 742 393 Ἀρειανῶν
769 369 914 387 συνεσκευ-

966 364 1074 398 quidem
1098 363 1168 390 facta
1183 371 1244 389 cum
1264 363 1361 397 gaudio
1375 363 1509 397 probavit.
1526 362 1564 389 Ex
1579 362 1748 396 prteconibus

127 404 207 440 άσθη,
223 405 270 430 καὶ
292 405 340 440 τῆς
365 405 514 440 ὑπερορίας
535 405 691 441 ψηφίσματι
717 406 764 432 τοῦ
788 407 915 438 εὐσεὸοὖς

966 413 1055 436 autem
1081 409 1131 442 pia!
1157 408 1294 443 religionis
1322 408 1505 440 Eustalliium,
1523 409 1567 442 qtti
1584 407 1746 438 ordinasset,

134 448 269 475 Ἰωὸιανοῦ
284 449 456 484 ἀνακληθεὶς,
472 450 501 475 ὲν
517 450 800 477 Κωνσταντινουπὸλει
816 451 917 486 διέτρι-

967 462 1028 481 cum
1043 454 1152 481 militari
1174 462 1252 480 manu
1268 454 1342 480 misit
1361 454 1475 489 Birzyt‘n
1490 453 1614 480 Thracia:
1640 454 1745 484 urbem,

129 493 186 545 65v.
204 493 233 520 ’0
252 493 279 520 δὲ
296 493 429 530 δυσσεϐὴς
445 494 562 530 Οὐάλης,
584 495 676 530 μαθὼν
693 496 726 522 τὰ
746 496 915 531 πραχθέντα,

967 500 1109 536 Evagriutn
1135 505 1224 527 autem
1250 500 1405 527 ordinatum
1421 501 1446 526 in
1462 500 1534 526 aliud
1546 499 1600 534 egit
1614 499 1747 526 exsilium.

129 538 169 570 οἷς
186 539 234 573 μὲν
247 539 270 565 οἱ
285 538 314 572 ἐξ
331 539 436 575 ’Δρείου
459 539 579 574 ἔπραξαν
597 539 716 577 συνήσθη
729 549 759 566 τε
782 541 830 567 καὶ
845 540 916 576 ἠγά-

967 546 1001 574 Ει
1019 547 1061 573 his
1078 546 1161 581 gestis
1179 545 1276 579 impius
1294 546 1348 577 ille,
1363 546 1535 572 Antiochiam
1550 545 1685 577 concedit,
1702 545 1748 572 uhi

130 593 212 620 πησε,
227 585 280 612 τῶν
297 585 325 611 δὲ
341 585 470 621 κηρύκων
485 586 534 621 τῆς
550 586 689 619 εὐσεόείας
705 587 853 614 Εὐστάθιον
869 587 917 623 μὲν

968 593 1060 620 eadem
1075 592 1131 627 ipsa
1144 592 1273 619 adversus
1288 591 1456 618 orthodoxos
1469 591 1634 625 perpetravit
1647 594 1674 616 et
1691 597 1747 616 ma-

130 633 175 660 τδν
194 633 418 668 χειροτονήσαντα
433 633 478 660 διὰ
500 635 697 669 στρατιωτικῆς
716 634 805 670 χειρὸς
823 635 852 660 ὲν
875 634 918 661 Βι-

968 637 1094 664 chinatus
1116 642 1171 670 est;
1202 637 1255 663 imo
1269 636 1354 663 multo
1377 636 1468 670 pejora
1484 644 1490 662 :
1506 637 1589 663 variis
1604 636 1674 663 enim
1691 643 1750 668 sup-

131 678 184 714 ζύῃ
202 678 277 704 πόλει
296 678 347 713 τῆς
363 678 473 714 Θρᾴκης
489 678 656 715 περιορίζει·
675 679 809 714 Εὐάγριον
823 680 852 706 δὲ
873 679 918 706 τὸν

968 681 1108 714 pliciorum
1138 681 1280 716 generibus
1311 681 1382 715 ipsos
1413 680 1559 712 interfecit,
1574 681 1644 715 quod
1667 681 1749 714 magis

131 723 353 759 χειροτονηθέντα
369 724 436 759 ἄλλη
448 726 569 760 συνεῖχεν
594 725 736 760 ὑπερορία.
756 725 810 751 Καὶ
834 725 918 752 ταῦτα

970 733 1058 755 autem
1074 728 1099 754 in
1116 733 1241 762 promptu
1258 731 1317 754 erat
1337 727 1374 754 illi
1398 727 1431 754 ad
1461 727 1582 754 homines
1603 726 1636 754 de
1662 728 1749 754 medio

131 769 238 804 πράξας
260 769 274 795 ὁ
291 769 439 804 δυσσεϐὴς,
454 771 500 796 ὲπὶ
520 770 570 805 τὴν
587 770 722 805 Ἀντιόχου
746 770 916 804 ἀφικνεῖται,

970 773 1110 807 tollendos,
1131 772 1246 800 Orontes
1266 776 1323 800 erat
1339 773 1447 799 fluvius.
1473 772 1540 799 Dum
1559 773 1649 806 itaque
1675 777 1749 800 tanta

132 815 168 841 τὰ.
188 815 257 842 αὐτὰ
277 815 350 842 κατὰ
374 815 427 842 τῶν
452 816 632 843 εὐσεϐούντων
655 816 702 842 καὶ
728 816 855 852 πράττων
872 816 919 842 καὶ

969 819 1101 850 confusio,
1121 824 1212 846 tantus
1228 819 1356 846 tumultus
1375 819 1530 846 universum
1546 820 1639 846 orbem
1653 819 1749 847 misce-

132 861 334 896 διανοούμενος’
362 861 461 897 μᾶλλον
481 862 509 888 δὲ
530 862 619 897 πολλῷ
643 862 767 898 χείρονα·
791 862 838 889 καὶ
864 862 919 896 γὰρ

971 870 1021 895 ret.
1035 868 1095 899 post
1114 868 1153 891 tot
1173 868 1248 890 tanta
1264 869 1373 897 tamque
1397 864 1523 890 diuturna
1547 871 1595 898 pro
1620 864 1672 898 pia‘
1689 864 1750 890 reli-

131 907 270 942 διαφόροις
294 907 418 940 θανάτοις
442 908 506 940 τοὺς
528 908 706 940 εὐσεϐοῦντας
737 908 841 943 ὑπῆγε·
867 908 918 943 μά-

949 899 1048 944 ιείοηε
1068 910 1229 940 certamina,
1243 913 1303 943 post
1329 913 1367 935 tot
1392 908 1509 941 labores,
1528 909 1560 935 ad
1581 916 1749 936 comm‘mem

132 952 212 979 λιστα
225 952 254 979 δὲ
267 953 320 980 τῶν
335 954 422 988 φόνων
438 953 512 989 αὐτῷ
528 954 557 980 τὸ
573 953 782 989 προχειρότατον
797 953 918 987 ποταμὸς

969 963 1048 987 quem
1063 955 1195 982 dilexerat
1217 956 1357 982 Dominum
1387 955 1464 990 cujus
1477 962 1558 982 causa
1584 962 1677 989 passus
1693 955 1751 983 fue-

131 999 146 1024 ό
166 999 302 1035 Ὀρόντης.
318 1000 374 1035 Τῆς
389 1001 545 1036 συγχύσεως
559 998 605 1027 οὖν
619 1000 667 1027 καὶ
679 999 801 1035 ταραχῆς
818 998 919 1033 ταύτης

969 1005 1022 1032 rat,
1039 1000 1160 1035 gaudens
1169 1001 1270 1028 athleta
1288 1001 1413 1034 migravit
1429 1001 1535 1036 prmmia
1546 1006 1748 1032 consecuturus,

132 1045 181 1081 τὴν
206 1047 366 1081 οἰκουμένην
392 1045 598 1082 ἀνατρεπούσης
627 1046 695 1082 μετὰ
718 1047 781 1077 τούς
807 1044 920 1076 πολλοὺς

970 1053 1031 1072 cum
1053 1053 1139 1073 annos
1155 1046 1182 1073 in
1201 1047 1369 1081 episcopatu,
1388 1047 1441 1074 imo
1458 1047 1546 1081 potius
1560 1047 1585 1074 in
1599 1047 1752 1074 certamini-

132 1092 179 1119 καὶ⁸
194 1092 315 1128 μακροὺς
330 1091 400 1128 ὐπὲρ
420 1092 471 1127 τῆς
486 1091 628 1123 εὐσεϐείας
650 1091 748 1122 ἄθλους
767 1091 814 1118 καὶ
831 1090 921 1125 καμά-

535 1091 628 1123 ηεῦείας
650 1091 748 1122 ἄθλους
767 1091 814 1118 καὶ
831 1090 921 1125 καμά-
969 1090 1019 1118 bus
1034 1092 1335 1127 egissetqnadraginta.

131 1148 194 1171 τους
213 1140 253 1172 είς
277 1139 322 1166 τὸν
338 1139 427 1166 κοινὸν
441 1139 597 1175 ιΔεσπότην,
619 1139 648 1166 ὃν
679 1139 775 1173 ἐφίλει,
799 1139 846 1166 καὶ
869 1138 938 1174 ὑπὲρ
957 1135 987 1165 οὗ
1006 1138 1118 1174 ἔπασχε,
1151 1139 1251 1174 χαίρων
1276 1140 1290 1166 ὁ
1313 1139 1441 1176 ἀθλητὴς,
1462 1140 1505 1167 ἵνα
1522 1140 1589 1176 τύχῃ
1613 1139 1667 1167 τῶν
1685 1140 1752 1168 ἑπά-

133 1188 211 1220 θλων,
225 1188 410 1223 ἀπεδήμησεν,
424 1187 470 1223 ἔτη
486 1187 630 1224 διαρκέσας
647 1188 676 1214 ὲν
690 1188 723 1223 τῇ
741 1188 917 1224 ὰρχιερατικῇ
938 1187 1043 1223 τελετῇ,
1064 1187 1163 1222 μᾶλλον
1195 1187 1224 1214 δὲ
1245 1188 1274 1214 ὲν
1289 1189 1345 1220 τοῖς
1379 1188 1448 1224 ὑπὲρ
1466 1188 1550 1224 αὐτῆς
1567 1187 1751 1223 ἁγωνίσμασι,

132 1235 345 1271 τεσσαράκοντα.

169 1283 231 1309 Ὀτι
250 1283 267 1319 ἡ
285 1282 428 1319 συγγραφὴ
448 1283 477 1316 ἐξ
501 1280 535 1319 ἧς
556 1284 573 1319 ἡ
595 1283 761 1320 προκειμένη
782 1282 916 1318 προῆλθεν

1001 1280 1081 1308 Liber
1095 1280 1165 1307 unde
1188 1279 1245 1306 haec
1257 1278 1442 1313 excerpsimus
1456 1277 1646 1313 negligentiam
1664 1278 1752 1313 potius

132 1329 232 1365 ἐκλογὴ
259 1329 357 1365 μᾶλλον
378 1330 424 1357 ἐπὶ
444 1330 475 1356 τὸ
495 1330 664 1366 ἠμελημένον
681 1330 698 1365 ἢ
721 1329 752 1356 τὸ
767 1329 914 1365 διηκριϐω-

967 1327 1069 1355 redolet
1095 1333 1175 1361 quam
1202 1325 1391 1360 diligentiam;
1421 1325 1537 1351 maxime
1565 1329 1652 1351 autem
1682 1324 1752 1358 quod

135 1375 213 1412 μένον
231 1375 287 1410 ἔχει
302 1375 350 1412 τὴν
364 1376 450 1411 ῥοπήν
460 1384 466 1391 ·
486 1376 602 1411 μάλιστα
614 1376 636 1402 δ’
649 1377 678 1402 ὲν
695 1377 727 1411 τῇ
744 1375 798 1402 τῶν
815 1374 917 1410 νοημά-

967 1373 1082 1408 pertinet
1100 1372 1132 1399 ad
1147 1370 1323 1399 chnmniam
1338 1370 1466 1397 orationis
1475 1370 1703 1397 etsententiarutl
1727 1370 1751 1396 in

133 1431 186 1448 των
202 1422 342 1457 οίκονομίᾳ
360 1423 388 1448 ὲν
405 1422 512 1454 πολλοῖς
532 1422 689 1457 κεφαλαίοις
708 1421 754 1448 καὶ
775 1421 918 1449 καινότερα

968 1418 1059 1446 multis
1071 1417 1217 1452 capitibus,
1235 1415 1318 1443 multa
1334 1415 1396 1443 item
1409 1423 1476 1442 nova
1491 1419 1600 1443 enarrat
1610 1422 1668 1450 quae
1684 1415 1753 1450 apud

134 1468 210 1504 παρὰ
223 1469 285 1500 τούς
298 1467 394 1500 ἄλλους
409 1469 519 1504 ἱστορεῖ.

486 1469 519 1495 εἴ.
969 1465 1034 1493 alios
1048 1473 1100 1492 non
1115 1465 1284 1500 reperiuntur

344 1626 483 1674 VITA
518 1627 565 1671 S‘.
604 1624 927 1670 ATHANASII
966 1623 1046 1667 EX
1085 1620 1537 1667 METAPHRASTE.

918 1721 953 1729 ..-

138 1789 226 1816 ΒΙΟΣ
241 1788 330 1815 ΗΤΟΙ
347 1787 512 1815 ΑΘΛΠΣΙΣ
528 1788 599 1815 ΤΟΥ
611 1788 660 1814 ΕΝ
677 1788 806 1814 ΑΓΙΟΙΣ
819 1787 938 1814 ΗΜΩΝι

977 1785 1061 1813 γιτΑ
1097 1784 1168 1812 SEU
1203 1784 1416 1812 CERTAMINA
1455 1783 1586 1812 SANCTI
1627 1782 1756 1810 PATRIS

173 1824 317 1850 ΠΑΤΡΟΣ
332 1824 551 1853 ΑΘΑΝΑΣΙΟΥ,
575 1823 790 1849 ΕΠΙΣΚθΠΟΥ
809 1823 920 1848 ΓΕΝΟ-

1022 1820 1159 1847 NOSTRI
1197 1819 1402 1847 ATIIANASII
1445 1819 1535 1846 OLIM
1582 1817 1755 1846 EPISCOPI

172 1859 302 1885 ΜΕΝΟΥ
318 1858 607 1885 ΑΛΕΞΑΝΔΡΕΙΑΣί
1019 1855 1291 1882 ΑιΕΧΑΝυΙηΝΙ.

174 1904 200 1931 1.
220 1903 315 1930 Πολλοὶ
331 1904 379 1939 μὲν
393 1903 446 1930 τῶν
463 1903 558 1938 ἁγίων,
573 1902 612 1938 τῷ
632 1902 749 1939 οὐρανίῳ
765 1902 840 1937 πόθῳ
853 1910 924 1937 τρω-

1008 1901 1124 1928 1.Μυῐιί
1151 1906 1306 1928 sanctorum
1325 1900 1428 1928 caelesti
1454 1900 1588 1928 desiderio
1614 1899 1755 1932 vulnerati,

139 1948 239 1980 θέντες,
257 1949 304 1975 καὶ
318 1950 379 1980 ταῖς
396 1950 589 1985 μαρμαρυγαῖς
603 1948 648 1975 τοῦ
670 1947 837 1982 ἀγωνοθέτου
857 1948 924 1982 Χρι-

973 1952 1000 1975 et
1019 1947 1207 1981 splendoribus
1220 1947 1338 1979 Christi,
1354 1946 1514 1975 certantium
1537 1945 1755 1978 remuneratoris,

140 1995 203 2022 στοῦ
220 1995 420 2027 ἑνατενίσαντες
441 1995 576 2031 ἀκριῦῶς,
597 1994 644 2021 καὶ
661 1994 713 2020 ὑπὸ
727 1994 773 2021 τοῦ
796 1993 922 2029 ἀληθινοῦ

973 1992 1092 2019 studiose
1118 1993 1226 2024 intenti,
1249 1997 1328 2026 atque
1358 2000 1373 2019 a
1395 1999 1457 2019 vera
1487 1991 1547 2019 luce
1571 1991 1709 2024 illustrati,
1724 1992 1757 2018 ad

139 2041 373 2075 καταυγασθέντες
388 2041 490 2076 φωτὸς,
507 2041 586 2077 μέχρι
599 2040 713 2068 θανάτου
730 2041 798 2076 ὑπὲρ
810 2039 857 2066 τοῦ
873 2048 922 2075 κη-

973 2042 1087 2065 mortem
1114 2045 1197 2073 usque
1219 2046 1267 2072 pro
1293 2037 1432 2073 Evangelii
1455 2037 1655 2072 praedicatione,
1670 2041 1694 2064 et
1709 2044 1757 2071 pro

141 2087 278 2123 ρύγματος
293 2087 340 2114 τοῦ
357 2086 546 2121 εὐαγγελικοῦ,
564 2087 609 2113 καὶ
625 2086 675 2122 τῆς
687 2087 827 2118 εὐσεόείας
842 2086 924 2122 ἀθλή-

972 2092 1035 2111 vera
1066 2083 1194 2119 religione
1231 2088 1382 2116 certantes,
1405 2084 1509 2111 caelesti
1539 2091 1637 2110 corona
1668 2083 1757 2110 donati

141 2142 247 2165 σαντες,
265 2133 309 2160 τὸν
332 2133 455 2168 οὐράνιον
480 2131 609 2167 στέφανον
631 2133 804 2167 ἁνεδήσαντο,
829 2141 923 2169 προτιο

973 2130 1059 2162 fuere.
1072 2131 1143 2165 quod
1170 2130 1312 2157 invisibilia
1328 2129 1489 2163 visibilibus,
1507 2130 1630 2164 praesenti
1645 2129 1704 2155 vitae
1716 2128 1756 2155 fu-

142 2180 277 2214 μὴσαντες
290 2179 342 2206 τῶν
358 2179 462 2214 ὁρατῶν
477 2178 512 2206 τὰ
528 2179 640 2214 ἀόρατα,
655 2179 701 2205 καὶ
716 2178 765 2213 τῆς
785 2178 924 2214 παρούσης

974 2182 1072 2208 turam,
1088 2177 1264 2211 praesentibus
1280 2184 1311 2204 ea
1324 2184 1383 2212 quae
1402 2177 1429 2204 in
1446 2181 1591 2211 c0nspcctu
1608 2183 1661 2202 non
1680 2179 1758 2202 erant

141 2224 215 2259 ζωῆς
230 2223 279 2259 τὴν
296 2224 452 2259 μέλλουσαν,
473 2225 520 2252 καὶ
539 2224 593 2251 τῶν
613 2225 643 2251 ὲν
666 2225 758 2260 χερσὶν
782 2225 866 2251 οντων
888 2223 924 2250 τὰ

973 2223 1171 2251 antelulissent.
1185 2223 1212 2250 In
1232 2224 1326 2258 primis
1344 2230 1407 2250 vero
1420 2223 1575 2258 apostolicae
1590 2221 1684 2257 gratia:
1698 2229 1758 2254 par-

142 2269 179 2305 μὴ
201 2269 352 2305 βλεπόμενα
362 2279 368 2285 ·
387 2269 532 2307 ἐξαιρέτως
545 2270 573 2297 δὲ
589 2270 602 2296 ό
613 2270 662 2305 τῆς
681 2270 860 2305 ὰποστολικῆς
875 2269 924 2305 χά-

974 2270 1066 2304 ιίι-θρε,
1082 2278 1194 2305 magnus
1211 2269 1255 2297 ille
1274 2270 1446 2301 Athanasius.
1465 2269 1510 2304 qui
1530 2269 1600 2295 inter
1617 2267 1757 2302 episcopos

141 2324 215 2351 ριτος
238 2316 350 2351 μέτοχος
370 2317 508 2352 ὑπάρχων.
529 2317 543 2343 ό
565 2316 652 2351 μέγας
671 2315 835 2348 ’Δθανάσιος.
860 2317 874 2342 ὁ
895 2317 924 2342 ὲν

973 2316 1156 2344 celeberrimas
1185 2315 1353 2343 Alexandria:
1375 2315 1457 2342 veluti
1480 2315 1624 2349 margarita
1650 2314 1758 2348 conspi-

140 2362 195 2392 τοῖς
224 2361 382 2392 ἐπισκόποις
406 2362 455 2396 τῆς
493 2360 688 2396 μεγαλωνύμου
721 2360 923 2395 Ἀλεξανδρείας

975 2368 1053 2393 cuus,
1071 2360 1180 2387 fervens
1195 2360 1299 2394 spiritu,
1316 2360 1402 2386 alatus
1412 2359 1545 2386 desiderio
1557 2359 1671 2391 caelesti,
1687 2358 1759 2385 mul-

140 2405 233 2441 ὥσπερ
258 2407 430 2442 μαργαρίτης
448 2406 595 2442 διαφανὴς,
618 2407 665 2433 καὶ
691 2405 759 2438 ζέων
782 2406 820 2441 τῷ
840 2407 923 2433 πνεύ-

975 2406 1009 2432 tis
1023 2406 1102 2433 annis
1116 2410 1209 2432 contra
1224 2406 1399 2439 imperatores
1411 2405 1460 2440 pia:
1477 2405 1599 2438 religioni
1617 2404 1759 2431 adversan-

142 2459 215 2485 ματι,
230 2451 276 2477 καὶ
298 2451 447 2486 πτερωθεὶς
463 2451 500 2487 τῷ
520 2451 637 2486 οὐρανίῳ
661 2451 744 2486 πόθῳ,
766 2451 796 2477 ὲν
818 2451 923 2481 πολλοῖς
939 2475 942 2503 1

959 2480 962 2496 ι
975 2456 1025 2483 tes,
1037 2459 1139 2479 necnon
1154 2455 1248 2478 contra
1264 2455 1363 2478 emtum
1383 2451 1571 2478 haereticorum
1587 2450 1613 2477 in
1627 2453 1682 2477 toto
1695 2451 1759 2477 orbe

142 2495 242 2531 σφόδρα
254 2496 360 2531 χρόνοις
376 2496 423 2522 καὶ
437 2495 575 2530 βασιλεῦσι
596 2495 742 2530 πολεμοῦσι
755 2497 787 2531 τῇ
800 2495 924 2531 εὐσεόείᾳ
939 2495 942 2503 ¹

979 2498 1119 2529 dimicans,
1137 2497 1236 2524 virtute
1251 2497 1355 2524 caelesti
1375 2497 1513 2524 victoriam
1534 2497 1625 2524 retulit
1649 2497 1682 2523 de
1704 2499 1759 2522 toto

143 2541 304 2576 μαχόμενος,
315 2541 362 2567 καὶ
376 2540 415 2576 τῷ
431 2541 508 2576 ἑσμῷ
527 2541 581 2568 τῶν
595 2540 738 2576 αἰρετικῶν
753 2542 782 2568 ὲν
801 2541 875 2577 πάσῃ
891 2542 923 2577 τῇ

978 2550 1059 2577 prave
1086 2543 1259 2570 sentientium
1287 2547 1434 2570 conventu.
1448 2543 1529 2577 Cujus
1546 2541 1694 2569 certamina
1713 2548 1759 2567 va-

141 2587 256 2622 ὐφηλίῳ,
270 2587 355 2622 ἦρατο
371 2587 448 2622 νίκην
463 2586 502 2622 τῷ
515 2587 631 2622 οὐρανίῳ
647 2586 734 2613 σθένει
747 2586 818 2613 κατὰ
835 2587 924 2622 πάσης

979 2588 1100 2622 riamque
1116 2589 1174 2623 ejus
1188 2589 1215 2616 in
1231 2596 1368 2616 sacrorum
1393 2589 1558 2623 eloquiorutn
1579 2587 1699 2614 doctrina
1714 2594 1758 2614 sa-

139 2633 189 2668 τῆς
215 2632 366 2666 κακοδόξων
392 2632 565 2668 ὀμηγύρεως.
593 2629 704 2663 οὗτινος
729 2632 792 2663 τούς
816 2631 924 2665 ἀγῶνας

977 2634 1103 2668 pientiam
1123 2641 1194 2668 quae,
1223 2641 1255 2661 ex
1271 2633 1379 2666 scriptis
1397 2634 1431 2662 ab
1448 2641 1481 2661 eo
1507 2633 1618 2665 relictis,
1635 2632 1759 2660 omnibus

142 2678 191 2713 μὲν
206 2678 332 2705 ἐκθέσθαι
348 2678 395 2705 καὶ
408 2678 456 2714 τὴν
475 2678 599 2713 ποικίλην
616 2677 696 2704 αὑτοῦ
711 2678 739 2704 ὲν
755 2679 787 2713 τῇ
801 2677 928 2704 διδασκα-

977 2680 1117 2716 perspicue
1134 2685 1196 2707 nota
1222 2684 1274 2712 est,
1292 2688 1421 2708 enarrare
1447 2688 1525 2708 nemo
1549 2681 1628 2715 digne
1650 2679 1757 2715 poterit,

140 2724 186 2760 λίᾳ
205 2724 259 2750 τῶν
278 2724 357 2750 θείων
377 2723 474 2758 λογίων
489 2724 596 2758 σοφίαν,
609 2724 669 2759 ἥτις
686 2724 731 2750 καὶ
744 2723 788 2749 διὰ
807 2723 860 2750 τῶν
876 2732 925 2750 κα-

977 2726 1082 2754 etiamsi
1098 2726 1177 2753 fuerit
1190 2726 1296 2754 dicendi
1309 2726 1494 2762 peritissimus.
1509 2725 1564 2753 Nos
1584 2733 1656 2758 vero,
1672 2725 1758 2760 quoad

140 2770 339 2806 ταλειφθέντων
360 2771 424 2806 παρ’
437 2770 519 2798 αὐτοῦ
545 2769 766 2806 συγγραμμάτων
783 2769 926 2805 τηλαυγῶς

980 2771 1049 2800 feret
1071 2772 1194 2806 facultas,
1218 2777 1292 2808 gesta
1324 2772 1382 2808 ejus
1413 2772 1622 2802 recensebimus.
1649 2771 1761 2807 Oporm

177 2872 214 2903 (al
232 2873 260 2900 In
279 2870 358 2899 editis
370 2870 530 2902 mutabat-1.
