  <div class='ocr_page' id='page_1' title='image "/cluster/home/n/w/nwhite01/storage/ocr_20150623/25/njp.32101010944591/229.png"; bbox 0 0 2027 3042; ppageno 0'>
   <div class='ocr_carea' id='block_1_1' title="bbox 280 133 375 155">
    <p class='ocr_par' dir='ltr' id='par_1_1' title="bbox 280 133 375 155">
     <span class='ocr_line' id='line_1_1' title="bbox 280 133 375 155; baseline -0.021 0"><span class='ocrx_word' id='word_1_1' title='bbox 280 133 375 155; x_wconf 74' lang='lat' dir='ltr'><strong>CCIX&quot;</strong></span> 
     </span>
    </p>
   </div>
   <div class='ocr_carea' id='block_1_2' title="bbox 953 122 1216 152">
    <p class='ocr_par' dir='ltr' id='par_1_2' title="bbox 953 122 1216 152">
     <span class='ocr_line' id='line_1_2' title="bbox 953 122 1216 152; baseline -0.008 -1"><span class='ocrx_word' id='word_1_2' title='bbox 953 122 1216 152; x_wconf 75' lang='lat' dir='ltr'><strong>PROLEGOMENA.</strong></span> 
     </span>
    </p>
   </div>
   <div class='ocr_carea' id='block_1_3' title="bbox 280 181 1067 221">
    <p class='ocr_par' dir='ltr' id='par_1_3' title="bbox 280 185 1062 221">
     <span class='ocr_line' id='line_1_3' title="bbox 280 185 1062 221; baseline -0.003 -8"><span class='ocrx_word' id='word_1_3' title='bbox 280 190 369 214; x_wconf 86' lang='lat' dir='ltr'><strong>autem</strong></span> <span class='ocrx_word' id='word_1_4' title='bbox 393 186 520 221; x_wconf 80' lang='lat' dir='ltr'><strong>primum,</strong></span> <span class='ocrx_word' id='word_1_5' title='bbox 534 194 619 220; x_wconf 84' lang='lat' dir='ltr'><strong>pauca</strong></span> <span class='ocrx_word' id='word_1_6' title='bbox 634 187 667 214; x_wconf 88' lang='lat' dir='ltr'><strong>de</strong></span> <span class='ocrx_word' id='word_1_7' title='bbox 690 186 742 213; x_wconf 77' lang='lat' dir='ltr'><strong>viri</strong></span> <span class='ocrx_word' id='word_1_8' title='bbox 763 193 777 213; x_wconf 88' lang='lat' dir='ltr'><strong>a</strong></span> <span class='ocrx_word' id='word_1_9' title='bbox 793 193 878 221; x_wconf 88' lang='lat' dir='ltr'><strong>puero</strong></span> <span class='ocrx_word' id='word_1_10' title='bbox 894 185 1062 212; x_wconf 78' lang='lat' dir='ltr'><strong>institutione</strong></span> 
     </span>
    </p>
   </div>
   <div class='ocr_carea' id='block_1_4' title="bbox 1115 181 1898 221">
    <p class='ocr_par' dir='ltr' id='par_1_4' title="bbox 1115 181 1898 219">
     <span class='ocr_line' id='line_1_4' title="bbox 1115 181 1898 219; baseline -0.001 -10"><span class='ocrx_word' id='word_1_11' title='bbox 1115 183 1180 209; x_wconf 74' lang='grc' dir='ltr'>πᾶσι</span> <span class='ocrx_word' id='word_1_12' title='bbox 1203 181 1375 218; x_wconf 77' lang='grc' dir='ltr'><strong>γνωρίζεται,</strong></span> <span class='ocrx_word' id='word_1_13' title='bbox 1399 182 1481 215; x_wconf 79' lang='grc' dir='ltr'>ἀξίως</span> <span class='ocrx_word' id='word_1_14' title='bbox 1497 182 1546 209; x_wconf 81' lang='grc' dir='ltr'><strong>οὐκ</strong></span> <span class='ocrx_word' id='word_1_15' title='bbox 1573 182 1607 210; x_wconf 76' lang='grc' dir='ltr'>ἄν</span> <span class='ocrx_word' id='word_1_16' title='bbox 1628 191 1669 215; x_wconf 82' lang='grc' dir='ltr'><strong>τις</strong></span> <span class='ocrx_word' id='word_1_17' title='bbox 1694 182 1857 219; x_wconf 79' lang='grc' dir='ltr'>δυνήσηται,</span> <span class='ocrx_word' id='word_1_18' title='bbox 1873 183 1898 210; x_wconf 71' lang='grc' dir='ltr'><strong>εί</strong></span> 
     </span>
    </p>
   </div>
   <div class='ocr_carea' id='block_1_5' title="bbox 280 226 1062 267">
    <p class='ocr_par' dir='ltr' id='par_1_5' title="bbox 280 226 1062 267">
     <span class='ocr_line' id='line_1_5' title="bbox 280 226 1062 267; baseline 0 -9"><span class='ocrx_word' id='word_1_19' title='bbox 280 239 419 259; x_wconf 83' lang='lat' dir='ltr'><strong>enarrare.</strong></span> <span class='ocrx_word' id='word_1_20' title='bbox 429 232 518 267; x_wconf 81' lang='lat' dir='ltr'><strong>Nuper</strong></span> <span class='ocrx_word' id='word_1_21' title='bbox 533 233 612 267; x_wconf 76' lang='lat' dir='ltr'><strong>igitur</strong></span> <span class='ocrx_word' id='word_1_22' title='bbox 624 237 717 260; x_wconf 84' lang='lat' dir='ltr'><strong>sancto</strong></span> <span class='ocrx_word' id='word_1_23' title='bbox 730 232 882 260; x_wconf 81' lang='lat' dir='ltr'><strong>Alexandro</strong></span> <span class='ocrx_word' id='word_1_24' title='bbox 892 226 1062 258; x_wconf 61' lang='lat' dir='ltr'><strong>Alexandriae</strong></span> 
     </span>
    </p>
   </div>
   <div class='ocr_carea' id='block_1_6' title="bbox 281 276 1062 312">
    <p class='ocr_par' dir='ltr' id='par_1_6' title="bbox 281 276 1062 312">
     <span class='ocr_line' id='line_1_6' title="bbox 281 276 1062 312; baseline -0.001 -8"><span class='ocrx_word' id='word_1_25' title='bbox 281 277 408 311; x_wconf 83' lang='lat' dir='ltr'><strong>episcopo</strong></span> <span class='ocrx_word' id='word_1_26' title='bbox 422 277 455 305; x_wconf 87' lang='lat' dir='ltr'><strong>ad</strong></span> <span class='ocrx_word' id='word_1_27' title='bbox 467 277 649 312; x_wconf 86' lang='lat' dir='ltr'><strong>episcopatum</strong></span> <span class='ocrx_word' id='word_1_28' title='bbox 669 282 802 312; x_wconf 88' lang='lat' dir='ltr'><strong>promoto,</strong></span> <span class='ocrx_word' id='word_1_29' title='bbox 818 281 878 311; x_wconf 90' lang='lat' dir='ltr'><strong>post</strong></span> <span class='ocrx_word' id='word_1_30' title='bbox 891 277 976 304; x_wconf 80' lang='lat' dir='ltr'><strong>sancti</strong></span> <span class='ocrx_word' id='word_1_31' title='bbox 989 276 1062 303; x_wconf 86' lang='lat' dir='ltr'><strong>Petri</strong></span> 
     </span>
    </p>
   </div>
   <div class='ocr_carea' id='block_1_7' title="bbox 281 321 1062 357">
    <p class='ocr_par' dir='ltr' id='par_1_7' title="bbox 281 321 1062 357">
     <span class='ocr_line' id='line_1_7' title="bbox 281 321 1062 357; baseline 0.001 -9"><span class='ocrx_word' id='word_1_32' title='bbox 281 326 442 349; x_wconf 76' lang='lat' dir='ltr'><strong>conventum</strong></span> <span class='ocrx_word' id='word_1_33' title='bbox 455 321 501 356; x_wconf 91' lang='lat' dir='ltr'><strong>qui</strong></span> <span class='ocrx_word' id='word_1_34' title='bbox 517 328 596 350; x_wconf 80' lang='lat' dir='ltr'><strong>antea</strong></span> <span class='ocrx_word' id='word_1_35' title='bbox 613 323 742 357; x_wconf 81' lang='lat' dir='ltr'><strong>martyrio</strong></span> <span class='ocrx_word' id='word_1_36' title='bbox 758 322 870 350; x_wconf 71' lang='lat' dir='ltr'><strong>alfectus</strong></span> <span class='ocrx_word' id='word_1_37' title='bbox 883 322 983 354; x_wconf 79' lang='lat' dir='ltr'><strong>fuerat,</strong></span> <span class='ocrx_word' id='word_1_38' title='bbox 1001 330 1062 349; x_wconf 91' lang='lat' dir='ltr'><strong>cum</strong></span> 
     </span>
    </p>
   </div>
   <div class='ocr_carea' id='block_1_8' title="bbox 280 365 1063 404">
    <p class='ocr_par' dir='ltr' id='par_1_8' title="bbox 280 365 1063 404">
     <span class='ocr_line' id='line_1_8' title="bbox 280 365 1063 404; baseline 0.004 -13"><span class='ocrx_word' id='word_1_39' title='bbox 280 365 325 392; x_wconf 84' lang='lat' dir='ltr'><strong>ille</strong></span> <span class='ocrx_word' id='word_1_40' title='bbox 338 366 370 392; x_wconf 87' lang='lat' dir='ltr'><strong>ad</strong></span> <span class='ocrx_word' id='word_1_41' title='bbox 386 367 538 393; x_wconf 86' lang='lat' dir='ltr'><strong>convivium</strong></span> <span class='ocrx_word' id='word_1_42' title='bbox 552 368 696 395; x_wconf 80' lang='lat' dir='ltr'><strong>invitasset</strong></span> <span class='ocrx_word' id='word_1_43' title='bbox 715 369 828 401; x_wconf 81' lang='lat' dir='ltr'><strong>clerum,</strong></span> <span class='ocrx_word' id='word_1_44' title='bbox 841 373 1063 404; x_wconf 86' lang='lat' dir='ltr'><strong>exspectaretque</strong></span> 
     </span>
    </p>
   </div>
   <div class='ocr_carea' id='block_1_9' title="bbox 279 411 1063 450">
    <p class='ocr_par' dir='ltr' id='par_1_9' title="bbox 279 411 1063 450">
     <span class='ocr_line' id='line_1_9' title="bbox 279 411 1063 450; baseline 0.009 -13"><span class='ocrx_word' id='word_1_45' title='bbox 279 411 365 438; x_wconf 89' lang='lat' dir='ltr'><strong>donec</strong></span> <span class='ocrx_word' id='word_1_46' title='bbox 378 417 530 447; x_wconf 74' lang='lat' dir='ltr'><strong>cogeretur,</strong></span> <span class='ocrx_word' id='word_1_47' title='bbox 545 421 605 440; x_wconf 88' lang='lat' dir='ltr'><strong>cum</strong></span> <span class='ocrx_word' id='word_1_48' title='bbox 618 414 644 440; x_wconf 94' lang='lat' dir='ltr'><strong>in</strong></span> <span class='ocrx_word' id='word_1_49' title='bbox 659 414 716 442; x_wconf 88' lang='lat' dir='ltr'><strong>loco</strong></span> <span class='ocrx_word' id='word_1_50' title='bbox 726 421 811 442; x_wconf 85' lang='lat' dir='ltr'><strong>staret</strong></span> <span class='ocrx_word' id='word_1_51' title='bbox 830 415 979 450; x_wconf 82' lang='lat' dir='ltr'><strong>inaspecto,</strong></span> <span class='ocrx_word' id='word_1_52' title='bbox 996 416 1063 444; x_wconf 86' lang='lat' dir='ltr'><strong>vidit</strong></span> 
     </span>
    </p>
   </div>
   <div class='ocr_carea' id='block_1_10' title="bbox 279 458 1063 498">
    <p class='ocr_par' dir='ltr' id='par_1_10' title="bbox 279 458 1063 498">
     <span class='ocr_line' id='line_1_10' title="bbox 279 458 1063 498; baseline 0.008 -14"><span class='ocrx_word' id='word_1_53' title='bbox 279 463 378 492; x_wconf 85' lang='lat' dir='ltr'><strong>pueros</strong></span> <span class='ocrx_word' id='word_1_54' title='bbox 389 458 602 486; x_wconf 81' lang='lat' dir='ltr'><strong>ecclesiasticam</strong></span> <span class='ocrx_word' id='word_1_55' title='bbox 620 460 696 494; x_wconf 80' lang='lat' dir='ltr'><strong>juxta</strong></span> <span class='ocrx_word' id='word_1_56' title='bbox 713 469 845 495; x_wconf 83' lang='lat' dir='ltr'><strong>normam,</strong></span> <span class='ocrx_word' id='word_1_57' title='bbox 865 461 955 490; x_wconf 89' lang='lat' dir='ltr'><strong>ludum</strong></span> <span class='ocrx_word' id='word_1_58' title='bbox 973 470 1063 498; x_wconf 80' lang='lat' dir='ltr'><strong>quem-</strong></span> 
     </span>
    </p>
   </div>
   <div class='ocr_carea' id='block_1_11' title="bbox 278 502 1063 538">
    <p class='ocr_par' dir='ltr' id='par_1_11' title="bbox 278 502 1063 538">
     <span class='ocr_line' id='line_1_11' title="bbox 278 502 1063 538; baseline 0.009 -10"><span class='ocrx_word' id='word_1_59' title='bbox 278 502 349 537; x_wconf 89' lang='lat' dir='ltr'><strong>piam</strong></span> <span class='ocrx_word' id='word_1_60' title='bbox 367 503 510 538; x_wconf 78' lang='lat' dir='ltr'><strong>agitantes.</strong></span> <span class='ocrx_word' id='word_1_61' title='bbox 527 503 590 532; x_wconf 88' lang='lat' dir='ltr'><strong>Erat</strong></span> <span class='ocrx_word' id='word_1_62' title='bbox 605 505 674 532; x_wconf 91' lang='lat' dir='ltr'><strong>enim</strong></span> <span class='ocrx_word' id='word_1_63' title='bbox 706 505 800 532; x_wconf 90' lang='lat' dir='ltr'><strong>domus</strong></span> <span class='ocrx_word' id='word_1_64' title='bbox 816 507 849 533; x_wconf 90' lang='lat' dir='ltr'><strong>ad</strong></span> <span class='ocrx_word' id='word_1_65' title='bbox 863 514 937 534; x_wconf 90' lang='lat' dir='ltr'><strong>mare</strong></span> <span class='ocrx_word' id='word_1_66' title='bbox 951 515 1063 534; x_wconf 82' lang='lat' dir='ltr'><strong>conver-</strong></span> 
     </span>
    </p>
   </div>
   <div class='ocr_carea' id='block_1_12' title="bbox 279 549 1062 588">
    <p class='ocr_par' dir='ltr' id='par_1_12' title="bbox 279 549 1062 588">
     <span class='ocr_line' id='line_1_12' title="bbox 279 549 1062 588; baseline 0.009 -14"><span class='ocrx_word' id='word_1_67' title='bbox 279 555 319 580; x_wconf 84' lang='lat' dir='ltr'><strong>sa,</strong></span> <span class='ocrx_word' id='word_1_68' title='bbox 345 549 378 575; x_wconf 87' lang='lat' dir='ltr'><strong>ad</strong></span> <span class='ocrx_word' id='word_1_69' title='bbox 402 549 479 583; x_wconf 80' lang='lat' dir='ltr'><strong>cujus</strong></span> <span class='ocrx_word' id='word_1_70' title='bbox 503 549 577 577; x_wconf 86' lang='lat' dir='ltr'><strong>littus</strong></span> <span class='ocrx_word' id='word_1_71' title='bbox 603 550 731 578; x_wconf 84' lang='lat' dir='ltr'><strong>ludebant</strong></span> <span class='ocrx_word' id='word_1_72' title='bbox 759 553 936 580; x_wconf 84' lang='lat' dir='ltr'><strong>sacratissimi</strong></span> <span class='ocrx_word' id='word_1_73' title='bbox 964 554 1062 588; x_wconf 89' lang='lat' dir='ltr'><strong>pueri,</strong></span> 
     </span>
    </p>
   </div>
   <div class='ocr_carea' id='block_1_13' title="bbox 279 595 1063 630">
    <p class='ocr_par' dir='ltr' id='par_1_13' title="bbox 279 595 1063 630">
     <span class='ocr_line' id='line_1_13' title="bbox 279 595 1063 630; baseline 0.01 -11"><span class='ocrx_word' id='word_1_74' title='bbox 279 600 393 627; x_wconf 91' lang='lat' dir='ltr'><strong>quorum</strong></span> <span class='ocrx_word' id='word_1_75' title='bbox 412 595 552 629; x_wconf 88' lang='lat' dir='ltr'><strong>episcopus</strong></span> <span class='ocrx_word' id='word_1_76' title='bbox 566 601 624 623; x_wconf 86' lang='lat' dir='ltr'><strong>erat</strong></span> <span class='ocrx_word' id='word_1_77' title='bbox 636 597 813 630; x_wconf 80' lang='lat' dir='ltr'><strong>Athanasius,</strong></span> <span class='ocrx_word' id='word_1_78' title='bbox 828 604 855 626; x_wconf 94' lang='lat' dir='ltr'><strong>et</strong></span> <span class='ocrx_word' id='word_1_79' title='bbox 868 599 912 626; x_wconf 88' lang='lat' dir='ltr'><strong>alii</strong></span> <span class='ocrx_word' id='word_1_80' title='bbox 937 607 1063 627; x_wconf 70' lang='lat' dir='ltr'><strong>convena:</strong></span> 
     </span>
    </p>
   </div>
   <div class='ocr_carea' id='block_1_14' title="bbox 279 641 1063 680">
    <p class='ocr_par' dir='ltr' id='par_1_14' title="bbox 279 641 1063 680">
     <span class='ocr_line' id='line_1_14' title="bbox 279 641 1063 680; baseline 0.009 -14"><span class='ocrx_word' id='word_1_81' title='bbox 279 641 431 675; x_wconf 84' lang='lat' dir='ltr'><strong>presbyteri</strong></span> <span class='ocrx_word' id='word_1_82' title='bbox 444 646 471 668; x_wconf 84' lang='lat' dir='ltr'><strong>et</strong></span> <span class='ocrx_word' id='word_1_83' title='bbox 493 642 612 674; x_wconf 84' lang='lat' dir='ltr'><strong>diaconi.</strong></span> <span class='ocrx_word' id='word_1_84' title='bbox 633 643 677 677; x_wconf 83' lang='lat' dir='ltr'><strong>qui</strong></span> <span class='ocrx_word' id='word_1_85' title='bbox 701 644 872 673; x_wconf 84' lang='lat' dir='ltr'><strong>adducebant</strong></span> <span class='ocrx_word' id='word_1_86' title='bbox 895 646 945 680; x_wconf 88' lang='lat' dir='ltr'><strong>ipsi</strong></span> <span class='ocrx_word' id='word_1_87' title='bbox 966 653 1063 680; x_wconf 88' lang='lat' dir='ltr'><strong>pueros</strong></span> 
     </span>
    </p>
   </div>
   <div class='ocr_carea' id='block_1_15' title="bbox 281 686 1063 725">
    <p class='ocr_par' dir='ltr' id='par_1_15' title="bbox 281 686 1063 725">
     <span class='ocr_line' id='line_1_15' title="bbox 281 686 1063 725; baseline 0.009 -13"><span class='ocrx_word' id='word_1_88' title='bbox 281 686 501 719; x_wconf 83' lang='lat' dir='ltr'><strong>catechumenos,</strong></span> <span class='ocrx_word' id='word_1_89' title='bbox 527 692 555 714; x_wconf 91' lang='lat' dir='ltr'><strong>ut</strong></span> <span class='ocrx_word' id='word_1_90' title='bbox 576 688 727 722; x_wconf 83' lang='lat' dir='ltr'><strong>baptizaret</strong></span> <span class='ocrx_word' id='word_1_91' title='bbox 751 690 820 717; x_wconf 90' lang='lat' dir='ltr'><strong>illos.</strong></span> <span class='ocrx_word' id='word_1_92' title='bbox 841 690 913 723; x_wconf 85' lang='lat' dir='ltr'><strong>Quos</strong></span> <span class='ocrx_word' id='word_1_93' title='bbox 926 691 1003 725; x_wconf 86' lang='lat' dir='ltr'><strong>juxta</strong></span> <span class='ocrx_word' id='word_1_94' title='bbox 1019 699 1063 719; x_wconf 89' lang='lat' dir='ltr'><strong>ec-</strong></span> 
     </span>
    </p>
   </div>
   <div class='ocr_carea' id='block_1_16' title="bbox 279 729 1062 770">
    <p class='ocr_par' dir='ltr' id='par_1_16' title="bbox 279 729 1062 770">
     <span class='ocr_line' id='line_1_16' title="bbox 279 729 1062 770; baseline 0.009 -14"><span class='ocrx_word' id='word_1_95' title='bbox 279 729 458 758; x_wconf 86' lang='lat' dir='ltr'><strong>clesiasticum</strong></span> <span class='ocrx_word' id='word_1_96' title='bbox 472 732 552 758; x_wconf 88' lang='lat' dir='ltr'><strong>ritum</strong></span> <span class='ocrx_word' id='word_1_97' title='bbox 572 733 720 767; x_wconf 86' lang='lat' dir='ltr'><strong>baptizatos</strong></span> <span class='ocrx_word' id='word_1_98' title='bbox 750 735 848 770; x_wconf 82' lang='lat' dir='ltr'><strong>alloqui</strong></span> <span class='ocrx_word' id='word_1_99' title='bbox 864 736 980 763; x_wconf 85' lang='lat' dir='ltr'><strong>volebat.</strong></span> <span class='ocrx_word' id='word_1_100' title='bbox 997 736 1062 763; x_wconf 83' lang='lat' dir='ltr'><strong>Rem</strong></span> 
     </span>
    </p>
   </div>
   <div class='ocr_carea' id='block_1_17' title="bbox 280 775 1061 816">
    <p class='ocr_par' dir='ltr' id='par_1_17' title="bbox 280 775 1061 816">
     <span class='ocr_line' id='line_1_17' title="bbox 280 775 1061 816; baseline 0.009 -14"><span class='ocrx_word' id='word_1_101' title='bbox 280 775 371 810; x_wconf 87' lang='lat' dir='ltr'><strong>itaque</strong></span> <span class='ocrx_word' id='word_1_102' title='bbox 394 776 507 804; x_wconf 89' lang='lat' dir='ltr'><strong>miratus</strong></span> <span class='ocrx_word' id='word_1_103' title='bbox 521 778 684 812; x_wconf 78' lang='lat' dir='ltr'><strong>Alexander,</strong></span> <span class='ocrx_word' id='word_1_104' title='bbox 696 787 793 814; x_wconf 87' lang='lat' dir='ltr'><strong>pueros</strong></span> <span class='ocrx_word' id='word_1_105' title='bbox 815 780 847 807; x_wconf 90' lang='lat' dir='ltr'><strong>ad</strong></span> <span class='ocrx_word' id='word_1_106' title='bbox 863 787 892 808; x_wconf 89' lang='lat' dir='ltr'><strong>se</strong></span> <span class='ocrx_word' id='word_1_107' title='bbox 902 781 963 808; x_wconf 88' lang='lat' dir='ltr'><strong>duci</strong></span> <span class='ocrx_word' id='word_1_108' title='bbox 975 781 1061 816; x_wconf 88' lang='lat' dir='ltr'><strong>jubet,</strong></span> 
     </span>
    </p>
   </div>
   <div class='ocr_carea' id='block_1_18' title="bbox 280 822 1062 860">
    <p class='ocr_par' dir='ltr' id='par_1_18' title="bbox 280 822 1062 860">
     <span class='ocr_line' id='line_1_18' title="bbox 280 822 1062 860; baseline 0.01 -13"><span class='ocrx_word' id='word_1_109' title='bbox 280 822 479 857; x_wconf 76' lang='lat' dir='ltr'><strong>corupertisque</strong></span> <span class='ocrx_word' id='word_1_110' title='bbox 507 825 539 851; x_wconf 87' lang='lat' dir='ltr'><strong>iis</strong></span> <span class='ocrx_word' id='word_1_111' title='bbox 563 825 687 853; x_wconf 90' lang='lat' dir='ltr'><strong>omnibus</strong></span> <span class='ocrx_word' id='word_1_112' title='bbox 711 834 770 860; x_wconf 64' lang='lat' dir='ltr'><strong>quae</strong></span> <span class='ocrx_word' id='word_1_113' title='bbox 793 831 869 860; x_wconf 76' lang='lat' dir='ltr'><strong>gesta</strong></span> <span class='ocrx_word' id='word_1_114' title='bbox 885 827 1010 859; x_wconf 78' lang='lat' dir='ltr'><strong>fuissent,</strong></span> <span class='ocrx_word' id='word_1_115' title='bbox 1029 835 1062 855; x_wconf 83' lang='lat' dir='ltr'><strong>ex</strong></span> 
     </span>
    </p>
   </div>
   <div class='ocr_carea' id='block_1_19' title="bbox 279 868 1066 908">
    <p class='ocr_par' dir='ltr' id='par_1_19' title="bbox 279 868 1066 908">
     <span class='ocr_line' id='line_1_19' title="bbox 279 868 1066 908; baseline 0.006 -14"><span class='ocrx_word' id='word_1_116' title='bbox 279 868 437 895; x_wconf 86' lang='lat' dir='ltr'><strong>clericorum</strong></span> <span class='ocrx_word' id='word_1_117' title='bbox 450 871 582 897; x_wconf 85' lang='lat' dir='ltr'><strong>sententia</strong></span> <span class='ocrx_word' id='word_1_118' title='bbox 599 878 696 904; x_wconf 88' lang='lat' dir='ltr'><strong>pueros</strong></span> <span class='ocrx_word' id='word_1_119' title='bbox 722 871 871 906; x_wconf 81' lang='lat' dir='ltr'><strong>baptizatos</strong></span> <span class='ocrx_word' id='word_1_120' title='bbox 889 873 977 904; x_wconf 86' lang='lat' dir='ltr'><strong>unxit,</strong></span> <span class='ocrx_word' id='word_1_121' title='bbox 992 874 1066 908; x_wconf 75' lang='lat' dir='ltr'><strong>sigil-</strong></span> 
     </span>
    </p>
   </div>
   <div class='ocr_carea' id='block_1_20' title="bbox 279 913 1065 953">
    <p class='ocr_par' dir='ltr' id='par_1_20' title="bbox 279 913 1065 953">
     <span class='ocr_line' id='line_1_20' title="bbox 279 913 1065 953; baseline 0.008 -13"><span class='ocrx_word' id='word_1_122' title='bbox 279 913 360 948; x_wconf 85' lang='lat' dir='ltr'><strong>loque</strong></span> <span class='ocrx_word' id='word_1_123' title='bbox 384 915 409 941; x_wconf 92' lang='lat' dir='ltr'><strong>in</strong></span> <span class='ocrx_word' id='word_1_124' title='bbox 423 914 536 943; x_wconf 90' lang='lat' dir='ltr'><strong>Domino</strong></span> <span class='ocrx_word' id='word_1_125' title='bbox 552 916 722 944; x_wconf 84' lang='lat' dir='ltr'><strong>conﬁrmavit</strong></span> <span class='ocrx_word' id='word_1_126' title='bbox 739 918 912 953; x_wconf 83' lang='lat' dir='ltr'><strong>:vocatisque</strong></span> <span class='ocrx_word' id='word_1_127' title='bbox 925 919 1065 946; x_wconf 77' lang='lat' dir='ltr'><strong>Athanasii</strong></span> 
     </span>
    </p>
   </div>
   <div class='ocr_carea' id='block_1_21' title="bbox 280 962 1068 998">
    <p class='ocr_par' dir='ltr' id='par_1_21' title="bbox 280 962 1068 998">
     <span class='ocr_line' id='line_1_21' title="bbox 280 962 1068 998; baseline 0.006 -11"><span class='ocrx_word' id='word_1_128' title='bbox 280 962 446 996; x_wconf 87' lang='lat' dir='ltr'><strong>parentibus,</strong></span> <span class='ocrx_word' id='word_1_129' title='bbox 468 964 638 990; x_wconf 81' lang='lat' dir='ltr'><strong>commendat</strong></span> <span class='ocrx_word' id='word_1_130' title='bbox 651 971 774 998; x_wconf 89' lang='lat' dir='ltr'><strong>puerum,</strong></span> <span class='ocrx_word' id='word_1_131' title='bbox 792 965 889 992; x_wconf 87' lang='lat' dir='ltr'><strong>litteris</strong></span> <span class='ocrx_word' id='word_1_132' title='bbox 907 965 1008 992; x_wconf 88' lang='lat' dir='ltr'><strong>institui</strong></span> <span class='ocrx_word' id='word_1_133' title='bbox 1023 965 1068 998; x_wconf 80' lang='lat' dir='ltr'><strong>ju—</strong></span> 
     </span>
    </p>
   </div>
   <div class='ocr_carea' id='block_1_22' title="bbox 279 1007 1065 1043">
    <p class='ocr_par' dir='ltr' id='par_1_22' title="bbox 279 1007 1065 1043">
     <span class='ocr_line' id='line_1_22' title="bbox 279 1007 1065 1043; baseline 0.006 -11"><span class='ocrx_word' id='word_1_134' title='bbox 279 1007 358 1038; x_wconf 82' lang='lat' dir='ltr'><strong>bens,</strong></span> <span class='ocrx_word' id='word_1_135' title='bbox 373 1013 399 1033; x_wconf 92' lang='lat' dir='ltr'><strong>et</strong></span> <span class='ocrx_word' id='word_1_136' title='bbox 412 1007 438 1034; x_wconf 91' lang='lat' dir='ltr'><strong>iu</strong></span> <span class='ocrx_word' id='word_1_137' title='bbox 467 1008 578 1034; x_wconf 91' lang='lat' dir='ltr'><strong>Domino</strong></span> <span class='ocrx_word' id='word_1_138' title='bbox 597 1009 748 1043; x_wconf 79' lang='lat' dir='ltr'><strong>proiicere;</strong></span> <span class='ocrx_word' id='word_1_139' title='bbox 764 1009 883 1036; x_wconf 91' lang='lat' dir='ltr'><strong>adultum</strong></span> <span class='ocrx_word' id='word_1_140' title='bbox 904 1017 969 1037; x_wconf 82' lang='lat' dir='ltr'><strong>vero</strong></span> <span class='ocrx_word' id='word_1_141' title='bbox 992 1011 1065 1038; x_wconf 86' lang='lat' dir='ltr'><strong>reddi</strong></span> 
     </span>
    </p>
   </div>
   <div class='ocr_carea' id='block_1_23' title="bbox 280 1052 1065 1088">
    <p class='ocr_par' dir='ltr' id='par_1_23' title="bbox 280 1052 1065 1088">
     <span class='ocr_line' id='line_1_23' title="bbox 280 1052 1065 1088; baseline 0.005 -9"><span class='ocrx_word' id='word_1_142' title='bbox 280 1052 345 1085; x_wconf 92' lang='lat' dir='ltr'><strong>sibi,</strong></span> <span class='ocrx_word' id='word_1_143' title='bbox 360 1060 407 1080; x_wconf 87' lang='lat' dir='ltr'><strong>seu</strong></span> <span class='ocrx_word' id='word_1_144' title='bbox 436 1053 524 1087; x_wconf 86' lang='lat' dir='ltr'><strong>potius</strong></span> <span class='ocrx_word' id='word_1_145' title='bbox 539 1054 676 1088; x_wconf 64' lang='lat' dir='ltr'><strong>Ecclesiae,</strong></span> <span class='ocrx_word' id='word_1_146' title='bbox 695 1061 724 1082; x_wconf 89' lang='lat' dir='ltr'><strong>ut</strong></span> <span class='ocrx_word' id='word_1_147' title='bbox 746 1056 834 1087; x_wconf 84' lang='lat' dir='ltr'><strong>Anna,</strong></span> <span class='ocrx_word' id='word_1_148' title='bbox 848 1056 898 1088; x_wconf 90' lang='lat' dir='ltr'><strong>ait,</strong></span> <span class='ocrx_word' id='word_1_149' title='bbox 913 1055 1065 1084; x_wconf 89' lang='lat' dir='ltr'><strong>Samuelem</strong></span> 
     </span>
    </p>
   </div>
   <div class='ocr_carea' id='block_1_24' title="bbox 280 1097 1066 1134">
    <p class='ocr_par' dir='ltr' id='par_1_24' title="bbox 280 1097 1066 1134">
     <span class='ocr_line' id='line_1_24' title="bbox 280 1097 1066 1134; baseline 0.006 -11"><span class='ocrx_word' id='word_1_150' title='bbox 280 1097 387 1124; x_wconf 86' lang='lat' dir='ltr'><strong>obtulit.</strong></span> <span class='ocrx_word' id='word_1_151' title='bbox 401 1097 468 1124; x_wconf 90' lang='lat' dir='ltr'><strong>Cum</strong></span> <span class='ocrx_word' id='word_1_152' title='bbox 487 1098 640 1126; x_wconf 84' lang='lat' dir='ltr'><strong>advenisset</strong></span> <span class='ocrx_word' id='word_1_153' title='bbox 660 1106 726 1134; x_wconf 75' lang='lat' dir='ltr'><strong>ergo</strong></span> <span class='ocrx_word' id='word_1_154' title='bbox 751 1104 867 1134; x_wconf 85' lang='lat' dir='ltr'><strong>tempus,</strong></span> <span class='ocrx_word' id='word_1_155' title='bbox 887 1105 1012 1134; x_wconf 87' lang='lat' dir='ltr'><strong>parentes</strong></span> <span class='ocrx_word' id='word_1_156' title='bbox 1026 1102 1066 1129; x_wconf 83' lang='lat' dir='ltr'><strong>of-</strong></span> 
     </span>
    </p>
   </div>
   <div class='ocr_carea' id='block_1_25' title="bbox 281 1142 1066 1180">
    <p class='ocr_par' dir='ltr' id='par_1_25' title="bbox 281 1142 1066 1180">
     <span class='ocr_line' id='line_1_25' title="bbox 281 1142 1066 1180; baseline 0.006 -11"><span class='ocrx_word' id='word_1_157' title='bbox 281 1142 372 1170; x_wconf 78' lang='lat' dir='ltr'><strong>ferunt</strong></span> <span class='ocrx_word' id='word_1_158' title='bbox 390 1144 439 1178; x_wconf 89' lang='lat' dir='ltr'><strong>ipsi</strong></span> <span class='ocrx_word' id='word_1_159' title='bbox 469 1144 664 1177; x_wconf 82' lang='lat' dir='ltr'><strong>Athanasium,</strong></span> <span class='ocrx_word' id='word_1_160' title='bbox 689 1147 834 1180; x_wconf 84' lang='lat' dir='ltr'><strong>statimque</strong></span> <span class='ocrx_word' id='word_1_161' title='bbox 851 1145 1004 1174; x_wconf 75' lang='lat' dir='ltr'><strong>Alexander</strong></span> <span class='ocrx_word' id='word_1_162' title='bbox 1023 1155 1066 1174; x_wconf 86' lang='lat' dir='ltr'><strong>sa-</strong></span> 
     </span>
    </p>
   </div>
   <div class='ocr_carea' id='block_1_26' title="bbox 282 1188 1066 1224">
    <p class='ocr_par' dir='ltr' id='par_1_26' title="bbox 282 1188 1066 1224">
     <span class='ocr_line' id='line_1_26' title="bbox 282 1188 1066 1224; baseline 0.006 -9"><span class='ocrx_word' id='word_1_163' title='bbox 282 1188 416 1215; x_wconf 80' lang='lat' dir='ltr'><strong>cerdotale</strong></span> <span class='ocrx_word' id='word_1_164' title='bbox 435 1189 484 1223; x_wconf 87' lang='lat' dir='ltr'><strong>ipsi</strong></span> <span class='ocrx_word' id='word_1_165' title='bbox 505 1189 598 1224; x_wconf 83' lang='lat' dir='ltr'><strong>Epliod</strong></span> <span class='ocrx_word' id='word_1_166' title='bbox 615 1190 742 1224; x_wconf 89' lang='lat' dir='ltr'><strong>imponit;</strong></span> <span class='ocrx_word' id='word_1_167' title='bbox 759 1199 856 1219; x_wconf 76' lang='lat' dir='ltr'><strong>uorum</strong></span> <span class='ocrx_word' id='word_1_168' title='bbox 872 1191 1022 1220; x_wconf 86' lang='lat' dir='ltr'><strong>Samuelem</strong></span> <span class='ocrx_word' id='word_1_169' title='bbox 1039 1193 1066 1220; x_wconf 94' lang='lat' dir='ltr'><strong>iu</strong></span> 
     </span>
    </p>
   </div>
   <div class='ocr_carea' id='block_1_27' title="bbox 281 1234 1064 1274">
    <p class='ocr_par' dir='ltr' id='par_1_27' title="bbox 281 1234 1064 1274">
     <span class='ocr_line' id='line_1_27' title="bbox 281 1234 1064 1274; baseline 0.008 -12"><span class='ocrx_word' id='word_1_170' title='bbox 281 1234 401 1262; x_wconf 87' lang='lat' dir='ltr'><strong>Ecclesia</strong></span> <span class='ocrx_word' id='word_1_171' title='bbox 426 1243 603 1270; x_wconf 82' lang='lat' dir='ltr'><strong>promovens,</strong></span> <span class='ocrx_word' id='word_1_172' title='bbox 627 1237 660 1264; x_wconf 88' lang='lat' dir='ltr'><strong>ad</strong></span> <span class='ocrx_word' id='word_1_173' title='bbox 686 1238 814 1265; x_wconf 92' lang='lat' dir='ltr'><strong>ultionem</strong></span> <span class='ocrx_word' id='word_1_174' title='bbox 841 1239 1064 1274; x_wconf 78' lang='lat' dir='ltr'><strong>alienigenarum.</strong></span> 
     </span>
    </p>
   </div>
   <div class='ocr_carea' id='block_1_28' title="bbox 281 1281 1063 1320">
    <p class='ocr_par' dir='ltr' id='par_1_28' title="bbox 281 1281 1063 1320">
     <span class='ocr_line' id='line_1_28' title="bbox 281 1281 1063 1320; baseline 0.009 -13"><span class='ocrx_word' id='word_1_175' title='bbox 281 1281 387 1308; x_wconf 85' lang='lat' dir='ltr'><strong>Etenim</strong></span> <span class='ocrx_word' id='word_1_176' title='bbox 403 1283 483 1309; x_wconf 88' lang='lat' dir='ltr'><strong>multa</strong></span> <span class='ocrx_word' id='word_1_177' title='bbox 506 1283 539 1309; x_wconf 91' lang='lat' dir='ltr'><strong>ab</strong></span> <span class='ocrx_word' id='word_1_178' title='bbox 562 1283 709 1312; x_wconf 75' lang='lat' dir='ltr'><strong>ltaeresibus</strong></span> <span class='ocrx_word' id='word_1_179' title='bbox 723 1293 818 1320; x_wconf 89' lang='lat' dir='ltr'><strong>passus</strong></span> <span class='ocrx_word' id='word_1_180' title='bbox 837 1291 878 1313; x_wconf 85' lang='lat' dir='ltr'><strong>est</strong></span> <span class='ocrx_word' id='word_1_181' title='bbox 895 1288 1041 1314; x_wconf 88' lang='lat' dir='ltr'><strong>certamina</strong></span> <span class='ocrx_word' id='word_1_182' title='bbox 1056 1296 1063 1320; x_wconf 84' lang='lat'>;</span> 
     </span>
    </p>
   </div>
   <div class='ocr_carea' id='block_1_29' title="bbox 282 1328 1065 1366">
    <p class='ocr_par' dir='ltr' id='par_1_29' title="bbox 282 1328 1065 1366">
     <span class='ocr_line' id='line_1_29' title="bbox 282 1328 1065 1366; baseline 0.006 -12"><span class='ocrx_word' id='word_1_183' title='bbox 282 1328 319 1354; x_wconf 81' lang='lat' dir='ltr'><strong>ita</strong></span> <span class='ocrx_word' id='word_1_184' title='bbox 336 1332 365 1354; x_wconf 94' lang='lat' dir='ltr'><strong>ut</strong></span> <span class='ocrx_word' id='word_1_185' title='bbox 379 1328 412 1355; x_wconf 94' lang='lat' dir='ltr'><strong>de</strong></span> <span class='ocrx_word' id='word_1_186' title='bbox 432 1328 477 1356; x_wconf 90' lang='lat' dir='ltr'><strong>illo</strong></span> <span class='ocrx_word' id='word_1_187' title='bbox 496 1329 594 1356; x_wconf 79' lang='lat' dir='ltr'><strong>dixerit</strong></span> <span class='ocrx_word' id='word_1_188' title='bbox 619 1329 748 1357; x_wconf 88' lang='lat' dir='ltr'><strong>Dominus</strong></span> <span class='ocrx_word' id='word_1_189' title='bbox 778 1335 868 1358; x_wconf 87' lang='lat' dir='ltr'><strong>noster</strong></span> <span class='ocrx_word' id='word_1_190' title='bbox 891 1340 898 1358; x_wconf 91' lang='lat'><strong>:</strong></span> <span class='ocrx_word' id='word_1_191' title='bbox 916 1331 970 1366; x_wconf 82' lang='lat' dir='ltr'><strong>Ego</strong></span> <span class='ocrx_word' id='word_1_192' title='bbox 996 1333 1065 1359; x_wconf 78' lang='lat' dir='ltr'><strong>enim</strong></span> 
     </span>
    </p>
   </div>
   <div class='ocr_carea' id='block_1_30' title="bbox 282 1373 1064 1409">
    <p class='ocr_par' dir='ltr' id='par_1_30' title="bbox 282 1373 1064 1409">
     <span class='ocr_line' id='line_1_30' title="bbox 282 1373 1064 1409; baseline 0.009 -11"><span class='ocrx_word' id='word_1_193' title='bbox 282 1373 415 1399; x_wconf 72' lang='lat' dir='ltr'><strong>ostendant</strong></span> <span class='ocrx_word' id='word_1_194' title='bbox 428 1373 469 1399; x_wconf 79' lang='lat' dir='ltr'><strong>illi</strong></span> <span class='ocrx_word' id='word_1_195' title='bbox 486 1378 584 1406; x_wconf 81' lang='lat' dir='ltr'><strong>quanta</strong></span> <span class='ocrx_word' id='word_1_196' title='bbox 603 1380 718 1408; x_wconf 81' lang='lat' dir='ltr'><strong>oporteat</strong></span> <span class='ocrx_word' id='word_1_197' title='bbox 733 1375 805 1402; x_wconf 86' lang='lat' dir='ltr'><strong>illum</strong></span> <span class='ocrx_word' id='word_1_198' title='bbox 822 1384 869 1409; x_wconf 84' lang='lat' dir='ltr'><strong>pro</strong></span> <span class='ocrx_word' id='word_1_199' title='bbox 888 1377 992 1404; x_wconf 79' lang='lat' dir='ltr'><strong>nomine</strong></span> <span class='ocrx_word' id='word_1_200' title='bbox 1009 1386 1064 1405; x_wconf 87' lang='lat' dir='ltr'><strong>meo</strong></span> 
     </span>
    </p>
   </div>
   <div class='ocr_carea' id='block_1_31' title="bbox 281 1417 1066 1457">
    <p class='ocr_par' dir='ltr' id='par_1_31' title="bbox 281 1417 1066 1457">
     <span class='ocr_line' id='line_1_31' title="bbox 281 1417 1066 1457; baseline 0.008 -13"><span class='ocrx_word' id='word_1_201' title='bbox 281 1417 336 1451; x_wconf 73' lang='lat' dir='ltr'><strong>pati</strong></span> <span class='ocrx_word' id='word_1_202' title='bbox 348 1417 367 1446; x_wconf 84' lang='grc' dir='ltr'><strong>ί.</strong></span> <span class='ocrx_word' id='word_1_203' title='bbox 385 1417 523 1453; x_wconf 86' lang='lat' dir='ltr'><strong>Siquidem</strong></span> <span class='ocrx_word' id='word_1_204' title='bbox 539 1419 564 1445; x_wconf 92' lang='lat' dir='ltr'><strong>in</strong></span> <span class='ocrx_word' id='word_1_205' title='bbox 580 1419 653 1446; x_wconf 91' lang='lat' dir='ltr'><strong>illum</strong></span> <span class='ocrx_word' id='word_1_206' title='bbox 665 1421 863 1455; x_wconf 80' lang='lat' dir='ltr'><strong>conspiraruut,</strong></span> <span class='ocrx_word' id='word_1_207' title='bbox 878 1430 931 1448; x_wconf 88' lang='lat' dir='ltr'><strong>non</strong></span> <span class='ocrx_word' id='word_1_208' title='bbox 947 1422 1066 1457; x_wconf 79' lang='lat' dir='ltr'><strong>quadra-</strong></span> 
     </span>
    </p>
   </div>
   <div class='ocr_carea' id='block_1_32' title="bbox 282 1463 1064 1502">
    <p class='ocr_par' dir='ltr' id='par_1_32' title="bbox 282 1463 1064 1502">
     <span class='ocr_line' id='line_1_32' title="bbox 282 1463 1064 1502; baseline 0.009 -13"><span class='ocrx_word' id='word_1_209' title='bbox 282 1463 355 1498; x_wconf 71' lang='lat' dir='ltr'><strong>ginta</strong></span> <span class='ocrx_word' id='word_1_210' title='bbox 370 1463 430 1497; x_wconf 79' lang='lat' dir='ltr'><strong>viri,</strong></span> <span class='ocrx_word' id='word_1_211' title='bbox 447 1465 493 1491; x_wconf 86' lang='lat' dir='ltr'><strong>sed</strong></span> <span class='ocrx_word' id='word_1_212' title='bbox 508 1469 579 1492; x_wconf 91' lang='lat' dir='ltr'><strong>totus</strong></span> <span class='ocrx_word' id='word_1_213' title='bbox 597 1465 731 1493; x_wconf 60' lang='lat' dir='ltr'><strong>haereseos</strong></span> <span class='ocrx_word' id='word_1_214' title='bbox 747 1471 834 1494; x_wconf 64' lang='lat' dir='ltr'><strong>enatus</strong></span> <span class='ocrx_word' id='word_1_215' title='bbox 851 1475 898 1502; x_wconf 91' lang='lat' dir='ltr'><strong>per</strong></span> <span class='ocrx_word' id='word_1_216' title='bbox 909 1468 1064 1496; x_wconf 86' lang='lat' dir='ltr'><strong>universum</strong></span> 
     </span>
    </p>
   </div>
   <div class='ocr_carea' id='block_1_33' title="bbox 281 1509 1098 1547">
    <p class='ocr_par' dir='ltr' id='par_1_33' title="bbox 281 1509 1098 1547">
     <span class='ocr_line' id='line_1_33' title="bbox 281 1509 1098 1547; baseline 0.007 -11"><span class='ocrx_word' id='word_1_217' title='bbox 281 1510 385 1541; x_wconf 86' lang='lat' dir='ltr'><strong>orbem.</strong></span> <span class='ocrx_word' id='word_1_218' title='bbox 409 1509 559 1537; x_wconf 80' lang='lat' dir='ltr'><strong>Athanasio</strong></span> <span class='ocrx_word' id='word_1_219' title='bbox 576 1519 638 1538; x_wconf 87' lang='lat' dir='ltr'><strong>cum</strong></span> <span class='ocrx_word' id='word_1_220' title='bbox 663 1512 762 1539; x_wconf 89' lang='lat' dir='ltr'><strong>Davide</strong></span> <span class='ocrx_word' id='word_1_221' title='bbox 782 1513 913 1547; x_wconf 83' lang='lat' dir='ltr'><strong>psallente</strong></span> <span class='ocrx_word' id='word_1_222' title='bbox 931 1522 938 1540; x_wconf 86' lang='lat'><strong>:</strong></span> <span class='ocrx_word' id='word_1_223' title='bbox 953 1515 984 1542; x_wconf 80' lang='lat' dir='ltr'><strong>Si</strong></span> <span class='ocrx_word' id='word_1_224' title='bbox 1005 1523 1063 1542; x_wconf 82' lang='lat' dir='ltr'><strong>con-</strong></span> <span class='ocrx_word' id='word_1_225' title='bbox 1077 1516 1098 1545; x_wconf 76' lang='grc' dir='ltr'><strong>α</strong></span> 
     </span>
    </p>
   </div>
   <div class='ocr_carea' id='block_1_34' title="bbox 281 1556 1063 1589">
    <p class='ocr_par' dir='ltr' id='par_1_34' title="bbox 281 1556 1063 1589">
     <span class='ocr_line' id='line_1_34' title="bbox 281 1556 1063 1589; baseline 0.005 -7"><span class='ocrx_word' id='word_1_226' title='bbox 281 1556 376 1582; x_wconf 70' lang='lat' dir='ltr'><strong>sistant</strong></span> <span class='ocrx_word' id='word_1_227' title='bbox 389 1556 526 1581; x_wconf 70' lang='lat' dir='ltr'><strong>adversum</strong></span> <span class='ocrx_word' id='word_1_228' title='bbox 542 1564 582 1582; x_wconf 83' lang='lat' dir='ltr'><strong>me</strong></span> <span class='ocrx_word' id='word_1_229' title='bbox 604 1561 700 1589; x_wconf 80' lang='lat' dir='ltr'><strong>castra,</strong></span> <span class='ocrx_word' id='word_1_230' title='bbox 712 1564 763 1583; x_wconf 84' lang='lat' dir='ltr'><strong>non</strong></span> <span class='ocrx_word' id='word_1_231' title='bbox 779 1558 876 1584; x_wconf 74' lang='lat' dir='ltr'><strong>timebit</strong></span> <span class='ocrx_word' id='word_1_232' title='bbox 897 1567 943 1585; x_wconf 82' lang='lat' dir='ltr'><strong>cor</strong></span> <span class='ocrx_word' id='word_1_233' title='bbox 956 1567 1042 1586; x_wconf 81' lang='lat' dir='ltr'><strong>meum</strong></span> <span class='ocrx_word' id='word_1_234' title='bbox 1053 1566 1063 1585; x_wconf 87' lang='lat'><strong><em>:</em></strong></span> 
     </span>
    </p>
   </div>
   <div class='ocr_carea' id='block_1_35' title="bbox 281 1602 1066 1640">
    <p class='ocr_par' dir='ltr' id='par_1_35' title="bbox 281 1602 1066 1640">
     <span class='ocr_line' id='line_1_35' title="bbox 281 1602 1066 1640; baseline 0.006 -12"><span class='ocrx_word' id='word_1_235' title='bbox 281 1602 304 1628; x_wconf 70' lang='lat' dir='ltr'><strong>si</strong></span> <span class='ocrx_word' id='word_1_236' title='bbox 323 1607 444 1637; x_wconf 67' lang='lat' dir='ltr'><strong>exsurgat</strong></span> <span class='ocrx_word' id='word_1_237' title='bbox 465 1603 602 1630; x_wconf 75' lang='lat' dir='ltr'><strong>aduersum</strong></span> <span class='ocrx_word' id='word_1_238' title='bbox 623 1610 663 1629; x_wconf 79' lang='lat' dir='ltr'><strong>me</strong></span> <span class='ocrx_word' id='word_1_239' title='bbox 684 1602 816 1637; x_wconf 68' lang='lat' dir='ltr'><strong>prwlium,</strong></span> <span class='ocrx_word' id='word_1_240' title='bbox 831 1603 857 1630; x_wconf 84' lang='lat' dir='ltr'><strong>in</strong></span> <span class='ocrx_word' id='word_1_241' title='bbox 877 1605 984 1639; x_wconf 78' lang='lat' dir='ltr'><strong>hocego</strong></span> <span class='ocrx_word' id='word_1_242' title='bbox 1007 1613 1066 1640; x_wconf 75' lang='lat' dir='ltr'><strong>spe-</strong></span> 
     </span>
    </p>
   </div>
   <div class='ocr_carea' id='block_1_36' title="bbox 282 1647 1064 1682">
    <p class='ocr_par' dir='ltr' id='par_1_36' title="bbox 282 1647 1064 1682">
     <span class='ocr_line' id='line_1_36' title="bbox 282 1647 1064 1682; baseline 0.005 -8"><span class='ocrx_word' id='word_1_243' title='bbox 282 1647 345 1674; x_wconf 77' lang='lat' dir='ltr'><strong>rabo</strong></span> <span class='ocrx_word' id='word_1_244' title='bbox 356 1648 377 1679; x_wconf 85' lang='grc'>¹,</span> <span class='ocrx_word' id='word_1_245' title='bbox 392 1654 434 1674; x_wconf 89' lang='lat' dir='ltr'><strong>me</strong></span> <span class='ocrx_word' id='word_1_246' title='bbox 457 1647 559 1674; x_wconf 86' lang='lat' dir='ltr'><strong>scilicet</strong></span> <span class='ocrx_word' id='word_1_247' title='bbox 582 1655 708 1675; x_wconf 90' lang='lat' dir='ltr'><strong>coronam</strong></span> <span class='ocrx_word' id='word_1_248' title='bbox 731 1649 823 1682; x_wconf 69' lang='lat' dir='ltr'><strong>gloriae</strong></span> <span class='ocrx_word' id='word_1_249' title='bbox 845 1656 1064 1678; x_wconf 80' lang='lat' dir='ltr'><strong>consecuturum.</strong></span> 
     </span>
    </p>
   </div>
   <div class='ocr_carea' id='block_1_37' title="bbox 283 1692 1065 1728">
    <p class='ocr_par' dir='ltr' id='par_1_37' title="bbox 283 1692 1065 1728">
     <span class='ocr_line' id='line_1_37' title="bbox 283 1692 1065 1728; baseline 0.006 -10"><span class='ocrx_word' id='word_1_250' title='bbox 283 1693 414 1726; x_wconf 84' lang='lat' dir='ltr'><strong>Quoniam</strong></span> <span class='ocrx_word' id='word_1_251' title='bbox 430 1693 511 1728; x_wconf 76' lang='lat' dir='ltr'><strong>igitur</strong></span> <span class='ocrx_word' id='word_1_252' title='bbox 525 1693 607 1720; x_wconf 87' lang='lat' dir='ltr'><strong>multa</strong></span> <span class='ocrx_word' id='word_1_253' title='bbox 625 1700 684 1727; x_wconf 74' lang='lat' dir='ltr'><strong>qua:</strong></span> <span class='ocrx_word' id='word_1_254' title='bbox 701 1692 738 1719; x_wconf 92' lang='lat' dir='ltr'><strong>illi</strong></span> <span class='ocrx_word' id='word_1_255' title='bbox 761 1694 888 1721; x_wconf 86' lang='lat' dir='ltr'><strong>accidunt</strong></span> <span class='ocrx_word' id='word_1_256' title='bbox 903 1701 1065 1723; x_wconf 87' lang='lat' dir='ltr'><strong>commemo-</strong></span> 
     </span>
    </p>
   </div>
   <div class='ocr_carea' id='block_1_38' title="bbox 282 1738 1066 1775">
    <p class='ocr_par' dir='ltr' id='par_1_38' title="bbox 282 1738 1066 1775">
     <span class='ocr_line' id='line_1_38' title="bbox 282 1738 1066 1775; baseline 0.003 -8"><span class='ocrx_word' id='word_1_257' title='bbox 282 1746 345 1768; x_wconf 87' lang='lat' dir='ltr'><strong>rare</strong></span> <span class='ocrx_word' id='word_1_258' title='bbox 358 1739 497 1770; x_wconf 89' lang='lat' dir='ltr'><strong>constitui,</strong></span> <span class='ocrx_word' id='word_1_259' title='bbox 510 1738 612 1765; x_wconf 87' lang='lat' dir='ltr'><strong>inlinita</strong></span> <span class='ocrx_word' id='word_1_260' title='bbox 630 1746 745 1773; x_wconf 88' lang='lat' dir='ltr'><strong>namque</strong></span> <span class='ocrx_word' id='word_1_261' title='bbox 765 1739 791 1766; x_wconf 91' lang='lat' dir='ltr'><strong>in</strong></span> <span class='ocrx_word' id='word_1_262' title='bbox 809 1741 993 1774; x_wconf 77' lang='lat' dir='ltr'><strong>persecutione</strong></span> <span class='ocrx_word' id='word_1_263' title='bbox 1005 1749 1066 1775; x_wconf 91' lang='lat' dir='ltr'><strong>per-</strong></span> 
     </span>
    </p>
   </div>
   <div class='ocr_carea' id='block_1_39' title="bbox 282 1784 1063 1821">
    <p class='ocr_par' dir='ltr' id='par_1_39' title="bbox 282 1784 1063 1821">
     <span class='ocr_line' id='line_1_39' title="bbox 282 1784 1063 1821; baseline 0.003 -9"><span class='ocrx_word' id='word_1_264' title='bbox 282 1792 379 1820; x_wconf 85' lang='lat' dir='ltr'><strong>pessus</strong></span> <span class='ocrx_word' id='word_1_265' title='bbox 389 1789 441 1817; x_wconf 81' lang='lat' dir='ltr'><strong>est,</strong></span> <span class='ocrx_word' id='word_1_266' title='bbox 452 1784 644 1820; x_wconf 76' lang='lat' dir='ltr'><strong>insigniOribus</strong></span> <span class='ocrx_word' id='word_1_267' title='bbox 658 1784 740 1819; x_wconf 79' lang='lat' dir='ltr'><strong>gestis</strong></span> <span class='ocrx_word' id='word_1_268' title='bbox 751 1785 809 1819; x_wconf 82' lang='lat' dir='ltr'><strong>ejus</strong></span> <span class='ocrx_word' id='word_1_269' title='bbox 823 1786 940 1813; x_wconf 85' lang='lat' dir='ltr'><strong>contenti</strong></span> <span class='ocrx_word' id='word_1_270' title='bbox 953 1787 1063 1821; x_wconf 78' lang='lat' dir='ltr'><strong>erimus,</strong></span> 
     </span>
    </p>
   </div>
   <div class='ocr_carea' id='block_1_40' title="bbox 283 1829 1065 1867">
    <p class='ocr_par' dir='ltr' id='par_1_40' title="bbox 283 1829 1065 1867">
     <span class='ocr_line' id='line_1_40' title="bbox 283 1829 1065 1867; baseline 0.005 -10"><span class='ocrx_word' id='word_1_271' title='bbox 283 1838 343 1866; x_wconf 72' lang='lat' dir='ltr'><strong>quae</strong></span> <span class='ocrx_word' id='word_1_272' title='bbox 354 1830 423 1865; x_wconf 81' lang='lat' dir='ltr'><strong>apud</strong></span> <span class='ocrx_word' id='word_1_273' title='bbox 438 1837 532 1857; x_wconf 88' lang='lat' dir='ltr'><strong>omnes</strong></span> <span class='ocrx_word' id='word_1_274' title='bbox 552 1830 610 1857; x_wconf 87' lang='lat' dir='ltr'><strong>viro</strong></span> <span class='ocrx_word' id='word_1_275' title='bbox 632 1829 779 1858; x_wconf 79' lang='lat' dir='ltr'><strong>familiares</strong></span> <span class='ocrx_word' id='word_1_276' title='bbox 793 1836 855 1860; x_wconf 83' lang='lat' dir='ltr'><strong>nota</strong></span> <span class='ocrx_word' id='word_1_277' title='bbox 878 1836 948 1861; x_wconf 83' lang='lat' dir='ltr'><strong>sunt.</strong></span> <span class='ocrx_word' id='word_1_278' title='bbox 967 1832 1065 1867; x_wconf 88' lang='lat' dir='ltr'><strong>Impius</strong></span> 
     </span>
    </p>
   </div>
   <div class='ocr_carea' id='block_1_41' title="bbox 283 1875 1065 1911">
    <p class='ocr_par' dir='ltr' id='par_1_41' title="bbox 283 1875 1065 1911">
     <span class='ocr_line' id='line_1_41' title="bbox 283 1875 1065 1911; baseline 0.001 -7"><span class='ocrx_word' id='word_1_279' title='bbox 283 1877 377 1911; x_wconf 84' lang='lat' dir='ltr'><strong>itaque</strong></span> <span class='ocrx_word' id='word_1_280' title='bbox 387 1875 466 1903; x_wconf 84' lang='lat' dir='ltr'><strong>Arias</strong></span> <span class='ocrx_word' id='word_1_281' title='bbox 480 1876 590 1902; x_wconf 89' lang='lat' dir='ltr'><strong>minime</strong></span> <span class='ocrx_word' id='word_1_282' title='bbox 606 1875 772 1910; x_wconf 85' lang='lat' dir='ltr'><strong>quiescebat,</strong></span> <span class='ocrx_word' id='word_1_283' title='bbox 787 1876 833 1904; x_wconf 79' lang='lat' dir='ltr'><strong>sed</strong></span> <span class='ocrx_word' id='word_1_284' title='bbox 854 1877 879 1904; x_wconf 93' lang='lat' dir='ltr'><strong>in</strong></span> <span class='ocrx_word' id='word_1_285' title='bbox 894 1877 989 1905; x_wconf 84' lang='lat' dir='ltr'><strong>exsilio</strong></span> <span class='ocrx_word' id='word_1_286' title='bbox 1004 1885 1065 1906; x_wconf 86' lang='lat' dir='ltr'><strong>cum</strong></span> 
     </span>
    </p>
   </div>
   <div class='ocr_carea' id='block_1_42' title="bbox 284 1921 1064 1957">
    <p class='ocr_par' dir='ltr' id='par_1_42' title="bbox 284 1921 1064 1957">
     <span class='ocr_line' id='line_1_42' title="bbox 284 1921 1064 1957; baseline 0.001 -7"><span class='ocrx_word' id='word_1_287' title='bbox 284 1927 356 1950; x_wconf 80' lang='lat' dir='ltr'><strong>esset</strong></span> <span class='ocrx_word' id='word_1_288' title='bbox 368 1922 454 1957; x_wconf 82' lang='lat' dir='ltr'><strong>potuit</strong></span> <span class='ocrx_word' id='word_1_289' title='bbox 479 1921 627 1956; x_wconf 86' lang='lat' dir='ltr'><strong>piissimum</strong></span> <span class='ocrx_word' id='word_1_290' title='bbox 652 1922 841 1956; x_wconf 87' lang='lat' dir='ltr'><strong>imperatorem</strong></span> <span class='ocrx_word' id='word_1_291' title='bbox 859 1922 1064 1952; x_wconf 84' lang='lat' dir='ltr'><strong>Constantinum</strong></span> 
     </span>
    </p>
   </div>
   <div class='ocr_carea' id='block_1_43' title="bbox 283 1967 1066 2001">
    <p class='ocr_par' dir='ltr' id='par_1_43' title="bbox 283 1967 1066 2001">
     <span class='ocr_line' id='line_1_43' title="bbox 283 1967 1066 2001; baseline 0.004 -6"><span class='ocrx_word' id='word_1_292' title='bbox 283 1967 480 1995; x_wconf 83' lang='lat' dir='ltr'><strong>circumvenire</strong></span> <span class='ocrx_word' id='word_1_293' title='bbox 493 1976 500 1999; x_wconf 91' lang='lat'><strong>;</strong></span> <span class='ocrx_word' id='word_1_294' title='bbox 513 1974 627 2001; x_wconf 80' lang='lat' dir='ltr'><strong>cumque</strong></span> <span class='ocrx_word' id='word_1_295' title='bbox 641 1967 666 1994; x_wconf 88' lang='lat' dir='ltr'><strong>id</strong></span> <span class='ocrx_word' id='word_1_296' title='bbox 686 1973 746 1995; x_wconf 89' lang='lat' dir='ltr'><strong>arte</strong></span> <span class='ocrx_word' id='word_1_297' title='bbox 764 1975 812 1995; x_wconf 87' lang='lat' dir='ltr'><strong>sua</strong></span> <span class='ocrx_word' id='word_1_298' title='bbox 832 1968 967 1997; x_wconf 70' lang='lat' dir='ltr'><strong>effecisset</strong></span> <span class='ocrx_word' id='word_1_299' title='bbox 980 1974 1007 1997; x_wconf 90' lang='lat' dir='ltr'><strong>ut</strong></span> <span class='ocrx_word' id='word_1_300' title='bbox 1020 1978 1066 1998; x_wconf 86' lang='lat' dir='ltr'><strong>ar-</strong></span> 
     </span>
    </p>
   </div>
   <div class='ocr_carea' id='block_1_44' title="bbox 283 2013 1065 2051">
    <p class='ocr_par' dir='ltr' id='par_1_44' title="bbox 283 2013 1065 2051">
     <span class='ocr_line' id='line_1_44' title="bbox 283 2013 1065 2051; baseline 0.004 -10"><span class='ocrx_word' id='word_1_301' title='bbox 283 2018 435 2045; x_wconf 79' lang='lat' dir='ltr'><strong>cesseretur</strong></span> <span class='ocrx_word' id='word_1_302' title='bbox 454 2013 486 2040; x_wconf 89' lang='lat' dir='ltr'><strong>ad</strong></span> <span class='ocrx_word' id='word_1_303' title='bbox 512 2013 598 2047; x_wconf 82' lang='lat' dir='ltr'><strong>ipsum</strong></span> <span class='ocrx_word' id='word_1_304' title='bbox 625 2013 827 2048; x_wconf 85' lang='lat' dir='ltr'><strong>imperatorem,</strong></span> <span class='ocrx_word' id='word_1_305' title='bbox 844 2015 977 2051; x_wconf 76' lang='lat' dir='ltr'><strong>iidemque</strong></span> <span class='ocrx_word' id='word_1_306' title='bbox 989 2023 1065 2044; x_wconf 80' lang='lat' dir='ltr'><strong>suam</strong></span> 
     </span>
    </p>
   </div>
   <div class='ocr_carea' id='block_1_45' title="bbox 284 2058 1067 2096">
    <p class='ocr_par' dir='ltr' id='par_1_45' title="bbox 284 2058 1067 2096">
     <span class='ocr_line' id='line_1_45' title="bbox 284 2058 1067 2096; baseline 0.005 -10"><span class='ocrx_word' id='word_1_307' title='bbox 284 2059 406 2094; x_wconf 78' lang='lat' dir='ltr'><strong>adhibito</strong></span> <span class='ocrx_word' id='word_1_308' title='bbox 431 2058 585 2092; x_wconf 91' lang='lat' dir='ltr'><strong>juramenlo</strong></span> <span class='ocrx_word' id='word_1_309' title='bbox 601 2059 764 2093; x_wconf 84' lang='lat' dir='ltr'><strong>descriptam</strong></span> <span class='ocrx_word' id='word_1_310' title='bbox 787 2060 964 2096; x_wconf 84' lang='lat' dir='ltr'><strong>exhibuisset,</strong></span> <span class='ocrx_word' id='word_1_311' title='bbox 986 2063 1067 2090; x_wconf 84' lang='lat' dir='ltr'><strong>verbo</strong></span> 
     </span>
    </p>
   </div>
   <div class='ocr_carea' id='block_1_46' title="bbox 283 2104 1066 2142">
    <p class='ocr_par' dir='ltr' id='par_1_46' title="bbox 283 2104 1066 2142">
     <span class='ocr_line' id='line_1_46' title="bbox 283 2104 1066 2142; baseline 0.005 -10"><span class='ocrx_word' id='word_1_312' title='bbox 283 2105 393 2140; x_wconf 89' lang='lat' dir='ltr'><strong>quidem</strong></span> <span class='ocrx_word' id='word_1_313' title='bbox 410 2109 487 2132; x_wconf 80' lang='lat' dir='ltr'><strong>tenus</strong></span> <span class='ocrx_word' id='word_1_314' title='bbox 503 2109 599 2132; x_wconf 66' lang='lat' dir='ltr'><strong>nostra!</strong></span> <span class='ocrx_word' id='word_1_315' title='bbox 618 2104 680 2132; x_wconf 83' lang='lat' dir='ltr'><strong>lidei</strong></span> <span class='ocrx_word' id='word_1_316' title='bbox 700 2105 826 2139; x_wconf 88' lang='lat' dir='ltr'><strong>similem,</strong></span> <span class='ocrx_word' id='word_1_317' title='bbox 846 2114 940 2135; x_wconf 85' lang='lat' dir='ltr'><strong>revera</strong></span> <span class='ocrx_word' id='word_1_318' title='bbox 964 2113 1066 2142; x_wconf 85' lang='lat' dir='ltr'><strong>autem,</strong></span> 
     </span>
    </p>
   </div>
   <div class='ocr_carea' id='block_1_47' title="bbox 283 2150 1067 2186">
    <p class='ocr_par' dir='ltr' id='par_1_47' title="bbox 283 2150 1067 2186">
     <span class='ocr_line' id='line_1_47' title="bbox 283 2150 1067 2186; baseline 0.003 -5"><span class='ocrx_word' id='word_1_319' title='bbox 283 2151 397 2181; x_wconf 74' lang='lat' dir='ltr'><strong>multum</strong></span> <span class='ocrx_word' id='word_1_320' title='bbox 409 2151 443 2179; x_wconf 88' lang='lat' dir='ltr'><strong>ab</strong></span> <span class='ocrx_word' id='word_1_321' title='bbox 457 2159 488 2178; x_wconf 85' lang='lat' dir='ltr'><strong>ea</strong></span> <span class='ocrx_word' id='word_1_322' title='bbox 501 2150 708 2186; x_wconf 82' lang='lat' dir='ltr'><strong>discrepantem,</strong></span> <span class='ocrx_word' id='word_1_323' title='bbox 724 2152 750 2178; x_wconf 93' lang='lat' dir='ltr'><strong>in</strong></span> <span class='ocrx_word' id='word_1_324' title='bbox 771 2153 976 2182; x_wconf 84' lang='lat' dir='ltr'><strong>admirationem</strong></span> <span class='ocrx_word' id='word_1_325' title='bbox 995 2155 1067 2183; x_wconf 88' lang='lat' dir='ltr'><strong>cadit</strong></span> 
     </span>
    </p>
   </div>
   <div class='ocr_carea' id='block_1_48' title="bbox 283 2196 1101 2233">
    <p class='ocr_par' dir='ltr' id='par_1_48' title="bbox 283 2196 1101 2233">
     <span class='ocr_line' id='line_1_48' title="bbox 283 2196 1101 2233; baseline 0.001 -7"><span class='ocrx_word' id='word_1_326' title='bbox 283 2198 443 2233; x_wconf 82' lang='lat' dir='ltr'><strong>imperator,</strong></span> <span class='ocrx_word' id='word_1_327' title='bbox 471 2196 616 2231; x_wconf 82' lang='lat' dir='ltr'><strong>statimque</strong></span> <span class='ocrx_word' id='word_1_328' title='bbox 641 2204 702 2224; x_wconf 89' lang='lat' dir='ltr'><strong>eum</strong></span> <span class='ocrx_word' id='word_1_329' title='bbox 727 2197 920 2225; x_wconf 79' lang='lat' dir='ltr'><strong>Alexandriam</strong></span> <span class='ocrx_word' id='word_1_330' title='bbox 948 2200 1061 2229; x_wconf 87' lang='lat' dir='ltr'><strong>remisit.</strong></span> <span class='ocrx_word' id='word_1_331' title='bbox 1077 2198 1101 2228; x_wconf 85' lang='grc' dir='ltr'><strong>ι)</strong></span> 
     </span>
    </p>
   </div>
   <div class='ocr_carea' id='block_1_49' title="bbox 283 2242 1070 2278">
    <p class='ocr_par' dir='ltr' id='par_1_49' title="bbox 283 2242 1070 2278">
     <span class='ocr_line' id='line_1_49' title="bbox 283 2242 1070 2278; baseline 0.001 -6"><span class='ocrx_word' id='word_1_332' title='bbox 283 2243 352 2272; x_wconf 83' lang='lat' dir='ltr'><strong>Cum</strong></span> <span class='ocrx_word' id='word_1_333' title='bbox 367 2243 472 2271; x_wconf 86' lang='lat' dir='ltr'><strong>veniret</strong></span> <span class='ocrx_word' id='word_1_334' title='bbox 488 2242 568 2278; x_wconf 76' lang='lat' dir='ltr'><strong>igitur</strong></span> <span class='ocrx_word' id='word_1_335' title='bbox 582 2242 784 2274; x_wconf 81' lang='lat' dir='ltr'><strong>Alexandriam,</strong></span> <span class='ocrx_word' id='word_1_336' title='bbox 799 2249 909 2272; x_wconf 87' lang='lat' dir='ltr'><strong>sanctus</strong></span> <span class='ocrx_word' id='word_1_337' title='bbox 919 2243 1070 2273; x_wconf 88' lang='lat' dir='ltr'><strong>Alexander</strong></span> 
     </span>
    </p>
   </div>
   <div class='ocr_carea' id='block_1_50' title="bbox 285 2288 1069 2324">
    <p class='ocr_par' dir='ltr' id='par_1_50' title="bbox 285 2288 1069 2324">
     <span class='ocr_line' id='line_1_50' title="bbox 285 2288 1069 2324; baseline 0.001 -7"><span class='ocrx_word' id='word_1_338' title='bbox 285 2289 483 2317; x_wconf 80' lang='lat' dir='ltr'><strong>Alexandrinus</strong></span> <span class='ocrx_word' id='word_1_339' title='bbox 510 2288 650 2323; x_wconf 86' lang='lat' dir='ltr'><strong>episcopus</strong></span> <span class='ocrx_word' id='word_1_340' title='bbox 661 2307 670 2320; x_wconf 93' lang='lat'><strong>,</strong></span> <span class='ocrx_word' id='word_1_341' title='bbox 686 2295 746 2315; x_wconf 88' lang='lat' dir='ltr'><strong>eum</strong></span> <span class='ocrx_word' id='word_1_342' title='bbox 763 2289 873 2318; x_wconf 86' lang='lat' dir='ltr'><strong>minime</strong></span> <span class='ocrx_word' id='word_1_343' title='bbox 892 2290 1013 2324; x_wconf 87' lang='lat' dir='ltr'><strong>recepit:</strong></span> <span class='ocrx_word' id='word_1_344' title='bbox 1029 2291 1069 2318; x_wconf 87' lang='lat' dir='ltr'><strong>in-</strong></span> 
     </span>
    </p>
   </div>
   <div class='ocr_carea' id='block_1_51' title="bbox 284 2333 1068 2370">
    <p class='ocr_par' dir='ltr' id='par_1_51' title="bbox 284 2333 1068 2370">
     <span class='ocr_line' id='line_1_51' title="bbox 284 2333 1068 2370; baseline 0 -7"><span class='ocrx_word' id='word_1_345' title='bbox 284 2336 404 2370; x_wconf 76' lang='lat' dir='ltr'><strong>stigante</strong></span> <span class='ocrx_word' id='word_1_346' title='bbox 416 2339 498 2369; x_wconf 89' lang='lat' dir='ltr'><strong>atque</strong></span> <span class='ocrx_word' id='word_1_347' title='bbox 515 2333 644 2361; x_wconf 85' lang='lat' dir='ltr'><strong>incitante</strong></span> <span class='ocrx_word' id='word_1_348' title='bbox 661 2339 754 2361; x_wconf 85' lang='lat' dir='ltr'><strong>sancto</strong></span> <span class='ocrx_word' id='word_1_349' title='bbox 769 2334 928 2368; x_wconf 82' lang='lat' dir='ltr'><strong>Athanasio,</strong></span> <span class='ocrx_word' id='word_1_350' title='bbox 950 2340 1003 2363; x_wconf 91' lang='lat' dir='ltr'><strong>tum</strong></span> <span class='ocrx_word' id='word_1_351' title='bbox 1023 2343 1068 2362; x_wconf 84' lang='lat' dir='ltr'><strong>ar-</strong></span> 
     </span>
    </p>
   </div>
   <div class='ocr_carea' id='block_1_52' title="bbox 285 2380 1068 2415">
    <p class='ocr_par' dir='ltr' id='par_1_52' title="bbox 285 2380 1068 2415">
     <span class='ocr_line' id='line_1_52' title="bbox 285 2380 1068 2415; baseline 0 -6"><span class='ocrx_word' id='word_1_352' title='bbox 285 2380 465 2409; x_wconf 86' lang='lat' dir='ltr'><strong>chidiacono:</strong></span> <span class='ocrx_word' id='word_1_353' title='bbox 481 2387 541 2407; x_wconf 89' lang='lat' dir='ltr'><strong>eum</strong></span> <span class='ocrx_word' id='word_1_354' title='bbox 556 2387 673 2415; x_wconf 88' lang='lat' dir='ltr'><strong>namque</strong></span> <span class='ocrx_word' id='word_1_355' title='bbox 696 2381 773 2414; x_wconf 86' lang='lat' dir='ltr'><strong>quasi</strong></span> <span class='ocrx_word' id='word_1_356' title='bbox 791 2387 847 2407; x_wconf 88' lang='lat' dir='ltr'><strong>rem</strong></span> <span class='ocrx_word' id='word_1_357' title='bbox 863 2381 1068 2409; x_wconf 86' lang='lat' dir='ltr'><strong>abominandam</strong></span> 
     </span>
    </p>
   </div>
   <div class='ocr_carea' id='block_1_53' title="bbox 283 2426 1067 2460">
    <p class='ocr_par' dir='ltr' id='par_1_53' title="bbox 283 2426 1067 2460">
     <span class='ocr_line' id='line_1_53' title="bbox 283 2426 1067 2460; baseline -0.001 -4"><span class='ocrx_word' id='word_1_358' title='bbox 283 2426 566 2460; x_wconf 79' lang='lat' dir='ltr'><strong>exsecrabatur,quod</strong></span> <span class='ocrx_word' id='word_1_359' title='bbox 579 2426 676 2453; x_wconf 87' lang='lat' dir='ltr'><strong>iterum</strong></span> <span class='ocrx_word' id='word_1_360' title='bbox 693 2426 771 2454; x_wconf 84' lang='lat' dir='ltr'><strong>vellet</strong></span> <span class='ocrx_word' id='word_1_361' title='bbox 786 2427 908 2455; x_wconf 60' lang='lat' dir='ltr'><strong>haeresim</strong></span> <span class='ocrx_word' id='word_1_362' title='bbox 919 2427 1067 2455; x_wconf 88' lang='lat' dir='ltr'><strong>concitare.</strong></span> 
     </span>
    </p>
   </div>
   <div class='ocr_carea' id='block_1_54' title="bbox 284 2471 1067 2508">
    <p class='ocr_par' dir='ltr' id='par_1_54' title="bbox 284 2471 1067 2508">
     <span class='ocr_line' id='line_1_54' title="bbox 284 2471 1067 2508; baseline -0.001 -7"><span class='ocrx_word' id='word_1_363' title='bbox 284 2473 325 2501; x_wconf 79' lang='lat' dir='ltr'><strong>Ex</strong></span> <span class='ocrx_word' id='word_1_364' title='bbox 345 2473 398 2500; x_wconf 90' lang='lat' dir='ltr'><strong>hoc</strong></span> <span class='ocrx_word' id='word_1_365' title='bbox 422 2472 504 2508; x_wconf 75' lang='lat' dir='ltr'><strong>igitur</strong></span> <span class='ocrx_word' id='word_1_366' title='bbox 528 2472 625 2499; x_wconf 90' lang='lat' dir='ltr'><strong>iterum</strong></span> <span class='ocrx_word' id='word_1_367' title='bbox 653 2471 784 2507; x_wconf 58' lang='lat' dir='ltr'><strong>[Egyptus</strong></span> <span class='ocrx_word' id='word_1_368' title='bbox 803 2472 972 2500; x_wconf 87' lang='lat' dir='ltr'><strong>turbabatur.</strong></span> <span class='ocrx_word' id='word_1_369' title='bbox 998 2472 1067 2500; x_wconf 89' lang='lat' dir='ltr'><strong>Tum</strong></span> 
     </span>
    </p>
   </div>
   <div class='ocr_carea' id='block_1_55' title="bbox 285 2517 1065 2553">
    <p class='ocr_par' dir='ltr' id='par_1_55' title="bbox 285 2517 1065 2553">
     <span class='ocr_line' id='line_1_55' title="bbox 285 2517 1065 2553; baseline 0 -7"><span class='ocrx_word' id='word_1_370' title='bbox 285 2518 418 2547; x_wconf 84' lang='lat' dir='ltr'><strong>Eusebius</strong></span> <span class='ocrx_word' id='word_1_371' title='bbox 445 2517 656 2546; x_wconf 84' lang='lat' dir='ltr'><strong>Nicomediensis</strong></span> <span class='ocrx_word' id='word_1_372' title='bbox 683 2517 787 2548; x_wconf 87' lang='lat' dir='ltr'><strong>litteras</strong></span> <span class='ocrx_word' id='word_1_373' title='bbox 812 2519 902 2551; x_wconf 86' lang='lat' dir='ltr'><strong>misit,</strong></span> <span class='ocrx_word' id='word_1_374' title='bbox 919 2518 1065 2553; x_wconf 88' lang='lat' dir='ltr'><strong>imperato-</strong></span> 
     </span>
    </p>
   </div>
   <div class='ocr_carea' id='block_1_56' title="bbox 285 2563 802 2598">
    <p class='ocr_par' dir='ltr' id='par_1_56' title="bbox 285 2563 802 2598">
     <span class='ocr_line' id='line_1_56' title="bbox 285 2563 802 2598; baseline 0 -8"><span class='ocrx_word' id='word_1_375' title='bbox 285 2571 396 2598; x_wconf 85' lang='lat' dir='ltr'><strong>remque</strong></span> <span class='ocrx_word' id='word_1_376' title='bbox 410 2563 443 2590; x_wconf 87' lang='lat' dir='ltr'><strong>ad</strong></span> <span class='ocrx_word' id='word_1_377' title='bbox 463 2563 633 2592; x_wconf 84' lang='lat' dir='ltr'><strong>scribendum</strong></span> <span class='ocrx_word' id='word_1_378' title='bbox 649 2564 802 2595; x_wconf 84' lang='lat' dir='ltr'><strong>concitavit.</strong></span> 
     </span>
    </p>
   </div>
   <div class='ocr_carea' id='block_1_57' title="bbox 285 2611 1089 2648">
    <p class='ocr_par' dir='ltr' id='par_1_57' title="bbox 285 2611 1089 2648">
     <span class='ocr_line' id='line_1_57' title="bbox 285 2611 1089 2648; baseline -0.002 -8"><span class='ocrx_word' id='word_1_379' title='bbox 285 2613 394 2645; x_wconf 83' lang='grc' dir='ltr'><strong>στῶσιν,</strong></span> <span class='ocrx_word' id='word_1_380' title='bbox 417 2613 456 2644; x_wconf 83' lang='grc' dir='ltr'><strong>είς</strong></span> <span class='ocrx_word' id='word_1_381' title='bbox 479 2611 606 2640; x_wconf 75' lang='grc' dir='ltr'>ἔκστασιν</span> <span class='ocrx_word' id='word_1_382' title='bbox 624 2613 669 2640; x_wconf 85' lang='grc' dir='ltr'>τὺν</span> <span class='ocrx_word' id='word_1_383' title='bbox 687 2613 797 2648; x_wconf 83' lang='grc' dir='ltr'><strong>βασιλέα</strong></span> <span class='ocrx_word' id='word_1_384' title='bbox 817 2614 984 2648; x_wconf 78' lang='grc' dir='ltr'><strong>περιπεσεῖν,</strong></span> <span class='ocrx_word' id='word_1_385' title='bbox 1018 2611 1089 2638; x_wconf 82' lang='grc' dir='ltr'>ὥστε</span> 
     </span>
    </p>
   </div>
   <div class='ocr_carea' id='block_1_58' title="bbox 282 2656 1090 2697">
    <p class='ocr_par' dir='ltr' id='par_1_58' title="bbox 282 2656 1090 2697">
     <span class='ocr_line' id='line_1_58' title="bbox 282 2656 1090 2697; baseline -0.006 -9"><span class='ocrx_word' id='word_1_386' title='bbox 282 2660 366 2697; x_wconf 76' lang='grc' dir='ltr'>τιμῆς</span> <span class='ocrx_word' id='word_1_387' title='bbox 384 2660 465 2688; x_wconf 79' lang='grc' dir='ltr'>αὐτὸν</span> <span class='ocrx_word' id='word_1_388' title='bbox 487 2659 636 2695; x_wconf 72' lang='grc' dir='ltr'>ἐκπέμψαι,</span> <span class='ocrx_word' id='word_1_389' title='bbox 658 2658 850 2686; x_wconf 75' lang='grc' dir='ltr'>Καταλαῧόντα</span> <span class='ocrx_word' id='word_1_390' title='bbox 871 2656 917 2685; x_wconf 83' lang='grc' dir='ltr'>οὖν</span> <span class='ocrx_word' id='word_1_391' title='bbox 937 2657 1016 2685; x_wconf 80' lang='grc' dir='ltr'>αὐτὸν</span> <span class='ocrx_word' id='word_1_392' title='bbox 1041 2656 1090 2692; x_wconf 89' lang='grc' dir='ltr'><strong>τὴν</strong></span> 
     </span>
    </p>
   </div>
   <div class='ocr_carea' id='block_1_59' title="bbox 321 2720 787 2754">
    <p class='ocr_par' dir='ltr' id='par_1_59' title="bbox 321 2720 787 2754">
     <span class='ocr_line' id='line_1_59' title="bbox 321 2720 787 2754; baseline -0.002 -5"><span class='ocrx_word' id='word_1_393' title='bbox 321 2721 332 2738; x_wconf 85' lang='grc'>¹</span> <span class='ocrx_word' id='word_1_394' title='bbox 347 2722 409 2749; x_wconf 79' lang='lat' dir='ltr'><strong>Act.</strong></span> <span class='ocrx_word' id='word_1_395' title='bbox 423 2729 461 2754; x_wconf 83' lang='lat' dir='ltr'><strong>Ix,</strong></span> <span class='ocrx_word' id='word_1_396' title='bbox 483 2721 526 2748; x_wconf 82' lang='lat' dir='ltr'><strong>l6.</strong></span> <span class='ocrx_word' id='word_1_397' title='bbox 563 2721 574 2736; x_wconf 80' lang='grc' dir='ltr'>ί</span> <span class='ocrx_word' id='word_1_398' title='bbox 587 2720 744 2752; x_wconf 80' lang='lat' dir='ltr'><strong>Psal.xxv1,</strong></span> <span class='ocrx_word' id='word_1_399' title='bbox 760 2720 787 2748; x_wconf 77' lang='lat'><strong>5.</strong></span> 
     </span>
    </p>
   </div>
   <div class='ocr_carea' id='block_1_60' title="bbox 322 2778 1069 2817">
    <p class='ocr_par' dir='ltr' id='par_1_60' title="bbox 322 2778 1069 2817">
     <span class='ocr_line' id='line_1_60' title="bbox 322 2778 1069 2817; baseline -0.004 -9"><span class='ocrx_word' id='word_1_400' title='bbox 322 2781 360 2817; x_wconf 74' lang='grc' dir='ltr'><strong>(τι)</strong></span> <span class='ocrx_word' id='word_1_401' title='bbox 373 2779 471 2813; x_wconf 82' lang='lat' dir='ltr'><strong>Palat..</strong></span> <span class='ocrx_word' id='word_1_402' title='bbox 483 2782 646 2817; x_wconf 81' lang='grc' dir='ltr'><strong>γεννήτορας</strong></span> <span class='ocrx_word' id='word_1_403' title='bbox 659 2781 705 2808; x_wconf 76' lang='grc' dir='ltr'>τοῦ</span> <span class='ocrx_word' id='word_1_404' title='bbox 719 2781 910 2815; x_wconf 68' lang='grc' dir='ltr'>Ἀθανασίου...</span> <span class='ocrx_word' id='word_1_405' title='bbox 929 2778 1069 2806; x_wconf 77' lang='grc' dir='ltr'>παιδεῦσαι</span> 
     </span>
    </p>
   </div>
   <div class='ocr_carea' id='block_1_61' title="bbox 287 2817 743 2852">
    <p class='ocr_par' dir='ltr' id='par_1_61' title="bbox 287 2817 743 2852">
     <span class='ocr_line' id='line_1_61' title="bbox 287 2817 743 2852; baseline 0.007 -10"><span class='ocrx_word' id='word_1_406' title='bbox 287 2817 444 2852; x_wconf 78' lang='grc' dir='ltr'>γράμμασι,</span> <span class='ocrx_word' id='word_1_407' title='bbox 461 2818 508 2844; x_wconf 79' lang='grc' dir='ltr'><strong>καὶ</strong></span> <span class='ocrx_word' id='word_1_408' title='bbox 519 2818 557 2844; x_wconf 81' lang='grc' dir='ltr'><strong>ὲν.</strong></span> <span class='ocrx_word' id='word_1_409' title='bbox 732 2817 743 2830; x_wconf 91' lang='lat'>‘</span> 
     </span>
    </p>
   </div>
   <div class='ocr_carea' id='block_1_62' title="bbox 324 2851 697 2887">
    <p class='ocr_par' dir='ltr' id='par_1_62' title="bbox 324 2851 697 2887">
     <span class='ocr_line' id='line_1_62' title="bbox 324 2851 697 2887; baseline -0.003 -7"><span class='ocrx_word' id='word_1_410' title='bbox 324 2851 471 2887; x_wconf 43' lang='lat' dir='ltr'><strong>(bjPalatq</strong></span> <span class='ocrx_word' id='word_1_411' title='bbox 488 2851 697 2886; x_wconf 79' lang='grc' dir='ltr'>συννομοοέσιον.</span> 
     </span>
    </p>
   </div>
   <div class='ocr_carea' id='block_1_63' title="bbox 1081 853 1101 881">
    <p class='ocr_par' dir='ltr' id='par_1_63' title="bbox 1081 853 1101 881">
     <span class='ocr_line' id='line_1_63' title="bbox 1081 853 1101 881; baseline 0 0"><span class='ocrx_word' id='word_1_412' title='bbox 1081 853 1101 881; x_wconf 84' lang='grc' dir='ltr'><strong><em>Β</em></strong></span> 
     </span>
    </p>
   </div>
   <div class='ocr_carea' id='block_1_64' title="bbox 1113 228 1900 265">
    <p class='ocr_par' dir='ltr' id='par_1_64' title="bbox 1113 228 1900 265">
     <span class='ocr_line' id='line_1_64' title="bbox 1113 228 1900 265; baseline 0.003 -11"><span class='ocrx_word' id='word_1_413' title='bbox 1113 229 1159 255; x_wconf 74' lang='grc' dir='ltr'><strong>καὶ</strong></span> <span class='ocrx_word' id='word_1_414' title='bbox 1175 228 1266 260; x_wconf 81' lang='grc' dir='ltr'>ἱκανὸς</span> <span class='ocrx_word' id='word_1_415' title='bbox 1283 229 1347 264; x_wconf 76' lang='grc' dir='ltr'>περὶ</span> <span class='ocrx_word' id='word_1_416' title='bbox 1363 229 1394 254; x_wconf 81' lang='grc' dir='ltr'><strong>τὸ</strong></span> <span class='ocrx_word' id='word_1_417' title='bbox 1410 228 1500 262; x_wconf 86' lang='grc' dir='ltr'>λέγειν</span> <span class='ocrx_word' id='word_1_418' title='bbox 1516 228 1647 265; x_wconf 70' lang='grc' dir='ltr'>ὑπάρχοι·</span> <span class='ocrx_word' id='word_1_419' title='bbox 1666 229 1746 264; x_wconf 80' lang='grc' dir='ltr'>ἡμεῖς</span> <span class='ocrx_word' id='word_1_420' title='bbox 1761 229 1799 260; x_wconf 83' lang='grc' dir='ltr'><strong>δὲ,</strong></span> <span class='ocrx_word' id='word_1_421' title='bbox 1813 230 1851 261; x_wconf 85' lang='grc' dir='ltr'>ὡς</span> <span class='ocrx_word' id='word_1_422' title='bbox 1865 229 1900 256; x_wconf 73' lang='grc' dir='ltr'><strong>ἂν</strong></span> 
     </span>
    </p>
   </div>
   <div class='ocr_carea' id='block_1_65' title="bbox 1112 271 1899 310">
    <p class='ocr_par' dir='ltr' id='par_1_65' title="bbox 1112 271 1899 310">
     <span class='ocr_line' id='line_1_65' title="bbox 1112 271 1899 310; baseline 0.001 -10"><span class='ocrx_word' id='word_1_423' title='bbox 1112 271 1166 300; x_wconf 78' lang='grc' dir='ltr'>οἷόν</span> <span class='ocrx_word' id='word_1_424' title='bbox 1182 274 1212 300; x_wconf 89' lang='grc' dir='ltr'><strong>τέ</strong></span> <span class='ocrx_word' id='word_1_425' title='bbox 1227 275 1294 305; x_wconf 83' lang='grc' dir='ltr'>ἐστι,</span> <span class='ocrx_word' id='word_1_426' title='bbox 1316 273 1351 300; x_wconf 81' lang='grc' dir='ltr'>τὰ</span> <span class='ocrx_word' id='word_1_427' title='bbox 1367 273 1427 301; x_wconf 83' lang='grc' dir='ltr'>κατ’</span> <span class='ocrx_word' id='word_1_428' title='bbox 1438 273 1518 301; x_wconf 83' lang='grc' dir='ltr'>αὐτὸν</span> <span class='ocrx_word' id='word_1_429' title='bbox 1536 273 1603 308; x_wconf 83' lang='grc' dir='ltr'>δῆλα</span> <span class='ocrx_word' id='word_1_430' title='bbox 1626 274 1773 309; x_wconf 81' lang='grc' dir='ltr'>ποιήσομεν</span> <span class='ocrx_word' id='word_1_431' title='bbox 1787 274 1831 301; x_wconf 78' lang='grc' dir='ltr'><strong>διὰ</strong></span> <span class='ocrx_word' id='word_1_432' title='bbox 1850 275 1899 310; x_wconf 80' lang='grc' dir='ltr'>τῆς</span> 
     </span>
    </p>
   </div>
   <div class='ocr_carea' id='block_1_66' title="bbox 1113 319 1900 355">
    <p class='ocr_par' dir='ltr' id='par_1_66' title="bbox 1113 319 1900 355">
     <span class='ocr_line' id='line_1_66' title="bbox 1113 319 1900 355; baseline 0.003 -10"><span class='ocrx_word' id='word_1_433' title='bbox 1113 320 1286 355; x_wconf 73' lang='grc' dir='ltr'>ὑφηγήσεως,</span> <span class='ocrx_word' id='word_1_434' title='bbox 1312 320 1373 355; x_wconf 85' lang='grc' dir='ltr'><strong>Χρὴ</strong></span> <span class='ocrx_word' id='word_1_435' title='bbox 1399 319 1427 346; x_wconf 81' lang='grc' dir='ltr'>δὲ</span> <span class='ocrx_word' id='word_1_436' title='bbox 1455 319 1561 355; x_wconf 82' lang='grc' dir='ltr'>πρῶτον</span> <span class='ocrx_word' id='word_1_437' title='bbox 1586 319 1689 355; x_wconf 74' lang='grc' dir='ltr'>βραχέα</span> <span class='ocrx_word' id='word_1_438' title='bbox 1711 320 1775 355; x_wconf 78' lang='grc' dir='ltr'>περὶ</span> <span class='ocrx_word' id='word_1_439' title='bbox 1798 320 1847 355; x_wconf 79' lang='grc' dir='ltr'>τῆς</span> <span class='ocrx_word' id='word_1_440' title='bbox 1866 322 1900 347; x_wconf 72' lang='grc' dir='ltr'><strong>ἐν</strong></span> 
     </span>
    </p>
   </div>
   <div class='ocr_carea' id='block_1_67' title="bbox 1113 365 1899 401">
    <p class='ocr_par' dir='ltr' id='par_1_67' title="bbox 1113 365 1899 401">
     <span class='ocr_line' id='line_1_67' title="bbox 1113 365 1899 401; baseline 0.001 -10"><span class='ocrx_word' id='word_1_441' title='bbox 1113 365 1206 397; x_wconf 81' lang='grc' dir='ltr'>παιδὸς</span> <span class='ocrx_word' id='word_1_442' title='bbox 1225 366 1370 400; x_wconf 81' lang='grc' dir='ltr'><strong>ἀναγωγῆς</strong></span> <span class='ocrx_word' id='word_1_443' title='bbox 1389 365 1434 392; x_wconf 83' lang='grc' dir='ltr'>τοῦ</span> <span class='ocrx_word' id='word_1_444' title='bbox 1454 365 1550 401; x_wconf 81' lang='grc' dir='ltr'>ἀνδρὸς</span> <span class='ocrx_word' id='word_1_445' title='bbox 1571 366 1692 393; x_wconf 81' lang='grc' dir='ltr'>διελθεῖν.</span> <span class='ocrx_word' id='word_1_446' title='bbox 1710 366 1787 401; x_wconf 78' lang='grc' dir='ltr'>’Δρτι</span> <span class='ocrx_word' id='word_1_447' title='bbox 1810 367 1899 393; x_wconf 79' lang='grc' dir='ltr'>τοίνυν</span> 
     </span>
    </p>
   </div>
   <div class='ocr_carea' id='block_1_68' title="bbox 1112 410 1899 447">
    <p class='ocr_par' dir='ltr' id='par_1_68' title="bbox 1112 410 1899 447">
     <span class='ocr_line' id='line_1_68' title="bbox 1112 410 1899 447; baseline 0.003 -10"><span class='ocrx_word' id='word_1_448' title='bbox 1112 411 1172 438; x_wconf 83' lang='grc' dir='ltr'>τότε</span> <span class='ocrx_word' id='word_1_449' title='bbox 1188 410 1235 437; x_wconf 86' lang='grc' dir='ltr'>τοῦ</span> <span class='ocrx_word' id='word_1_450' title='bbox 1249 411 1326 445; x_wconf 83' lang='grc' dir='ltr'>ἁγίου</span> <span class='ocrx_word' id='word_1_451' title='bbox 1345 411 1529 447; x_wconf 80' lang='grc' dir='ltr'>Ἀλεξάνδρου,</span> <span class='ocrx_word' id='word_1_452' title='bbox 1545 411 1590 438; x_wconf 78' lang='grc' dir='ltr'>τοῦ</span> <span class='ocrx_word' id='word_1_453' title='bbox 1609 411 1755 438; x_wconf 74' lang='grc' dir='ltr'>ἐπισκόπου</span> <span class='ocrx_word' id='word_1_454' title='bbox 1775 412 1899 446; x_wconf 80' lang='grc' dir='ltr'>’Δλεξαν-</span> 
     </span>
    </p>
   </div>
   <div class='ocr_carea' id='block_1_69' title="bbox 1112 456 1897 494">
    <p class='ocr_par' dir='ltr' id='par_1_69' title="bbox 1112 456 1897 494">
     <span class='ocr_line' id='line_1_69' title="bbox 1112 456 1897 494; baseline 0.003 -11"><span class='ocrx_word' id='word_1_455' title='bbox 1112 456 1214 492; x_wconf 80' lang='grc' dir='ltr'>δρείας,</span> <span class='ocrx_word' id='word_1_456' title='bbox 1227 457 1276 492; x_wconf 90' lang='grc' dir='ltr'><strong>τὴν</strong></span> <span class='ocrx_word' id='word_1_457' title='bbox 1297 457 1446 493; x_wconf 72' lang='grc' dir='ltr'><strong>ἱερωσύνην</strong></span> <span class='ocrx_word' id='word_1_458' title='bbox 1470 457 1683 493; x_wconf 85' lang='grc' dir='ltr'>ἐγχειρισθέντος</span> <span class='ocrx_word' id='word_1_459' title='bbox 1701 457 1768 492; x_wconf 85' lang='grc' dir='ltr'>μετὰ</span> <span class='ocrx_word' id='word_1_460' title='bbox 1786 457 1835 494; x_wconf 83' lang='grc' dir='ltr'><strong>τὴν</strong></span> <span class='ocrx_word' id='word_1_461' title='bbox 1849 458 1897 485; x_wconf 76' lang='grc' dir='ltr'>τοῦ</span> 
     </span>
    </p>
   </div>
   <div class='ocr_carea' id='block_1_70' title="bbox 1112 501 1898 538">
    <p class='ocr_par' dir='ltr' id='par_1_70' title="bbox 1112 501 1898 538">
     <span class='ocr_line' id='line_1_70' title="bbox 1112 501 1898 538; baseline 0.003 -10"><span class='ocrx_word' id='word_1_462' title='bbox 1112 501 1191 536; x_wconf 81' lang='grc' dir='ltr'>ἁγίου</span> <span class='ocrx_word' id='word_1_463' title='bbox 1213 502 1317 538; x_wconf 78' lang='grc' dir='ltr'>Πέτρου</span> <span class='ocrx_word' id='word_1_464' title='bbox 1333 502 1452 535; x_wconf 82' lang='grc' dir='ltr'>σύναξιν,</span> <span class='ocrx_word' id='word_1_465' title='bbox 1470 503 1516 529; x_wconf 86' lang='grc' dir='ltr'>τοῦ</span> <span class='ocrx_word' id='word_1_466' title='bbox 1533 502 1586 538; x_wconf 80' lang='grc' dir='ltr'>πρὸ</span> <span class='ocrx_word' id='word_1_467' title='bbox 1604 503 1685 530; x_wconf 77' lang='grc' dir='ltr'>αὐτοῦ</span> <span class='ocrx_word' id='word_1_468' title='bbox 1705 504 1898 538; x_wconf 76' lang='grc' dir='ltr'>μαρτυρήσαν-</span> 
     </span>
    </p>
   </div>
   <div class='ocr_carea' id='block_1_71' title="bbox 1112 549 1898 586">
    <p class='ocr_par' dir='ltr' id='par_1_71' title="bbox 1112 549 1898 586">
     <span class='ocr_line' id='line_1_71' title="bbox 1112 549 1898 586; baseline 0.001 -11"><span class='ocrx_word' id='word_1_469' title='bbox 1112 557 1174 580; x_wconf 86' lang='grc' dir='ltr'>τος,</span> <span class='ocrx_word' id='word_1_470' title='bbox 1191 549 1237 576; x_wconf 81' lang='grc' dir='ltr'>καὶ</span> <span class='ocrx_word' id='word_1_471' title='bbox 1262 549 1307 575; x_wconf 82' lang='grc' dir='ltr'><strong>τὸν</strong></span> <span class='ocrx_word' id='word_1_472' title='bbox 1330 549 1429 586; x_wconf 82' lang='grc' dir='ltr'>κλῆρον</span> <span class='ocrx_word' id='word_1_473' title='bbox 1450 551 1491 581; x_wconf 79' lang='grc' dir='ltr'>εἰς</span> <span class='ocrx_word' id='word_1_474' title='bbox 1515 549 1636 576; x_wconf 71' lang='grc' dir='ltr'>ἑστίασιν</span> <span class='ocrx_word' id='word_1_475' title='bbox 1663 549 1898 585; x_wconf 74' lang='grc' dir='ltr'>προτρεψαμένου.</span> 
     </span>
    </p>
   </div>
   <div class='ocr_carea' id='block_1_72' title="bbox 1113 593 1900 630">
    <p class='ocr_par' dir='ltr' id='par_1_72' title="bbox 1113 593 1900 630">
     <span class='ocr_line' id='line_1_72' title="bbox 1113 593 1900 630; baseline 0.001 -10"><span class='ocrx_word' id='word_1_476' title='bbox 1113 593 1160 620; x_wconf 72' lang='grc' dir='ltr'>καὶ</span> <span class='ocrx_word' id='word_1_477' title='bbox 1174 594 1379 629; x_wconf 79' lang='grc' dir='ltr'>περιμένοντος.</span> <span class='ocrx_word' id='word_1_478' title='bbox 1401 595 1452 626; x_wconf 78' lang='grc' dir='ltr'>ἕως</span> <span class='ocrx_word' id='word_1_479' title='bbox 1470 595 1502 622; x_wconf 83' lang='grc' dir='ltr'>ἂν</span> <span class='ocrx_word' id='word_1_480' title='bbox 1527 594 1764 630; x_wconf 82' lang='grc' dir='ltr'>συναθροισθῶσιν,</span> <span class='ocrx_word' id='word_1_481' title='bbox 1784 595 1813 628; x_wconf 76' lang='grc' dir='ltr'><strong>ἐξ</strong></span> <span class='ocrx_word' id='word_1_482' title='bbox 1829 595 1900 621; x_wconf 78' lang='grc' dir='ltr'><strong>ἀπό-</strong></span> 
     </span>
    </p>
   </div>
   <div class='ocr_carea' id='block_1_73' title="bbox 1113 639 1898 676">
    <p class='ocr_par' dir='ltr' id='par_1_73' title="bbox 1113 639 1898 676">
     <span class='ocr_line' id='line_1_73' title="bbox 1113 639 1898 676; baseline 0.003 -11"><span class='ocrx_word' id='word_1_483' title='bbox 1113 647 1181 665; x_wconf 84' lang='grc' dir='ltr'>πτου</span> <span class='ocrx_word' id='word_1_484' title='bbox 1194 639 1277 671; x_wconf 73' lang='grc' dir='ltr'>ἑστὼς</span> <span class='ocrx_word' id='word_1_485' title='bbox 1291 641 1342 676; x_wconf 84' lang='grc' dir='ltr'><strong>ὁρᾷ</strong></span> <span class='ocrx_word' id='word_1_486' title='bbox 1365 640 1461 672; x_wconf 81' lang='grc' dir='ltr'>παῖδας</span> <span class='ocrx_word' id='word_1_487' title='bbox 1485 639 1705 676; x_wconf 81' lang='grc' dir='ltr'>ἐκχλησιαστικῷ</span> <span class='ocrx_word' id='word_1_488' title='bbox 1720 640 1812 667; x_wconf 80' lang='grc' dir='ltr'><strong>κανόνι</strong></span> <span class='ocrx_word' id='word_1_489' title='bbox 1833 640 1898 669; x_wconf 87' lang='grc' dir='ltr'>παί-</span> 
     </span>
    </p>
   </div>
   <div class='ocr_carea' id='block_1_74' title="bbox 1114 684 1900 722">
    <p class='ocr_par' dir='ltr' id='par_1_74' title="bbox 1114 684 1900 722">
     <span class='ocr_line' id='line_1_74' title="bbox 1114 684 1900 722; baseline 0.003 -11"><span class='ocrx_word' id='word_1_490' title='bbox 1114 693 1188 718; x_wconf 85' lang='grc' dir='ltr'>γνιον</span> <span class='ocrx_word' id='word_1_491' title='bbox 1213 685 1384 717; x_wconf 77' lang='grc' dir='ltr'>ὑπελθόντας.</span> <span class='ocrx_word' id='word_1_492' title='bbox 1404 684 1458 713; x_wconf 84' lang='grc' dir='ltr'>Ἦν</span> <span class='ocrx_word' id='word_1_493' title='bbox 1486 686 1538 722; x_wconf 87' lang='grc' dir='ltr'>γὰρ</span> <span class='ocrx_word' id='word_1_494' title='bbox 1565 684 1639 717; x_wconf 81' lang='grc' dir='ltr'>οἶκος</span> <span class='ocrx_word' id='word_1_495' title='bbox 1662 685 1728 721; x_wconf 78' lang='grc' dir='ltr'>πρὸς</span> <span class='ocrx_word' id='word_1_496' title='bbox 1760 685 1900 713; x_wconf 79' lang='grc' dir='ltr'>θάλασσαν</span> 
     </span>
    </p>
   </div>
   <div class='ocr_carea' id='block_1_75' title="bbox 1112 729 1900 767">
    <p class='ocr_par' dir='ltr' id='par_1_75' title="bbox 1112 729 1900 767">
     <span class='ocr_line' id='line_1_75' title="bbox 1112 729 1900 767; baseline 0.005 -12"><span class='ocrx_word' id='word_1_497' title='bbox 1112 731 1310 765; x_wconf 78' lang='grc' dir='ltr'>τετραμμένος,</span> <span class='ocrx_word' id='word_1_498' title='bbox 1334 729 1368 767; x_wconf 82' lang='grc' dir='ltr'>ἧς</span> <span class='ocrx_word' id='word_1_499' title='bbox 1392 731 1466 767; x_wconf 80' lang='grc' dir='ltr'>παρὰ</span> <span class='ocrx_word' id='word_1_500' title='bbox 1481 731 1530 763; x_wconf 80' lang='grc' dir='ltr'>τὰς</span> <span class='ocrx_word' id='word_1_501' title='bbox 1546 731 1628 766; x_wconf 78' lang='grc' dir='ltr'>ὖχθας</span> <span class='ocrx_word' id='word_1_502' title='bbox 1653 731 1761 763; x_wconf 70' lang='grc' dir='ltr'>ἔπαιζον</span> <span class='ocrx_word' id='word_1_503' title='bbox 1778 734 1802 759; x_wconf 84' lang='grc' dir='ltr'>οἱ</span> <span class='ocrx_word' id='word_1_504' title='bbox 1821 732 1900 767; x_wconf 82' lang='grc' dir='ltr'>ἱερώ-</span> 
     </span>
    </p>
   </div>
   <div class='ocr_carea' id='block_1_76' title="bbox 1112 774 1900 812">
    <p class='ocr_par' dir='ltr' id='par_1_76' title="bbox 1112 774 1900 812">
     <span class='ocr_line' id='line_1_76' title="bbox 1112 774 1900 812; baseline 0.003 -10"><span class='ocrx_word' id='word_1_505' title='bbox 1112 784 1186 802; x_wconf 83' lang='grc' dir='ltr'>τατοι</span> <span class='ocrx_word' id='word_1_506' title='bbox 1212 776 1313 808; x_wconf 81' lang='grc' dir='ltr'>παῖδες,</span> <span class='ocrx_word' id='word_1_507' title='bbox 1329 777 1358 803; x_wconf 81' lang='grc' dir='ltr'>ἐν</span> <span class='ocrx_word' id='word_1_508' title='bbox 1372 774 1412 809; x_wconf 75' lang='grc' dir='ltr'>οἷς</span> <span class='ocrx_word' id='word_1_509' title='bbox 1435 775 1469 812; x_wconf 86' lang='grc' dir='ltr'>ἦν</span> <span class='ocrx_word' id='word_1_510' title='bbox 1492 777 1639 809; x_wconf 76' lang='grc' dir='ltr'>ἐπίσκοπος</span> <span class='ocrx_word' id='word_1_511' title='bbox 1658 777 1827 809; x_wconf 78' lang='grc' dir='ltr'>Ἀθανάσιος,</span> <span class='ocrx_word' id='word_1_512' title='bbox 1852 778 1900 805; x_wconf 83' lang='grc' dir='ltr'>καὶ</span> 
     </span>
    </p>
   </div>
   <div class='ocr_carea' id='block_1_77' title="bbox 1115 821 1899 858">
    <p class='ocr_par' dir='ltr' id='par_1_77' title="bbox 1115 821 1899 858">
     <span class='ocr_line' id='line_1_77' title="bbox 1115 821 1899 858; baseline 0.005 -12"><span class='ocrx_word' id='word_1_513' title='bbox 1115 821 1189 847; x_wconf 84' lang='grc' dir='ltr'>ἄλλοι</span> <span class='ocrx_word' id='word_1_514' title='bbox 1213 822 1356 857; x_wconf 80' lang='grc' dir='ltr'>συνήλυδες</span> <span class='ocrx_word' id='word_1_515' title='bbox 1379 822 1556 858; x_wconf 76' lang='grc' dir='ltr'>πρεσϐύτεροι</span> <span class='ocrx_word' id='word_1_516' title='bbox 1580 823 1626 849; x_wconf 74' lang='grc' dir='ltr'>καὶ</span> <span class='ocrx_word' id='word_1_517' title='bbox 1649 823 1782 855; x_wconf 61' lang='grc' dir='ltr'>διάκοωι,</span> <span class='ocrx_word' id='word_1_518' title='bbox 1803 823 1828 850; x_wconf 78' lang='grc' dir='ltr'>οἳ</span> <span class='ocrx_word' id='word_1_519' title='bbox 1851 832 1899 850; x_wconf 88' lang='grc' dir='ltr'><strong>και</strong></span> 
     </span>
    </p>
   </div>
   <div class='ocr_carea' id='block_1_78' title="bbox 1119 867 1899 905">
    <p class='ocr_par' dir='ltr' id='par_1_78' title="bbox 1119 867 1899 905">
     <span class='ocr_line' id='line_1_78' title="bbox 1119 867 1899 905; baseline 0.004 -12"><span class='ocrx_word' id='word_1_520' title='bbox 1119 867 1254 903; x_wconf 84' lang='grc' dir='ltr'>προσῆγον</span> <span class='ocrx_word' id='word_1_521' title='bbox 1266 868 1339 903; x_wconf 77' lang='grc' dir='ltr'>αὐτῷ</span> <span class='ocrx_word' id='word_1_522' title='bbox 1356 869 1452 901; x_wconf 82' lang='grc' dir='ltr'>παῖδας</span> <span class='ocrx_word' id='word_1_523' title='bbox 1469 869 1685 905; x_wconf 81' lang='grc' dir='ltr'>κατηχουμένους</span> <span class='ocrx_word' id='word_1_524' title='bbox 1700 871 1739 902; x_wconf 81' lang='grc' dir='ltr'><strong>είς</strong></span> <span class='ocrx_word' id='word_1_525' title='bbox 1754 870 1784 896; x_wconf 81' lang='grc' dir='ltr'><strong>τὸ</strong></span> <span class='ocrx_word' id='word_1_526' title='bbox 1799 870 1899 905; x_wconf 79' lang='grc' dir='ltr'>βαπτί-</span> 
     </span>
    </p>
   </div>
   <div class='ocr_carea' id='block_1_79' title="bbox 1117 913 1899 951">
    <p class='ocr_par' dir='ltr' id='par_1_79' title="bbox 1117 913 1899 951">
     <span class='ocr_line' id='line_1_79' title="bbox 1117 913 1899 951; baseline 0.005 -12"><span class='ocrx_word' id='word_1_527' title='bbox 1117 913 1184 945; x_wconf 80' lang='grc' dir='ltr'>ζειν,</span> <span class='ocrx_word' id='word_1_528' title='bbox 1198 913 1245 945; x_wconf 75' lang='grc' dir='ltr'><strong>οὓς</strong></span> <span class='ocrx_word' id='word_1_529' title='bbox 1267 914 1347 940; x_wconf 74' lang='grc' dir='ltr'>παντὶ</span> <span class='ocrx_word' id='word_1_530' title='bbox 1367 915 1441 951; x_wconf 81' lang='grc' dir='ltr'>τόπῳ</span> <span class='ocrx_word' id='word_1_531' title='bbox 1465 915 1579 951; x_wconf 82' lang='grc' dir='ltr'>[τρόπῳΙ</span> <span class='ocrx_word' id='word_1_532' title='bbox 1607 916 1824 951; x_wconf 75' lang='grc' dir='ltr'>ἐκκλησιαστικῷ</span> <span class='ocrx_word' id='word_1_533' title='bbox 1845 915 1899 951; x_wconf 80' lang='grc' dir='ltr'><strong>βα-</strong></span> 
     </span>
    </p>
   </div>
   <div class='ocr_carea' id='block_1_80' title="bbox 1117 959 1900 997">
    <p class='ocr_par' dir='ltr' id='par_1_80' title="bbox 1117 959 1900 997">
     <span class='ocr_line' id='line_1_80' title="bbox 1117 959 1900 997; baseline 0.004 -12"><span class='ocrx_word' id='word_1_534' title='bbox 1117 959 1232 991; x_wconf 83' lang='grc' dir='ltr'>πτίσας,</span> <span class='ocrx_word' id='word_1_535' title='bbox 1253 960 1376 986; x_wconf 86' lang='grc' dir='ltr'>ἐϐούλετο</span> <span class='ocrx_word' id='word_1_536' title='bbox 1396 961 1472 995; x_wconf 87' lang='grc' dir='ltr'>λόγον</span> <span class='ocrx_word' id='word_1_537' title='bbox 1498 962 1589 994; x_wconf 80' lang='grc' dir='ltr'>αὐτοῖς</span> <span class='ocrx_word' id='word_1_538' title='bbox 1612 961 1765 997; x_wconf 81' lang='grc' dir='ltr'>παρελθεῖν.</span> <span class='ocrx_word' id='word_1_539' title='bbox 1785 962 1900 994; x_wconf 83' lang='grc' dir='ltr'>Ἑκστὰς</span> 
     </span>
    </p>
   </div>
   <div class='ocr_carea' id='block_1_81' title="bbox 1116 1003 1900 1043">
    <p class='ocr_par' dir='ltr' id='par_1_81' title="bbox 1116 1003 1900 1043">
     <span class='ocr_line' id='line_1_81' title="bbox 1116 1003 1900 1043; baseline 0.003 -12"><span class='ocrx_word' id='word_1_540' title='bbox 1116 1003 1162 1031; x_wconf 79' lang='grc' dir='ltr'><strong>οὖν</strong></span> <span class='ocrx_word' id='word_1_541' title='bbox 1177 1006 1223 1032; x_wconf 75' lang='grc' dir='ltr'>ἐπὶ</span> <span class='ocrx_word' id='word_1_542' title='bbox 1237 1007 1292 1037; x_wconf 85' lang='grc' dir='ltr'>τοῖς</span> <span class='ocrx_word' id='word_1_543' title='bbox 1307 1006 1457 1041; x_wconf 85' lang='grc' dir='ltr'>γινομένοις</span> <span class='ocrx_word' id='word_1_544' title='bbox 1471 1009 1486 1034; x_wconf 83' lang='grc' dir='ltr'>ὁ</span> <span class='ocrx_word' id='word_1_545' title='bbox 1503 1007 1683 1043; x_wconf 79' lang='grc' dir='ltr'>Ἀλέξανδρος,</span> <span class='ocrx_word' id='word_1_546' title='bbox 1700 1007 1814 1041; x_wconf 85' lang='grc' dir='ltr'>ἄγεσθαι</span> <span class='ocrx_word' id='word_1_547' title='bbox 1830 1007 1900 1043; x_wconf 68' lang='grc' dir='ltr'>πρὸς</span> 
     </span>
    </p>
   </div>
   <div class='ocr_carea' id='block_1_82' title="bbox 1116 1049 1899 1086">
    <p class='ocr_par' dir='ltr' id='par_1_82' title="bbox 1116 1049 1899 1086">
     <span class='ocr_line' id='line_1_82' title="bbox 1116 1049 1899 1086; baseline 0.005 -11"><span class='ocrx_word' id='word_1_548' title='bbox 1116 1049 1196 1077; x_wconf 83' lang='grc' dir='ltr'>αὑτὸν</span> <span class='ocrx_word' id='word_1_549' title='bbox 1220 1050 1323 1077; x_wconf 77' lang='grc' dir='ltr'>κελεύει</span> <span class='ocrx_word' id='word_1_550' title='bbox 1345 1051 1408 1082; x_wconf 73' lang='grc' dir='ltr'><strong>1τοὺς</strong></span> <span class='ocrx_word' id='word_1_551' title='bbox 1434 1051 1544 1084; x_wconf 82' lang='grc' dir='ltr'>παῖδας·</span> <span class='ocrx_word' id='word_1_552' title='bbox 1570 1053 1616 1078; x_wconf 84' lang='grc' dir='ltr'>καὶ</span> <span class='ocrx_word' id='word_1_553' title='bbox 1638 1053 1765 1086; x_wconf 78' lang='grc' dir='ltr'>ἐπιγνοὺς</span> <span class='ocrx_word' id='word_1_554' title='bbox 1789 1053 1899 1083; x_wconf 71' lang='grc' dir='ltr'>ᾶπαντα</span> 
     </span>
    </p>
   </div>
   <div class='ocr_carea' id='block_1_83' title="bbox 1116 1095 1900 1134">
    <p class='ocr_par' dir='ltr' id='par_1_83' title="bbox 1116 1095 1900 1134">
     <span class='ocr_line' id='line_1_83' title="bbox 1116 1095 1900 1134; baseline 0.005 -13"><span class='ocrx_word' id='word_1_555' title='bbox 1116 1095 1165 1121; x_wconf 79' lang='grc' dir='ltr'><strong>ὅσα</strong></span> <span class='ocrx_word' id='word_1_556' title='bbox 1193 1095 1315 1130; x_wconf 86' lang='grc' dir='ltr'>ἐγένετο,</span> <span class='ocrx_word' id='word_1_557' title='bbox 1342 1096 1438 1133; x_wconf 82' lang='grc' dir='ltr'>γνώμῃ</span> <span class='ocrx_word' id='word_1_558' title='bbox 1463 1098 1516 1124; x_wconf 86' lang='grc' dir='ltr'>τῶν</span> <span class='ocrx_word' id='word_1_559' title='bbox 1543 1098 1732 1133; x_wconf 80' lang='grc' dir='ltr'>συγκληρικῶν</span> <span class='ocrx_word' id='word_1_560' title='bbox 1759 1099 1821 1130; x_wconf 78' lang='grc' dir='ltr'>τοὺς</span> <span class='ocrx_word' id='word_1_561' title='bbox 1848 1098 1900 1134; x_wconf 84' lang='grc' dir='ltr'>μὲν</span> 
     </span>
    </p>
   </div>
   <div class='ocr_carea' id='block_1_84' title="bbox 1117 1141 1900 1180">
    <p class='ocr_par' dir='ltr' id='par_1_84' title="bbox 1117 1141 1900 1180">
     <span class='ocr_line' id='line_1_84' title="bbox 1117 1141 1900 1180; baseline 0.006 -14"><span class='ocrx_word' id='word_1_562' title='bbox 1117 1141 1212 1173; x_wconf 76' lang='grc' dir='ltr'>παῖδας</span> <span class='ocrx_word' id='word_1_563' title='bbox 1237 1142 1299 1173; x_wconf 84' lang='grc' dir='ltr'>τοὺς</span> <span class='ocrx_word' id='word_1_564' title='bbox 1320 1142 1515 1179; x_wconf 81' lang='grc' dir='ltr'>βαπτισθέντας</span> <span class='ocrx_word' id='word_1_565' title='bbox 1538 1144 1693 1179; x_wconf 69' lang='grc' dir='ltr'>ἐπιχρίσας,</span> <span class='ocrx_word' id='word_1_566' title='bbox 1709 1145 1741 1180; x_wconf 80' lang='grc' dir='ltr'>τῇ</span> <span class='ocrx_word' id='word_1_567' title='bbox 1760 1145 1788 1170; x_wconf 88' lang='grc' dir='ltr'>ὲν</span> <span class='ocrx_word' id='word_1_568' title='bbox 1803 1145 1900 1180; x_wconf 81' lang='grc' dir='ltr'>Κυρίῳ</span> 
     </span>
    </p>
   </div>
   <div class='ocr_carea' id='block_1_85' title="bbox 1118 1188 1899 1226">
    <p class='ocr_par' dir='ltr' id='par_1_85' title="bbox 1118 1188 1899 1226">
     <span class='ocr_line' id='line_1_85' title="bbox 1118 1188 1899 1226; baseline 0.006 -13"><span class='ocrx_word' id='word_1_569' title='bbox 1118 1188 1243 1222; x_wconf 75' lang='grc' dir='ltr'>σφραγῖδι</span> <span class='ocrx_word' id='word_1_570' title='bbox 1258 1188 1395 1216; x_wconf 80' lang='grc' dir='ltr'>ἐτελείωσε</span> <span class='ocrx_word' id='word_1_571' title='bbox 1406 1198 1413 1204; x_wconf 72' lang='grc' dir='ltr'><strong>ο</strong></span> <span class='ocrx_word' id='word_1_572' title='bbox 1436 1191 1499 1221; x_wconf 81' lang='grc' dir='ltr'>τοὺς</span> <span class='ocrx_word' id='word_1_573' title='bbox 1514 1189 1541 1216; x_wconf 86' lang='grc' dir='ltr'><strong>δὲ</strong></span> <span class='ocrx_word' id='word_1_574' title='bbox 1557 1191 1740 1226; x_wconf 86' lang='grc' dir='ltr'>γεννήσαντας</span> <span class='ocrx_word' id='word_1_575' title='bbox 1753 1190 1798 1218; x_wconf 81' lang='grc' dir='ltr'>τὸν</span> <span class='ocrx_word' id='word_1_576' title='bbox 1817 1191 1899 1218; x_wconf 68' lang='grc' dir='ltr'>*Αθα-</span> 
     </span>
    </p>
   </div>
   <div class='ocr_carea' id='block_1_86' title="bbox 1116 1231 1899 1269">
    <p class='ocr_par' dir='ltr' id='par_1_86' title="bbox 1116 1231 1899 1269">
     <span class='ocr_line' id='line_1_86' title="bbox 1116 1231 1899 1269; baseline 0.006 -12"><span class='ocrx_word' id='word_1_577' title='bbox 1116 1231 1207 1258; x_wconf 79' lang='grc' dir='ltr'>νάσιον</span> <span class='ocrx_word' id='word_1_578' title='bbox 1222 1233 1399 1266; x_wconf 78' lang='grc' dir='ltr'>συγκαλέσας,</span> <span class='ocrx_word' id='word_1_579' title='bbox 1416 1233 1548 1269; x_wconf 78' lang='grc' dir='ltr'>παρέθετο</span> <span class='ocrx_word' id='word_1_580' title='bbox 1563 1234 1643 1262; x_wconf 77' lang='grc' dir='ltr'>αὑτὸν</span> <span class='ocrx_word' id='word_1_581' title='bbox 1656 1235 1756 1267; x_wconf 70' lang='grc' dir='ltr'>αὐτοῖς,</span> <span class='ocrx_word' id='word_1_582' title='bbox 1770 1235 1899 1268; x_wconf 81' lang='grc' dir='ltr'>κελεύσας</span> 
     </span>
    </p>
   </div>
   <div class='ocr_carea' id='block_1_87' title="bbox 1116 1276 1899 1317">
    <p class='ocr_par' dir='ltr' id='par_1_87' title="bbox 1116 1276 1899 1317">
     <span class='ocr_line' id='line_1_87' title="bbox 1116 1276 1899 1317; baseline 0.005 -14"><span class='ocrx_word' id='word_1_583' title='bbox 1116 1276 1258 1304; x_wconf 69' lang='grc' dir='ltr'>παιδεῦσαι</span> <span class='ocrx_word' id='word_1_584' title='bbox 1273 1278 1424 1314; x_wconf 79' lang='grc' dir='ltr'>γράμματα</span> <span class='ocrx_word' id='word_1_585' title='bbox 1445 1280 1536 1313; x_wconf 81' lang='grc' dir='ltr'>αὑτὸν,</span> <span class='ocrx_word' id='word_1_586' title='bbox 1553 1280 1600 1307; x_wconf 79' lang='grc' dir='ltr'>καὶ</span> <span class='ocrx_word' id='word_1_587' title='bbox 1619 1281 1648 1306; x_wconf 83' lang='grc' dir='ltr'><strong>ἐν</strong></span> <span class='ocrx_word' id='word_1_588' title='bbox 1663 1280 1700 1316; x_wconf 86' lang='grc' dir='ltr'><strong>(α)</strong></span> <span class='ocrx_word' id='word_1_589' title='bbox 1723 1281 1816 1316; x_wconf 83' lang='grc' dir='ltr'>Κυρίῳ</span> <span class='ocrx_word' id='word_1_590' title='bbox 1832 1289 1899 1317; x_wconf 82' lang='grc' dir='ltr'>προ-</span> 
     </span>
    </p>
   </div>
   <div class='ocr_carea' id='block_1_88' title="bbox 1116 1323 1898 1363">
    <p class='ocr_par' dir='ltr' id='par_1_88' title="bbox 1116 1323 1898 1363">
     <span class='ocr_line' id='line_1_88' title="bbox 1116 1323 1898 1363; baseline 0.006 -14"><span class='ocrx_word' id='word_1_591' title='bbox 1116 1323 1250 1355; x_wconf 70' lang='grc' dir='ltr'>ϐιϐάζειψ</span> <span class='ocrx_word' id='word_1_592' title='bbox 1266 1324 1375 1359; x_wconf 82' lang='grc' dir='ltr'>ἡϐῶντα</span> <span class='ocrx_word' id='word_1_593' title='bbox 1388 1325 1416 1351; x_wconf 85' lang='grc' dir='ltr'>δὲ</span> <span class='ocrx_word' id='word_1_594' title='bbox 1437 1325 1510 1360; x_wconf 81' lang='grc' dir='ltr'>αύτῷ</span> <span class='ocrx_word' id='word_1_595' title='bbox 1533 1325 1689 1357; x_wconf 81' lang='grc' dir='ltr'>ἀποδοῦναι,</span> <span class='ocrx_word' id='word_1_596' title='bbox 1706 1326 1804 1361; x_wconf 83' lang='grc' dir='ltr'>μᾶλλον</span> <span class='ocrx_word' id='word_1_597' title='bbox 1820 1327 1848 1353; x_wconf 82' lang='grc' dir='ltr'>δὲ</span> <span class='ocrx_word' id='word_1_598' title='bbox 1863 1329 1898 1363; x_wconf 81' lang='grc' dir='ltr'>τῇ</span> 
     </span>
    </p>
   </div>
   <div class='ocr_carea' id='block_1_89' title="bbox 1122 1367 1899 1407">
    <p class='ocr_par' dir='ltr' id='par_1_89' title="bbox 1122 1367 1899 1407">
     <span class='ocr_line' id='line_1_89' title="bbox 1122 1367 1899 1407; baseline 0.008 -14"><span class='ocrx_word' id='word_1_599' title='bbox 1122 1367 1283 1403; x_wconf 73' lang='grc' dir='ltr'>Ἐκκλησία,</span> <span class='ocrx_word' id='word_1_600' title='bbox 1304 1368 1341 1400; x_wconf 87' lang='grc' dir='ltr'>ὡς</span> <span class='ocrx_word' id='word_1_601' title='bbox 1364 1370 1489 1404; x_wconf 84' lang='grc' dir='ltr'>ἡ¹¹Αννα,</span> <span class='ocrx_word' id='word_1_602' title='bbox 1515 1371 1598 1406; x_wconf 73' lang='grc' dir='ltr'>φησὶ,</span> <span class='ocrx_word' id='word_1_603' title='bbox 1623 1372 1668 1398; x_wconf 73' lang='grc' dir='ltr'><strong>τὸν</strong></span> <span class='ocrx_word' id='word_1_604' title='bbox 1684 1372 1809 1407; x_wconf 80' lang='grc' dir='ltr'>Σαμουὴλ</span> <span class='ocrx_word' id='word_1_605' title='bbox 1825 1372 1899 1399; x_wconf 84' lang='grc' dir='ltr'>ἐποί-</span> 
     </span>
    </p>
   </div>
   <div class='ocr_carea' id='block_1_90' title="bbox 1115 1413 1901 1454">
    <p class='ocr_par' dir='ltr' id='par_1_90' title="bbox 1115 1413 1901 1454">
     <span class='ocr_line' id='line_1_90' title="bbox 1115 1413 1901 1454; baseline 0.008 -15"><span class='ocrx_word' id='word_1_606' title='bbox 1115 1421 1190 1448; x_wconf 84' lang='grc' dir='ltr'>ησεν.</span> <span class='ocrx_word' id='word_1_607' title='bbox 1206 1413 1359 1449; x_wconf 79' lang='grc' dir='ltr'>Προϐάντος</span> <span class='ocrx_word' id='word_1_608' title='bbox 1375 1413 1420 1441; x_wconf 77' lang='grc' dir='ltr'><strong>οὖν</strong></span> <span class='ocrx_word' id='word_1_609' title='bbox 1440 1415 1487 1442; x_wconf 81' lang='grc' dir='ltr'>τοῦ</span> <span class='ocrx_word' id='word_1_610' title='bbox 1503 1415 1611 1451; x_wconf 78' lang='grc' dir='ltr'>καιροῦ,</span> <span class='ocrx_word' id='word_1_611' title='bbox 1629 1418 1652 1443; x_wconf 79' lang='lat' dir='ltr'><strong>oi</strong></span> <span class='ocrx_word' id='word_1_612' title='bbox 1674 1419 1759 1451; x_wconf 84' lang='grc' dir='ltr'>γονεῖς</span> <span class='ocrx_word' id='word_1_613' title='bbox 1781 1418 1901 1454; x_wconf 78' lang='grc' dir='ltr'>προσφέ-</span> 
     </span>
    </p>
   </div>
   <div class='ocr_carea' id='block_1_91' title="bbox 1118 1459 1900 1496">
    <p class='ocr_par' dir='ltr' id='par_1_91' title="bbox 1118 1459 1900 1496">
     <span class='ocr_line' id='line_1_91' title="bbox 1118 1459 1900 1496; baseline 0.008 -11"><span class='ocrx_word' id='word_1_614' title='bbox 1118 1467 1207 1493; x_wconf 85' lang='grc' dir='ltr'>ρουσιν</span> <span class='ocrx_word' id='word_1_615' title='bbox 1230 1459 1304 1495; x_wconf 79' lang='grc' dir='ltr'>αὑτῷ</span> <span class='ocrx_word' id='word_1_616' title='bbox 1324 1461 1370 1487; x_wconf 82' lang='grc' dir='ltr'><strong>τὸν</strong></span> <span class='ocrx_word' id='word_1_617' title='bbox 1396 1461 1560 1495; x_wconf 77' lang='grc' dir='ltr'>Ἀθανάσιον,</span> <span class='ocrx_word' id='word_1_618' title='bbox 1580 1463 1626 1489; x_wconf 76' lang='grc' dir='ltr'>καὶ</span> <span class='ocrx_word' id='word_1_619' title='bbox 1647 1463 1726 1495; x_wconf 77' lang='grc' dir='ltr'>εὐθὺς</span> <span class='ocrx_word' id='word_1_620' title='bbox 1742 1465 1756 1490; x_wconf 81' lang='grc' dir='ltr'>ὁ</span> <span class='ocrx_word' id='word_1_621' title='bbox 1778 1463 1900 1496; x_wconf 77' lang='grc' dir='ltr'>Ἀλέξαν-</span> 
     </span>
    </p>
   </div>
   <div class='ocr_carea' id='block_1_92' title="bbox 1114 1504 1899 1545">
    <p class='ocr_par' dir='ltr' id='par_1_92' title="bbox 1114 1504 1899 1545">
     <span class='ocr_line' id='line_1_92' title="bbox 1114 1504 1899 1545; baseline 0.009 -15"><span class='ocrx_word' id='word_1_622' title='bbox 1114 1504 1174 1540; x_wconf 84' lang='grc' dir='ltr'>δρος</span> <span class='ocrx_word' id='word_1_623' title='bbox 1188 1505 1218 1531; x_wconf 80' lang='grc' dir='ltr'>τὸ</span> <span class='ocrx_word' id='word_1_624' title='bbox 1235 1506 1370 1541; x_wconf 70' lang='grc' dir='ltr'>ἱερατικὸν</span> <span class='ocrx_word' id='word_1_625' title='bbox 1387 1507 1461 1542; x_wconf 83' lang='grc' dir='ltr'><strong>αὺτῷ</strong></span> <span class='ocrx_word' id='word_1_626' title='bbox 1484 1508 1565 1542; x_wconf 69' lang='grc' dir='ltr'>ἐφοὺδ</span> <span class='ocrx_word' id='word_1_627' title='bbox 1580 1509 1750 1545; x_wconf 82' lang='grc' dir='ltr'>περιτίθησι,</span> <span class='ocrx_word' id='word_1_628' title='bbox 1773 1510 1831 1537; x_wconf 88' lang='grc' dir='ltr'>νέον</span> <span class='ocrx_word' id='word_1_629' title='bbox 1849 1511 1899 1536; x_wconf 83' lang='grc' dir='ltr'>Σα-</span> 
     </span>
    </p>
   </div>
   <div class='ocr_carea' id='block_1_93' title="bbox 1117 1551 1900 1590">
    <p class='ocr_par' dir='ltr' id='par_1_93' title="bbox 1117 1551 1900 1590">
     <span class='ocr_line' id='line_1_93' title="bbox 1117 1551 1900 1590; baseline 0.009 -14"><span class='ocrx_word' id='word_1_630' title='bbox 1117 1551 1203 1586; x_wconf 85' lang='grc' dir='ltr'>μουὴλ</span> <span class='ocrx_word' id='word_1_631' title='bbox 1222 1553 1255 1587; x_wconf 85' lang='grc' dir='ltr'>τῇ</span> <span class='ocrx_word' id='word_1_632' title='bbox 1284 1552 1429 1588; x_wconf 61' lang='grc' dir='ltr'>Ἐκκλησία</span> <span class='ocrx_word' id='word_1_633' title='bbox 1456 1554 1628 1589; x_wconf 78' lang='grc' dir='ltr'>προϐιϐἀζων</span> <span class='ocrx_word' id='word_1_634' title='bbox 1654 1556 1694 1587; x_wconf 79' lang='grc' dir='ltr'>εἰς</span> <span class='ocrx_word' id='word_1_635' title='bbox 1720 1555 1826 1590; x_wconf 78' lang='grc' dir='ltr'>ἄμυναν</span> <span class='ocrx_word' id='word_1_636' title='bbox 1844 1557 1900 1583; x_wconf 81' lang='grc' dir='ltr'><strong>τῶν</strong></span> 
     </span>
    </p>
   </div>
   <div class='ocr_carea' id='block_1_94' title="bbox 1115 1597 1900 1638">
    <p class='ocr_par' dir='ltr' id='par_1_94' title="bbox 1115 1597 1900 1638">
     <span class='ocr_line' id='line_1_94' title="bbox 1115 1597 1900 1638; baseline 0.008 -14"><span class='ocrx_word' id='word_1_637' title='bbox 1115 1597 1280 1632; x_wconf 73' lang='grc' dir='ltr'>ἀλλοφύλων.</span> <span class='ocrx_word' id='word_1_638' title='bbox 1295 1599 1350 1625; x_wconf 82' lang='grc' dir='ltr'>Καὶ</span> <span class='ocrx_word' id='word_1_639' title='bbox 1366 1599 1419 1634; x_wconf 84' lang='grc' dir='ltr'>γὰρ</span> <span class='ocrx_word' id='word_1_640' title='bbox 1435 1600 1546 1633; x_wconf 83' lang='grc' dir='ltr'>πολλοὺς</span> <span class='ocrx_word' id='word_1_641' title='bbox 1560 1601 1667 1636; x_wconf 80' lang='grc' dir='ltr'>ἀγῶνας</span> <span class='ocrx_word' id='word_1_642' title='bbox 1684 1603 1828 1638; x_wconf 80' lang='grc' dir='ltr'>ὑπέμεινεν</span> <span class='ocrx_word' id='word_1_643' title='bbox 1845 1604 1900 1630; x_wconf 79' lang='grc' dir='ltr'><strong>ἀπὸ</strong></span> 
     </span>
    </p>
   </div>
   <div class='ocr_carea' id='block_1_95' title="bbox 1115 1642 1900 1685">
    <p class='ocr_par' dir='ltr' id='par_1_95' title="bbox 1115 1642 1900 1685">
     <span class='ocr_line' id='line_1_95' title="bbox 1115 1642 1900 1685; baseline 0.01 -17"><span class='ocrx_word' id='word_1_644' title='bbox 1115 1642 1170 1668; x_wconf 83' lang='grc' dir='ltr'><strong>τῶν</strong></span> <span class='ocrx_word' id='word_1_645' title='bbox 1185 1643 1315 1679; x_wconf 78' lang='grc' dir='ltr'>αἱρέσεων</span> <span class='ocrx_word' id='word_1_646' title='bbox 1325 1652 1332 1659; x_wconf 73' lang='grc' dir='ltr'><strong><em>ο</em></strong></span> <span class='ocrx_word' id='word_1_647' title='bbox 1349 1643 1418 1671; x_wconf 79' lang='grc' dir='ltr'>ὥστε</span> <span class='ocrx_word' id='word_1_648' title='bbox 1431 1646 1478 1671; x_wconf 73' lang='grc' dir='ltr'><strong>καὶ</strong></span> <span class='ocrx_word' id='word_1_649' title='bbox 1491 1647 1530 1678; x_wconf 79' lang='grc' dir='ltr'>εἰς</span> <span class='ocrx_word' id='word_1_650' title='bbox 1545 1647 1626 1674; x_wconf 82' lang='grc' dir='ltr'>αὐτὸν</span> <span class='ocrx_word' id='word_1_651' title='bbox 1637 1648 1722 1675; x_wconf 78' lang='grc' dir='ltr'>εἰπεῖν</span> <span class='ocrx_word' id='word_1_652' title='bbox 1740 1649 1784 1675; x_wconf 77' lang='grc' dir='ltr'>τὸν</span> <span class='ocrx_word' id='word_1_653' title='bbox 1799 1649 1900 1685; x_wconf 79' lang='grc' dir='ltr'>Κύριον</span> 
     </span>
    </p>
   </div>
   <div class='ocr_carea' id='block_1_96' title="bbox 1115 1688 1900 1727">
    <p class='ocr_par' dir='ltr' id='par_1_96' title="bbox 1115 1688 1900 1727">
     <span class='ocr_line' id='line_1_96' title="bbox 1115 1688 1900 1727; baseline 0.01 -13"><span class='ocrx_word' id='word_1_654' title='bbox 1115 1688 1210 1724; x_wconf 78' lang='grc' dir='ltr'>ἡμῶνο</span> <span class='ocrx_word' id='word_1_655' title='bbox 1230 1698 1239 1714; x_wconf 80' lang='grc' dir='ltr'><strong>ι</strong></span> <span class='ocrx_word' id='word_1_656' title='bbox 1260 1689 1329 1724; x_wconf 82' lang='grc' dir='ltr'><strong>Ἐγὼ</strong></span> <span class='ocrx_word' id='word_1_657' title='bbox 1352 1691 1406 1726; x_wconf 78' lang='grc' dir='ltr'>γὰρ</span> <span class='ocrx_word' id='word_1_658' title='bbox 1425 1692 1497 1727; x_wconf 85' lang='grc' dir='ltr'>αὐτῷ</span> <span class='ocrx_word' id='word_1_659' title='bbox 1519 1693 1660 1726; x_wconf 82' lang='grc' dir='ltr'>ὑποδείξω,</span> <span class='ocrx_word' id='word_1_660' title='bbox 1684 1694 1734 1720; x_wconf 80' lang='grc' dir='ltr'>ὅσα.</span> <span class='ocrx_word' id='word_1_661' title='bbox 1758 1694 1798 1722; x_wconf 85' lang='grc' dir='ltr'>δεῖ</span> <span class='ocrx_word' id='word_1_662' title='bbox 1819 1696 1900 1722; x_wconf 78' lang='grc' dir='ltr'>αὑτὸν</span> 
     </span>
    </p>
   </div>
   <div class='ocr_carea' id='block_1_97' title="bbox 1116 1734 1901 1777">
    <p class='ocr_par' dir='ltr' id='par_1_97' title="bbox 1116 1734 1901 1777">
     <span class='ocr_line' id='line_1_97' title="bbox 1116 1734 1901 1777; baseline 0.01 -17"><span class='ocrx_word' id='word_1_663' title='bbox 1116 1734 1186 1770; x_wconf 76' lang='grc' dir='ltr'>ὑπὲρ</span> <span class='ocrx_word' id='word_1_664' title='bbox 1199 1734 1244 1761; x_wconf 80' lang='grc' dir='ltr'>τοῦ</span> <span class='ocrx_word' id='word_1_665' title='bbox 1268 1735 1396 1771; x_wconf 79' lang='grc' dir='ltr'>ὀνόματός</span> <span class='ocrx_word' id='word_1_666' title='bbox 1410 1746 1460 1772; x_wconf 88' lang='grc' dir='ltr'><strong>μου</strong></span> <span class='ocrx_word' id='word_1_667' title='bbox 1478 1738 1604 1766; x_wconf 69' lang='grc' dir='ltr'>παθεῖν.»</span> <span class='ocrx_word' id='word_1_668' title='bbox 1623 1740 1684 1766; x_wconf 87' lang='grc' dir='ltr'>Ὅτι</span> <span class='ocrx_word' id='word_1_669' title='bbox 1705 1741 1752 1767; x_wconf 81' lang='grc' dir='ltr'><strong>καὶ</strong></span> <span class='ocrx_word' id='word_1_670' title='bbox 1777 1741 1901 1777; x_wconf 83' lang='grc' dir='ltr'>συνωμό-</span> 
     </span>
    </p>
   </div>
   <div class='ocr_carea' id='block_1_98' title="bbox 1117 1781 1900 1820">
    <p class='ocr_par' dir='ltr' id='par_1_98' title="bbox 1117 1781 1900 1820">
     <span class='ocr_line' id='line_1_98' title="bbox 1117 1781 1900 1820; baseline 0.009 -13"><span class='ocrx_word' id='word_1_671' title='bbox 1117 1789 1173 1808; x_wconf 87' lang='grc' dir='ltr'>σιον</span> <span class='ocrx_word' id='word_1_672' title='bbox 1187 1781 1224 1816; x_wconf 72' lang='grc' dir='ltr'><strong>(ὁ)</strong></span> <span class='ocrx_word' id='word_1_673' title='bbox 1237 1782 1267 1808; x_wconf 82' lang='grc' dir='ltr'><strong>οὐ</strong></span> <span class='ocrx_word' id='word_1_674' title='bbox 1281 1783 1483 1818; x_wconf 76' lang='grc' dir='ltr'>τεσσαράκοντα</span> <span class='ocrx_word' id='word_1_675' title='bbox 1499 1785 1593 1820; x_wconf 78' lang='grc' dir='ltr'>ἄνδρες</span> <span class='ocrx_word' id='word_1_676' title='bbox 1607 1787 1666 1813; x_wconf 83' lang='grc' dir='ltr'>κατ’</span> <span class='ocrx_word' id='word_1_677' title='bbox 1678 1786 1760 1813; x_wconf 81' lang='grc' dir='ltr'>αὑτοῦ</span> <span class='ocrx_word' id='word_1_678' title='bbox 1779 1787 1900 1819; x_wconf 85' lang='grc' dir='ltr'>ἐποίουν,</span> 
     </span>
    </p>
   </div>
   <div class='ocr_carea' id='block_1_99' title="bbox 1115 1827 1901 1868">
    <p class='ocr_par' dir='ltr' id='par_1_99' title="bbox 1115 1827 1901 1868">
     <span class='ocr_line' id='line_1_99' title="bbox 1115 1827 1901 1868; baseline 0.009 -15"><span class='ocrx_word' id='word_1_679' title='bbox 1115 1827 1183 1854; x_wconf 80' lang='grc' dir='ltr'>ἀλλὰ</span> <span class='ocrx_word' id='word_1_680' title='bbox 1198 1828 1252 1854; x_wconf 81' lang='grc' dir='ltr'>πᾶν</span> <span class='ocrx_word' id='word_1_681' title='bbox 1265 1828 1295 1854; x_wconf 77' lang='grc' dir='ltr'>τὸ</span> <span class='ocrx_word' id='word_1_682' title='bbox 1309 1829 1410 1864; x_wconf 81' lang='grc' dir='ltr'>πλῆθος</span> <span class='ocrx_word' id='word_1_683' title='bbox 1422 1832 1471 1865; x_wconf 81' lang='grc' dir='ltr'><strong>τῆς</strong></span> <span class='ocrx_word' id='word_1_684' title='bbox 1487 1831 1618 1866; x_wconf 75' lang='grc' dir='ltr'>αἱρέσεως</span> <span class='ocrx_word' id='word_1_685' title='bbox 1633 1831 1664 1858; x_wconf 81' lang='grc' dir='ltr'>τὸ</span> <span class='ocrx_word' id='word_1_686' title='bbox 1679 1831 1730 1859; x_wconf 73' lang='grc' dir='ltr'><strong>ἀνὰ</strong></span> <span class='ocrx_word' id='word_1_687' title='bbox 1748 1833 1838 1859; x_wconf 75' lang='grc' dir='ltr'>πᾶσαν</span> <span class='ocrx_word' id='word_1_688' title='bbox 1851 1833 1901 1868; x_wconf 79' lang='grc' dir='ltr'><strong>τὴν</strong></span> 
     </span>
    </p>
   </div>
   <div class='ocr_carea' id='block_1_100' title="bbox 1115 1874 1901 1913">
    <p class='ocr_par' dir='ltr' id='par_1_100' title="bbox 1115 1874 1901 1913">
     <span class='ocr_line' id='line_1_100' title="bbox 1115 1874 1901 1913; baseline 0.009 -14"><span class='ocrx_word' id='word_1_689' title='bbox 1115 1874 1287 1910; x_wconf 75' lang='grc' dir='ltr'>οἰκουμένην,</span> <span class='ocrx_word' id='word_1_690' title='bbox 1308 1874 1355 1902; x_wconf 81' lang='grc' dir='ltr'>τοῦ</span> <span class='ocrx_word' id='word_1_691' title='bbox 1384 1876 1542 1904; x_wconf 82' lang='grc' dir='ltr'>Ἀθανασίου</span> <span class='ocrx_word' id='word_1_692' title='bbox 1569 1878 1636 1912; x_wconf 83' lang='grc' dir='ltr'>μετὰ</span> <span class='ocrx_word' id='word_1_693' title='bbox 1661 1877 1708 1904; x_wconf 81' lang='grc' dir='ltr'>τοῦ</span> <span class='ocrx_word' id='word_1_694' title='bbox 1730 1878 1812 1905; x_wconf 78' lang='grc' dir='ltr'>Δαυῒδ</span> <span class='ocrx_word' id='word_1_695' title='bbox 1833 1879 1901 1913; x_wconf 73' lang='grc' dir='ltr'>ψαλ-</span> 
     </span>
    </p>
   </div>
   <div class='ocr_carea' id='block_1_101' title="bbox 1116 1919 1901 1959">
    <p class='ocr_par' dir='ltr' id='par_1_101' title="bbox 1116 1919 1901 1959">
     <span class='ocr_line' id='line_1_101' title="bbox 1116 1919 1901 1959; baseline 0.005 -13"><span class='ocrx_word' id='word_1_696' title='bbox 1116 1919 1206 1951; x_wconf 82' lang='grc' dir='ltr'>λοντος</span> <span class='ocrx_word' id='word_1_697' title='bbox 1216 1929 1223 1935; x_wconf 91' lang='grc'><strong>·</strong></span> <span class='ocrx_word' id='word_1_698' title='bbox 1245 1929 1254 1946; x_wconf 82' lang='grc' dir='ltr'><strong>ι</strong></span> <span class='ocrx_word' id='word_1_699' title='bbox 1276 1921 1338 1948; x_wconf 79' lang='grc' dir='ltr'><strong>Ἐὰν</strong></span> <span class='ocrx_word' id='word_1_700' title='bbox 1352 1922 1541 1957; x_wconf 82' lang='grc' dir='ltr'>παρατάξηται</span> <span class='ocrx_word' id='word_1_701' title='bbox 1555 1923 1598 1949; x_wconf 82' lang='grc' dir='ltr'>ἐπ’</span> <span class='ocrx_word' id='word_1_702' title='bbox 1613 1922 1662 1958; x_wconf 80' lang='grc' dir='ltr'><strong>ἐμὲ</strong></span> <span class='ocrx_word' id='word_1_703' title='bbox 1682 1923 1852 1959; x_wconf 75' lang='grc' dir='ltr'>παρεμϐολὴ,</span> <span class='ocrx_word' id='word_1_704' title='bbox 1869 1925 1901 1950; x_wconf 82' lang='grc' dir='ltr'><strong>οὐ</strong></span> 
     </span>
    </p>
   </div>
   <div class='ocr_carea' id='block_1_102' title="bbox 1117 1965 1902 2004">
    <p class='ocr_par' dir='ltr' id='par_1_102' title="bbox 1117 1965 1902 2004">
     <span class='ocr_line' id='line_1_102' title="bbox 1117 1965 1902 2004; baseline 0.005 -13"><span class='ocrx_word' id='word_1_705' title='bbox 1117 1965 1332 2002; x_wconf 77' lang='grc' dir='ltr'>φοϐηθήσεταιὴ</span> <span class='ocrx_word' id='word_1_706' title='bbox 1353 1967 1450 2002; x_wconf 78' lang='grc' dir='ltr'>καρδία</span> <span class='ocrx_word' id='word_1_707' title='bbox 1472 1976 1540 2002; x_wconf 81' lang='grc' dir='ltr'>μου’</span> <span class='ocrx_word' id='word_1_708' title='bbox 1556 1969 1602 1995; x_wconf 77' lang='grc' dir='ltr'><strong>καὶ</strong></span> <span class='ocrx_word' id='word_1_709' title='bbox 1624 1968 1672 1995; x_wconf 83' lang='grc' dir='ltr'>ἐὰν</span> <span class='ocrx_word' id='word_1_710' title='bbox 1697 1969 1834 2004; x_wconf 79' lang='grc' dir='ltr'>ἐπαναστῇ</span> <span class='ocrx_word' id='word_1_711' title='bbox 1856 1970 1902 1996; x_wconf 74' lang='grc' dir='ltr'>ἐπ’</span> 
     </span>
    </p>
   </div>
   <div class='ocr_carea' id='block_1_103' title="bbox 1116 2012 1901 2050">
    <p class='ocr_par' dir='ltr' id='par_1_103' title="bbox 1116 2012 1901 2050">
     <span class='ocr_line' id='line_1_103' title="bbox 1116 2012 1901 2050; baseline 0.003 -11"><span class='ocrx_word' id='word_1_712' title='bbox 1116 2013 1166 2048; x_wconf 77' lang='grc' dir='ltr'><strong>ἐμὲ</strong></span> <span class='ocrx_word' id='word_1_713' title='bbox 1183 2012 1311 2047; x_wconf 85' lang='grc' dir='ltr'>πόλεμος,</span> <span class='ocrx_word' id='word_1_714' title='bbox 1324 2014 1352 2040; x_wconf 82' lang='grc' dir='ltr'><strong>ὲν</strong></span> <span class='ocrx_word' id='word_1_715' title='bbox 1368 2014 1452 2049; x_wconf 87' lang='grc' dir='ltr'>ταύτῃ</span> <span class='ocrx_word' id='word_1_716' title='bbox 1466 2014 1521 2048; x_wconf 86' lang='grc' dir='ltr'>ἐγὼ</span> <span class='ocrx_word' id='word_1_717' title='bbox 1534 2014 1644 2047; x_wconf 76' lang='grc' dir='ltr'>ἐλπίζω,</span> <span class='ocrx_word' id='word_1_718' title='bbox 1657 2024 1666 2040; x_wconf 75' lang='grc' dir='ltr'><strong>ι</strong></span> <span class='ocrx_word' id='word_1_719' title='bbox 1684 2015 1813 2048; x_wconf 71' lang='grc' dir='ltr'>στέφανον</span> <span class='ocrx_word' id='word_1_720' title='bbox 1824 2015 1901 2050; x_wconf 83' lang='grc' dir='ltr'>νίκης</span> 
     </span>
    </p>
   </div>
   <div class='ocr_carea' id='block_1_104' title="bbox 1118 2059 1902 2096">
    <p class='ocr_par' dir='ltr' id='par_1_104' title="bbox 1118 2059 1902 2096">
     <span class='ocr_line' id='line_1_104' title="bbox 1118 2059 1902 2096; baseline 0.003 -11"><span class='ocrx_word' id='word_1_721' title='bbox 1118 2059 1277 2094; x_wconf 83' lang='grc' dir='ltr'>περιθέσθαι</span> <span class='ocrx_word' id='word_1_722' title='bbox 1291 2059 1402 2095; x_wconf 84' lang='grc' dir='ltr'>δηλαδή.</span> <span class='ocrx_word' id='word_1_723' title='bbox 1420 2060 1527 2095; x_wconf 79' lang='grc' dir='ltr'>Ἐπειδὴ</span> <span class='ocrx_word' id='word_1_724' title='bbox 1545 2059 1592 2087; x_wconf 84' lang='grc' dir='ltr'>οὖν</span> <span class='ocrx_word' id='word_1_725' title='bbox 1610 2060 1645 2087; x_wconf 85' lang='grc' dir='ltr'>τὰ</span> <span class='ocrx_word' id='word_1_726' title='bbox 1660 2060 1745 2087; x_wconf 82' lang='grc' dir='ltr'>πολλὰ</span> <span class='ocrx_word' id='word_1_727' title='bbox 1762 2060 1816 2087; x_wconf 84' lang='grc' dir='ltr'><strong>τῶν</strong></span> <span class='ocrx_word' id='word_1_728' title='bbox 1831 2069 1902 2096; x_wconf 83' lang='grc' dir='ltr'>συμ-</span> 
     </span>
    </p>
   </div>
   <div class='ocr_carea' id='block_1_105' title="bbox 1118 2105 1903 2142">
    <p class='ocr_par' dir='ltr' id='par_1_105' title="bbox 1118 2105 1903 2142">
     <span class='ocr_line' id='line_1_105' title="bbox 1118 2105 1903 2142; baseline 0.005 -11"><span class='ocrx_word' id='word_1_729' title='bbox 1118 2105 1221 2131; x_wconf 80' lang='grc' dir='ltr'>ϐάντων</span> <span class='ocrx_word' id='word_1_730' title='bbox 1246 2105 1319 2140; x_wconf 78' lang='grc' dir='ltr'>αὐτῷ</span> <span class='ocrx_word' id='word_1_731' title='bbox 1351 2105 1485 2132; x_wconf 84' lang='grc' dir='ltr'>διευθῠναι</span> <span class='ocrx_word' id='word_1_732' title='bbox 1513 2106 1693 2142; x_wconf 79' lang='grc' dir='ltr'>διεταξάμην·</span> <span class='ocrx_word' id='word_1_733' title='bbox 1721 2107 1822 2142; x_wconf 79' lang='grc' dir='ltr'>ἄπειρα</span> <span class='ocrx_word' id='word_1_734' title='bbox 1847 2108 1903 2142; x_wconf 76' lang='grc' dir='ltr'>γὰρ</span> 
     </span>
    </p>
   </div>
   <div class='ocr_carea' id='block_1_106' title="bbox 1118 2150 1903 2189">
    <p class='ocr_par' dir='ltr' id='par_1_106' title="bbox 1118 2150 1903 2189">
     <span class='ocr_line' id='line_1_106' title="bbox 1118 2150 1903 2189; baseline 0.003 -12"><span class='ocrx_word' id='word_1_735' title='bbox 1118 2150 1220 2186; x_wconf 82' lang='grc' dir='ltr'>ὑπέστη</span> <span class='ocrx_word' id='word_1_736' title='bbox 1237 2150 1415 2186; x_wconf 85' lang='grc' dir='ltr'>διωκόμενος-</span> <span class='ocrx_word' id='word_1_737' title='bbox 1433 2153 1493 2183; x_wconf 76' lang='grc' dir='ltr'>ταῖς</span> <span class='ocrx_word' id='word_1_738' title='bbox 1510 2152 1722 2188; x_wconf 83' lang='grc' dir='ltr'>ἐπισημοτέραις</span> <span class='ocrx_word' id='word_1_739' title='bbox 1736 2153 1819 2179; x_wconf 79' lang='grc' dir='ltr'>αὑτοῦ</span> <span class='ocrx_word' id='word_1_740' title='bbox 1836 2153 1903 2189; x_wconf 78' lang='grc' dir='ltr'>πρά-</span> 
     </span>
    </p>
   </div>
   <div class='ocr_carea' id='block_1_107' title="bbox 1114 2195 1903 2234">
    <p class='ocr_par' dir='ltr' id='par_1_107' title="bbox 1114 2195 1903 2234">
     <span class='ocr_line' id='line_1_107' title="bbox 1114 2195 1903 2234; baseline 0.006 -13"><span class='ocrx_word' id='word_1_741' title='bbox 1114 2196 1187 2229; x_wconf 80' lang='grc' dir='ltr'>ξεσιν</span> <span class='ocrx_word' id='word_1_742' title='bbox 1208 2195 1442 2232; x_wconf 78' lang='grc' dir='ltr'>ἀρκεσθησώμεθα</span> <span class='ocrx_word' id='word_1_743' title='bbox 1465 2197 1515 2230; x_wconf 78' lang='grc' dir='ltr'>(ε),</span> <span class='ocrx_word' id='word_1_744' title='bbox 1538 2198 1565 2224; x_wconf 86' lang='grc' dir='ltr'>αἳ</span> <span class='ocrx_word' id='word_1_745' title='bbox 1593 2199 1638 2225; x_wconf 66' lang='grc' dir='ltr'><strong>καὶ¹</strong></span> <span class='ocrx_word' id='word_1_746' title='bbox 1662 2198 1735 2234; x_wconf 84' lang='grc' dir='ltr'>παρὰ</span> <span class='ocrx_word' id='word_1_747' title='bbox 1757 2200 1823 2227; x_wconf 78' lang='grc' dir='ltr'>πᾶσι</span> <span class='ocrx_word' id='word_1_748' title='bbox 1845 2201 1903 2231; x_wconf 87' lang='grc' dir='ltr'>τοῖς</span> 
     </span>
    </p>
   </div>
   <div class='ocr_carea' id='block_1_108' title="bbox 1115 2242 1903 2280">
    <p class='ocr_par' dir='ltr' id='par_1_108' title="bbox 1115 2242 1903 2280">
     <span class='ocr_line' id='line_1_108' title="bbox 1115 2242 1903 2280; baseline 0.003 -10"><span class='ocrx_word' id='word_1_749' title='bbox 1115 2242 1264 2278; x_wconf 85' lang='grc' dir='ltr'>γνωρίμοις</span> <span class='ocrx_word' id='word_1_750' title='bbox 1286 2243 1333 2269; x_wconf 83' lang='grc' dir='ltr'><strong>τοῦ</strong></span> <span class='ocrx_word' id='word_1_751' title='bbox 1354 2243 1450 2278; x_wconf 74' lang='grc' dir='ltr'>ἀνδρὸς</span> <span class='ocrx_word' id='word_1_752' title='bbox 1475 2243 1593 2278; x_wconf 80' lang='grc' dir='ltr'>ᾅδονται.</span> <span class='ocrx_word' id='word_1_753' title='bbox 1613 2244 1715 2280; x_wconf 83' lang='grc' dir='ltr'>Ἀρείου</span> <span class='ocrx_word' id='word_1_754' title='bbox 1739 2245 1829 2272; x_wconf 86' lang='grc' dir='ltr'>τοίνυν</span> <span class='ocrx_word' id='word_1_755' title='bbox 1855 2245 1903 2272; x_wconf 79' lang='grc' dir='ltr'>τοῦ</span> 
     </span>
    </p>
   </div>
   <div class='ocr_carea' id='block_1_109' title="bbox 1115 2287 1903 2325">
    <p class='ocr_par' dir='ltr' id='par_1_109' title="bbox 1115 2287 1903 2325">
     <span class='ocr_line' id='line_1_109' title="bbox 1115 2287 1903 2325; baseline 0.004 -12"><span class='ocrx_word' id='word_1_756' title='bbox 1115 2287 1259 2319; x_wconf 82' lang='grc' dir='ltr'>δυσσεϐοῦς</span> <span class='ocrx_word' id='word_1_757' title='bbox 1277 2288 1314 2323; x_wconf 87' lang='grc' dir='ltr'><strong>μὴ</strong></span> <span class='ocrx_word' id='word_1_758' title='bbox 1331 2287 1523 2323; x_wconf 76' lang='grc' dir='ltr'>ἡσυχάζοντος.</span> <span class='ocrx_word' id='word_1_759' title='bbox 1543 2288 1609 2316; x_wconf 80' lang='grc' dir='ltr'>ἀλλὰ</span> <span class='ocrx_word' id='word_1_760' title='bbox 1629 2289 1675 2316; x_wconf 81' lang='grc' dir='ltr'>καὶ</span> <span class='ocrx_word' id='word_1_761' title='bbox 1692 2290 1721 2316; x_wconf 85' lang='grc' dir='ltr'>ὲν</span> <span class='ocrx_word' id='word_1_762' title='bbox 1742 2288 1834 2325; x_wconf 79' lang='grc' dir='ltr'>ὲξορίᾳ</span> <span class='ocrx_word' id='word_1_763' title='bbox 1859 2290 1903 2316; x_wconf 80' lang='grc' dir='ltr'>δν-</span> 
     </span>
    </p>
   </div>
   <div class='ocr_carea' id='block_1_110' title="bbox 1115 2333 1903 2371">
    <p class='ocr_par' dir='ltr' id='par_1_110' title="bbox 1115 2333 1903 2371">
     <span class='ocr_line' id='line_1_110' title="bbox 1115 2333 1903 2371; baseline 0.003 -11"><span class='ocrx_word' id='word_1_764' title='bbox 1115 2342 1177 2365; x_wconf 83' lang='grc' dir='ltr'>τος.</span> <span class='ocrx_word' id='word_1_765' title='bbox 1203 2334 1250 2360; x_wconf 83' lang='grc' dir='ltr'><strong>καὶ</strong></span> <span class='ocrx_word' id='word_1_766' title='bbox 1283 2333 1442 2369; x_wconf 81' lang='grc' dir='ltr'>δυνηθέντος</span> <span class='ocrx_word' id='word_1_767' title='bbox 1473 2334 1517 2361; x_wconf 71' lang='grc' dir='ltr'>διὰ</span> <span class='ocrx_word' id='word_1_768' title='bbox 1547 2335 1600 2361; x_wconf 83' lang='grc' dir='ltr'><strong>τῶν</strong></span> <span class='ocrx_word' id='word_1_769' title='bbox 1632 2335 1790 2371; x_wconf 82' lang='grc' dir='ltr'>ὁμοφρὸνων</span> <span class='ocrx_word' id='word_1_770' title='bbox 1819 2335 1903 2362; x_wconf 76' lang='grc' dir='ltr'>αὐτοῦ</span> 
     </span>
    </p>
   </div>
   <div class='ocr_carea' id='block_1_111' title="bbox 1118 2379 1904 2416">
    <p class='ocr_par' dir='ltr' id='par_1_111' title="bbox 1118 2379 1904 2416">
     <span class='ocr_line' id='line_1_111' title="bbox 1118 2379 1904 2416; baseline 0.003 -10"><span class='ocrx_word' id='word_1_771' title='bbox 1118 2379 1288 2416; x_wconf 81' lang='grc' dir='ltr'>συναρπάσαι</span> <span class='ocrx_word' id='word_1_772' title='bbox 1314 2380 1359 2406; x_wconf 82' lang='grc' dir='ltr'><strong>τὸν</strong></span> <span class='ocrx_word' id='word_1_773' title='bbox 1381 2380 1574 2407; x_wconf 81' lang='grc' dir='ltr'>εὐσεϐέστατον</span> <span class='ocrx_word' id='word_1_774' title='bbox 1597 2380 1710 2414; x_wconf 85' lang='grc' dir='ltr'>βασιλέα</span> <span class='ocrx_word' id='word_1_775' title='bbox 1732 2383 1904 2408; x_wconf 81' lang='grc' dir='ltr'>Κωνσταντῑ-</span> 
     </span>
    </p>
   </div>
   <div class='ocr_carea' id='block_1_112' title="bbox 1119 2425 1904 2460">
    <p class='ocr_par' dir='ltr' id='par_1_112' title="bbox 1119 2425 1904 2460">
     <span class='ocr_line' id='line_1_112' title="bbox 1119 2425 1904 2460; baseline -0.001 -8"><span class='ocrx_word' id='word_1_776' title='bbox 1119 2434 1173 2457; x_wconf 85' lang='grc' dir='ltr'>νον,</span> <span class='ocrx_word' id='word_1_777' title='bbox 1189 2426 1236 2452; x_wconf 77' lang='grc' dir='ltr'><strong>καὶ</strong></span> <span class='ocrx_word' id='word_1_778' title='bbox 1256 2425 1438 2460; x_wconf 83' lang='grc' dir='ltr'>ἀνακληθῆναι</span> <span class='ocrx_word' id='word_1_779' title='bbox 1462 2425 1530 2460; x_wconf 85' lang='grc' dir='ltr'>πρὸς</span> <span class='ocrx_word' id='word_1_780' title='bbox 1545 2425 1625 2452; x_wconf 81' lang='grc' dir='ltr'>αὐτὸν</span> <span class='ocrx_word' id='word_1_781' title='bbox 1648 2425 1702 2451; x_wconf 82' lang='grc' dir='ltr'><strong>ἀπὸ</strong></span> <span class='ocrx_word' id='word_1_782' title='bbox 1725 2425 1775 2460; x_wconf 85' lang='grc' dir='ltr'>τῆς</span> <span class='ocrx_word' id='word_1_783' title='bbox 1796 2425 1904 2460; x_wconf 79' lang='grc' dir='ltr'>ἐξορίας</span> 
     </span>
    </p>
   </div>
   <div class='ocr_carea' id='block_1_113' title="bbox 1119 2470 1904 2507">
    <p class='ocr_par' dir='ltr' id='par_1_113' title="bbox 1119 2470 1904 2507">
     <span class='ocr_line' id='line_1_113' title="bbox 1119 2470 1904 2507; baseline 0 -10"><span class='ocrx_word' id='word_1_784' title='bbox 1119 2470 1387 2506; x_wconf 81' lang='grc' dir='ltr'>παρασκευάσαντος,</span> <span class='ocrx_word' id='word_1_785' title='bbox 1404 2470 1451 2497; x_wconf 67' lang='grc' dir='ltr'><strong>καὶ</strong></span> <span class='ocrx_word' id='word_1_786' title='bbox 1469 2471 1610 2506; x_wconf 75' lang='grc' dir='ltr'>ἐνωμότως</span> <span class='ocrx_word' id='word_1_787' title='bbox 1625 2472 1671 2497; x_wconf 80' lang='grc' dir='ltr'>καὶ</span> <span class='ocrx_word' id='word_1_788' title='bbox 1695 2471 1840 2507; x_wconf 76' lang='grc' dir='ltr'>ἐγγράφως</span> <span class='ocrx_word' id='word_1_789' title='bbox 1855 2472 1904 2498; x_wconf 58' lang='grc' dir='ltr'><strong>αὑ-</strong></span> 
     </span>
    </p>
   </div>
   <div class='ocr_carea' id='block_1_114' title="bbox 1118 2517 1902 2553">
    <p class='ocr_par' dir='ltr' id='par_1_114' title="bbox 1118 2517 1902 2553">
     <span class='ocr_line' id='line_1_114' title="bbox 1118 2517 1902 2553; baseline 0 -9"><span class='ocrx_word' id='word_1_790' title='bbox 1118 2518 1165 2544; x_wconf 81' lang='grc' dir='ltr'><strong>τοῦ</strong></span> <span class='ocrx_word' id='word_1_791' title='bbox 1191 2518 1337 2552; x_wconf 78' lang='grc' dir='ltr'>ἐκθεμένου</span> <span class='ocrx_word' id='word_1_792' title='bbox 1365 2517 1413 2552; x_wconf 83' lang='grc' dir='ltr'><strong>τὴν</strong></span> <span class='ocrx_word' id='word_1_793' title='bbox 1439 2517 1539 2548; x_wconf 77' lang='grc' dir='ltr'>πίστιν,</span> <span class='ocrx_word' id='word_1_794' title='bbox 1565 2517 1653 2550; x_wconf 84' lang='grc' dir='ltr'>λόγοις</span> <span class='ocrx_word' id='word_1_795' title='bbox 1673 2517 1723 2552; x_wconf 82' lang='grc' dir='ltr'>μὲν</span> <span class='ocrx_word' id='word_1_796' title='bbox 1745 2518 1844 2544; x_wconf 83' lang='grc' dir='ltr'>ἐοικόσι</span> <span class='ocrx_word' id='word_1_797' title='bbox 1869 2519 1902 2553; x_wconf 65' lang='grc' dir='ltr'>τῇ</span> 
     </span>
    </p>
   </div>
   <div class='ocr_carea' id='block_1_115' title="bbox 1119 2563 1904 2599">
    <p class='ocr_par' dir='ltr' id='par_1_115' title="bbox 1119 2563 1904 2599">
     <span class='ocr_line' id='line_1_115' title="bbox 1119 2563 1904 2599; baseline 0.001 -10"><span class='ocrx_word' id='word_1_798' title='bbox 1119 2563 1239 2599; x_wconf 78' lang='grc' dir='ltr'>ἡμετέρα</span> <span class='ocrx_word' id='word_1_799' title='bbox 1251 2563 1340 2590; x_wconf 87' lang='grc' dir='ltr'>πίστει</span> <span class='ocrx_word' id='word_1_800' title='bbox 1352 2563 1400 2599; x_wconf 79' lang='grc' dir='ltr'><strong>(Δ),</strong></span> <span class='ocrx_word' id='word_1_801' title='bbox 1416 2563 1475 2594; x_wconf 80' lang='grc' dir='ltr'>ταῖς</span> <span class='ocrx_word' id='word_1_802' title='bbox 1489 2563 1517 2592; x_wconf 82' lang='grc' dir='ltr'><strong>δὲ</strong></span> <span class='ocrx_word' id='word_1_803' title='bbox 1530 2563 1669 2599; x_wconf 84' lang='grc' dir='ltr'>ἀληθείαις</span> <span class='ocrx_word' id='word_1_804' title='bbox 1684 2564 1760 2599; x_wconf 81' lang='grc' dir='ltr'>παρὰ</span> <span class='ocrx_word' id='word_1_805' title='bbox 1774 2564 1839 2590; x_wconf 79' lang='grc' dir='ltr'>πολὺ</span> <span class='ocrx_word' id='word_1_806' title='bbox 1853 2564 1904 2590; x_wconf 80' lang='grc' dir='ltr'>διε-</span> 
     </span>
    </p>
   </div>
   <div class='ocr_carea' id='block_1_116' title="bbox 1123 2611 1904 2647">
    <p class='ocr_par' dir='ltr' id='par_1_116' title="bbox 1123 2611 1904 2647">
     <span class='ocr_line' id='line_1_116' title="bbox 1123 2611 1904 2647; baseline 0 -9"><span class='ocrx_word' id='word_1_807' title='bbox 1123 2611 1223 2643; x_wconf 89' lang='grc' dir='ltr'>εὑθέως</span> <span class='ocrx_word' id='word_1_808' title='bbox 1258 2612 1303 2638; x_wconf 78' lang='grc' dir='ltr'>καὶ</span> <span class='ocrx_word' id='word_1_809' title='bbox 1333 2611 1503 2647; x_wconf 83' lang='grc' dir='ltr'>παραχρῆμα</span> <span class='ocrx_word' id='word_1_810' title='bbox 1529 2612 1568 2642; x_wconf 88' lang='grc' dir='ltr'><strong>είς</strong></span> <span class='ocrx_word' id='word_1_811' title='bbox 1603 2611 1802 2647; x_wconf 80' lang='grc' dir='ltr'>Ἀλεξάνδρειαν</span> <span class='ocrx_word' id='word_1_812' title='bbox 1835 2612 1904 2646; x_wconf 77' lang='grc' dir='ltr'>μετὰ</span> 
     </span>
    </p>
   </div>
   <div class='ocr_carea' id='block_1_117' title="bbox 1116 2655 1904 2692">
    <p class='ocr_par' dir='ltr' id='par_1_117' title="bbox 1116 2655 1904 2692">
     <span class='ocr_line' id='line_1_117' title="bbox 1116 2655 1904 2692; baseline 0 -10"><span class='ocrx_word' id='word_1_813' title='bbox 1116 2655 1331 2692; x_wconf 75' lang='grc' dir='ltr'>Ἀλεξάνδρειαν,</span> <span class='ocrx_word' id='word_1_814' title='bbox 1357 2657 1445 2686; x_wconf 78' lang='grc' dir='ltr'>ὄσιος¹</span> <span class='ocrx_word' id='word_1_815' title='bbox 1459 2656 1630 2688; x_wconf 72' lang='grc' dir='ltr'>Ἀλέξανδρος</span> <span class='ocrx_word' id='word_1_816' title='bbox 1656 2656 1671 2682; x_wconf 82' lang='grc' dir='ltr'>ὁ</span> <span class='ocrx_word' id='word_1_817' title='bbox 1701 2657 1750 2691; x_wconf 80' lang='grc' dir='ltr'><strong>τῆς</strong></span> <span class='ocrx_word' id='word_1_818' title='bbox 1780 2656 1904 2689; x_wconf 80' lang='grc' dir='ltr'>Ἀλεξαν-</span> 
     </span>
    </p>
   </div>
   <div class='ocr_carea' id='block_1_118' title="bbox 1159 2772 1906 2812">
    <p class='ocr_par' dir='ltr' id='par_1_118' title="bbox 1159 2772 1906 2812">
     <span class='ocr_line' id='line_1_118' title="bbox 1159 2772 1906 2812; baseline -0.005 -9"><span class='ocrx_word' id='word_1_819' title='bbox 1159 2775 1194 2812; x_wconf 82' lang='lat' dir='ltr'><strong>(r)</strong></span> <span class='ocrx_word' id='word_1_820' title='bbox 1206 2776 1302 2807; x_wconf 87' lang='lat' dir='ltr'><strong>Palat.,</strong></span> <span class='ocrx_word' id='word_1_821' title='bbox 1319 2774 1555 2811; x_wconf 77' lang='grc' dir='ltr'>ἀρκεσθησόμεθα.</span> <span class='ocrx_word' id='word_1_822' title='bbox 1568 2774 1637 2801; x_wconf 75' lang='lat' dir='ltr'><strong>Infra</strong></span> <span class='ocrx_word' id='word_1_823' title='bbox 1652 2774 1721 2802; x_wconf 88' lang='lat' dir='ltr'><strong>idem</strong></span> <span class='ocrx_word' id='word_1_824' title='bbox 1731 2772 1777 2801; x_wconf 82' lang='grc' dir='ltr'>τοῦ</span> <span class='ocrx_word' id='word_1_825' title='bbox 1791 2772 1906 2803; x_wconf 62' lang='grc' dir='ltr'>ἀσεϐοῦς</span> 
     </span>
    </p>
   </div>
   <div class='ocr_carea' id='block_1_119' title="bbox 1125 2812 1642 2883">
    <p class='ocr_par' dir='ltr' id='par_1_119' title="bbox 1125 2812 1642 2883">
     <span class='ocr_line' id='line_1_119' title="bbox 1125 2812 1642 2883; baseline -0.008 -9"><span class='ocrx_word' id='word_1_826' title='bbox 1125 2812 1197 2883; x_wconf 48' lang='lat' dir='ltr'><strong>Mat)</strong></span> <span class='ocrx_word' id='word_1_827' title='bbox 1210 2847 1254 2874; x_wconf 85' lang='lat' dir='ltr'><strong>Sic</strong></span> <span class='ocrx_word' id='word_1_828' title='bbox 1272 2846 1370 2878; x_wconf 75' lang='lat' dir='ltr'><strong>Palal.,</strong></span> <span class='ocrx_word' id='word_1_829' title='bbox 1388 2844 1524 2881; x_wconf 69' lang='grc' dir='ltr'>ἡμετέραν</span> <span class='ocrx_word' id='word_1_830' title='bbox 1539 2843 1642 2871; x_wconf 81' lang='grc' dir='ltr'>πίστιν,</span> 
     </span>
    </p>
   </div>
  </div>
