2027 3042
626 190 708 219 VITA
729 191 758 219 S.
780 189 968 218 ATIIANASII
988 189 1032 218 EX
1054 191 1322 221 METAPllRASTE.

1688 203 1774 225 εεικν

144 247 229 284 δρέων
245 247 408 278 ἐπίσκοπος,
429 247 480 273 οὐκ
505 246 623 279 ἐδέξατο,
658 248 853 284 παρορμῶντος
888 248 968 275 αὐτὸν
986 249 1031 275 καὶ
1052 243 1239 286 διεγείροντος
1253 251 1320 286 πρὸς
1336 251 1414 278 τοῦτο
1436 251 1481 277 τοῦ
1507 251 1584 285 ἁγίου
1602 251 1774 287 Ἀθανασίου,

144 294 204 321 τότε
219 293 294 325 ὖντος
317 293 522 328 ἀρχιδιακόνου·
557 292 595 325 ὡς
631 294 716 329 μῦσος
740 294 793 330 γὰρ
831 295 911 321 αὺτὺν
935 294 1096 331 ὲξετρέπετο
1124 294 1201 328 αὖθις
1233 297 1371 323 ἀνακινεῖν
1396 297 1586 333 ἐπιχειροῦντα
1620 299 1670 334 τὴν
1696 300 1773 335 αἴρε-

144 349 195 367 σιν.
218 340 265 367 Ἐκ
283 339 378 366 τούτου
397 337 443 366 οὖν
462 339 543 367 πάλιν
562 340 579 375 ἡ
600 340 737 374 Αἴγυπτος
757 341 928 376 ἐταράττετο.
949 341 1015 367 Τότε
1037 342 1068 377 δὴ
1090 344 1136 370 καὶ
1150 343 1174 369 οἱ
1202 343 1267 379 περὶ
1290 343 1419 370 Εὑσὲΰιον
1441 344 1486 371 τὸν
1514 345 1673 382 Νικομηδέα
1697 345 1774 374 αὐτοι

141 394 171 412 τε
193 385 322 422 ἔγραφον,
343 385 390 412 καὶ
410 385 456 412 τὸν
481 385 593 420 βασιλέα
616 386 733 422 γράφειν
760 387 974 422 παρεσκεύαζον.

176 433 205 460 2.
229 433 386 464 Ἀθανάσιος
401 433 449 468 μὲν
464 431 511 460 οὖν
529 434 618 469 πάντη
631 434 678 461 τοῦ
692 434 819 466 δέξασθαι
832 435 923 466 αὐτοὺς

1014 435 1041 462 2.
1062 436 1227 465 Athanasius
1243 445 1335 472 porro,
1350 446 1382 466 ne
1399 439 1585 474 reciperentur
1602 441 1772 475 prohibebat,

142 479 308 516 ἀπηγόρευε,
332 479 379 506 καὶ
401 479 470 515 πρὸς
487 479 532 506 τὸν
558 479 670 515 βασιλέα
685 480 799 515 γράφων
824 480 872 506 σὺν
892 480 930 516 τῷ

142 526 284 561 ἐπισκόπῳ
303 525 468 561 Ἀλεξάνδρῳ
482 525 619 552 ἐδίδασκεν
635 523 704 552 εἶναι
717 527 780 558 τοὺς
795 526 868 560 ἅπαξ
881 527 931 563 τὴν

142 572 234 599 πίστιν
249 571 442 607 ἀθετήσαντας,
459 573 506 598 καὶ
523 564 786 607 ἀναϐεματισθέντας
799 570 876 604 αὖθις
900 572 931 606 ἐξ

141 618 315 653 ὑποστροφῆς
343 618 379 653 μὴ
394 618 660 653 προσλαμϐάνεσθαι.
680 619 746 645 Τότε
758 620 772 645 ὁ
792 619 928 654 βασιλεὺς,

142 664 248 699 βαρέως
265 663 431 697 ὑπενεγκὼν,
445 663 498 690 ὑπὸ
512 663 565 690 τῶν
581 664 644 699 περὶ
658 663 786 691 Εὑσὲὁιον
805 665 872 700 πρὸς
885 665 931 700 ὁρ-

140 709 192 745 γὴν
206 709 336 744 κινηθεὶς,
353 709 416 736 τάδε
426 709 465 745 τῷ
475 709 544 744 ἁγίῳ
567 709 717 745 Ἀθανασίῳ
730 711 842 745 γράφων
856 711 931 746 ἠπεί-

140 755 231 790 λησεν.

139 802 235 837 Μέρος
251 801 417 837 ἐπιστολῆς
433 801 486 839 τοῦ
497 802 651 839 βασιλέως
677 795 752 837 ἱερὸς
780 804 833 831 τὸν
844 804 930 839 ἅγιον

446 837 577 864 Ἄθανάσι
583 846 628 864 ον.

177 893 186 909 ε
198 879 290 918 Ἐχων
301 883 389 910 τοίνυν
401 883 450 919 τῆς
458 883 528 918 ἐμῆς
542 883 639 918 βουλῆς
654 884 684 910 τὸ
697 884 849 921 γνώρισμα,
861 885 928 913 πᾶσι

137 931 195 962 τοῖς
210 929 380 965 βουλομένοις
403 930 443 961 είς
453 930 502 965 τὴν
530 929 691 964 Ἐκκλησίαν
710 930 839 957 εἰσελθεῖν
857 930 928 958 ἀκώ-

136 975 216 1002 λυτον
232 976 373 1011 παράσχου
385 975 433 1011 τὴν
449 975 560 1002 εἴσοδον.
579 976 641 1002 Ἐὰν
655 976 709 1011 γὰρ
724 975 790 1002 ὡσεὶ
810 976 928 1004 κεκώλυ-

136 1022 189 1053 κάς
203 1030 280 1054 τινας
289 1021 378 1048 αὐτῶν
393 1021 442 1057 τῆς
461 1021 892 1057 Ἑκκλησίαςμεταποιουμένους,
909 1023 926 1058 ἦ

135 1067 268 1103 ἀπεῐρεας
285 1068 333 1103 τῆς
345 1067 458 1100 εἰσόδου,
475 1067 616 1094 ἀποστελῶ
627 1068 795 1104 παραχρῆμα
809 1069 854 1095 τὸν
880 1069 927 1095 καὶ

984 483 1126 517 missisque
1142 491 1202 510 cum
1222 484 1348 519 episcopo
1361 484 1514 512 Alexandro
1531 487 1564 513 ad
1582 487 1772 521 imperatorem

984 527 1091 561 litteris,
1108 529 1198 556 docuit
1214 530 1352 562 illum,cos
1368 531 1411 565 qui
1424 531 1507 559 setnel
1521 532 1599 559 iidem
1617 539 1771 568 negassent.

983 579 1010 602 et
1032 575 1202 602 anathemate
1226 577 1344 610 percussi
1373 583 1474 609 essent,
1497 578 1639 606 redeuntes
1660 580 1772 608 minime

983 626 1043 647 esse
1059 621 1236 655 recipiendos.
1250 620 1317 648 Tum
1347 622 1504 656 imperator,
1522 631 1578 650 rem
1604 624 1713 660 indigne
1732 625 1770 652 le-

983 674 1056 699 reus,
1076 667 1110 694 ab
1136 668 1251 696 Eusebio
1271 675 1421 696 commotus
1441 670 1474 696 ad
1499 670 1577 704 iram,
1605 671 1662 698 haec
1677 676 1772 700 sancto

982 713 1131 741 Athanasio
1143 714 1268 742 scribens
1283 715 1401 742 minatus
1419 720 1470 743 est.

984 803 1051 831 Pars
1066 805 1181 840 epistolw
1196 805 1362 839 imperatori:
1382 806 1417 833 ad
1440 812 1562 834 sanctum
1585 807 1768 836 Athanasium.

1021 893 1031 910 ι
1043 885 1109 912 Cum
1119 884 1208 919 itaque
1217 884 1381 912 voluntatem
1391 892 1476 912 meam
1487 885 1767 920 compertamhaheas,

981 930 1105 957 omnibus
1113 930 1158 964 qui
1175 930 1201 956 iu
1216 930 1355 958 ecclesiam
1378 930 1479 965 ingredi
1493 931 1638 963 voluerint,
1652 931 1766 959 liberum

980 974 1130 1010 permittito
1144 974 1256 1002 aditum.
1275 975 1351 1009 Quod
1365 976 1387 1002 si
1410 976 1552 1010 quospiam
1571 976 1699 1004 Ecclesia!
1715 977 1765 1004 ad-

977 1021 1052 1055 juugi
1065 1021 1184 1048 volentes
1203 1021 1367 1054 cohibueris,
1387 1021 1542 1056 aditumque
1561 1021 1612 1050 illis
1635 1022 1766 1049 interclu-

979 1068 1060 1100 seris,
1073 1067 1177 1094 mittam
1196 1067 1421 1102 quamplurimum
1432 1068 1477 1102 qui
1494 1073 1522 1095 te
1538 1068 1618 1101 jussu
1641 1075 1701 1096 meo
1717 1070 1766 1097 de-

136 1114 338 1150 καθαιρήσοντά
353 1122 382 1140 σε
395 1114 425 1146 ἐξ
435 1114 504 1150 ἐμῆς
516 1114 673 1146 κελεύσεως,
685 1115 731 1141 καὶ
743 1114 788 1141 τὸν
800 1114 880 1141 τόπον
898 1124 923 1142 σε

978 1118 1069 1149 ponat,
1084 1117 1111 1141 et
1127 1120 1161 1141 ex
1177 1113 1286 1142 sedibus
1299 1113 1443 1141 transferat
1455 1114 1518 1141 tuis.
1541 1123 1550 1140 ι

137 1161 350 1196 μεταστήσοντα.
372 1169 381 1186 ι

177 1205 291 1240 Ὁμοίως
304 1205 332 1232 δὲ
344 1205 391 1232 καὶ
409 1205 602 1241 τῷέπισκόπῳ
625 1205 790 1242 Ἀλεξάνδρῳ
807 1206 852 1234 ἴσα
862 1207 925 1244 περὶ

141 1251 248 1287 ’Δρείου
269 1251 381 1287 ἔγραφε.
407 1251 527 1279 Τοιαῦτα
558 1253 606 1287 μὲν
629 1252 748 1288 ἔγραφεν
762 1255 776 1280 ὸ
799 1253 924 1288 βασιλεὺς

134 1297 182 1324 τοῦ
191 1297 344 1329 λυσιτελοῦς
353 1297 503 1333 γινόμενος,
515 1298 563 1324 καὶ
580 1297 618 1333 μὴ
631 1297 791 1333 βουλόμενος
801 1299 850 1335 τὴν
864 1300 925 1326 Ἑκ-

135 1343 249 1378 κλησίαν
267 1343 440 1370 διασπᾶσθαι·
459 1345 521 1376 τοὺς
537 1345 591 1380 γὰρ
611 1345 712 1377 πάντας
734 1346 780 1372 ἐπὶ
797 1345 845 1382 τὴν
859 1347 924 1382 ὀμό-

135 1398 209 1416 νοιαν
225 1389 301 1424 ἄγειν
318 1390 476 1422 ἐσπούδαζε.
491 1391 641 1425 Δεξάμενος
664 1390 692 1416 δὲ
709 1391 724 1417 ὁ
751 1391 924 1428 Ἀλέξανδρος

135 1437 210 1473 παρὰ
219 1437 264 1464 τοῦ
279 1437 408 1472 βασιλέως
425 1438 460 1465 τὰ
472 1439 632 1474 γράμματα,
647 1441 694 1467 καὶ
706 1440 795 1475 ὀλίγον
812 1441 925 1468 ὲπιΰιιὶι-

136 1493 184 1516 σας
205 1485 309 1521 χρόνον,
330 1485 456 1522 μακαρίῳ
479 1486 549 1512 τέλει
580 1487 755 1522 μεταλλάττει
784 1488 829 1514 τὸν
854 1488 922 1524 βίον.

141 1531 297 1564 Ἀθανάσιος
311 1532 339 1558 δὲ
346 1532 396 1567 τῆς
412 1533 560 1568 ἱερωσύνης
576 1533 625 1569 τὴν
642 1533 811 1569 λειτουργίαν
824 1534 921 1561 ὑπεδέ-

135 1576 209 1610 ξατο.
227 1575 289 1609 Οἷος
315 1577 343 1604 δὲ
358 1575 392 1613 ἦν
407 1578 544 1613 νουνεχείᾳ
567 1579 613 1604 καὶ
624 1579 657 1614 τῇ
675 1579 800 1616 εὐσεϐείᾳ.
816 1581 861 1606 καὶ
887 1582 929 1616 τῇ¹

133 1622 205 1649 κατὰ
217 1616 271 1658 τῆν’
282 1623 449 1658 Ἐκκλησίαν
469 1623 645 1656 διατυπώσει,
658 1625 692 1652 τά
714 1624 776 1660 ἑξῆς
794 1625 919 1661 δηλώσει.

133 1671 202 1705 Παρ*
214 1666 291 1704 ᾧκαὶ
305 1670 436 1706 αἱρετικοὶ
449 1671 615 1705 ἐπιγνόντες,
631 1671 670 1698 ὅτι
681 1671 789 1708 ἐξάρχει
801 1673 851 1708 τῆς
864 1673 921 1700 Ἐκ-

133 1716 258 1751 κλησίας,
271 1716 305 1744 τὰ
319 1717 368 1752 μὲν
381 1717 479 1753 πρῶτα
504 1718 660 1744 συνέπεσον·
682 1716 759 1750 αὖθις
781 1718 809 1744 δὲ
835 1718 921 1751 οὕτως

133 1762 207 1797 αὐτῷ
224 1764 274 1798 μιᾷ
287 1762 381 1798 γνώμῃ
394 1763 602 1798 συμϐάλλουσιν,
615 1764 696 1795 ὥστε,
711 1765 734 1790 εί
752 1764 802 1800 χρὴ
819 1764 918 1798 λέγειν,

1009 1213 1142 1248 Episcopo
1159 1213 1222 1241 item
1242 1213 1396 1242 Alexandro
1415 1216 1490 1250 paria
1511 1216 1544 1244 de
1557 1216 1623 1244 Ario
1643 1217 1762 1253 Scripsit.

975 1256 1008 1287 Et
1024 1259 1174 1293 huiusmodi
1190 1260 1296 1295 quidem
1314 1261 1460 1296 imperator
1472 1263 1650 1298 scripsitutili
1665 1271 1765 1299 propo-

974 1306 1036 1337 sito,
1052 1306 1123 1341 quod
1139 1306 1222 1334 nollet
1234 1307 1382 1334 Ecclesiam
1400 1309 1512 1336 distrahi
1527 1318 1534 1336 :
1551 1317 1646 1338 omnes
1663 1311 1763 1346 quippe

974 1352 1007 1378 ad
1034 1352 1207 1379 concordiam
1236 1360 1317 1388 agere
1339 1354 1509 1389 peroptabat.
1529 1355 1596 1383 Cum
1614 1357 1765 1392 accepisset

973 1397 1125 1425 Alexander
1147 1397 1181 1425 ab
1205 1398 1367 1432 lmperatore
1389 1400 1505 1434 litteras,
1527 1409 1613 1436 pauco
1642 1407 1765 1438 tempore

973 1449 1110 1479 superstes
1127 1444 1206 1472 beato
1220 1445 1272 1472 line
1288 1446 1371 1472 vitam
1387 1446 1493 1474 clausit.
1516 1449 1680 1477 Athanasius
1698 1458 1762 1479 vero

973 1489 1116 1516 sacerdotii
1133 1489 1313 1517 ministerium
1333 1492 1448 1526 excepit.
1466 1493 1558 1526 Qualis
1573 1502 1653 1529 porro
1670 1495 1761 1529 luerit,

972 1534 1127 1568 prudentia,
1146 1534 1264 1569 pietate,
1285 1535 1412 1563 Ecclesiae
1436 1537 1689 1572 administratione,
1714 1533 1758 1568 se-

972 1580 1081 1615 quentia
1097 1580 1283 1610 declarabunt.
1300 1582 1423 1610 [heretici
1440 1590 1522 1617 porro
1536 1591 1596 1611 cum
1615 1592 1762 1619 cognosce-

974 1630 1034 1653 rent
1047 1625 1174 1652 Ecclesiae
1186 1626 1258 1652 illum
1271 1633 1396 1660 praeesse,
1412 1627 1525 1661 primum
1536 1628 1626 1655 animo
1636 1629 1762 1656 concide-

972 1677 1042 1699 runt.
1054 1672 1152 1699 Deinde
1162 1679 1225 1699 vero
1235 1672 1307 1700 illum
1316 1680 1369 1700 uno
1376 1673 1466 1701 animo
1476 1673 1596 1709 aggressi
1606 1679 1667 1701 sunt
1674 1675 1760 1708 quasi,

971 1722 1001 1745 ut
1022 1719 1056 1746 ita
1075 1718 1172 1752 dicam,
1188 1719 1345 1746 memoriam
1362 1719 1434 1746 illius
1460 1719 1492 1746 de
1510 1725 1581 1746 terra
1606 1719 1699 1748 tollere
1713 1728 1761 1748 cu—

972 1769 1074 1796 rarent,
1086 1764 1310 1799 quemadmodum
1324 1764 1408 1792 Judaei
1425 1769 1518 1792 contra
1540 1765 1680 1792 Dominum
1700 1774 1760 1793 mo-

132 1809 163 1836 τὸ
186 1809 356 1845 μνημόσυνον
377 1809 459 1836 αὑτοῦ
479 1810 511 1836 ὲκ
530 1810 578 1845 τῆς
595 1810 646 1845 γῆς
662 1810 807 1845 περιελεῖν,
829 1810 920 1842 καθὼς

972 1811 1009 1838 liti
1029 1816 1101 1838 sunt.
1122 1809 1218 1837 Statim
1247 1817 1364 1849 namque
1389 1810 1432 1838 ille
1455 1810 1582 1838 Ecclesiae
1599 1811 1760 1846 praaposilus

131 1856 157 1882 οἱ
177 1856 295 1882 Ἰουδαῖοι
322 1856 392 1883 κατὰ
411 1855 458 1883 τοῦ
478 1857 580 1892 Κυρίου
593 1857 758 1891 ὲλογίσαντο.
770 1858 839 1894 Παρ’
851 1857 920 1884 αὐτὰ

132 1901 188 1937 γὰρ
209 1901 289 1933 εὐθὺς
313 1902 479 1937 προστάντος
506 1902 588 1929 αὐτοῦ
614 1902 664 1937 τῆς
699 1902 871 1938 Ἐκκλησίας,
896 1903 920 1929 οἱ

133 1947 197 1983 περὶ
223 1947 361 1979 Εὑσέὸιον,
383 1947 509 1982 ἀπεχθῶς
535 1948 603 1984 πρὸς
624 1947 781 1975 ’Λοανάσιον
803 1948 919 1984 ἔχοντες,

132 1992 183 2018 οὐκ
192 1991 312 2027 ἠρέμουν
340 1992 388 2027 (ιι)-
408 1993 468 2019 τότε
483 1992 515 2028 δὴ
535 1993 631 2027 καιρὸν
648 1993 774 2028 εὔκαιρον
795 1993 844 2028 τὴν
873 1994 919 2020 τοῦ

133 2037 262 2073 βασιλέως
283 2038 372 2072 λύπην
393 2039 529 2074 ὑπουργὸν
549 2039 700 2074 ἐλάμϐανον
713 2039 761 2066 τοῦ
780 2039 844 2066 ἰδίου
859 2048 920 2066 σκο-

133 2083 196 2111 ποῦ’
214 2085 261 2111 καὶ
274 2083 319 2110 διὰ
337 2084 417 2110 τοῦτο
430 2084 519 2111 πάντα
530 2085 646 2118 ἐκίνουν,
661 2086 824 2121 ἀποκινῆσαι
839 2086 920 2113 αὑτὸν

131 2130 182 2166 τῆς
209 2131 360 2166 ἐπισκοπῆς
381 2131 586 2163 σπουδάζοντες,
611 2132 648 2164 ὡς
675 2131 802 2165 ἀναξίως,
827 2133 918 2168 φησὶν,

132 2176 282 2203 ὑπελθόντα
305 2176 385 2203 αὐτὸν
406 2176 454 2212 τὴν
485 2177 643 2212 ἱερωσύνην.
668 2177 745 2204 Οὑτω
763 2177 817 2213 γὰρ
841 2178 920 2213 μόνον

132 2223 246 2258 ἤλπιζον
260 2221 309 2258 τὴν
332 2223 471 2258 Ἀρειανὴν
488 2222 569 2255 δόξαν
583 2224 741 2259 κρατήσειν,
760 2223 918 2250 ἈΘανασίου

130 2269 253 2296 ἐκποδὼν
274 2270 429 2305 γενομένου.
458 2268 738 2305 Συμφράττονταιοῦν
762 2271 823 2297 κατ’
837 2271 918 2298 αὑτοῦ

130 2316 156 2342 οι
171 2316 234 2351 περὶ
248 2315 378 2343 Εὑσέϐιον
397 2316 441 2343 τὸν
457 2316 622 2352 Νικομηδέα,
643 2318 691 2343 καὶ
704 2317 861 2352 μισθοῦνται
877 2325 919 2344 τι-

129 2371 179 2395 νας
197 2364 246 2399 τῆς
256 2363 385 2390 Μελετίου
398 2363 539 2400 αἱρέσεως,
555 2364 661 2396 Ἰσίονα,
676 2364 836 2400 Εὐδαίμονα,
846 2365 919 2391 Καλ-

129 2409 239 2441 λίνικον,
256 2410 301 2437 xei
316 2410 459 2446 διαφόρως
479 2410 548 2437 κατὰ
572 2410 730 2438 Ἀθανασίσυ
750 2412 918 2446 κατηγορίας

972 1857 1032 1891 fuit,
1049 1857 1179 1884 Eusebius
1201 1861 1228 1884 et
1251 1856 1327 1888 socii.
1350 1857 1465 1884 invisum
1489 1857 1619 1884 habentes
1639 1858 1761 1886 Athana-

972 1904 1051 1935 sium,
1077 1910 1246 1936 nequaquam
1271 1902 1456 1937 quiescebant,
1484 1902 1530 1930 sed
1555 1907 1660 1937 tempus
1686 1903 1759 1932 nacti

971 1954 1150 1984 opportunum
1178 1949 1351 1983 imperatoris
1374 1948 1441 1975 iratn
1458 1948 1565 1976 consilii
1585 1949 1627 1976 sui
1644 1949 1760 1976 admini-

959 1999 1056 2031 _5tram
1086 1993 1278 2025 adhibuerunt,
1295 1993 1438 2027 omniaque
1452 2001 1562 2021 movere
1584 1999 1612 2021 ut
1625 2001 1688 2022 eum
1702 1996 1761 2029 epi-

971 2044 1081 2074 scopatu
1098 2039 1239 2074 pellerent,
1254 2039 1329 2074 quasi
1351 2039 1469 2073 indigne,
1494 2045 1524 2067 ut
1543 2041 1663 2073 aiebant,
1678 2041 1758 2068 talem

970 2077 1129 2121 oecupasset
1140 2086 1313 2121 dignitatem;
1331 2087 1366 2113 ita
1381 2087 1452 2114 enim
1465 2086 1596 2114 duntaxat
1611 2087 1759 2122 przevalere

970 2139 1050 2166 posse
1067 2131 1198 2166 putabant
1212 2133 1367 2160 Arianicam
1381 2132 1543 2165 doctrinam,
1560 2132 1580 2159 si
1592 2133 1758 2160 Athanasius

971 2178 1111 2205 tolleretur
1125 2178 1157 2206 de
1173 2179 1271 2206 medio.
1288 2178 1443 2206 Deliberant
1456 2178 1546 2213 itaque
1559 2177 1691 2205 Eusebius
1711 2178 1758 2205 Ni-

970 2225 1148 2253 comediensis
1161 2230 1188 2252 et
1212 2226 1278 2253 socii
1305 2227 1435 2253 adversus
1457 2225 1530 2252 illum
1552 2233 1560 2257 ;
1579 2232 1611 2251 ac
1633 2225 1757 2253 mercede

970 2272 1123 2299 conducunt
1139 2272 1281 2299 nonnullus
1297 2272 1443 2299 llleletianae
1462 2272 1610 2303 haereseos,
1625 2271 1753 2302 lsionem,

970 2317 1169 2351 Eudaemonem,
1184 2318 1354 2350 Callinicum,
1367 2318 1509 2352 variasque
1527 2318 1554 2345 in
1566 2317 1754 2351 ,Athanasium

969 2364 1153 2392 accusationes
1179 2365 1430 2393 comminiscuntur.
1460 2364 1499 2391 Ae
1526 2363 1614 2402 primo
1646 2363 1754 2398 quidem

969 2411 1144 2438 Athanasium
1163 2417 1224 2438 cum
1242 2410 1393 2443 irrepsisse!
1414 2410 1439 2436 in
1455 2410 1653 2445 episcopatum.
1669 2409 1755 2445 Egy-

129 2456 266 2491 ὲκίνησαν.
284 2457 340 2483 Καὶ
356 2456 464 2492 πρῶτον
481 2457 541 2492 μὲν,
557 2457 597 2483 ὅτι
626 2457 792 2489 Ἀθανάσιος,
822 2458 914 2493 φησὶν,

972 2457 1030 2492 ptiis
1041 2457 1193 2489 mandasse,
1213 2461 1242 2483 ut
1256 2456 1354 2483 lineam
1377 2461 1480 2484 vestem
1500 2456 1688 2483 Alexandrina:
1707 2455 1755 2483 Ec-

127 2501 294 2530 ὗπεισελθὼν
316 2505 351 2538 τῇ
366 2504 500 2539 ἐπισκοπῇ
529 2503 603 2539 λινῆν
625 2504 725 2539 ἐσθῆτα
745 2504 832 2531 τελεῖν
852 2505 915 2536 τοὺς

128 2549 293 2583 Αἰγυπτίους
322 2550 354 2584 τῇ
377 2548 572 2585 Ἀλεξανδρέων
607 2549 753 2585 Ἐκκλησία
777 2549 912 2576 ἐκέλευσε.

127 2595 262 2631 Δευτέραν
274 2596 506 2631 ὲπισυρῤόιπτουσι
522 2595 647 2631 διαϐολὴν
659 2595 746 2631 πολλῷ
759 2595 808 2630 τῆς
820 2595 916 2631 προτέ-

127 2651 178 2679 ρας
195 2642 312 2678 χείρονα,
338 2643 376 2675 ὠς
400 2643 453 2679 ἄρα
476 2642 643 2675 Ἀθανάσιος,
667 2642 848 2670 ἐπιϐουλεύων
859 2644 915 2675 τοῖς

124 2689 173 2716 τοῦ
186 2689 315 2724 βασιλέως
326 2690 478 2726 πράγμασι,
487 2690 699 2726 Φιλουμὲνῳτινὶ
711 2690 817 2726 πέμψαι
827 2690 915 2725 γλωσ-

127 2736 242 2772 σόκομον
260 2737 361 2772 πλῆρες
375 2737 496 2773 χρυσίου.
518 2738 625 2773 Τρίτον,
647 2737 771 2772 ’ἰσχυρᾶς
789 2737 825 2773 (b)
843 2736 914 2763 οὕτω

125 2782 292 2819 καλούμενος
316 2785 433 2820 πρᾶγμα
450 2784 533 2811 ὑπέδυ
553 2783 656 2810 πολλῶν
681 2783 802 2810 θανάτων
827 2782 910 2815 ἄξιον.

162 2871 201 2907 (a)
217 2872 275 2908 ρύκ
289 2872 410 2908 ἠρέμουν
426 2873 501 2900 deest
518 2872 544 2899 in
561 2871 648 2899 Palat.

966 2505 1054 2532 elesiae
1073 2504 1249 2538 pensilarent.
1270 2503 1421 2531 Secundam
1445 2504 1509 2531 item
1533 2507 1639 2531 struunt
1653 2502 1754 2529 culum-

967 2551 1049 2582 uiam,
1065 2550 1148 2584 priori
1165 2550 1249 2577 multo
1263 2549 1413 2584 graviorem
1429 2558 1435 2575 :
1457 2549 1635 2576 Athanasium
1647 2549 1754 2577 scilicet

966 2596 1138 2631 imperatoris
1164 2596 1245 2623 rebus
1273 2595 1455 2628 insidiantem,
1470 2594 1630 2622 Philumena
1645 2595 1753 2622 cuidam

966 2643 1074 2670 misisse
1089 2642 1254 2676 marsupium
1266 2641 1324 2669 auri
1342 2641 1460 2676 plenum.
1479 2640 1609 2674 Tertiam,
1627 2641 1752 2676 lschyras

966 2689 1089 2724 suscipit,
1114 2688 1250 2723 negotium
1281 2688 1419 2723 multiplici
1445 2695 1511 2715 nece
1539 2687 1659 2723 dignum.
1683 2687 1751 2716 Cum

966 2735 1037 2762 enim
1049 2741 1186 2768 nunquam
1209 2732 1389 2761 sacerdotium
1410 2732 1573 2766 accepisset,
1587 2739 1684 2760 nemen
1700 2732 1751 2759 sibi

966 2780 1116 2816 presbyteri
1142 2780 1301 2813 attribuens,
1325 2780 1351 2808 in
1368 2779 1436 2808 vicis
1460 2778 1585 2807 Mareotre
1607 2786 1688 2807 ausus
1709 2783 1750 2807 est

164 2904 201 2944 (θ)
216 2904 315 2941 Palati,"
336 2904 459 2944 ’ἰσχύρας
484 2915 546 2936 cum
565 2910 679 2935 accentu
699 2906 725 2935 in
752 2906 857 2942 penult.
877 2906 920 2935 hic
939 2909 967 2933 et
981 2904 1062 2932 infra.
