2027 3042
275 159 277 162 ⁴
303 163 398 186 ccxxv:

985 155 1170 183 PROLEGOM
1174 156 1239 183 ENA
1246 176 1252 183 .

303 214 450 244 sacerdotis
467 214 557 241 munia
569 214 644 242 obire
658 222 664 240 :
677 214 779 242 interea
799 221 861 241 vero
876 219 986 242 sanctus
999 215 1077 242 Atha-

1133 214 1268 241 Οὐδέποτε
1283 214 1338 251 γὰρ
1351 215 1501 250 ἱερωσύνης
1518 213 1617 251 τυχὼν,
1634 215 1664 243 τδ
1674 215 1721 243 τοῦ
1738 217 1921 254 πρεσϐυτέρου

303 261 394 288 nasius
403 260 428 286 ln
437 259 572 286 Marcotett
581 259 654 286 venit
663 267 670 292 ;
680 264 707 286 ut
719 259 864 294 parceciam
874 259 945 286 illam
956 260 1085 288 visitarel.

302 307 340 334 Ac
356 308 388 334 de
402 305 516 341 lschyra:
532 306 615 341 gestis
633 306 732 333 certior
745 306 839 339 facttts,
854 306 928 334 misit
940 305 1085 333 Macarium

301 352 497 388 presbyterum,
511 351 719 386 exploraturum.
736 359 769 378 an
793 359 824 378 ea
840 359 902 379 vere
921 352 1085 379 dicerentur.

301 398 390 431 Quare
406 398 587 432 deprehensus
608 396 740 433 lscltyras,
761 398 860 424 isthinc
878 404 906 424 se
923 397 984 432 fuga
1002 397 1086 432 prori-

300 445 359 479 puit
384 443 578 476 Nicomediam,
595 448 623 470 et
646 444 680 470 ad
703 443 868 470 Eusebianos
890 443 1017 478 confugit.
1035 443 1086 476 Qui

300 489 362 517 odio
378 489 527 521 Athanasii,
549 488 622 515 illttm
639 487 746 522 quidem
766 487 900 522 recipiunt
916 493 945 515 ut
972 489 1086 524 presby-

300 540 401 567 terum,
419 534 634 569 promittuntque
653 533 834 568 episcopalem
856 533 892 560 illi
915 533 1084 568 dignitatem,

299 582 322 608 si
338 580 610 607 velitaccusationem
627 579 654 606 in
676 579 782 606 beatutn
803 579 979 606 Athanasium
1002 579 1087 606 susci-

299 634 374 661 pere.
401 625 447 654 llle
469 633 550 660 porro
578 625 636 652 haec
658 630 826 652 comtttentus
851 629 893 652 est
916 625 1085 656 :Macarius,

298 672 397 705 aiebat,
416 671 568 706 presbyter,
591 670 690 697 missus
715 669 752 696 ab
767 669 924 701 Athanasio,
939 669 1087 704 irruptioue

298 718 368 746 facta
383 718 408 744 itt
425 717 565 745 ecclesiam
580 721 708 747 nostram,
720 715 746 742 in
760 716 845 742 altare
861 715 963 748 insiliit,
979 723 1084 742 sacram

298 763 430 792 subvertit
459 769 597 794 mensam,
622 762 763 796 mysticum
792 761 924 796 confregit
951 761 1082 794 calicem;

297 819 390 838 sacros
405 810 487 837 libros
503 808 660 836 combussit.

1135 260 1219 296 ὖνομα
1233 259 1320 295 ἑαυτῷ
1340 260 1526 296 περιθέμενος,
1548 261 1582 287 τὰ
1596 261 1690 296 ἱερέως
1703 261 1831 297 πράττειν
1851 263 1923 289 ἐτόλ-

1136 314 1222 341 μησεν
1236 307 1265 332 ὲν
1281 307 1340 338 ταῖς
1355 306 1461 341 κώμαις
1476 306 1522 332 τοῦ
1535 306 1681 342 λεγομένου
1701 307 1859 343 Μαρεώτου.
1880 308 1922 335 Ἔν
1938 315 1941 318 ·

1133 350 1220 386 τούτῳ
1233 351 1264 386 δὴ
1280 352 1347 378 καὶὸ
1362 351 1437 385 ἆγιος
1457 352 1624 384 Ἀθανάσιος,
1636 352 1796 380 καταλαϐὼν
1809 353 1854 380 τὸν
1862 354 1921 381 Μα-

1136 396 1249 433 ρεώτην,
1265 397 1314 432 τῆς
1324 398 1383 424 ἐκεῖ
1398 398 1543 433 παροικίας
1555 398 1747 425 ἐπεσκέπτετο.
1761 399 1816 426 Καὶ
1831 399 1922 434 μαθὼν

1132 442 1168 469 τὰ
1177 442 1240 476 περὶ
1251 441 1296 468 τοῦ
1316 443 1435 478 Ἰσχυρᾶ,
1453 442 1612 469 ἀποστέλλει
1626 443 1768 479 Μακάρων
1791 443 1836 470 τὸν
1858 452 1922 479 πρε-

1136 486 1264 522 σϐύτερον
1288 486 1499 519 ὲποπτεύσοντα,
1522 487 1546 513 εί
1570 487 1657 522 ἀληθῆ
1674 487 1716 522 εἴη
1730 486 1764 513 τὰ
1780 486 1919 521 λεγόμενα.

1136 532 1218 559 Ὅθεν
1234 532 1368 568 φωραθεὶς
1384 533 1398 558 ὸ
1413 533 1545 568 Ἰσχυρίς,
1561 532 1681 568 ἀποδρὰς
1694 532 1807 564 ἐκεῖθεν,
1819 533 1865 559 καὶ
1875 542 1922 560 κα-

1133 578 1259 605 ταλαϐὼν
1274 578 1324 613 τὴν
1336 578 1529 614 Νικομήδειαν,
1541 579 1707 614 προσῳεύγει
1724 581 1779 610 τοῖς
1793 580 1856 615 περὶ
1870 580 1920 606 Εὐ-

1136 625 1235 651 σέϐιον.
1251 625 1282 652 Οί
1297 625 1326 651 δὲ
1341 625 1414 660 μίσει
1427 624 1466 659 τῷ
1481 625 1548 661 πρὸς
1570 625 1727 652 Ἀθανάσιον
1743 625 1863 661 δέχονται
1874 626 1921 661 μὲν

1137 671 1218 697 αὑτὸν
1232 670 1270 702 ὼς
1292 670 1484 706 πρεσϐύτερον·
1509 671 1722 706 ἐπαγγέλλονται
1741 673 1771 699 δὲ
1798 673 1845 699 καὶ
1872 673 1921 708 τῆς

1137 716 1288 751 ἐπισκοπῆς
1301 716 1364 751 ἀξίᾳ
1381 716 1504 752 τιμῆσαι,
1522 717 1545 743 εί
1564 718 1729 753 κατηγορίαν
1745 718 1922 754 ὲνστήσεσθαι

1135 763 1206 790 κατὰ
1227 762 1273 789 τοῦ
1294 762 1429 798 μακαρίου
1460 763 1618 790 Ἀθανασίου
1635 764 1805 799 ἀναδέξηται.
1822 765 1870 796 Ὃς
1894 765 1921 791 te

1134 806 1244 832 καττύει
1257 806 1295 841 (n)
1310 806 1469 833 ταῦτα”’⁷οτι
1482 807 1623 842 Μακάριος
1635 808 1649 834 ὁ
1660 807 1843 844 πρεσϐύτερος
1856 809 1921 835 ἁπο-

299 857 415 888 σταλεὶς,
426 856 501 891 φησὶ,
514 855 588 890 παρὰ
600 853 768 885 Ἄθανασίου,
785 853 877 888 ἔφοδον
886 853 1002 888 ποιήσας
1012 854 1045 888 τῇ
1059 853 1206 888 Ἐκκλησία
1215 853 1230 887 ή
1235 852 1304 887 μῶν,
1314 852 1360 879 καὶ
1368 852 1534 888 εἰσπηδήσας
1548 854 1587 885 εἰς
1597 854 1628 880 τὸ
1644 854 1844 890 θυσιαστήριον,
1858 856 1922 882 ἁνα-

296 903 393 939 τρέψαι
407 903 455 937 μὲν
465 902 513 937 τὴν
522 901 659 936 τράπεζαν
667 900 714 935 τὴν
730 900 820 933 ἁγίαν,
833 900 880 927 καὶ
899 900 1028 936 ποτήριον
1042 899 1070 925 δὲ
1082 898 1210 930 κατεάξαι
1219 899 1358 933 μυστικόν·
1374 899 1422 926 καὶ
1435 899 1517 926 arma
1526 899 1587 935 ίερὰ
1604 900 1692 935 βιϐλία
1706 901 1884 929 κατέκαυσεν.

332 950 359 976 5.
379 948 441 975 llaec
454 952 481 975 et
493 947 555 974 talia
574 946 717 974 Euscbiani
740 947 932 981 imperatorem
956 947 1077 978 edocent,

1167 945 1194 972 5.
1211 945 1304 972 Ταῦτα
1315 946 1361 972 καὶ
1379 945 1413 972 τὰ
1428 946 1538 973 τοιαῦτα
1551 946 1717 981 τὸνβασιλέα
1730 947 1921 974 ἀναδιδάσκον-

297 997 420 1029 iramque
432 994 502 1021 illius
519 993 670 1020 accendunt
689 993 716 1020 in
737 991 935 1020 Athanasium:
953 991 1080 1019 addentes

296 1039 372 1070 item,
385 1038 469 1070 illum,
485 1037 581 1064 divinis
604 1037 721 1071 acceptis
743 1036 840 1064 litteris
851 1056 859 1068 ,
878 1036 945 1063 nihil
961 1044 1079 1069 curasse,

297 1090 385 1118 neque
400 1081 540 1109 admisisse
553 1081 660 1114 Arium;
673 1089 688 1108 a
702 1081 752 1108 deo
765 1085 793 1107 ut
815 1081 963 1115 imperator
981 1082 1080 1109 auditis

296 1130 330 1157 iis
344 1134 438 1156 contra
452 1127 629 1154 Athanasium
652 1127 884 1154 criminationibus
896 1147 903 1159 ,
919 1127 945 1154 iit
962 1127 1078 1155 furorem

297 1180 384 1209 actus,
401 1174 518 1209 iuberet,
540 1178 571 1201 ut
586 1174 703 1210 synodus
722 1173 818 1200 iterum
842 1179 992 1209 cogeretur.
1005 1174 1080 1202 Licet

298 1223 370 1250 enim
387 1222 430 1249 ille
441 1222 545 1248 firmum
558 1229 607 1256 pro
621 1221 663 1256 pia
680 1220 809 1255 religione
825 1221 942 1248 studium
958 1221 1076 1254 foveret;

298 1273 326 1295 at
345 1275 404 1295 cum
417 1272 522 1301 putaret
532 1266 590 1293 laedi
605 1266 787 1298 adversarios,
795 1270 886 1300 utpote
898 1265 986 1300 justus
996 1265 1077 1299 judex

297 1315 369 1342 illam
384 1314 471 1342 denuo
487 1313 547 1340 tulit
558 1311 791 1340 molestiam.Cttm
803 1317 890 1340 autem
906 1312 939 1339 ad
954 1313 1078 1340 Eucaettia

295 1360 521 1395 Jerosolytnorum
543 1366 635 1386 omnes
659 1359 742 1386 fertne
767 1357 954 1386 convenissent
975 1359 1079 1393 episco-

296 1407 444 1443 pl,scripto
461 1406 552 1441 jussit,
569 1410 597 1432 ut
614 1405 833 1433 examinarentur
849 1405 1035 1432 accusationes
1050 1405 1076 1432 in

295 1453 471 1481 Athanasium
483 1451 588 1479 allatae:
605 1452 728 1479 similiter
747 1456 837 1479 monet
851 1451 884 1479 de
900 1451 976 1484 Ario,
992 1456 1021 1477 ut
1033 1459 1078 1478 ac-

296 1505 388 1528 curate
400 1499 561 1534 expendunt,
572 1506 644 1529 nttttt,
652 1497 875 1531 quemadmodum
884 1496 974 1524 aiebat
985 1496 1075 1528 Arius,

296 1554 357 1573 cum
374 1546 399 1573 itt
419 1551 492 1572 recta
507 1545 599 1572 'staret
614 1544 676 1577 fide,
705 1543 805 1570 invidia
822 1549 961 1578 separatus
977 1548 1006 1570 et
1023 1543 1077 1577 eje-

296 1598 355 1620 ctus
382 1591 485 1619 fuisset.
505 1591 536 1618 Et
549 1591 571 1618 si
589 1590 699 1626 quidem
726 1590 824 1617 invidia
841 1590 868 1617 in
891 1596 973 1617 causa
993 1593 1074 1621 esset,

1134 1000 1176 1018 σιν
1193 991 1218 1017 οἱ
1231 992 1294 1027 περὶ
1308 991 1447 1024 Εὑσέϐιον,
1456 992 1495 1023 είς
1505 993 1589 1027 ὀργὴν
1597 992 1734 1025 κινοῦντες
1748 993 1829 1020 αὐτὸν
1851 994 1920 1020 κατὰ

1140 1037 1308 1069 Ἀθανασίου,
1327 1038 1373 1064 καὶ
1383 1038 1423 1065 ὅτι
1439 1038 1468 1064 τὸ
1479 1038 1548 1065 θεῖον
1562 1039 1679 1074 γράμμα
1689 1038 1778 1065 λαϐὼν
1796 1040 1826 1066 οὐ
1838 1049 1921 1076 προσ-

1133 1083 1227 1118 ήκατο,
1244 1084 1291 1110 καὶ
1308 1084 1414 1120 ’Ἄρειον
1432 1084 1481 1110 οὒκ
1500 1082 1624 1116 ὲδέξατο’
1644 1085 1682 1117 ὡς
1697 1085 1851 1112 ἀκούσαντα
1873 1085 1920 1112 τὸν

1134 1127 1243 1162 βασιλέα
1259 1128 1292 1155 τὰ
1308 1128 1378 1155 κατὰ
1405 1128 1561 1155 ’Δθανασίου
1582 1128 1715 1164 λεγόμενα
1738 1130 1777 1161 είς
1792 1129 1918 1156 ἔκστασιν

1133 1175 1300 1209 περιπεσεῖν,
1314 1173 1383 1200 ὥστε
1394 1174 1542 1210 προστάξαι
1551 1174 1630 1201 πάλιν
1648 1175 1754 1202 σύνοδον
1769 1183 1920 1211 συγκροτη-

1133 1218 1221 1253 θῆναι.
1235 1218 1303 1249 Τοὺς
1315 1218 1350 1254 (b)
1361 1219 1425 1254 γὰρ,
1445 1220 1468 1245 εί
1485 1220 1531 1246 καὶ
1547 1220 1592 1246 τὸν
1609 1220 1749 1252 εὐσεϐείας
1760 1221 1834 1247 τόνον
1847 1219 1919 1256 εἶχεν

1132 1264 1296 1299 ἀχαύνωτον,
1321 1264 1387 1290 ἀλλὰ
1413 1264 1457 1291 διὰ
1487 1265 1516 1291 τὺ
1541 1265 1660 1300 νομίζειν
1687 1266 1835 1294 ἀδικεῖσθαι
1855 1268 1919 1299 τοὺς

1131 1310 1278 1342 ἐναντίους,
1293 1310 1331 1342 ὡς
1351 1311 1447 1346 κριτὴς
1460 1311 1562 1344 δίκαιος
1578 1312 1705 1347 ἠνέσχετο
1723 1312 1803 1339 πάλιν
1816 1312 1917 1348 ταύτης

1131 1357 1180 1392 τῆς
1209 1356 1354 1389 σκύλσεως.
1381 1357 1422 1389 Ὠς
1441 1358 1469 1384 δὲ
1500 1358 1547 1384 ἐπὶ
1569 1359 1693 1393 ὲγκαίνια
1723 1360 1919 1396 Ἱεροσολύμων

1132 1403 1223 1438 σχεδὸν
1240 1403 1340 1435 πάντες
1355 1403 1478 1430 συνίεσαν
1486 1405 1509 1431 οἱ
1524 1405 1676 1437 ἐπίσκοποι,
1686 1406 1785 1440 γράφει
1797 1406 1844 1432 καὶ
1854 1406 1918 1442 περὶ

1129 1449 1177 1476 τοῦ
1191 1449 1381 1484 γυμνασθῆναι
1402 1449 1435 1476 τὰ
1450 1450 1520 1476 κατὰ
1533 1450 1579 1476 τοῦ
1599 1450 1677 1484 ἁγίου
1695 1450 1852 1479 Ἀθανασίου
1873 1451 1917 1478 λε-

1131 1494 1241 1529 γόμεναι
1255 1494 1354 1529 ὁμοίως
1371 1493 1406 1529 (c)
1422 1493 1450 1520 δὲ
1465 1495 1528 1530 περὶ
1559 1492 1663 1530 Ἀρείόυ
1689 1495 1916 1532 ὑπομιμνήσκων,

1131 1540 1174 1567 ἵνα
1181 1539 1301 1575 ἀκριϐῶς
1311 1540 1501 1576 ἐπιστήσωσιν,
1514 1541 1554 1572 είς
1561 1541 1589 1573 ἃ,
1597 1541 1688 1573 καθὼς
1699 1541 1783 1576 λέγει,
1791 1543 1918 1578 ὸἈρειος

1130 1586 1180 1620 τῆς
1193 1586 1276 1622 ὀρθῆς
1287 1586 1361 1617 ἐντὸς
1369 1586 1407 1612 ὢν
1417 1587 1543 1621 πίστεως,
1552 1587 1640 1623 φθόνῳ
1648 1588 1697 1624 τὴν
1711 1588 1843 1624 διαίρεσιν
1864 1590 1917 1616 ὑπ-

295 1645 422 1668 curarent
436 1640 506 1666 inter
523 1643 668 1674 utrutnque
680 1645 778 1673 pacem
792 1638 946 1665 conciliare.
963 1638 1038 1671 Quod
1053 1638 1075 1665 si

1129 1632 1203 1668 έστη·
1222 1632 1269 1658 καὶ
1290 1633 1313 1658 εί
1341 1633 1389 1666 μὲν
1412 1634 1426 1659 ὁ
1442 1633 1537 1668 φθόνος
1552 1634 1636 1666 αἴτιος
1648 1632 1693 1669 ἦν,
1705 1635 1747 1661 ἵνα
1761 1635 1920 1662 σπουδάσω-

295 1686 409 1714 conficta
425 1685 581 1721 paenitentia
596 1693 661 1712 usus
685 1689 758 1712 esset
773 1685 866 1716 Arius,
884 1684 1075 1711 Alexandriam

294 1733 464 1764 concederet,
482 1737 562 1766 atque
585 1731 664 1758 isthic
677 1731 710 1758 de
737 1738 768 1758 ea
792 1738 873 1758 causa
899 1730 1074 1764 judicaretur.

295 1778 440 1814 Episcopos
458 1778 548 1812 itaque
572 1776 679 1812 paulum
703 1784 718 1803 a
735 1777 777 1804 via
802 1776 985 1808 deﬂectentes,
1001 1776 1076 1810 jubet

295 1824 450 1858 imperator,
467 1822 530 1858 Tyri
552 1827 672 1856 coactos,
689 1829 796 1849 causam
819 1822 958 1849 Athanasii
974 1827 1001 1849 et
1018 1822 1074 1849 Arii

294 1867 455 1903 expendere,
465 1873 494 1894 ut
506 1875 522 1894 e
535 1867 624 1894 medio
637 1867 739 1894 sublata
754 1867 826 1894 omni
839 1866 986 1899 simultate,
998 1874 1075 1901 paca~

297 1913 349 1940 tius
366 1912 485 1940 ecclesia:
505 1912 700 1939 dedicationem
722 1911 900 1945 celebrarent,
913 1919 1076 1938 consecran-

294 1962 336 1984 tes
353 1963 411 1984 eam
425 1957 488 1983 Deo.
503 1955 665 1984 Tricesimus
681 1956 704 1983 is
713 1961 773 1983 erat
784 1964 869 1983 annus
883 1956 988 1991 itnperii
1004 1956 1074 1983 Con—

294 2002 415 2030 stantini.
431 2001 494 2037 Tyri
511 2001 624 2029 aderant
646 2009 678 2028 ex
706 2002 788 2028 variis
815 2002 925 2029 urbibus
955 2002 1086 2038 episcopi-

293 2047 450 2080 sexaginta,
477 2046 602 2081 Dionysio
635 2046 769 2073 consulari
798 2050 979 2081 congregante
1004 2046 1072 2074 illos.

294 2093 446 2120 Ducebatur
465 2097 553 2118 autem
574 2091 707 2118 Macarius
725 2091 868 2126 presbyter
881 2091 1043 2119 Alexandria
1058 2100 1072 2119 a

294 2137 403 2164 militari
418 2144 509 2167 manu,
523 2136 627 2162 vinctus
639 2136 749 2169 catenis,
764 2135 843 2163 simul
855 2137 988 2164 assidente
1005 2137 1073 2164 illius

294 2182 438 2216 provinciae
453 2180 590 2216 praefecto,
605 2180 718 2215 aliisque
731 2181 915 2215 compluribus
932 2181 1073 2216 magistra-

293 2227 373 2254 tibus.
395 2226 477 2253 Paulo
495 2231 557 2262 post
580 2227 696 2254 accitum
725 2227 902 2255 Athanasium
923 2235 938 2254 a
960 2229 1071 2263 synodo,

291 2276 437 2306 praesentes
451 2271 754 2306 sycophatttte,primum
769 2272 801 2299 dc
813 2272 882 2298 linea
898 2277 972 2300 veste
992 2280 1071 2300 accu-

1131 1686 1172 1704 σιν
1195 1678 1292 1709 αὐτοὺς
1307 1678 1453 1713 ἑκατέρους
1473 1678 1540 1714 πρὸς
1569 1680 1678 1715 εἰρήνην
1699 1681 1824 1716 συνάψαι·
1839 1683 1863 1708 εἰ
1877 1674 1918 1708 ’δὲ

1130 1722 1234 1758 πλαστῇ
1249 1731 1302 1749 τινι
1329 1723 1493 1759 μεταμελείᾳ
1513 1724 1644 1760 κέχρηται
1662 1725 1676 1751 ό
1693 1726 1810 1762 Ἀρειος,
1833 1735 1919 1754 κατα-

1128 1768 1205 1795 λάϐοι
1222 1769 1270 1804 τὴν
1287 1768 1496 1805 Ἀλεξάνδρειαν,
1514 1770 1594 1797 κάκεῖ
1605 1772 1668 1807 περὶ
1675 1771 1776 1799 τούτων
1786 1773 1916 1808 κρίνοιτο.

1135 1814 1209 1840 ⁸0δοῦ
1222 1812 1267 1841 οὖν
1279 1814 1415 1851 πάρεργον
1429 1816 1558 1852 πρότερον
1575 1818 1603 1843 εν
1627 1819 1660 1853 τῇ
1678 1818 1758 1855 Τύρῳ
1769 1819 1917 1854 συναχθέν-

1128 1869 1177 1892 τας
1190 1862 1252 1892 τοὺς
1268 1861 1440 1894 ἐπισκόπους,
1462 1862 1496 1889 τὰ
1512 1862 1582 1890 κατὰ
1599 1863 1644 1890 τδν
1661 1864 1738 1898 ἅγιον
1757 1865 1917 1893 Ἀθανάσιον

1128 1905 1327 1941 γυμνασθῆναι,
1345 1907 1391 1933 καὶ
1405 1907 1439 1933 τὰ
1454 1908 1524 1934 κατὰ
1537 1908 1644 1943 Ἀρειον
1657 1909 1832 1944 προσέταξεν,
1840 1911 1917 1943 ὃπως

1129 1951 1171 1983 ἂν,
1186 1952 1305 1979 ἐκποδὼν
1319 1953 1466 1989 γενομένης
1489 1954 1578 1989 πάσης
1588 1955 1752 1990 ὲρεσχελίας,
1769 1957 1915 1992 εἰρηνικά)-

1127 2007 1206 2034 τερον
1228 1998 1261 2024 τὰ
1274 1999 1438 2035 έπιϐατήρια
1468 2001 1518 2035 τῆς
1536 2000 1698 2035 Ἐκκλησίας
1710 2001 1914 2036 ἐπιτελέσωσιν,

1127 2044 1316 2078 καθιεροῦντες
1326 2045 1410 2080 αὐτὴν
1420 2046 1458 2081 τῷ
1472 2046 1541 2082 Θεῷ.
1556 2047 1722 2083 Τριακοστὸν
1746 2048 1775 2075 δὲ
1785 2047 1819 2085 ἦν
1834 2050 1916 2078 τοῦτο

1127 2090 1186 2121 ἔτος
1200 2090 1249 2124 τῆς
1268 2089 1404 2125 βασιλείας
1422 2091 1635 2119 Κωνσταντίνου.
1660 2093 1788 2129 Παρῆσαν
1813 2094 1841 2121 δὲ
1866 2095 1914 2121 ἐπὶ

1125 2136 1174 2172 τὴν
1190 2136 1276 2172 Τύρον
1299 2138 1330 2163 ὲκ
1342 2137 1476 2173 διαφόρων
1492 2138 1596 2165 πόλεων
1611 2138 1754 2166 ἐπίσκοποι
1768 2139 1912 2176 ἐξήκοντα,

1125 2183 1259 2210 Διονυσίου
1275 2183 1322 2210 τοῦ
1337 2184 1468 2210 ὑπατικοῦ
1482 2186 1678 2220 συναγαγόντος
1689 2186 1796 2218 αὐτούς.
1810 2187 1914 2221 Ἤγετο

1125 2228 1152 2254 δὲ
1169 2229 1310 2264 Μακάριος
1333 2231 1346 2256 ὀ
1374 2229 1557 2266 πρεσϐύτερος
1577 2231 1609 2258 ὲκ
1636 2231 1686 2266 τῆς
1708 2231 1913 2269 ’Δλεξανδρείας

1126 2275 1328 2311 σιδηροδέσμιος
1355 2276 1400 2302 διὰ
1424 2276 1622 2312 στρατιωτικῆς
1645 2278 1745 2312 χειρὸς,
1771 2279 1913 2314 συνεδριάο

291 2322 396 2344 sarunl.
412 2316 464 2344 Sed
474 2324 532 2343 eam
554 2316 716 2344 calumniam
729 2317 792 2351 Apis
815 2322 841 2344 et
862 2317 994 2345 Macarius
1010 2325 1072 2353 pre-

1129 2329 1220 2353 ςαντος
1245 2322 1292 2348 καὶ
1314 2322 1361 2348 τοῦ
1381 2322 1508 2358 ἄρχοντος
1530 2324 1580 2358 τῆς
1598 2324 1795 2359 ὲπαρχίας,καὶ
1808 2312 1911 2360 ἑτέρων

290 2362 391 2397 sbyleri
399 2361 583 2394 Alexandrini,
592 2361 636 2396 qui
644 2361 803 2389 Nicomedia:
811 2368 897 2395 erant,
905 2363 1069 2396 exstinxere,

290 2404 479 2439 imperatorem
507 2405 632 2432 docentes
651 2405 717 2431 falsa
741 2405 784 2433 illa
806 2414 865 2434 esse
892 2415 951 2442 quae
976 2413 1069 2435 contra

290 2453 464 2480 Athanasium
476 2453 638 2480 dicerentur.
648 2453 736 2486 Quare
744 2459 914 2481 accusatores
924 2454 1069 2489 imperator

290 2498 387 2525 litteris
415 2499 471 2526 suis
498 2499 664 2533 perstrinxit,
685 2499 816 2534 jttssitque
841 2501 1018 2527 Athanasium
1039 2508 1069 2528 se

289 2545 374 2573 adire.
387 2544 483 2571 Statim
497 2552 561 2580 ergo
574 2545 624 2572 sub
648 2546 752 2572 initiqu
768 2546 971 2581 disquisitionis,
986 2547 1069 2574 tradi-

290 2590 323 2616 tis
347 2590 529 2625 imperialibus
545 2591 652 2623 litteris,
668 2591 722 2618 Dco
746 2599 801 2618 rem
827 2592 864 2619 ita
885 2592 1070 2626 dispensattte,‘

289 2635 314 2660 in
331 2636 493 2661 anxietatem
520 2635 649 2662 Eusebius
662 2640 689 2662 et
699 2636 764 2662 socii
791 2636 890 2662 redacti
907 2641 979 2663 sunt.
1001 2636 1067 2663 Cum

288 2680 370 2714 igitur
385 2680 435 2708 hac
453 2681 479 2707 in
503 2685 578 2715 parte
595 2681 758 2708 excidissent
775 2669 955 2714 accusatores,
972 2682 1005 2708 ad
1019 2689 1066 2708 ac-

287 2725 440 2753 cusationes
453 2731 544 2753 contra
563 2725 708 2753 Macarium
723 2730 872 2754 vertuntur.

323 2817 359 2855 (τι)
371 2817 470 2855 Palat"
486 2818 663 2855 κρατύνειμ-
677 2819 736 2848 Mox
760 2819 811 2855 leg.
825 2819 988 2855 ἀνέτρεψε...
1017 2828 1066 2847 κα-

288 2852 374 2884 τέαξε.
393 2853 471 2879 Ευιτ.
486 2852 605 2880 Ρλτιιοι.

323 2887 359 2922 (ὁ)
377 2886 429 2922 ch
453 2887 542 2918 αὑτός.
558 2889 583 2914 In

1125 2366 1253 2393 πλειόνων
1269 2367 1298 2393 ὲν
1316 2367 1387 2393 τέλει
1397 2367 1491 2395 ὄντων.
1507 2369 1573 2395 Μετ’
1583 2369 1613 2395 οὐ
1628 2369 1695 2396 πολὺ
1708 2370 1829 2396 ἐκαλεῖτο
1841 2371 1911 2406 πρὸς

1122 2412 1172 2447 τῆς
1185 2413 1291 2439 συνόδου
1307 2413 1472 2446 Ἀθανάσιος,
1492 2416 1537 2441 καὶ
1547 2416 1677 2451 παρόντες
1690 2417 1715 2443 οἰ
1731 2418 1908 2451 συκοςνάνται,

1123 2458 1230 2493 πρῶτον
1252 2459 1300 2493 μὲν
1322 2459 1355 2485 τὰ
1379 2460 1441 2495 περὶ
1467 2460 1516 2495 τῆς
1538 2461 1613 2494 λινῆς
1629 2460 1743 2496 ἐσθῆτος
1758 2462 1909 2490 διέϐαλλον.

1127 2503 1206 2530 Ἀλλὰ
1219 2504 1318 2539 ταύτην
1332 2505 1380 2539 μὲν
1393 2505 1441 2540 τὴν
1458 2505 1581 2541 διαϐολὴν
1595 2507 1698 2538 Ἀππις
1710 2507 1754 2534 καὶ
1764 2509 1910 2544 Μακάριος

1120 2549 1299 2586 πρεσϐύτεροι
1316 2550 1366 2585 τῆς
1387 2550 1580 2587 Ἀλεξανδρέων
1595 2552 1708 2584 πόλεως,
1723 2554 1757 2588 τῇ
1783 2554 1910 2590 Νικομηυ

1118 2592 1177 2628 δείᾳ
1198 2593 1258 2619 τότε
1274 2595 1400 2630 τυχηρῶς
1419 2595 1624 2630 ἐπιδημοῦντες,
1643 2597 1807 2631 ἁπέσϐεσαν,
1821 2599 1908 2636 ψευδῆ

1116 2639 1151 2664 τὰ
1164 2639 1292 2675 λεχθέντα
1302 2641 1372 2668 κατὰ
1385 2642 1431 2668 τοῦ
1447 2643 1524 2676 ἁγίου
1545 2643 1701 2670 Ἀθανασίου
1712 2642 1781 2672 εἶναι
1797 2646 1842 2672 τὸν
1856 2646 1908 2681 βα-

1119 2684 1193 2710 σιλέα
1205 2685 1366 2719 διδάξαντες.
1382 2688 1427 2714 Διὸ
1440 2688 1493 2714 τῶν
1511 2689 1560 2724 μὲν
1576 2690 1760 2726 κατηγόρωνὸ
1778 2691 1909 2726 βασιλεὺς

1116 2730 1160 2758 διὰ
1178 2733 1345 2768 γραμμάτων
1369 2734 1519 2770 καθήψατο·
1543 2735 1698 2762 Ἀθανάσιον
1719 2736 1748 2763 δὲ
1768 2737 1836 2773 πρὸς
1854 2738 1908 2765 αὐ-

1157 2824 1192 2856 (c)
1211 2823 1308 2865 Palat..
1341 2825 1441 2865 ὁμοίως
1467 2827 1522 2854 καί.
1541 2826 1612 2856 Infra
1637 2827 1720 2861 idem,
1748 2827 1800 2863 τῆς
1818 2827 1908 2865 ὀρθῆς

1116 2857 1200 2890 ὅντως
1217 2860 1334 2891 πίστεως
1354 2857 1401 2887 ὢν.
