2027 3042
641 157 722 185 VITA
740 157 769 185 S.
789 157 976 186 ATHANASII
996 158 1041 186 EX
1063 158 1327 189 METAPHRASTE.

1682 173 1786 194 CCXXVII

162 217 207 244 τδν
225 216 263 253 (π)
280 216 366 243 ἐλθεῖν
381 203 578 253 προετρςφατοξ
595 217 703 248 Εὐθέως
713 214 760 243 οὖν
771 217 800 242 ἐν
819 217 890 252 ἀρχῇ
904 217 953 252 τῆς
970 217 1137 252 ἀκροάσεως,
1155 217 1209 244 τῶν
1221 217 1366 252 βασιλικῶν
1392 219 1562 255 γραμμάτων
1592 221 1789 256 ἀποδοθεντων,

161 263 209 290 τοῦ
225 262 292 289 Θεοῦ
317 262 403 289 ταῦτα
436 263 709 299 προευτρεπίσαντος,
735 263 776 293 είς
802 262 921 296 ἀγωνίαν
939 264 963 288 ei
983 263 1045 299 περὶ
1066 263 1193 290 Εὑσέὸιον
1221 264 1268 291 καὶ
1290 265 1313 290 οί
1337 265 1384 291 σὺν
1401 265 1474 301 αὐτῷ
1494 268 1709 303 φρατριάσαντες
1722 279 1791 297 κατ-

161 308 288 344 έστησαν.
307 309 408 335 Τούτου
432 307 478 336 οὖν
497 310 544 336 τοῦ
563 310 661 346 μέρους
687 309 848 341 ἐκπεσόντες
871 310 895 336 οῐ
914 310 1073 346 κατήγοροι,
1100 311 1145 338 ἐπὶ
1165 312 1224 343 ταῖς
1263 311 1334 338 κατά
1367 311 1414 338 τοῦ
1445 313 1588 350 Μακαρίου
1613 317 1791 354 κατηγορίαις

162 356 318 391 ἐτρέποντο.

195 403 223 430 4,
236 403 292 429 Καὶ
312 402 419 438 πρῶτον
437 403 485 438 μὲν
508 403 665 434 Ἀθανάσιος
684 404 698 429 ὁ
723 403 808 438 μέγας
829 402 945 438 νομίμως

1038 401 1066 428 4.
1079 401 1109 428 Ει
1119 401 1233 435 primum
1244 400 1351 435 quidem
1361 401 1523 429 Athanasius
1533 402 1575 430 ille
1584 411 1696 439 magnus
1705 405 1790 435 Euse-

160 449 224 481 τοὺς
240 449 304 485 περ)⁵
319 449 448 476 Εὑσέῦιον
468 449 505 480 ὼς
513 449 624 486 ἐχθροὺς
638 449 840 485 παρεγράφετοο
857 448 951 475 ἔπειτα

160 494 323 526 δείκνυσθαι,
336 495 360 520 εί
374 496 388 521 ὁ
408 495 559 530 κατήγορος
578 494 702 530 Ἰσχυρᾶς
716 494 825 530 ἀληθῶς
837 494 953 529 πρεσϐύ-

160 549 239 575 τερος
256 540 308 575 είη.
326 540 403 567 Οὕτω
421 540 475 575 γὰρ
497 540 544 566 καὶ
560 541 587 566 ἐν
600 541 632 575 τῇ
644 540 796 576 κατηγορίᾳ
806 541 953 577 ἐνεγέγρα-

161 595 223 612 πτο.
241 585 348 612 Τούτων
361 586 389 612 δὲ
400 586 495 612 οὐδένα
507 585 585 620 λόγον
592 586 616 612 οἰ
630 587 723 621 κριταὶ
733 586 881 613 ἐποιοῦντο·
894 587 951 614 ἀλλ’

161 632 273 667 εἰσήχθη
291 632 339 667 μὲν
356 633 372 668 ὴ
400 632 471 658 κατὰ
484 633 626 668 Μακαρίου
640 632 712 668 δίκην
726 633 915 668 ἀτονησάντων
924 634 952 660 δέ

159 677 215 704 τῶν
228 678 357 713 ἐλέγχων,
378 678 523 714 ὑπέρθεσιν
546 679 725 714 ἐλάμῦανενή
751 679 892 714 ἀκρόασις,
908 680 950 714 ἐφ’

160 721 183 758 ᾦ
196 733 226 751 τε
235 724 436 760 παραγενέσθαι
450 726 496 751 ἐπὶ
510 725 556 751 τὸν
570 725 722 760 Μαρεώτην
739 726 825 757 τινὰς,
843 726 887 753 ἶνα
903 726 950 753 ἐπὶ

159 769 205 796 τὸν
228 769 310 796 τόπον
337 769 468 805 ζητηθείη
494 770 529 796 τὰ
549 770 696 805 ἀμςρίὸολα.
725 770 767 802 Ὡς
789 770 818 797 δὲ
837 771 851 797 ὁ
873 771 950 805 ἅγιος

166 815 324 847 ’Δθανάσιος
345 816 535 851 πεμπομένους
562 814 645 848 εἶδεν,
673 815 719 848 οὓς
743 816 948 852 παρεγράψατο,

158 862 295 896 Θεόγνιον,
313 862 413 897 Μάριν,
427 862 572 898 Θεόδωρον,
593 862 768 892 Μακεδόνων.
785 863 948 898 υὺρσάκιον,

159 908 224 935 ἐϐόα
253 908 402 944 σκαιωρίαν
417 906 486 935 εἶναι
500 910 547 935 καὶ
571 909 645 936 δόλον
661 909 695 935 τὰ
719 910 848 944 γινόμενα
863 917 869 925 ·
887 909 948 936 οὐδὲ

158 954 214 989 γὰρ
228 953 332 980 δίκαιον
348 952 416 980 εἶναι
431 954 574 990 Μακάριον
591 954 641 989 μὲν
657 954 702 980 τὸν
718 954 902 991 πρεσϐύτερον
919 956 948 982 ὲν

156 999 266 1034 δεσμοῖς
292 998 370 1030 εἶναι,
396 1000 441 1026 τὸν
457 1000 484 1026 δὲ
506 1001 657 1036 κατήγορον
680 1000 738 1036 ἅμα
763 1002 818 1032 τοῖς
842 1001 948 1036 ἐχθροῖς

158 1046 277 1077 ἀπιέναι,
303 1047 344 1081 ἐφ’
358 1043 380 1080 ᾧ
392 1055 419 1072 τε
435 1047 466 1073 ἐκ
487 1047 652 1082 μονομεροῦς
668 1046 766 1082 πρᾶξιν
782 1047 947 1082 ὑπομνημά-

159 1102 213 1120 των
228 1093 265 1128 (b)
284 1093 458 1129 ποιήσασθαι.
477 1093 567 1119 Ταῦτα
586 1093 701 1128 βοῶντος
713 1093 758 1120 τοῦ
775 1094 851 1127 ἁγίου
870 1093 948 1119 Ἀθα-

157 1139 258 1171 vastati,
269 1139 316 1166 καὶ
325 1139 593 1175 διαμαρτυρουμένου
606 1139 635 1166 τὸ
649 1139 738 1166 κοινὸν
761 1139 811 1173 τῆς
826 1139 946 1170 συνόδου,

157 1186 203 1211 καὶ
226 1185 362 1212 Διονύσιον
384 1185 429 1211 τὸν
451 1185 593 1217 ὑπατικὸν,
613 1185 651 1216 ὡς
665 1183 716 1211 εἶδε
745 1185 846 1220 μηδένα
869 1185 947 1220 λόγον

156 1231 258 1257 τούτων
272 1230 417 1262 ποιεῖσθαι,
434 1231 533 1262 αὐτοὺς
547 1230 676 1256 διαλιπὼν
697 1230 866 1266 ἀνεχώρησε,
900 1231 947 1258 καὶ

156 1275 226 1311 πρὸς
238 1275 282 1301 τὸν
299 1275 408 1310 βασιλέα
428 1275 588 1310 ἀνέδραμεν.
601 1276 632 1302 Οἱ
649 1275 699 1310 μὲν
716 1273 762 1302 οὖν
780 1276 946 1302 ἀποσταλένα

156 1330 204 1353 τες
231 1322 271 1352 είς
291 1322 335 1347 τὸν
361 1321 523 1356 Μαρεώτην,
549 1323 709 1357 ποιήσαντες
728 1323 759 1348 ὲκ
781 1322 947 1358 μονομεροῦς

156 1368 338 1403 ὑπομνήματα
350 1367 439 1399 καθὼς
468 1368 622 1402 ἠϐούλοντο,
641 1368 735 1404 ᾔεσαν·
758 1368 774 1403 ή
796 1367 823 1394 δέ
840 1368 946 1400 σύνοδος

156 1412 263 1447 πρῶτον
277 1413 327 1448 μὲν
340 1414 447 1449 ἐρήμην
459 1413 506 1440 τοῦ
518 1413 595 1447 ἁγίου
617 1413 774 1439 Ἀθανασίου
787 1413 946 1449 κατεδιῄτη-

157 1467 213 1485 σεν·
228 1459 265 1490 ὡς
280 1459 309 1485 δὲ
322 1460 369 1486 καὶ
382 1459 415 1486 τὰ
435 1460 466 1489 ὲν
475 1459 513 1495 τῷ
527 1459 663 1496 Μαρεώτῃ
687 1460 869 1495 πεπραγμένα
883 1468 942 1486 συν-

157 1505 268 1539 ἐφθασε,
287 1506 446 1541 καθαίρεσιν
459 1506 623 1541 ἐψηφίσαντο
639 1506 808 1539 Ἀθανασίου,
821 1506 905 1534 πολλὰ
917 1507 945 1533 ἐν

154 1552 210 1583 τοῖς
220 1552 420 1587 καθαιρετικοῖς
431 1553 511 1580 αὐτὸν
529 1553 564 1588 (ι’)
577 1553 791 1588 λοιδορήσαντες.
809 1553 897 1585 Εὐθύς
915 1562 944 1580 τε

155 1597 192 1628 ὡς
205 1595 276 1632 εἶχον
295 1599 327 1624 ὲκ
337 1599 387 1633 τῆς
400 1598 487 1634 Τύρου
498 1599 647 1630 σπουδαίως
659 1599 705 1625 ἐπὶ
720 1599 754 1626 τά
772 1599 945 1635 Ἱεροσόλυμα

154 1643 316 1679 ἐπορεύοντο
325 1645 371 1671 ἐπὶ
385 1646 418 1680 τῇ
431 1644 592 1680 καθιερώσει
606 1646 655 1680 τῆς
677 1645 740 1677 νέας
759 1645 909 1681 Ὶερουσαλή
915 1654 943 1680 μ’

153 1689 265 1716 ἐλθόντα
290 1699 319 1716 τε
337 1692 426 1718 ἐκεῖσε
453 1691 573 1726 δέχονται
590 1691 635 1718 τὸν
653 1692 760 1727 Ἀρειον
782 1691 806 1717 οἱ
833 1692 880 1718 καὶ
899 1691 944 1718 ἐπὶ

153 1735 204 1770 τῆς
215 1735 283 1762 κατά
294 1736 411 1762 Νίκαιαν
424 1735 533 1762 συνόδου
545 1736 735 1771 προσποιητῶς
751 1737 790 1767 είς
803 1735 833 1762 τὸ
845 1736 946 1770 ὀμοού-
958 1747 982 1778 c

154 1788 222 1807 mor
236 1781 452 1818 ὑπογράψαντες·
469 1782 540 1817 φημὶ
555 1782 582 1809 δέ
596 1783 620 1808 οἱ
635 1782 699 1817 περὶ
724 1783 768 1808 τὸν
787 1781 944 1817 Νικομηδέα

154 1827 292 1854 causam.
317 1829 348 1854 Oi
365 1829 393 1855 δὲ
407 1829 456 1864 τῆς
481 1828 563 1863 ὀρθῆς
589 1828 705 1859 πίστεως
731 1827 943 1862 ἀπεστράφησαν

154 1873 200 1899 τὸν
226 1874 344 1909 Ἀρειον,
371 1874 511 1908 ὁρίσαντες
532 1874 578 1900 ἐπὶ
592 1875 624 1909 τῇ
651 1874 721 1900 κατὰ
742 1873 942 1908 Ἀλεξάνδρειαν

154 1919 255 1954 συνόδῳ
275 1920 354 1946 αὐτὸν
380 1920 417 1955 (ά)
432 1919 657 1955 ἀκουσθήσεσθαι,
679 1920 708 1946 ἐν
758 1919 804 1945 καὶ
821 1928 942 1954 παραγε-

152 1965 263 1999 νόμενος
276 1966 354 1993 ἑάλω.
370 1966 477 1992 Τούτων
490 1966 518 1992 δέ
537 1966 620 1993 ὅντων
633 1966 662 1992 ἐν
679 1965 792 1997 τούτοις,
811 1965 942 1991 ἐπικατα-

152 2013 284 2048 λαμϐάνει
315 2014 396 2049 ἕτερα
434 2014 586 2050 γράμματα
613 2014 659 2040 τοῦ
699 2013 852 2048 βασιλέως,

1004 448 1078 476 bium
1089 453 1115 474 et
1128 447 1231 478 socios,
1247 451 1338 481 tttpole
1353 447 1402 473 sibi
1417 447 1620 483 inimicos,jure
1637 452 1788 480 recusabat.

1005 495 1074 522 lliuc
1087 494 1240 529 postulabat
1255 495 1434 528 comprobari,
1444 503 1507 522 num
1518 502 1658 525 accusator
1667 498 1789 534 lschyras

1004 540 1146 575 presbyter
1158 543 1239 566 esset.
1250 538 1288 566 lta
1304 539 1374 566 enim
1386 541 1558 568 accusatione
1566 543 1693 577 scriptum
1706 548 1763 571 erat
1780 553 1788 571 :

1003 586 1050 614 sed
1065 585 1174 613 Macarii
1190 593 1272 612 causa
1288 586 1315 613 in
1329 585 1447 613 medium
1463 587 1577 615 adducta
1594 593 1645 616 est.
1661 588 1727 617 Cum
1742 596 1790 618 au-

1004 638 1056 660 tern
1070 631 1177 659 inlirma
1194 637 1351 666 argumenta
1365 637 1466 663 essent,
1482 633 1633 661 intermissa
1646 635 1697 662 fuit
1708 635 1790 663 inter-

1003 678 1123 712 rogatio,
1143 682 1173 704 ut
1196 677 1303 712 quidam
1330 678 1355 705 in
1382 677 1528 705 Marcotem
1557 679 1747 714 concederent,
1760 686 1790 708 ut

1002 723 1060 758 ipso
1075 723 1101 750 in
1124 723 1182 751 loco
1207 723 1331 758 ambigua
1352 723 1545 759 disquirerenl.
1563 724 1598 753 Ut
1618 725 1681 753 vidit
1698 730 1788 753 autem

1000 768 1164 796 Athanasius
1182 768 1240 795 illos
1267 768 1348 802 mitti,
1370 776 1437 804 quos
1461 774 1597 796 recusaret
1614 770 1681 804 ipse,
1697 770 1788 798 Theo-

1001 817 1102 850 gnium,
1115 816 1209 848 Mariti,
1223 815 1406 847 Theodorum,
1424 815 1621 849 Macedonium,
1634 816 1787 851 Ursacium,

1000 861 1170 893 exclamavit,
1182 861 1244 888 dolo
1259 860 1405 895 frattdeque
1426 868 1468 888 res
1485 861 1588 896 peragi,
1613 869 1662 889 nec
1683 870 1787 897 acquum

1000 913 1069 938 esse,
1084 905 1111 932 itt
1139 905 1254 933 vinculis
1276 913 1387 933 utanere
1413 905 1559 933 Macarium
1587 907 1786 942 presbyterum,

999 952 1061 979 dum
1076 957 1220 980 accusator
1247 960 1307 980 cum
1334 952 1451 979 inimicis
1475 953 1573 985 abit-et,
1593 960 1648 980 rem
1667 958 1694 980 et
1709 961 1786 981 cont-

999 1000 1144 1027 mentarios
1172 999 1255 1027 altera
1275 999 1384 1026 absente
1409 1004 1486 1033 parte
1515 999 1640 1027 edituris.
1657 999 1719 1027 Hmc
1733 999 1788 1026 cla-

999 1049 1088 1072 mante
1107 1049 1200 1072 sanclo
1221 1044 1380 1077 Athanasio,
1394 1051 1426 1072 ac
1449 1051 1619 1072 communem
1642 1045 1786 1080 synodum,

998 1095 1025 1118 et
1043 1090 1200 1126 Dionysium
1227 1089 1364 1116 consulem
1389 1090 1415 1116 in
1432 1094 1514 1117 testes
1538 1090 1737 1124 compellante;
1757 1095 1787 1118 ut

999 1137 1126 1166 advertit.
1153 1135 1253 1162 nullatn
1277 1143 1324 1163 eos
1349 1140 1486 1170 gestorum
1513 1135 1646 1163 rationem
1673 1136 1785 1169 habere,

999 1183 1051 1210 illis
1067 1182 1169 1209 relictis
1184 1182 1327 1214 abscessit,
1343 1188 1370 1209 et
1393 1182 1425 1208 ad
1451 1182 1643 1216 imperatorem
1661 1189 1786 1217 propera-

998 1228 1046 1255 vit.
1062 1228 1111 1262 Qui
1127 1235 1206 1263 porro
1218 1228 1291 1255 missi
1308 1228 1334 1255 in
1359 1228 1504 1255 MareOIem
1529 1227 1646 1261 fuerant,
1661 1236 1722 1255 cum
1747 1228 1785 1255 al-

999 1278 1055 1300 tera
1083 1274 1194 1300 absente
1218 1277 1305 1308 parte,
1323 1272 1455 1300 arbitratu
1481 1280 1530 1300 suo
1551 1281 1607 1300 rem
1625 1273 1782 1307 gessissent.

999 1320 1178 1354 rcmigrarunt
1200 1327 1207 1346 :
1231 1319 1349 1354 synodus
1375 1326 1438 1345 νει-ο
1465 1319 1581 1353 primum
1607 1319 1783 1346 Athanasium

997 1367 1110 1393 desertae
1125 1373 1213 1392 causa;
1230 1364 1377 1393 damnavit.
1392 1364 1443 1392 Ubi
1463 1369 1552 1392 atttem
1569 1372 1709 1393 accessere
1722 1374 1783 1401 quae

997 1411 1154 1440 iuMareote
1167 1416 1240 1446 gesta
1261 1411 1378 1443 fuerant,
1403 1415 1458 1437 tum
1482 1410 1621 1438 Athanasii
1645 1411 1785 1446 depositio-

997 1465 1057 1485 netn
1069 1457 1228 1489 decernunt,
1238 1456 1328 1483 ntultis
1345 1464 1405 1483 cuttt
1421 1456 1552 1484 conviciis
1569 1457 1594 1483 itt
1610 1457 1717 1491 scriptis
1728 1457 1784 1485 suis

995 1507 1150 1530 onerantes.
1170 1502 1237 1528 Tum
1250 1509 1330 1536 quam
1348 1501 1488 1529 celerrime
1502 1501 1698 1536 Jerosolymam
1714 1510 1782 1530 con-

996 1555 1114 1579 cessere,
1127 1548 1159 1574 ad
1180 1555 1254 1574 nova:
1272 1546 1447 1582 Jerosolymaa
1464 1547 1673 1574 dedicationem.
1694 1547 1784 1575 lsthuc

995 1602 1076 1629 porro
1091 1599 1279 1621 occurrentem
1295 1593 1388 1620 Arium
1406 1594 1561 1627 admittunt,
1574 1594 1618 1628 qui
1635 1594 1660 1620 in
1672 1593 1782 1622 Nicatna

996 1640 1118 1675 synodo,
1139 1639 1360 1667 consubstantiali
1390 1639 1517 1666 simulate
1541 1639 1780 1673 subscripserunt;

996 1685 1128 1712 Eusebius
1150 1684 1276 1712 videlicet
1291 1684 1505 1711 Nicomediensis
1518 1688 1544 1711 et
1561 1685 1638 1712 socii.
1652 1683 1701 1717 Qui
1716 1692 1781 1712 vero

996 1732 1154 1759 orthodoxae
1183 1731 1244 1758 fidei
1275 1735 1363 1763 erant,
1383 1730 1477 1758 Arium
1497 1730 1613 1757 aversati
1629 1751 1636 1762 ,
1661 1735 1781 1758 statuere

997 1778 1158 1805 audiendum
1179 1776 1253 1803 illum
1271 1783 1330 1804 esse
1352 1777 1378 1804 in
1401 1776 1582 1803 Alexandrina
1603 1777 1714 1812 synodo,
1727 1783 1781 1811 quo

997 1824 1071 1851 illum
1089 1823 1255 1851 concessisse
1269 1823 1466 1857 deprehensum
1480 1822 1577 1849 fuerat.
1592 1822 1659 1849 Cum
1671 1822 1729 1849 haec
1740 1822 1779 1849 ita

996 1878 1025 1898 se
1039 1871 1180 1901 haberent,
1194 1868 1325 1896 accedunt
1341 1867 1398 1894 alia:
1418 1867 1514 1895 litterae
1539 1867 1722 1902 imperatoris,
1734 1867 1778 1902 ju-

995 1917 1089 1944 heules
1109 1915 1285 1943 Athanasium
1298 1915 1439 1946 accedere,
1461 1915 1588 1949 ipsosque
1616 1914 1775 1942 Constanti-

997 1963 1114 1996 nopolim
1137 1970 1217 1997 quam
1235 1961 1393 1989 maturrime
1407 1968 1436 1988 se
1450 1961 1583 1988 conferre.

885 2012 1051 2048 σημαίνοντα
1082 2009 1238 2037 Ἀθανάσιον
1265 2009 1313 2045 μὲν
1343 2009 1421 2044 ἥκειν
1451 2008 1519 2044 πρὸς
1548 2008 1629 2035 αὑτὸν
1645 2027 1652 2040 ,
1679 2008 1776 2040 αὐτοὺς

150 2059 180 2086 δὲ
212 2062 337 2095 παρεῖναι
371 2060 408 2092 ὠς
438 2060 553 2095 τάχιστα
585 2061 624 2092 είς
659 2060 709 2096 τὴν
740 2059 1035 2087 Κωνσταντινούπολιν.

347 2129 504 2164 Ἐπιστολὴ
520 2129 573 2156 τοῦ
583 2128 746 2163 βασιλέως.

191 2185 201 2202 ι
213 2175 334 2211 Νικητὴς
345 2177 557 2207 Κωνσταντῖνος,
571 2175 713 2208 Σεϐαστὸς,
730 2177 787 2208 τοῖς
807 2176 841 2211 sv:
861 2176 940 2212 Τύρῳ

150 2221 322 2248 συνελθοῦσιν
335 2221 502 2253 ἐπισκόποις.

191 2278 199 2294 ι
217 2267 287 2302 Ἐγὼ
302 2267 352 2303 μὲν
377 2268 466 2302 ἀγνοῶ
479 2268 539 2295 τίνα
553 2268 611 2294 ἐστὶ
625 2268 658 2294 τὰ
677 2268 730 2294 ὑπὸ
744 2268 792 2303 τῆς
803 2268 938 2304 ὑμετέρας

151 2316 259 2343 συνόδου
280 2316 349 2351 μετὰ
362 2316 476 2352 θορύϐου
501 2316 548 2342 καὶ
564 2316 696 2351 χειμῶνος
714 2314 849 2350 κριθέντα·
866 2315 940 2341 δοκεῖ

150 2364 180 2390 δέ
198 2373 255 2395 πως
270 2364 321 2390 ὑπό
334 2372 406 2395 τινος
418 2363 591 2399 ταραχώδους
603 2361 715 2394 ἀταξίας
734 2363 750 2397 ὴ
761 2361 873 2396 ἀλήθεια
884 2361 938 2388 διε-

151 2409 285 2444 «paream
300 2410 344 2444 ὑφ’
361 2409 447 2444 ὑμῶν,
458 2408 556 2443 δηλαδὴ
570 2407 614 2434 διὰ
634 2407 682 2444 τὴν
696 2407 764 2442 πρὸς
782 2407 845 2438 τοὺς
867 2407 936 2442 πλη-

1229 2126 1349 2162 Epistula
1364 2126 1538 2160 imperatoris.

1033 2185 1041 2201 ‹
1057 2175 1150 2203 Victor
1165 2173 1358 2202 Constantinus
1384 2173 1520 2206 Augusms
1548 2171 1682 2206 episcopis
1710 2171 1776 2207 Tyri

992 2221 1170 2257 congregatis.

1032 2267 1183 2302 (Equidem
1201 2266 1296 2300 ignoro
1317 2271 1440 2297 quamam
1457 2263 1512 2290 sint
1533 2270 1547 2290 a
1564 2267 1655 2290 vestra
1671 2263 1774 2297 synodo

993 2314 1161 2341 turbulenter
1176 2319 1207 2338 ac
1221 2311 1384 2338 tumultuose
1399 2308 1539 2342 iudicata:
1557 2308 1657 2335 veritas
1673 2307 1773 2342 quippe

993 2357 1107 2385 tumultu
1124 2364 1155 2383 ac
1168 2355 1326 2383 confusione
1343 2354 1458 2388 quadam
1483 2360 1611 2387 oppressa
1631 2352 1740 2379 videtur
1756 2360 1773 2381 ιι

991 2405 1078 2436 vobis,
1093 2403 1197 2430 scilicet
1220 2403 1253 2429 ob
1282 2406 1402 2428 nuttuam
1426 2398 1543 2427 vcstratn
1559 2400 1771 2431 contentionem,

151 2456 207 2482 σίον
224 2456 390 2491 ἐρεσχελίαν,
413 2456 446 2491 ἣν
459 2455 592 2490 ἀήττητον
604 2454 636 2490 (e)
651 2453 718 2481 εἶναι
734 2453 861 2488 βούλεσθε
871 2474 878 2486 ,
905 2453 939 2480 τὰ

997 2457 1071 2484 ptam
1095 2450 1222 2476 invictam
1246 2448 1338 2480 vultis,
1370 2454 1429 2481 qum
1455 2446 1509 2473 Deo
1534 2445 1640 2480 placent
1662 2445 1772 2471 minime

149 2501 188 2536 τῷ
204 2502 262 2537 Θεῷ
274 2503 424 2538 ἀρέσκοντα
443 2501 480 2537 μὴ
504 2500 679 2536 συνορῶντες.
703 2500 772 2526 Ἀλλ’
790 2499 864 2526 ἔσται
888 2499 938 2536 τῆς

150 2548 225 2580 θείας
235 2548 363 2584 προνοίας
373 2548 464 2583 ἔργον,
476 2547 522 2574 καὶ
538 2547 568 2573 τὺ
582 2547 631 2581 τῆς
644 2546 808 2581 φιλονεικίας
824 2545 936 2579 ταύτης,

149 2594 242 2621 καὶτὰ
267 2595 390 2631 φανερῶς
405 2594 501 2621 ἁλόντα
518 2593 701 2623 διασκεδάσαι,
719 2593 764 2618 καὶ
782 2593 846 2627 ἡμῖν
860 2591 936 2626 διαρ-

148 2640 233 2675 ρήδην
254 2640 396 2672 ἐπιδεῖξαι,
422 2639 449 2666 εἴ
462 2648 521 2666 τινα
534 2640 583 2674 τῆς
597 2638 723 2674 ἀληθείας
738 2637 830 2664 αὐτόθι
843 2637 931 2664 συνελ-

148 2686 239 2718 θόντες
268 2686 432 2722 ἐποιήσασθε
457 2685 593 2722 φροντίδα,
611 2685 657 2711 καὶ
672 2685 696 2710 εί
721 2683 755 2710 τὶ
785 2684 936 2719 κεκριμένα

145 2732 230 2767 χωρίς
246 2741 318 2764 τινος
334 2733 444 2769 χάριτος
460 2731 507 2758 καὶ
522 2730 668 2766 ἀπεχθείας
679 2729 936 2764 ἐκοίνατε.Τοιγαρ-

182 2833 219 2867 (ιι)
238 2832 285 2860 Sic
304 2832 390 2860 Palat.
407 2833 477 2861 Editi
497 2840 573 2864 vero,
589 2833 653 2867 παρ’
666 2831 770 2858 ἐαυτὸν.

133 2866 135 2873 '
182 2869 218 2900 (by
235 2868 321 2896 Palat.
337 2868 434 2931 mihi
449 2869 498 2896 οὐκ
519 2866 677 2904 μνημάτων.
699 2867 770 2894 Infra
793 2866 880 2898 idem,
900 2866 931 2893 τὸ

146 2905 223 2931 κενὸν
238 2903 288 2931 τῆς
305 2911 336 2930 συ
369 2903 422 2930 “ου.

146 2905 223 2932 κενὸν
238 2905 288 2938 τῆς
305 2905 422 2931 συνόδου.

989 2496 1184 2532 spectantibus.
1210 2495 1262 2522 Sed
1288 2494 1341 2521 erit
1376 2494 1439 2520 illud
1472 2493 1569 2520 divina
1594 2492 1771 2526 providentiae

988 2551 1065 2577 opus,
1081 2541 1229 2569 istiusmodi
1254 2540 1395 2567 discordia:
1414 2539 1495 2570 mala,
1517 2539 1659 2565 manifesto
1675 2537 1771 2572 depre~

989 2590 1070 2616 ltcnsa
1086 2588 1225 2622 dissipare,
1248 2586 1378 2620 nobisque
1397 2585 1484 2619 palam
1505 2584 1596 2611 facere
1613 2583 1636 2610 si
1653 2590 1706 2617 qua
1721 2590 1770 2609 vo-

988 2637 1029 2663 bis
1050 2635 1130 2662 fuerit
1143 2634 1223 2661 isthic
1235 2632 1406 2667 congregatis
1421 2631 1542 2658 veritatis
1555 2637 1630 2662 cura,
1652 2634 1678 2656 et
1693 2629 1714 2656 si
1726 2628 1770 2663 ju-

990 2681 1058 2709 dicia
1084 2685 1172 2707 vestra
1199 2679 1267 2706 citra
1290 2677 1403 2712 gratiam
1431 2676 1512 2703 ttllatn
1536 2676 1578 2702 vel
1604 2675 1695 2702 odium
1712 2673 1769 2700 lata

989 2727 1100 2754 fuerim.
1114 2725 1245 2758 Quocirca
1261 2732 1307 2751 vos
1320 2730 1412 2752 omnes
1426 2722 1625 2757 quamprimum
1641 2721 1768 2756 pietatm

1031 2830 1054 2858 ε)
1065 2827 1110 2854 Sic
1131 2827 1214 2854 Palat.
1231 2825 1302 2853 Editi
1321 2833 1396 2858 vero,
1412 2825 1502 2852 αὐτόν.

1031 2830 1054 2858 ε)
1065 2828 1110 2854 Sic
1131 2828 1214 2854 Palat.
1231 2828 1277 2853 I‘Zdi

1018 2828 1057 2899 ἔα)
1071 2862 1169 2899 ξηαπ,
1184 2861 1277 2899 αὑτοῦ.

1071 2897 1142 2931 Haec,
1156 2898 1189 2934 ἢν
1202 2896 1446 2942 ἀήττητονωιίέευιιι
1464 2896 1491 2924 in
1510 2893 1595 2924 Palat.
