2027 3042
299 169 416 191 CCXXVII]

975 157 1243 185 PRULEGOMENA.

299 226 419 251 nostram
445 221 586 249 convenire
606 220 677 252 volo,
701 225 791 245 rerum
814 224 829 244 a
849 216 925 244 vobis
938 221 1074 252 gestarum

1129 215 1172 243 οὖν
1185 215 1367 251 ὴπειγμένους
1382 216 1486 248 πάντας
1500 216 1572 251 ὑμᾶς
1585 215 1654 251 πρὸς
1667 215 1716 250 τὴν
1735 214 1805 250 ἐμὴν
1827 214 1913 243 ἐλθεῖν

299 272 422 297 accurate
437 268 567 295 rationem
580 270 671 294 coram
686 264 850 298 reddituros,
868 273 877 290 ι
893 267 952 299 etc.,

333 397 361 428 6.
388 398 435 426 Hae
456 399 562 432 litterae,
588 397 712 425 homines
737 397 764 423 in
791 397 896 432 synodo
918 399 1027 423 coactos
1042 396 1077 423 ad

298 444 437 480 angustias
453 443 590 478 redegere.
608 441 788 475 Quamobrem
803 442 894 474 plures
908 441 1017 468 domum
1034 447 1077 467 re-

298 491 383 526 gressi
410 494 474 517 sunt
497 499 503 517 :
530 489 669 520 Eusebius,
687 494 761 518 vero,
780 487 915 522 TheOgnis
929 491 956 513 et
970 486 1078 521 reliqui,

298 536 462 570 aliquantum
475 535 511 562 ibi
526 534 645 562 cunctari
659 533 749 560 studio
759 533 937 560 extrahebant
953 537 1075 568 tempus;

297 582 393 609 litteris
415 586 502 608 autem
531 580 587 608 suis
609 579 732 617 piissimo
751 578 908 613 imperatori
937 578 1078 614 significa-

297 632 370 660 runt,
386 627 485 654 invitos
509 634 538 654 se
567 626 679 653 detineri
695 625 837 659 quominus
852 625 940 659 ipsum
958 625 1076 652 adirent.

296 671 401 699 Interea
416 677 518 703 autem,
543 670 615 698 aliud
635 671 773 704 profertur
788 670 892 697 erimen
911 669 943 696 de
959 677 1026 697 auro
1042 669 1076 696 ad

297 716 485 744 Philumenum
510 716 604 743 tnisso.
628 715 745 743 Sanctus
765 715 931 742 Athanasius
953 715 1026 742 sistit
1050 722 1079 742 se

298 762 325 788 in
347 765 519 795 conspectum
548 760 719 794 imperatoris
735 760 760 786 in
779 759 961 786 Psammathia
983 760 1080 786 subur-

296 807 368 835 bano
388 806 560 835 Nicomediae.
591 806 680 839 Quare
706 805 895 834 cunctantibus
919 805 1079 833 Eusebianis

297 861 360 881 cum
376 853 480 880 honore
497 853 572 880 illum
598 852 791 880 Alexandriam
816 852 931 884 remisit.
954 852 1077 880 scribens

296 898 487 926 Alexandrina:
510 897 636 925 Ecclesia
658 897 816 932 episcopum
838 904 932 924 eorum
955 897 1076 924 Athana-
1093 887 1114 914 Β

296 944 367 971 sium
383 943 452 970 falso
469 942 553 970 fuisse
573 948 740 970 accusatum.
765 941 831 970 Cum
847 947 937 969 autem
953 942 1079 970 advenis-

296 994 339 1016 set
361 988 553 1016 Alexandriam
581 993 691 1015 sanctus
715 988 892 1020 Athanasius,
908 988 1079 1023 congregati-

296 1042 349 1070 que
368 1039 458 1062 essent
474 1034 520 1069 qui
533 1034 599 1061 Ario
617 1033 750 1065 faverent,
768 1033 894 1067 frequens
913 1037 972 1061 erat
988 1033 1078 1068 populi

296 1087 457 1113 concursus,
472 1085 499 1107 et
512 1087 584 1114 spes,
601 1080 673 1106 circa
690 1079 749 1114 ejus
761 1080 860 1114 negotii
877 1079 979 1106 exitum
993 1088 1000 1106 :
1017 1086 1077 1106 cum

296 1127 416 1154 maxime
441 1126 567 1153 viderent
588 1133 620 1153 ea
637 1133 697 1160 qua:
718 1133 733 1152 a
756 1129 794 1152 tot
817 1125 952 1159 episcopis
970 1125 1078 1153 decreta

297 1176 391 1200 essent
408 1171 540 1199 divexari.
561 1170 629 1198 Cum
644 1177 725 1206 porro
741 1170 893 1198 adverteret
914 1171 1079 1198 Athanasius

296 1219 397 1246 iterum
418 1217 533 1245 tumultu
552 1216 648 1251 repleri
668 1216 860 1244 Alexandriam
878 1216 1079 1252 Egyptumque

296 1268 396 1295 totam.
417 1270 469 1290 non
497 1263 616 1294 reticuit.
633 1263 680 1290 sed
696 1263 729 1290 ad
750 1263 921 1296 imperatoris
945 1269 1024 1290 aures
1036 1270 1080 1291 re-

298 1309 368 1337 tulit.
393 1309 460 1337 Cum
476 1313 566 1336 autem
591 1308 738 1343 imperator
762 1308 920 1340 audivisset,
945 1308 1002 1335 Arii
1018 1316 1079 1336 sen-

297 1355 408 1383 tentiam
422 1355 519 1382 iterum
533 1361 614 1389 prave
631 1355 764 1381 detorlam
782 1352 875 1386 fuisse,
900 1354 1017 1381 accitum
1031 1354 1079 1381 de-

297 1408 351 1428 nuo
364 1400 438 1427 illum
454 1399 713 1434 Constantinopolim
728 1400 819 1427 venire
831 1399 923 1433 jussit,
946 1399 1078 1427 rationem

296 1446 463 1474 redditurum
480 1446 513 1473 de
527 1446 560 1473 iis
573 1452 632 1480 quae
646 1452 816 1473 commovere
833 1452 976 1480 aggressus
996 1448 1077 1474 esset.

296 1492 377 1520 Arius
394 1499 459 1519 vero
473 1499 534 1519 cum
550 1491 712 1519 Alexandria
736 1492 769 1519 ad
791 1492 949 1519 comitatum
964 1492 1077 1519 dueere—

1129 264 1270 291 εὐλάϐειαν
1299 263 1438 298 βούλομαι,
1464 263 1508 290 ἵνα
1537 262 1592 289 τῶν
1619 261 1823 298 πεπραγμένων
1852 261 1912 297 ὑμῖν

1128 309 1268 345 ἀκρίϐειαν
1293 309 1326 335 δι’
1352 309 1429 344 ὑμῶν
1450 308 1539 336 αὐτῶν
1563 309 1774 344 παραστήσητε,
1794 317 1804 334 t
1820 307 1867 334 καὶ
1882 308 1914 334 τὰ

1129 356 1202 391 ἑξῆς.

1164 402 1190 428 5.
1207 401 1297 428 Ταῦτα
1307 401 1340 428 τὰ
1352 400 1501 436 γράμματα
1515 399 1555 432 εἰς
1569 399 1662 433 ἀγῶνα
1689 399 1751 431 τοὺς
1765 400 1794 426 ὲν
1808 401 1841 435 τῇ
1855 408 1914 426 συν-

1130 447 1182 482 όδῳ
1208 447 1368 482 κατέστησε.
1385 446 1431 472 Διὸ
1451 446 1476 472 οἱ
1503 445 1550 480 μὲν
1578 445 1686 476 πλείους
1703 445 1748 472 ἐπὶ
1766 445 1800 472 τὰ
1813 444 1913 472 ἑαυτῶν

1128 493 1311 529 ἀνεχώρησαν’
1329 494 1354 519 οἱ
1371 492 1398 519 δὲ
1421 492 1484 527 περὶ
1499 491 1627 518 Εὑσέδιον
1644 491 1690 517 καὶ
1711 491 1846 525 Θεόγνιον,
1869 492 1913 517 καὶ

1128 539 1190 570 τοὺς
1211 539 1320 570 λοιποὺς
1335 538 1402 569 τέως
1420 538 1458 573 (α)
1469 538 1606 574 ὲχρόνιζον
1620 537 1712 564 αὐτόθι
1735 537 1913 573 παρέλκοντες

1129 586 1217 612 ἑκοντὶ
1231 585 1276 611 τὸν
1286 585 1389 619 καιρόν·
1406 584 1524 620 ἔγραφον
1541 584 1568 610 δὲ
1581 583 1619 619 τῷ
1634 583 1820 619 εὐσεϐεστάτη)
1837 584 1912 618 βασι-

1128 630 1177 662 λεῖ,
1193 631 1307 661 ἄκοντας
1334 629 1476 664 ὲπέχεσθαι
1492 629 1683 664 ἐπειγομένους
1704 629 1821 664 ὲξορμᾷν
1847 629 1914 664 πρὸς

1128 676 1217 703 αὐτόν.
1239 676 1282 701 Ἐν
1297 674 1325 701 δὲ
1340 675 1378 710 τῷ
1407 675 1507 710 μεταξῦ
1532 674 1676 701 ἀποδύεται
1704 675 1750 700 καὶ
1770 674 1799 700 τὸ
1822 674 1914 710 ἓτερον

1128 721 1254 756 ἔγκλημα
1270 722 1308 751 τὺ,
1322 722 1385 757 περὶ
1409 721 1456 747 τοῦ
1472 721 1582 756 χρυσίου
1600 720 1646 747 τοῦ
1662 720 1729 756 πρὸς
1744 719 1913 755 Φιλούμενον.

1135 768 1167 794 '0'
1180 767 1256 802 ἅγιος
1263 767 1428 798 ’ᾹΟανάσιος,
1437 767 1534 798 συστὰς
1550 765 1638 800 ἑαυτῷ
1650 767 1687 800 (ιι)
1697 766 1764 792 κατὰ
1772 766 1916 801 πρόσωπον

1128 814 1174 841 τοῦ
1183 814 1311 849 βασιλέως
1322 814 1350 839 ὲν
1361 812 1493 848 Ψαμαθία
1502 812 1653 848 προαστείῳ
1661 812 1710 846 τῆς
1722 811 1914 846 Νικομηδείας.

1129 860 1173 887 Διὸ
1193 860 1240 887 καὶ
1256 859 1442 895 βραδυνάντων
1462 859 1516 885 τῶν
1543 859 1607 893 περὶ
1622 858 1762 890 Εὐσέϐιον,
1785 857 1854 892 μετὰ
1879 865 1916 884 τι-

1130 907 1182 942 μῆς
1196 906 1275 932 αὑτὸν
1287 905 1446 940 ἀπέπεμψεν
1464 904 1510 931 ἐπὶ
1525 903 1573 939 τὴν
1588 903 1798 939 Ἀλεξάνδρειαν,
1809 902 1917 938 γράψας

1128 952 1161 986 τῇ
1183 949 1377 985 Ἀλεξανδρέων
1400 949 1558 984 Ἐκκλησία,
1575 949 1615 975 ὅτι
1630 948 1644 975 ὁ
1665 949 1812 980 ἐπίσκοπος
1828 947 1916 974 αὐτῶν

1135 996 1291 1028 Ἀθανάσιος
1303 995 1407 1030 ψευδῶς
1422 995 1604 1030 διαὸέῦληται.
1628 995 1672 1020 Ἑν
1696 994 1724 1020 δὲ
1741 994 1779 1028 τῷ
1797 1002 1917 1030 παραγε-

1129 1041 1220 1068 νέσθαι
1243 1041 1280 1076 (b)
1297 1042 1341 1068 τὸν
1363 1042 1439 1075 ἆγιον
1463 1040 1621 1067 Ἀθανάσιον
1639 1039 1711 1066 κατὰ
1726 1040 1775 1075 τὴν
1796 1039 1917 1071 Ἀλεξάν-

1128 1087 1229 1122 δρειαν,
1251 1088 1297 1114 καὶ
1323 1087 1530 1122 συγκροτεῖσθαι
1555 1086 1589 1112 τὰ
1618 1085 1688 1112 κατὰ
1724 1085 1769 1111 τὸν
1797 1086 1915 1121 Ἄρειον,

1129 1132 1211 1168 πολλή
1236 1141 1277 1163 τις
1300 1129 1333 1167 ἦν
1347 1132 1394 1158 καὶ
1405 1130 1451 1157 τοῦ
1470 1128 1588 1166 πλήθους
1601 1129 1755 1162 συνέλευσις
1771 1130 1818 1156 καὶ
1828 1129 1916 1161 ἐλπὶς,

1130 1178 1175 1205 ἐπὶ
1190 1177 1389 1213 ταλαπευοὺοῃ
1400 1177 1509 1204 ἐκϐάσει
1526 1175 1722 1212 περιαγομένῃ·
1738 1175 1856 1211 μάλιστα
1867 1176 1917 1202 πά-

1129 1224 1170 1251 λιν
1191 1223 1315 1260 ὀρώντων
1327 1223 1362 1250 τὰ
1378 1223 1515 1254 τοσούτοις
1544 1222 1702 1254 ἐπισκόποις
1721 1222 1852 1258 κριθέντα
1861 1223 1918 1250 δια-

1130 1269 1308 1305 σκυλλόμενα.
1332 1269 1417 1305 Ὁρῶν
1431 1269 1458 1295 δὲ
1475 1270 1489 1295 ὁ
1503 1269 1579 1303 ἅγιος
1596 1268 1752 1301 Ἀθανάσιος
1766 1268 1846 1302 αὖθις
1870 1279 1916 1297 τα-

1130 1315 1297 1351 ραττομένην
1317 1315 1365 1350 τὴν
1385 1315 1587 1350 Ἀλεξάνδρειαν
1600 1315 1646 1341 καὶ
1662 1315 1753 1342 πᾶσαν
1766 1315 1915 1349 Αἴγυπτον.

1128 1362 1158 1388 οὺ
1187 1361 1415 1397 παρεσιώπησεν·
1445 1361 1511 1387 ἀλλὰ
1538 1361 1652 1396 φανερὸν
1672 1362 1734 1393 ταῖς
1762 1361 1917 1396 βασιλικαῖς

1130 1408 1225 1439 ἀκοαῖς
1252 1407 1427 1442 κατέστησεν.
1452 1407 1494 1438 Ὠς
1514 1407 1542 1433 δὲ
1559 1407 1573 1432 ό
1592 1406 1718 1442 βασιλεὺς
1740 1407 1858 1434 ἐπύθετο
1881 1408 1916 1442 (ε)

1127 1448 1301 1489 διεστράςέοαι
1317 1453 1396 1479 πάλιν
1407 1453 1455 1488 τὴν
1470 1452 1573 1489 ’Δρείου
1589 1451 1712 1488 γνώμην,
1730 1452 1917 1489 μεταπέμπων

1129 1497 1206 1530 αὖθις
1222 1500 1262 1530 είς
1275 1499 1324 1534 τὴν
1340 1498 1633 1531 Κωνσταντινούπολιν,
1658 1498 1736 1533 ἣκειν
1760 1497 1844 1525 αὐτὸν
1856 1497 1916 1524 ἐκέ-

297 1543 352 1570 tur,
369 1544 531 1572 congressus
553 1537 757 1565 Cmsarem‘cum
774 1537 901 1570 Eusebio,
926 1537 1075 1572 Theognio.

1129 1544 1301 1578 λευσνε,λόγον
1314 1543 1432 1571 δώσοντα
1447 1552 1484 1571 ων
1501 1544 1637 1571 ἀνακινεῖν
1654 1544 1789 1579 ἐπεχείρει
1807 1543 1860 1579 ίά).
1874 1544 1916 1575 Ὧς

296 1583 363 1611 Mari
386 1587 414 1612 et
435 1583 545 1618 reliquis
567 1583 688 1615 asseclis,
718 1582 780 1610 c’um
806 1587 946 1610 narrasset
964 1591 997 1610 ea
1014 1591 1074 1618 que

296 1637 356 1658 sese
369 1634 531 1665 spectarent.
555 1629 730 1664 pluritnlSque
755 1629 851 1656 diebus
865 1634 991 1657 versatus
1013 1634 1073 1657 cum

297 1675 363 1708 illis,
375 1682 470 1703 eorum
489 1682 554 1702 usus
577 1674 719 1707 consiliis;
747 1674 816 1701 alias
836 1681 889 1701 una
904 1681 964 1701 eum
980 1673 1034 1701 illis
1048 1673 1075 1700 in

295 1721 474 1748 Athanasium
493 1727 625 1748 consuere
649 1720 798 1747 calumnias
817 1720 842 1747 in
858 1719 978 1746 animum
995 1719 1076 1746 indu-

295 1768 344 1795 xit.
360 1767 427 1794 Tum
443 1767 598 1802 praemissus
610 1768 643 1793 ab
664 1766 715 1794 illis
730 1767 763 1794 ad
779 1768 970 1802 imperatorem
983 1766 1076 1798 Arius.

297 1813 433 1849 proiectus
458 1818 500 1841 est
533 1820 643 1841 causam
675 1819 902 1849 propugnaturus.
931 1813 1076 1841 Eusebiani

296 1865 361 1886 vero
387 1859 649 1894 Constantinopolim
683 1859 780 1887 iterum
805 1859 928 1895 profecti,
955 1864 983 1887 ut
1006 1860 1075 1894 pacti

296 1910 375 1941 erant
396 1910 490 1932 contra
511 1906 698 1938 Athanasium,
714 1913 822 1933 omnem
838 1906 952 1941 lapidem
967 1913 1078 1933 movens

297 1956 350 1985 tes,
367 1951 438 1986 quod
461 1952 568 1984 dicitur,
585 1955 614 1979 ut
627 1951 781 1986 episcopatu
796 1959 856 1979 eum
869 1952 1007 1987 pellerent.
1024 1952 1076 1980 Ac-

296 1997 344 2025 citi
361 2004 477 2032 namque
493 1998 528 2025 ab
551 1999 713 2032 imperatore
725 2003 751 2025 et
767 1998 924 2034 interrogati
941 1999 974 2026 ab
995 2006 1028 2027 eo
1043 2000 1077 2027 de

297 2043 366 2071 actis
381 2043 408 2070 in
424 2044 526 2079 synodo
537 2063 545 2076 ,
563 2045 727 2076 respondent
740 2053 747 2071 :
765 2044 821 2071 Non
837 2049 911 2071 tanta
925 2045 1013 2079 nobis,
1027 2046 1078 2072 im-

299 2093 421 2124 perator,
446 2088 479 2115 de
504 2088 638 2124 prioribus
658 2088 808 2116 Athanasio
831 2089 911 2116 illatis
930 2097 995 2117 cura
1017 2095 1075 2124 est,

297 2139 399 2170 quanta
415 2135 448 2162 de
463 2142 541 2162 sacra
562 2142 654 2162 mensa
667 2135 796 2162 subversa
808 2139 835 2163 et
856 2135 890 2163 de
903 2136 1017 2171 mystico
1029 2144 1077 2171 po-

297 2181 359 2209 culo
373 2180 531 2213 contracto;
550 2180 714 2215 insuperque
732 2181 804 2216 quod
835 2181 1025 2210 interminatus
1042 2183 1078 2210 sit

1129 1590 1157 1616 δὲ
1173 1590 1253 1625 ἤγετο
1268 1589 1347 1616 πάλιν
1367 1589 1420 1616 ἀπὸ
1432 1589 1481 1624 τῆς
1500 1589 1701 1624 Ἀλεξανδρείας
1714 1590 1759 1615 ἐπὶ
1775 1589 1823 1616 τὸν
1839 1597 1916 1624 κομι-

1129 1637 1207 1664 τάτον
1219 1637 1233 1663 ὁ
1251 1636 1367 1671 Ἄρειος,
1394 1634 1539 1671 συμϐαλὼν
1553 1636 1581 1661 ἐν
1599 1634 1751 1670 Καισαρείᾳ
1767 1636 1825 1666 τοῖς
1853 1634 1915 1671 περὶ

1129 1681 1267 1713 Εὐσέϐιον,
1294 1681 1341 1708 καὶ
1363 1681 1498 1715 Θεόγνιον,
1523 1681 1622 1716 Μάριν,
1652 1681 1698 1708 καὶ
1720 1681 1782 1711 τοὺς
1806 1680 1916 1710 λοιποὺς

1130 1729 1275 1762 συνεργοὺς
1303 1727 1355 1764 (ε),
1375 1727 1572 1764 διηγησάμενος
1598 1727 1633 1754 τὰ
1660 1727 1719 1754 καθ’
1743 1727 1851 1760 ἑαυτὸν,
1872 1726 1916 1753 ἐπὶ

1130 1773 1238 1805 πλείους
1253 1782 1283 1800 τε
1300 1773 1405 1809 ἡμέρας
1424 1774 1631 1809 συμφατριάσας
1647 1773 1755 1805 αὐτοὺς,
1779 1773 1828 1800 καὶ
1850 1781 1916 1801 autu-

1130 1819 1236 1851 ϐούλοις
1249 1819 1419 1855 χρησάμενος
1443 1819 1533 1850 αὐτοῖς
1549 1819 1583 1853 (1)
1596 1839 1601 1850 ,
1622 1819 1717 1854 ἐτέρας
1733 1818 1814 1845 πάλιν
1837 1826 1915 1845 συκο-

1130 1866 1243 1901 φαντίας
1251 1865 1322 1892 κατὰ
1339 1865 1494 1892 Ἀθανασίου
1512 1864 1624 1900 ῥάπτειν
1640 1863 1914 1900 προεθυμοῦντο.1ίαὶ

1131 1913 1321 1950 προπεμφθεὶς
1338 1913 1384 1940 ὑπ’
1401 1912 1490 1940 αὐτῶν
1502 1913 1516 1939 ὁ
1534 1914 1642 1948 ’Ἄρειος
1655 1913 1723 1948 πρὸς
1739 1913 1785 1939 τὸν
1793 1911 1913 1948 βασιλέα.

1130 1960 1173 1996 ᾔει
1190 1959 1508 1996 ἀπολογησόμενος.0[δὲ
1521 1959 1584 1995 περὶ
1599 1958 1726 1986 Εὑσέὃιον
1741 1956 1819 1991 αὖθις
1836 1960 1915 1985 επαν-

1129 2007 1249 2038 ελθόντες
1264 2007 1310 2033 ἐπὶ
1327 2008 1376 2041 τὴν
1390 2005 1684 2037 Κωνσταντινούπολιν,
1708 2002 1751 2031 οἷα
1767 2005 1913 2032 συνέθεσαν

1130 2053 1200 2080 κατὰ
1231 2052 1398 2079 Ἀθανασίου·
1415 2052 1446 2078 τὸ
1456 2051 1488 2087 δὴ
1502 2051 1657 2086 λεγόμενον,
1681 2051 1769 2078 πάντα
1789 2050 1863 2078 λίθον
1874 2059 1915 2077 κι-

1130 2099 1246 2131 νοῦντες,
1274 2098 1321 2125 τοῦ
1346 2098 1493 2134 ἐξωσθῆναι
1511 2098 1547 2134 (g)
1576 2098 1657 2125 αὐτὸν
1679 2098 1729 2133 τῆς
1749 2097 1912 2132 ἐπισκοπῆς.

1129 2143 1348 2179 Μετακληθέντες
1359 2144 1412 2179 γὰρ
1435 2143 1487 2170 ὑπὸ
1498 2143 1545 2170 τοῦ
1561 2143 1699 2178 βασιλέως,
1712 2143 1758 2170 καὶ
1770 2142 1913 2179 ἐρωτώμε-

1130 2198 1170 2216 νοι
1183 2190 1227 2216 ὑπ’
1241 2188 1322 2216 αὑτοῦ
1341 2189 1405 2225 περὶ
1418 2189 1471 2216 τῶν
1488 2190 1688 2225 πεπραγμένων
1707 2190 1736 2215 ὲν
1751 2190 1784 2224 τῇ
1802 2189 1911 2223 συνόδῳ.

297 2234 328 2255 se
347 2227 538 2262 impediturum
563 2226 691 2254 frumenti
717 2232 896 2255 commeatum
910 2228 1074 2256 Alexandria

1129 2234 1239 2270 ἔφησαν·
1261 2235 1316 2270 Οὐχ
1340 2235 1420 2266 οὕτω,
1456 2233 1581 2270 βασιλεῦ,
1600 2235 1715 2270 σπουδὴν
1740 2234 1910 2270 πεποιήμεθα

296 2273 558 2309 Constantinopolim
575 2273 636 2300 vehi
649 2273 768 2301 solitum.
792 2274 909 2301 Aiebant
923 2275 979 2302 haec
991 2275 1076 2302 Alba-

297 2320 366 2347 nasii
396 2320 467 2347 dicta
498 2320 642 2353 audivisse,
666 2320 868 2352 Adamantium,
894 2321 1075 2356 Anubionem,

295 2365 471 2393 Arbetionem
498 2369 524 2393 et
543 2365 652 2393 Petrum
667 2366 816 2401 episcopos,
836 2374 850 2393 a
864 2367 963 2402 quibus
980 2369 1074 2395 convi-

296 2414 366 2444 ctus,
385 2411 411 2438 in
423 2411 549 2439 omnibus
565 2419 628 2440 reus
652 2412 847 2448 deprehensus.
864 2413 996 2448 judicium
1011 2414 1076 2441 sub-

296 2457 451 2493 terfugisset
463 2458 636 2486 Athanasius.
653 2458 698 2486 Sic
715 2459 796 2494 igitur
808 2460 1010 2487 circumventus
1026 2460 1076 2486 im-

295 2508 415 2538 perator,
446 2508 529 2537 atque
558 2503 583 2530 in
616 2504 684 2530 iram
711 2511 827 2537 versus,
851 2505 947 2532 exsilio
979 2505 1076 2533 multat

293 2549 484 2582 Athanasium,
514 2550 640 2578 Treviros
665 2551 691 2577 in
722 2550 823 2578 Gallias
856 2551 932 2580 abire
958 2552 1074 2586 iussum.

295 2595 377 2622 Aiunt
391 2600 479 2623 autem
494 2596 603 2631 quidam
630 2597 656 2624 id
671 2597 757 2631 egisse
777 2597 966 2632 imperatorem
985 2598 1074 2625 animo

294 2643 369 2677 pacis
398 2643 590 2671 ecclesiasticae
617 2643 794 2671 conciliandas
819 2652 826 2677 ;
854 2643 1073 2679 quandoquidem

327 2699 458 2769 ﬁt)???
477 2701 552 2728 deest
569 2702 596 2728 in
619 2700 703 2728 Palat.
726 2701 797 2728 Infra
811 2702 891 2736 idem,
909 2702 948 2738 τῷ
965 2702 1074 2730 εὐλαῦε-

294 2742 383 2762 πατω
400 2742 460 2763 βασ.

331 2762 383 2808 (α’)Δ
400 2762 479 2808 Legit
485 2772 633 2808 interpres
659 2773 796 2808 συστήσας
819 2772 926 2801 ἑαυτόν.
943 2773 1074 2801 Caeterum

293 2803 400 2838 phrasis
416 2803 506 2832 mutila
523 2803 578 2834 est:
594 2807 671 2833 Enn.
691 2803 811 2836 ParnoL.

331 2839 367 2876 (ὁ)
385 2840 484 2876 Palat.,
501 2841 686 2876 περαίνεσθαι.

331 2873 366 2910 (c)
383 2873 428 2902 Sic
451 2873 544 2903 Palat:
556 2882 583 2903 et
606 2877 644 2904 sic
665 2877 726 2912 legit
745 2881 820 2905 vetns
840 2878 983 2913 interpres.
1003 2877 1074 2905 Editi

1127 2281 1191 2316 περὶ
1219 2280 1273 2307 τῶν
1291 2281 1441 2316 προτέρων,
1470 2277 1507 2308 ὧν
1529 2281 1640 2316 ἑνήγετο
1660 2280 1826 2312 Ἀθανάσιος,
1852 2279 1910 2306 ὅσον

1127 2327 1257 2362 περὶτῆς
1277 2326 1357 2360 ἁγίας
1385 2326 1523 2362 τραπέζης
1550 2327 1600 2361 τῆς
1624 2325 1838 2361 ἀνατραπείσης,
1867 2323 1910 2351 καὶ

1128 2372 1191 2408 περὶ
1207 2371 1253 2398 τοῦ
1269 2371 1398 2407 μυστικοῦ
1416 2372 1544 2408 ποτηρίου
1560 2372 1608 2398 τοῦ
1620 2372 1809 2406 κατεαγὲντος,
1829 2371 1868 2398 ἔτι
1882 2379 1909 2397 τε

1127 2418 1175 2444 καὶ
1191 2418 1228 2449 ὠς
1251 2417 1357 2452 ἠπείλει
1381 2417 1513 2444 κωλύσειν
1538 2416 1696 2453 πεμφθῆναι
1711 2418 1755 2445 τὺν
1771 2419 1843 2444 σῖτον
1866 2416 1909 2443 τὸν

1129 2462 1159 2495 ἐξ
1175 2463 1251 2494 ἔθους
1270 2464 1301 2490 ὲκ
1313 2463 1361 2498 τῆς
1373 2462 1571 2498 Ἀλεξανδρείας
1586 2464 1626 2494 είς
1636 2463 1685 2497 τὴν
1698 2460 1909 2489 Κωνσταντινού-

1129 2509 1205 2536 πολιν
1229 2509 1415 2544 κομιζόμενον.
1443 2510 1497 2536 Καὶ
1528 2508 1629 2535 τούτων
1654 2509 1807 2543 λεγομένων
1836 2506 1908 2544 παρὰ

1134 2555 1290 2581 Ἀθανασὶου
1310 2555 1455 2590 ἀκηκοέναι
1470 2554 1654 2590 Ἀδαμάντιον,
1674 2553 1908 2587 Ἀνουσίωνα,“Αρ-

1129 2600 1251 2631 ϐεθίωνα,
1268 2600 1380 2636 Πέτρον,
1390 2601 1452 2631 τοὺς
1466 2599 1638 2631 ἐπισκόπους,
1649 2600 1693 2634 ὑφ’
1706 2596 1743 2626 ὧν
1763 2597 1905 2633 ἐλεγχθεὶς,

1128 2646 1262 2681 φωραθείς
1271 2646 1308 2681 (It)
1319 2653 1349 2672 τε
1360 2646 1406 2672 ἐπὶ
1419 2646 1511 2678 πᾶσιν,
1525 2645 1627 2681 ἀπέδρα
1641 2645 1690 2680 τὴν
1705 2645 1794 2681 κρίσιν
1805 2645 1819 2671 ὁ
1831 2641 1906 2669 Ἀθα-

1128 2710 1203 2734 vero,
1219 2702 1352 2729 ἐποίοετο.

1164 2739 1202 2771 (ά)
1219 2738 1314 2769 Palat.,
1331 2739 1472 2773 ἐπιχειρεῖ.

1164 2774 1198 2808 (ε)
1217 2773 1365 2808 Συνεργούς
1377 2771 1460 2800 deest
1474 2773 1500 2799 in
1518 2771 1605 2808 Palat.

1164 2808 1198 2842 (ί)
1215 2808 1253 2834 lla
1266 2807 1351 2834 Palat.
1365 2807 1435 2834 Editi
1450 2815 1524 2839 vero,
1537 2807 1624 2840 αὖθις.

1165 2843 1201 2877 (g)
1218 2843 1312 2874 Palat.,
1324 2843 1369 2869 τοῦ
1388 2842 1530 2877 ἐξωθῆσαι.

1164 2876 1349 2913 (I:)d>w910:i;
1365 2878 1440 2904 deost
1452 2876 1478 2905 in
1489 2876 1546 2904 Pal.
