2027 3042
633 150 713 179 VlTA
732 151 762 180 S.
777 146 965 180 ATIlANA'Sll
986 148 1029 179 EX
1050 146 1318 182 METAPHRASTE.

1676 159 1775 182 σοιχιι

150 210 252 243 νάσιος.
271 209 349 238 Οὕτω
365 209 430 246 γοῦν
447 210 630 246 συναρπαγεὶς
656 211 671 237 6
684 209 822 245 βασιλεὺς,
842 210 889 237 καὶ¹
903 211 938 242 είς

994 210 1158 238 Athanasius
1180 210 1396 238 communionem
1427 217 1489 238 cum
1520 209 1630 238 Arlanis
1664 218 1778 246 prorsus

149 256 235 293 ὀργὴν
253 256 388 289 ἐκπεσὼν,
408 256 499 292 ὲξορίσ.
528 256 672 283 ὑποϐάλλει
699 256 745 282 τὸν
774 256 943 290 Ἀθανάσιον,

149 302 199 334 τὰς
223 302 339 335 Γαλλίας
367 304 451 329 οἰκεῖν
472 303 500 328 ὲν
518 303 550 339 τῇ
567 302 607 339 (a)
634 302 735 339 Ἰσερίᾳ
755 303 941 335 διακελεύσας-.

149 347 218 374 Φασὶ
228 348 257 375 δέ
273 357 346 380 τινες
360 349 439 376 τοῦτο
454 349 634 385 πεποιηκέναι
651 350 696 376 τὸν
714 349 827 384 βασιλέα
851 349 944 385 σκοπῷ

148 393 196 421 τοῦ
222 394 356 430 ένωθῆναι
383 395 433 430 τὴν
462 395 635 431 Ἐκκλησίαν”
664 395 757 430 ἐπειδὴ
785 395 943 428 Ἀθανάσιος

150 439 237 476 πάντη
254 440 418 476 κοινωνῆσαι
433 443 488 472 τοῖς
508 442 572 477 περὶ
587 441 632 467 τὸν
649 441 756 476 Ἀρειον
771 441 941 476 ὲξετρέπετο.

149 485 268 524 Θρρύϐου
288 485 334 514 οὖν
350 487 397 514 καὶ
415 487 536 519 στάσεως
545 488 574 514 οὐ
588 487 638 522 τῆς
651 487 787 523 τυχούσης
816 487 942 523 κατειλη-

149 533 242 567 φυίας,
257 533 288 560 οὐ
307 533 387 569 μόνον
402 533 452 569 τὴν
473 533 686 569 Ἀλεξάνδρειαν,
703 533 772 560 ἀλλὰ
793 533 839 560 καὶ
852 534 941 560 πᾶσαν

148 577 197 613 τὴν
209 578 355 613 Αἴγυπτον,
373 578 543 614 ὀδυρομένων
559 578 587 604 δὲ
598 577 664 614 περὶ
678 577 724 604 τοῦ
742 585 817 612 σφων
831 577 941 604 ἐπισκό-

148 635 211 660 που,
228 626 374 661 ἀνεφύοντο
388 626 480 659 πάλιν,
493 626 587 661 ὥσπερ
605 627 636 652 ἐκ
657 625 750 661 μυχῶν
761 633 852 656 τινων,
872 626 896 651 οἱ
909 625 943 652 τὰ

146 673 198 705 λιν,
237 672 423 709 ὲξερευόμενοι
444 673 478 700 τὰ
511 671 662 707 φθοροποιὰ
687 671 735 698 καὶ
762 670 936 707 θανατηφόρα

147 719 237 748 αὐτῶν
253 719 455 754 ἀπατωμένοις.

995 259 1178 283 aversaretur.
1195 255 1324 283 Tumultu
1346 256 1438 290 itaque
1459 263 1491 284 ac
1507 255 1641 284 seditione
1655 263 1707 284 non
1724 257 1777 284 mi-

994 302 1067 328 nima
1091 303 1238 335 concitata,
1262 309 1316 329 nou
1342 301 1428 329 solum
1444 301 1616 330 Alexandriae
1631 303 1678 330 sed
1696 303 1777 330 etiam

993 355 1041 382 per
1055 348 1210 376 universam
1224 347 1381 384 Egyptum,
1398 348 1537 376 hominum
1559 348 1664 376 scilicet
1681 348 1777 384 lugen-

995 395 1061 421 tium
1074 395 1233 430 episcopum
1247 402 1325 423 suum
1341 404 1348 428 ;
1361 403 1469 423 rursum
1484 395 1560 430 quasi
1573 402 1606 423 ex
1622 395 1775 423 recessibus

993 444 1163 474 emergentes
1181 439 1287 472 Ariani,
1315 445 1397 468 totam
1431 447 1602 468 commovere
1628 440 1776 474 civitatem,

990 491 1148 514 evomentes
1171 486 1299 521 pestifera
1319 486 1363 513 illa
1387 491 1414 514 et
1433 486 1548 514 exitiosa
1565 486 1623 514 Arii
1637 487 1775 522 dogmata,

990 537 1072 566 atque
1086 533 1171 567 pestis
1185 533 1270 560 instar
1294 533 1453 568 ingruentes
1472 533 1626 561 hominibus
1645 540 1710 561 ase
1727 533 1776 561 de-

989 579 1084 612 ceptis.
1301 604 1306 609 .

970 626 1074 662 ’Λρείου
1101 626 1274 663 φρονοῦντες,
1298 628 1345 654 καὶ
1366 627 1541 663 διετάραττον
1555 628 1645 655 πᾶσαν
1660 627 1709 663 τὴν
1728 627 1776 654 πό-

963 673 1066 699 Ἀοείου
1083 673 1217 708 δόγματα,
1238 674 1283 700 καὶ
1305 674 1400 709 λοιμοῦ
1412 674 1490 710 δίκην
1507 675 1623 707 ἐνιέντες
1647 677 1703 707 τοῖς
1729 675 1777 701 ὑπ’

182 764 207 792 6.
229 764 310 792 ’Λλλὰ
334 764 439 796 τούτοις
464 763 668 799 ὲπινηχομένων
688 762 742 789 τῶν
764 761 938 798 ἀνθρωπίνων

1028 761 1054 789 6.
1069 761 1135 790 Dum
1150 767 1241 790 autem
1261 762 1385 792 humanm
1402 763 1582 799 cogitationes
1598 764 1625 791 in
1641 765 1716 792 hisce
1733 773 1777 793 re-

146 811 283 847 λογισμῶν
297 811 345 847 (1)),
355 812 369 837 6
385 811 586 841 Κωνσταντῖνος
599 809 675 840 τέλος
686 808 816 843 ὑπομένει
825 808 872 835 τοῦ
883 808 939 843 βίου

147 858 177 885 ἓν
193 866 248 884 τινι
263 856 416 893 προαστείῳ
439 855 634 891 Νικομηδείας,
661 853 691 881 ἓν
712 854 758 881 καὶ
782 853 941 890 τριακοστὸν

146 904 206 936 ἔτος
229 903 373 939 διαρκέσας
396 902 442 928 ἐπὶ
467 901 517 936 τῆς
539 900 687 936 βασιλείας·
716 900 730 926 6
755 900 784 927 δὲ
813 900 866 931 πᾶς
891 900 940 936 τῆς

146 948 221 983 ζωῆς
229 947 312 974 αὐτοῦ
323 947 416 984 χρόνος
431 947 459 974 ὲν
473 945 686 982 ἐξηκονταπέντε
709 945 781 972 ἔτεσι
802 944 938 981 διαλήξας·

145 994 278 1029 διαδόχοις
296 994 351 1024 τοῖς
368 992 438 1018 υίέσι
460 991 642 1028 χρησάμενος,
667 990 804 1026 παραδοὺς
817 990 867 1026 τὴν
881 990 940 1017 δια-

145 1042 234 1077 θήκην
258 1039 434 1076 πρεσὸυτέρῳ
453 1039 507 1065 τινὶ
529 1037 674 1072 ὲνδιαθέτῳ
689 1037 723 1063 τὰ
743 1036 846 1072 Ἀρείου
876 1045 941 1072 φρο-

144 1086 243 1119 νοῦντι,
262 1084 347 1112 εἰπὼν
359 1083 557 1118 Κωνσταντίνῳ
573 1082 611 1118 τῷ
624 1082 761 1118 ὁμωνύμῳ
776 1081 940 1117 ἀποδοθῆναι

145 1133 240 1168 αὐτήν.
265 1131 375 1159 Πολλῶν
392 1129 457 1165 γοῦν
473 1129 729 1165 διαπυνθανομένων
751 1130 774 1156 εί
794 1129 940 1164 πεποίηται

144 1177 287 1213 διαθήκην,
313 1175 500 1204 διανεϐαλλετο
523 1176 537 1202 6
563 1175 757 1211 πρεσϐύτερος,
785 1175 854 1210 ἔχων
870 1183 940 1210 συμ-

147 1224 251 1259 μύστας
265 1223 326 1254 τοὺς
340 1222 482 1257 εὐνούχους
497 1221 531 1257 (ε)
544 1221 591 1248 τοῦ
606 1220 678 1257 ἱεροῦ
699 1221 834 1253 κοιτῶνος.
848 1222 940 1257 Παρα-

144 1269 249 1304 γίνεται
264 1269 291 1296 δὲ
311 1269 406 1305 μικρὸν
423 1268 535 1304 ὕστερον
549 1268 563 1294 6
589 1267 787 1299 vanivrtoc,
811 1267 858 1294 καὶ
878 1267 941 1303 κρύ-

146 1316 214 1352 ϐδην
231 1315 304 1350 αὐτῷ
316 1315 406 1341 δίδωσι
434 1314 481 1340 τοῦ
501 1313 603 1350 πατρὸς
621 1313 669 1349 τὴν
695 1313 824 1349 διαθήκην
837 1314 852 1340 6
871 1322 938 1349 πρε-

146 1361 286 1397 σϐύτερος,
299 1361 362 1396 μίαν
391 1360 471 1391 εὐθὺς
487 1359 565 1395 χάριν
585 1358 659 1394 αὐτῷ
674 1358 767 1390 αἰτῶν,
782 1359 815 1385 τὰ
836 1358 938 1394 Ἀρείου

145 1407 263 1443 φρονεῖν.
283 1405 501 1440 Τελευτήσαντος
527 1403 616 1430 τοίνυν
631 1401 679 1429 τοῦ
697 1402 828 1437 βασιλέως
860 1403 938 1429 Κων-

992 809 1044 836 bus
1063 809 1261 842 incumberent,
1277 809 1356 837 linem
1373 809 1479 837 vivendi
1501 810 1567 838 facit
1583 810 1776 840 Constantinus

992 855 1020 882 in
1034 854 1151 889 quodam
1166 854 1330 883 Nicomediae
1352 855 1492 890 suburbio,
1509 864 1571 884 cum
1588 864 1674 885 annos
1692 865 1775 885 unum

991 908 1074 935 supra
1099 901 1207 936 triginta
1233 901 1376 936 imperium
1400 902 1538 933 tenuisset,
1561 907 1700 937 totumque
1715 903 1775 938 ejus

991 946 1054 974 vitae
1076 950 1185 981 tempus
1206 947 1346 982 sexaginta
1366 947 1485 982 quinque
1511 947 1592 976 annis
1621 949 1774 976 absolutum

992 996 1044 1020 est.
1063 991 1243 1020 Successores
1258 992 1328 1021 lilios
1343 993 1463 1028 reliquit,
1489 994 1589 1021 tradito
1610 999 1775 1022 testamento

991 1043 1072 1073 atque
1086 1038 1113 1066 in
1131 1039 1255 1066 manibus
1269 1038 1393 1074 deposito
1408 1039 1516 1067 cuidam
1539 1040 1697 1076 presbytero
1713 1049 1774 1069 cum

990 1085 1058 1112 Ario
1076 1085 1216 1118 sentienti,
1233 1085 1364 1112 mandans
1379 1084 1601 1113 utConstantiuo
1620 1087 1776 1122 cognomini

993 1131 1112 1159 traderet
1127 1130 1202 1159 illud.
1220 1130 1311 1159 Multis
1328 1131 1409 1166 igitur
1422 1131 1606 1166 quaerentibus
1622 1141 1655 1160 an
1671 1133 1775 1162 edidis-

991 1182 1033 1205 set
1058 1181 1249 1204 testamentum
1264 1197 1272 1210 ,
1302 1177 1479 1205 cunctabatur
1503 1178 1656 1214 presbyter,
1680 1184 1775 1207 nactus

991 1222 1099 1251 consilii
1116 1223 1206 1250 socios
1223 1223 1361 1250 eunuchos
1384 1223 1453 1250 sacri
1477 1223 1603 1251 cubiculi.
1618 1223 1701 1252 Paulo
1715 1229 1777 1259 post

991 1267 1103 1295 advenit
1117 1268 1304 1300 Constantius,
1321 1267 1445 1302 clamque
1467 1267 1517 1302 ipsi
1536 1268 1676 1304 presbyter
1692 1274 1776 1297 testa-

990 1319 1111 1341 mentum
1129 1313 1224 1346 tradit,
1237 1320 1318 1340 unam
1336 1313 1428 1341 statim
1441 1314 1475 1342 ab
1489 1321 1521 1342 eo
1535 1321 1632 1350 rogans
1647 1316 1776 1350 gratiam,

990 1365 1019 1387 ut
1042 1367 1103 1387 cum
1127 1359 1193 1387 Ario
1210 1359 1336 1387 sentiret.
1352 1359 1482 1390 Defuncto
1496 1360 1586 1396 itaque
1610 1361 1776 1397 imperatore

989 1404 1175 1437 Constantino,
1190 1404 1321 1432 Eusebius
1333 1404 1548 1433 Nicomediensis
1569 1411 1597 1434 et
1613 1407 1691 1439 socii,
1709 1411 1777 1435 tem-

146 1451 296 1484 σταντίνου,
314 1449 442 1481 Εὐσέϐιος
458 1450 472 1476 ὁ
489 1449 670 1484 Νικομηδείας
686 1448 743 1483 ἅμα
759 1449 815 1479 τοῖς
829 1448 877 1474 σὺν
891 1447 938 1474 αὐ-

990 1457 1040 1485 pus
1062 1457 1092 1477 se
1109 1455 1205 1478 nactos
1229 1454 1409 1484 opportunum
1430 1451 1495 1483 rati,
1520 1449 1577 1477 Arii
1597 1451 1710 1479 haeresin
1726 1451 1774 1478 llr-

143 1498 193 1534 τῷ.
208 1497 302 1534 καιροῦ
314 1495 457 1532 δεδραχθαι
470 1495 598 1530 εὐκαίρου
611 1494 780 1529 νομίσαντες,
791 1492 825 1520 τὰ
833 1492 937 1528 Ἀρείου

993 1504 1066 1524 mere
1088 1497 1242 1524 studebant.
1266 1496 1342 1530 Quod
1365 1504 1398 1524 ex
1424 1501 1484 1524 voto
1515 1504 1656 1524 ceSsurum
1683 1505 1778 1532 spera-

145 1546 271 1580 συνιστᾷν
285 1542 449 1574 ἐσπούδαζον
462 1542 513 1577 (d).
531 1539 707 1577 Περιέσεσθαι
717 1539 745 1566 δὲ
755 1539 850 1566 τούτου
861 1538 940 1573 ’ήλπι-

144 1591 200 1623 ζον,
223 1590 270 1617 ἐὰν
291 1590 329 1625 μὴ
346 1588 512 1624 ἀναχωρήσῃ
532 1587 582 1622 τῆς
597 1585 704 1621 ὲξορίας
730 1586 743 1612 6
771 1584 937 1615 Ἀθανάσιος.

144 1637 238 1664 Ταῦτα
259 1636 287 1663 δὲ
302 1634 503 1666 κατεσκεύαζον
515 1631 638 1668 συνεργῷ
661 1630 797 1667 χρώμενοι
815 1629 854 1666 τῷ
873 1639 940 1666 πρε-

145 1682 281 1718 σϐυτέρῳ,
296 1682 325 1714 ὃς
338 1684 417 1717 χάριν
427 1679 476 1716 τῆς
485 1679 616 1715 διαθήκης
632 1678 731 1709 ὑποδὺς
745 1677 835 1709 πάλιν,
847 1677 875 1702 ἐν
885 1677 939 1708 τοῖς

145 1728 292 1765 βασιλείοις
311 1728 357 1754 τὸν
381 1727 558 1763 πραιπόσιτον
583 1724 630 1751 τοῦ
650 1723 791 1759 βασιλέως,
821 1721 938 1757 τούνομα

143 1764 298 1805 Ιιῖῖισέϐειον,
317 1771 461 1799 συνθέσθαι
475 1772 507 1806 τῇ
522 1770 625 1806 Ἀρείου
639 1769 703 1804 δόξῃ
717 1767 883 1795 συνέπεισεν.
893 1767 939 1793 Ἐκ

143 1819 172 1846 δὲ
189 1818 283 1845 τούτου
297 1819 343 1845 καὶ
356 1818 380 1844 οἰ
394 1817 481 1844 λοιποὶ
492 1816 546 1842 τῶν
554 1815 689 1850 εὐνούχων
703 1814 736 1841 τὰ
747 1813 817 1841 αὐτὰ
831 1813 938 1849 φρονεῖν

144 1865 293 1892 ἐπείθοντο.
311 1864 349 1890 Οὐ
366 1863 419 1899 μὴν
433 1862 501 1889 ἀλλὰ
521 1862 568 1888 καὶ
581 1862 598 1897 ἡ
615 1862 660 1888 τοῦ
674 1860 806 1895 βασιλέως
818 1859 936 1895 γαμετὴ,

143 1911 188 1937 διὰ
201 1911 256 1938 τῶν
277 1909 412 1944 εὐνούχων
434 1909 480 1935 καὶ
502 1907 549 1935 τοῦ
569 1906 753 1943 πρεσϐυτέρου
779 1905 937 1940 ἀποπλανη-

145 1956 233 1988 θεῖσα,
249 1957 281 1991 τῇ
291 1956 360 1990 αὐτῇ
373 1954 436 1990 δόξῃ
451 1953 634 1990 προστίθεται.
647 1953 714 1979 Μετ’
728 1952 758 1978 οὐ
772 1952 840 1978 πολὺ
851 1951 879 1978 δὲ
891 1951 938 1978 καὶ

145 2002 226 2034 αὐτὸς
235 2003 250 2029 6
267 2001 392 2037 βασιλεὺς
406 2000 514 2036 ὑπήχθη
525 1999 563 2035 τῷ
586 1998 660 2034 αὐτῷ
674 1998 835 2034 φρονήματι·
849 2005 938 2033 παρα-

145 2048 240 2084 χρῆμά
250 2057 279 2074 τε
290 2047 394 2074 κελεύει
402 2046 436 2073 τὰ
448 2046 552 2082 Ἀρείου
567 2045 708 2081 συστῆναι,
723 2045 769 2071 καὶ
782 2044 897 2075 ἄκοντας
903 2042 936 2069 τὰ

145 2095 267 2129 δόγματα
280 2092 362 2120 αὐτοῦ
376 2093 438 2124 τοὺς
450 2091 615 2123 ἐπισκόπους
632 2092 648 2127 ἡ
653 2091 711 2127 μῶν
726 2089 934 2122 καταδέξασθαι.

991 1542 1065 1575 bant,
1090 1543 1151 1570 dum
1176 1543 1209 1570 ab
1231 1542 1326 1570 exsilio
1346 1542 1512 1573 Athanasius
1527 1551 1581 1571 non
1603 1543 1775 1578 remigraret.

990 1587 1052 1615 Haec
1065 1593 1154 1616 autem
1167 1588 1346 1616 moliebantur
1365 1596 1447 1624 opera
1466 1589 1507 1616 usi
1524 1589 1674 1625 presbyteri
1691 1590 1774 1624 illius,

990 1635 1035 1669 qui
1066 1634 1222 1662 testamenti
1245 1634 1335 1662 traditi
1356 1634 1499 1668 beneﬁcio,
1524 1642 1583 1663 sese
1606 1637 1732 1671 ingerens
1749 1638 1776 1666 in

990 1679 1130 1714 palatium,
1160 1678 1332 1713 itnperaloris
1346 1680 1532 1714 prmpositum,
1559 1681 1667 1709 nomine
1689 1682 1775 1710 Euse-

990 1725 1077 1757 bium,
1096 1724 1214 1757 induxit,
1231 1724 1322 1752 utArii
1341 1725 1490 1753 doctrinam
1508 1730 1637 1754 tueretur.
1654 1727 1775 1757 Hincalii

989 1769 1107 1796 eunuchi
1133 1769 1165 1796 ad
1190 1769 1284 1797 eadem
1310 1771 1452 1798 scntienda
1476 1771 1684 1800 inducebantur.
1701 1775 1772 1808 Quin

990 1815 1043 1842 imo
1060 1814 1115 1849 ipsa
1135 1814 1305 1849 imperatoris
1318 1823 1387 1842 uxor
1400 1822 1448 1850 per
1461 1817 1601 1846 eunuchos
1615 1826 1646 1846 ac
1657 1821 1771 1856 presby-

990 1866 1076 1888 terum
1103 1861 1339 1896 decepta,‘eidem
1368 1862 1498 1889 doctrinre
1523 1864 1688 1904 adjungitur.
1717 1865 1773 1893 Nec

990 1907 1102 1934 multum
1115 1911 1209 1942 postea
1237 1908 1294 1942 ipse
1318 1908 1468 1943 imperator
1482 1910 1508 1937 in
1525 1912 1647 1939 eamdem
1663 1918 1774 1941 senten-

990 1953 1054 1980 tiam
1071 1953 1203 1981 deductus
1226 1957 1288 1980 est:
1312 1961 1343 1981 ac
1358 1955 1449 1982 statim
1470 1956 1591 1989 mandat,
1606 1958 1703 1985 utArii
1717 1958 1773 1987 haz-

988 1999 1057 2027 resis
1085 1998 1252 2031 ﬁrmaretur,
1277 2007 1426 2035 omnesque
1459 2001 1580 2037 episcopi
1610 2004 1695 2031 nostri
1716 2004 1774 2040 ejus

987 2045 1138 2072 doctrinam
1157 2045 1198 2072 vel
1215 2046 1290 2073 inviti
1305 2051 1467 2082 cogerentur
1481 2049 1617 2082 amplecti.
1632 2049 1699 2078 Dum
1716 2051 1773 2083 haec

987 2091 1117 2126 spiritalis
1134 2094 1281 2127 tempestas
1293 2093 1452 2128 agitaretur,
1468 2100 1583 2128 praeerat
1599 2095 1775 2132 Jerosolymi-

144 2141 225 2169 Κατὰ
231 2141 277 2168 τὸν
287 2140 408 2176 χειμῶνα
419 2139 513 2166 τοῦτον
521 2129 572 2173 ,τὸν
585 2139 689 2174 νοητὸν,
701 2139 715 2164 6
726 2138 801 2173 ἆγιος
810 2137 936 2173 Μάξιμος

989 2143 1059 2166 tanta
1083 2138 1210 2166 Ecclesiae
1236 2139 1369 2167 Maximus
1402 2141 1555 2175 episcopus,
1582 2142 1774 2180 Alexandrina:

146 2187 295 2218 ἐπίσκοπος
311 2187 360 2222 τῆς
381 2185 573 2221 Ἰεροσολύμων
589 2184 750 2220 Ἐκκλησίας
762 2185 866 2220 ἡγεῖτο,
886 2183 933 2210 καὶ

143 2232 348 2268 Ἀλεξανδρείας
360 2233 374 2259 6
382 2232 468 2268 μέγας
479 2231 648 2263 Ἀθανάσιοςσ
657 2232 686 2257 έν
702 2230 730 2257 δὲ
741 2232 774 2265 τῇ
789 2229 881 2266 ὲξορίᾳ
897 2230 931 2264 (e)

143 2279 247 2315 διῆγεν·
263 2278 311 2305 καὶ
324 2277 634 2309 Κωνσταντινουπόλεως
647 2276 829 2312 Ἀλέξανδρος,
843 2275 933 2307 καθὼς

144 2325 172 2352 ἐν
183 2334 254 2352 τισιν
262 2324 419 2352 ’Δθανασίου
426 2324 585 2361 γράμμασιν
593 2323 758 2358 ἀνέγνωμεν.
768 2322 897 2353 Εὐσέϐιος
906 2321 934 2348 δὲ

143 2373 158 2399 6
168 2371 350 2407 Νικομηδεὺς,
368 2371 436 2407 ἔχων
451 2380 512 2398 συνε
517 2370 630 2406 ργὸντδν
640 2369 783 2406 εἰρημένον
791 2368 937 2405 πρεσϐύτε-

146 2426 201 2454 ρον,
211 2418 364 2453 μηχανᾶται
371 2417 416 2443 τὸν
420 2417 486 2453 "Aps
490 2425 528 2443 ιον
534 2418 563 2442 ὲν
570 2414 851 2442 Κωνσταντινουπόλει
858 2412 936 2441 ἀκού-

144 2463 362 2498 εσθαι,οἱόμενος
371 2463 457 2499 ῥᾷστα
468 2462 642 2499 περιέσεσθαι
660 2460 828 2493 ’Δθανασίου,
839 2461 881 2487 ἐπ’
893 2459 937 2486 ἀλ-

143 2509 260 2545 λοδαπῆς
268 2509 416 2546 γενομένης
424 2509 474 2545 τῆς
482 2509 632 2545 ζητήσεως,
649 2509 682 2544 τῇ
693 2507 819 2542 αὐθεντίᾳ
830 2506 877 2533 τοῦ
889 2505 936 2541 βα-

145 2556 251 2588 σιλέως,
263 2555 373 2583 καὶτῶν
382 2556 470 2582 ἐκεῖσε
480 2553 734 2591 συνερχομένων,τὰ
741 2552 845 2588 Ἀρείου
850 2552 934 2588 δήπου

141 2600 314 2637 φρονούντων
323 2600 368 2636 (ί).
377 2599 447 2626 Ἀλλ’
457 2600 472 2626 6
480 2599 651 2635 μὲνἋρειος,
662 2598 776 2634 ὄργανον
782 2597 820 2624 ὣν
829 2596 876 2623 τοῦ
882 2597 936 2624 δια-

144 2646 222 2673 δόλου
233 2646 278 2673 καὶ
288 2645 392 2678 σκεῦος.
399 2644 480 2672 αὐτοῦ
495 2644 719 2680 κατηρτισμένον,
735 2643 936 2679 φανταζόμενος

141 2696 194 2726 τὰς
204 2692 252 2720 τοῦ
263 2693 331 2720 Θεοῦ
347 2692 509 2728 Ἑκκλησίας
521 2691 692 2728 διαρπάζειν,
704 2690 781 2722 τέλος
796 2690 869 2724 ἀξιον
883 2690 937 2717 ὰπ-

181 2783 219 2822 io)
236 2782 320 2822 l_‘_alat.
335 2781 535 2822 tucﬁﬁeptdot.
548 2789 596 2815 pro
615 2782 644 2822 έν
654 2780 807 2822 Τριὸεροις.
867 2818 874 2822 Δ
900 2814 906 2820 _

180 2815 217 2854 (ὁ)
241 2817 314 2851 Haec,
336 2815 589 2853 τῶν“ὰνθρωπίνων
615 2815 762 2851 λογισμῶν,
778 2815 877 2842 desunt
900 2815 929 2842 in

142 2852 213 2926 hic)
226 2890 295 2922 Τοὺς
312 2887 454 2923 εὐνούχους
472 2887 546 2915 deest
561 2886 586 2912 in
603 2885 661 2913 Pal.

302 2937 440 2967 Parnoc.
464 2935 524 2965 Gn.
549 2933 650 2964 XXV.

987 2190 1100 2216 magnus
1121 2183 1297 2215 Athanasius,
1320 2184 1366 2219 qui
1393 2184 1420 2211 in
1441 2185 1539 2213 exsilio
1563 2187 1658 2220 agebat
1675 2195 1684 2220 ;
1702 2187 1774 2216 Con-

987 2228 1236 2262 stantinopolitanae
1257 2237 1322 2257 vero
1336 2229 1501 2262 Alexander,
1520 2234 1548 2256 ut
1565 2230 1592 2257 in
1608 2231 1771 2264 quibusdam

986 2273 1127 2301 Athanasii
1151 2274 1260 2309 scriptis
1280 2274 1403 2309 legimus.
1424 2274 1557 2303 Eusebius
1579 2283 1669 2303 autem
1693 2276 1774 2305 Nico-

987 2320 1144 2351 mediensis.
1162 2320 1265 2347 socium
1283 2320 1386 2347 habens
1402 2328 1484 2356 supra
1508 2321 1608 2348 dictum
1631 2323 1772 2358 presbyte-

986 2372 1056 2398 rum,
1070 2373 1179 2399 operam
1188 2366 1233 2392 dat
1248 2370 1278 2394 ut
1291 2367 1373 2394 Arius
1385 2367 1620 2402 Constantinopoli
1633 2368 1772 2401 audiatur,

986 2417 1061 2439 ratus
1076 2412 1155 2440 facile
1172 2419 1330 2447 superatum
1352 2413 1385 2440 iri
1402 2414 1593 2446 Athanasium,
1609 2415 1632 2441 si
1649 2415 1675 2442 in
1692 2422 1771 2449 pere-

985 2458 1062 2493 grina
1088 2458 1155 2486 urbe
1178 2458 1291 2493 quaestio
1305 2458 1465 2491 haberetur,
1479 2460 1643 2487 auctoritate
1668 2460 1772 2488 scilicet

986 2505 1167 2539 imperatoris,
1193 2505 1308 2540 aliisque
1333 2513 1365 2533 eo
1391 2506 1615 2533 convenientibus
1642 2506 1771 2534 Arianico

984 2551 1175 2580 sentientibus.
1202 2552 1255 2580 Sed
1275 2553 1358 2580 Arius
1382 2560 1443 2579 cum
1465 2557 1536 2580 esset
1559 2553 1769 2581 instrumentum

991 2597 1091 2625 diaboli
1114 2603 1142 2626 et
1167 2605 1215 2625 vas
1240 2598 1299 2632 ejus
1321 2603 1457 2633 paratum,
1487 2605 1548 2625 cum
1574 2597 1707 2633 cogitaret
1722 2597 1770 2625 Dsi

986 2644 1121 2672 Ecclesias
1137 2645 1266 2679 diripere.
1284 2644 1449 2679 condignum
1465 2644 1556 2672 retulit
1570 2643 1719 2672 facinorum
1735 2643 1770 2671 ﬁ-

984 2697 1057 2719 nem.
1080 2691 1210 2719 Precibus
1227 2698 1344 2726 namque
1368 2691 1455 2719 sancti
1473 2690 1622 2719 Alexandri
1646 2689 1766 2726 episcopi

1017 2779 1056 2814 (ό)
1071 2779 1229 2807 Συνιστάναι
1246 2779 1363 2815 νομίζων
1379 2779 1462 2806 Palat.

1021 2820 1054 2850 (ι)
1071 2816 1156 2852 Palat.
1175 2817 1198 2841 εί
1211 2816 1258 2842 καὶ
1273 2817 1302 2841 ἐν
1362 2815 1434 2851 ἐξορ.

1024 2851 1057 2886 (Ῑ)
1075 2851 1160 2879 Palat.
1179 2852 1297 2886 φρονεῖν.
1311 2851 1392 2885 Editi,
1407 2852 1586 2886 φρονούντων.

1598 2937 1622 2957 Β
