2027 3042
259 161 352 186 CCXXI

264 212 566 250 Constantinopolitani,

266 263 370 291 viscera
386 248 548 296 ejus—avulsa
567 259 640 285 sunt.
653 255 707 283 Sed
720 252 802 281 etiam
823 253 887 286 post
899 248 956 276 Arii
971 255 1043 274 mor-

266 315 332 342 tem,
347 293 430 343 parvo
438 305 529 340 elapso
544 308 674 337 tempore,
689 298 821 328 Eusebius
830 293 1044 323 Nicomediensis

265 357 294 381 et
311 352 375 380 socii
390 350 459 386 ejus,
477 348 660 377 eunuchorum
684 344 735 373 sibi
757 343 927 371 addictorum
949 345 1043 373 opera,

261 384 498 434 quotquot'recta:
518 393 646 421 doctrinae
661 391 878 418 adhaerescerent
886 384 1044 420 perturbare

264 444 387 482 aggressi
410 448 484 475 sunt,
513 442 619 469 lucrum
653 437 705 466 sibi
740 435 928 463 existimantes
958 430 1045 458 sancti

268 477 411 520 Aibanasii
433 487 596 520 absentiam,
619 492 651 512 ac
669 483 809 511 studentes
832 487 888 508 sua:
904 477 1045 506 sententiae

263 538 426 573 episcopum
446 535 472 562 in
498 530 684 560 Alexandrina
718 525 839 554 Ecclesia
868 523 1044 551 constituere.

269 566 322 612 S'ed
337 566 382 610 Dei
394 580 481 618 gratia
493 575 690 614 praeoccupavit
707 580 764 604 eos,
782 569 890 599 veritati
905 566 1043 604 praemium

264 615 436 665 adiudicatus.
462 626 524 653 llaec
547 623 619 651 enim
647 621 700 648 illis
717 615 909 654 cogitantibus,
934 619 1048 647 magnus

261 674 431 705 -Athanasius
455 673 489 700 ab
514 669 609 698 exsilio
623 672 763 702 regressus
786 667 838 695 est,
863 657 1049 694 imperatoriis

269 723 390 750 munitus
407 718 504 746 litteris
523 724 557 744 ex
579 714 725 743 Occidente
741 708 850 743 scriptis
871 714 886 734 a
902 706 1048 733 Constante

270 769 326 796 tilio
355 767 440 794 beata:
465 761 603 791 memoriae
639 755 822 787 Constantini,
857 752 890 780 ad
920 748 1048 786 populum

271 811 493 841 Alexandrinum,
504 808 579 835 hisce
594 805 700 833 verbis:

939 136 1216 184 ῬβοιΕῡοιιΕΝΑ.

590 211 617 239 in
640 207 748 237 latrinis
771 204 950 241 imperatoriae
964 202 1039 230 urbis

1108 200 1220 233 νέγκατο
1231 197 1284 223 τῶν
1302 192 1522 230 ἐπιτηδευμάτων
1541 190 1633 222 αὑτοῦ,
1648 189 1708 220 ταῖς
1728 188 1820 224 εὐχαῖς
1832 186 1880 214 τοῦ

1395 239 1422 241 -λ
1505 237 1510 241 -
1572 236 1592 241 --
1805 231 1838 241 ,t,

1094 231 1173 279 ἁγίου
1181 241 1354 276 Ἀλεξάνδρου
1362 239 1408 266 τοῦ
1416 237 1564 265 ἐπισκόπου
1572 231 1882 262 Κωνσταντινουπόλεως

1094 278 1124 317 ὲν
1137 288 1271 324 ἀφεδρῶνι
1291 288 1329 321 (α)
1339 285 1387 320 τῆς
1398 284 1530 320 βασιλίδος
1542 281 1645 312 πόλεως
1659 279 1712 306 τῶν
1721 278 1884 313 σπλάγχνων

1095 335 1174 363 αὑτοῦ
1188 331 1442 361 κατασπασθέντων.
1469 328 1549 355 Ἀλλὰ
1560 327 1607 354 καὶ
1625 325 1693 362 μετὰ
1705 324 1751 351 τὸν
1768 324 1884 351 θάνατον

1101 380 1217 416 Ἀρείου,
1229 378 1326 413 χρόνου
1351 375 1473 411 βραχέως
1488 372 1646 402 διελθόντος,
1662 368 1790 400 Εὐσέϐιος
1806 368 1820 393 ὁ
1832 368 1883 394 Νι-

1096 424 1241 460 κομηδείας
1267 421 1359 451 πάλιν,
1389 420 1437 446 καὶ
1451 419 1475 445 οἱ
1498 418 1546 444 σὺν
1570 415 1643 451 αὐτῷ
1663 414 1705 441 διὰ
1722 413 1777 440 τῶν
1793 420 1884 448 συνερ-

1096 470 1214 505 γούντων
1225 468 1314 498 αὐτοῖς
1324 465 1458 500 εὐνούχων
1471 463 1613 499 ταράττειν
1627 461 1690 492 τοὺς
1700 461 1733 495 τῇ
1745 458 1885 495 ὀρθοδοξίᾳ

1096 503 1308 553 προσκειμένους
1334 510 1503 546 ἐπεχείρουν,
1530 508 1644 544 ἕρμαιον
1672 505 1816 541 ἡγούμενοι
1835 503 1885 539 τὴν

1096 563 1142 589 τοῦ
1164 560 1242 595 ἁγίου
1274 555 1431 584 Ἀθανασίου
1460 553 1602 584 ἀπουσίαν,
1620 552 1666 579 καὶ
1690 550 1886 582 σπουδάζοντες

1095 608 1144 643 τῆς
1160 605 1248 633 αὐτῶν
1266 603 1344 637 δόξης
1354 601 1492 637 ὁμόφρονα
1507 599 1655 626 ἐπίσκοπον
1672 596 1836 631 ὲγκαθιστᾷν
1850 595 1885 629 τῇ

1103 650 1303 686 Ἀλεξανδρέων
1323 647 1507 682 Ἐκκλησίᾳ·ή
1523 645 1551 672 δὲ
1572 643 1618 671 τοῦ
1637 642 1703 670 Θεοῦ
1718 643 1797 677 χάρις
1819 649 1887 676 προ-

1096 699 1190 734 έτρεχε
1207 685 1374 731 βραϐεύουσα
1388 692 1459 727 ὑπὲρ
1483 691 1532 726 τῆς
1550 689 1687 725 ἀληθείας.
1714 687 1806 714 Ταῦτα
1831 685 1888 721 γὰρ

1096 730 1185 772 αὑτων
1207 730 1420 775 διανοουμένων,
1436 737 1554 772 ἔφθασεν
1575 737 1590 762 ὁ
1614 735 1699 770 μέγας
1728 730 1888 762 Ἀθανάσιος

1097 788 1252 818 ἐπανελθεῖν
1267 786 1321 813 ἀπὸ
1335 785 1384 820 τῆς
1402 783 1508 819 έξορίας
1527 782 1708 818 ὡχυρωμένος
1734 779 1888 815 βασιλικοῖς

271 823 493 841 Alexanurtltum,
505 823 579 835 Illaec
598 823 700 833 ιωυια.

264 859 413 896 γράμμασι
427 855 501 890 παρὰ
516 851 717 881 Κωνσταντίνου
731 848 777 876 τοῦ
786 846 844 874 υἱοῦ
874 844 920 872 τοῦ
954 839 1088 878 μακαρίου
1106 835 1309 865 Κωνσταντίνου
1339 832 1391 859 ἀπὸ
1418 831 1467 866 τῆς
1483 829 1590 860 Δύσεως
1614 829 1740 863 γραφεῖσι
1764 826 1803 862 τῷ
1830 823 1889 860 λαῷ

278 903 490 940 Ἀλεξανδρείας,
506 901 576 935 ἅπερ
591 899 646 934 ἔχει
662 897 756 927 οὕτως·

267 930 368 982 Victor
388 930 574 978 donatarttinus
584 967 592 978 .
605 930 759 982 Iselholicge
769 941 894 969 Ecclesia
910 943 934 966 el
958 935 1052 972 popqu
1068 935 1090 963 Β
1101 930 1194 982 Nunt

529 982 602 1009 urbis
617 978 793 1007 Alexandrini.

308 1034 364 1062 Nec
394 1038 478 1060 sacra:
501 1028 600 1056 mentis
620 1030 718 1053 vestrre
742 1021 866 1050 notitiam
889 1017 1053 1054 prmteriisse

264 1081 403 1110 arbitror,
431 1077 492 1104 ideo
509 1072 685 1102 Athanasium
709 1068 854 1097 adoranda:
877 1065 945 1100 legis
968 1063 1052 1090 inter—

275 1131 392 1161 pretem,
414 1124 442 1150 in
465 1120 567 1149 Gallias
590 1118 624 1145 ad
651 1115 786 1151 quoddam
809 1118 914 1146 tempus
941 1110 1052 1136 missum

276 1172 372 1204 fuisse,
390 1174 419 1196 ut
435 1175 470 1196 ne
485 1166 643 1194 immanium
659 1164 717 1198 ejus
740 1160 858 1188 hostium
875 1157 977 1188 feritas,
996 1161 1055 1189 qua:

276 1219 303 1245 in
317 1215 463 1252 periculum
477 1212 549 1240 sacri
565 1211 636 1238 illius
652 1207 747 1243 capitis
763 1205 933 1236 imminel:at,
948 1207 1055 1229 eorum-

277 1245 392 1296 demque
421 1258 604 1294 improborum
629 1252 795 1289 perversitas
808 1250 840 1278 ad
855 1249 959 1277 nefaria
973 1245 1056 1274 susti-

277 1295 366 1338 nenda
390 1314 451 1335 eum
473 1309 591 1341 cogeret.
605 1303 644 1330 Ad
659 1308 719 1329 eam
732 1299 815 1335 igitur
836 1295 1005 1326 eludendam,
1022 1300 1055 1320 ex

278 1355 402 1383 faucibus
415 1350 593 1380 adorientium
608 1356 638 1376 se
653 1348 773 1374 virorum
784 1348 825 1372 est
833 1340 1057 1377 ereptus.Quam—

278 1401 370 1427 obrem
387 1399 437 1425 sub
453 1404 495 1424 me
511 1396 608 1430 degere
630 1394 722 1427 jussus
745 1397 796 1422 est,
820 1394 849 1417 ut
872 1389 898 1415 in
919 1386 992 1414 nullo
1005 1385 1056 1412 sibi

279 1443 432 1472 necessario
441 1441 586 1469 deﬁceret.
608 1436 726 1466 Tametsi
752 1435 810 1469 ejus
828 1432 956 1468 praeclara
971 1431 1058 1458 virtus

279 1489 378 1517 divinis
393 1487 461 1514 freta
477 1485 595 1516 auxiliis.
608 1483 746 1518 graviores
770 1478 939 1506 calamitates
953 1475 1006 1502 fert
1025 1475 1057 1502 li-

280 1535 448 1564 bentissime.
463 1532 591 1560 Dominus
609 1536 692 1565 pou-0
705 1531 796 1555 noster
814 1526 899 1553 beata:
921 1521 1059 1550 memoriae

280 1579 476 1608 Constantinus
488 1577 623 1611 Augustus
642 1579 719 1609 pater
736 1578 821 1603 meus,
840 1569 964 1596 eumdem
992 1565 1058 1594 reli-

281 1626 464 1662 giosissimum
478 1623 631 1658 episcopum
646 1619 702 1647 suis
713 1617 822 1646 sedibus
830 1615 972 1643 restituere
980 1618 1059 1647 para-
1072 1618 1093 1646 ο

280 1669 429 1704 δημοσία
445 1674 532 1695 tamen
553 1667 669 1694 humana
689 1668 763 1691 sorte
784 1663 1059 1696 praeoccupatus,an-

268 1703 390 1751 -.tequam
409 1719 499 1741 votum
524 1711 664 1746 implesset
683 1716 761 1736 suum
775 1714 809 1735 ex
825 1707 875 1733 hac
888 1705 942 1732 vita
960 1703 1058 1737 migra-

282 1762 331 1792 vit,
347 1764 560 1788 consentaneum
585 1753 737 1783 existimavi
766 1753 835 1780 diva:
860 1748 1060 1778 memoriaeim-

271 1805 416 1842 vper'atoris
429 1803 593 1839 propositum
609 1800 764 1828 haereditate
781 1801 921 1831 acceptum
937 1793 1058 1842 esseqni.

284 1852 369 1880 Porro
382 1849 557 1877 'Athanasius
575 1850 683 1882 quanta:
700 1844 765 1872 mihi
790 1833 1060 1871 venerationi'fuerit,

284 1904 345 1924 cum
376 1896 409 1922 ad
433 1896 606 1928 conspectum
631 1891 737 1918 venerit
757 1893 875 1916 vestrum
897 1885 1060 1920 agnoscatis.

284 1942 339 1969 Nec
353 1941 450 1968 mirum
462 1944 503 1967 est
519 1939 540 1966 si
557 1937 620 1972 quid
638 1936 695 1970 eius
709 1935 793 1970 gratia
807 1933 916 1960 fecerim
936 1941 942 1958 :
957 1931 991 1958 ad
1012 1932 1062 1957 hoc

283 1987 355 2015 enim
370 1985 500 2013 desiderii
521 1983 603 2010 vestri
626 1982 714 2016 imago
736 1985 763 2006 et
786 1978 854 2005 tanti
877 1977 928 2004 viri
946 1975 1062 2010 dignitas

285 2033 403 2060 animam
421 2038 507 2058 meam
523 2028 670 2056 concitavit
688 2031 769 2060 atque
792 2023 950 2051 commovit.
970 2021 1064 2048 Divina

285 2085 334 2105 vos
350 2074 526 2103 "Providentia
539 2076 692 2103 conservet,
708 2071 805 2098 fratres
821 2069 922 2096 dilecti.

320 2163 348 2190 7.
367 2162 414 2189 llis
427 2159 544 2188 conlisus
561 2158 658 2185 litteris
676 2155 852 2186 Athanasius,
872 2152 1064 2180 Alexandriam

286 2210 369 2242 venit,
384 2214 499 2241 eumque
512 2205 691 2233 libentissime
704 2202 811 2236 excepit
824 2201 937 2242 populus
946 2199 1065 2226 Alexan-

286 2257 390 2284 drinus.
411 2254 549 2288 Quotquot
563 2255 654 2278 autem
672 2250 753 2277 isthic
776 2238 870 2274 Ariani
892 2249 980 2276 erant,
998 2251 1065 2271 eon-

1198 927 1232 960 ὴς
1245 922 1470 962 κων-σξαξιτῇιος
1478 920 1534 962 ,(ίν),
1554 918 1594 962 τῇΔ
1604 917 1747 962 ξαρολςκῇ
1754 919 1886 962 ,Ἐκκλη-

1183 953 1237 995 σίᾷ
1249 959 1297 986 καὶ
1311 957 1350 990 τῷ
1365 956 1428 989 λαῷ
1444 953 1559 987 πόλεως
1576 953 1805 987 Ἀλεξανδρείας.

1140 1009 1221 1035 Οὐδὲν
1246 1006 1294 1041 τὴν
1318 1004 1366 1039 τῆς
1390 1002 1525 1039 ὑμετέρας
1549 1001 1625 1036 ἱερᾶς
1658 999 1760 1031 ἐννοίας
1783 999 1890 1025 ἀποπε-

1103 1053 1231 1090 φευγέναι
1254 1050 1354 1085 γνῶσιν
1379 1046 1467 1084 οἶμαι,
1497 1047 1541 1073 διὰ
1565 1045 1643 1072 τοῦτο
1665 1044 1822 1071 Ἀθανάσιον
1844 1044 1892 1071 τὸν

1103 1101 1149 1128 τοῦ
1169 1095 1353 1135 προσκυνητοῦ
1374 1094 1456 1129 νόμου
1479 1093 1630 1127 ὑποφήτην,
1649 1091 1717 1127 πρὸς
1737 1091 1832 1126 καιρὸν
1850 1091 1892 1122 εἰς

1103 1147 1153 1178 τὰς
1169 1143 1283 1174 Γαλλίας
1295 1139 1471 1168 ἀπεστάλθαι.
1488 1138 1542 1169 ἵνα,
1555 1137 1646 1172 ἐπειδὴ
1664 1137 1681 1171 ὴ
1698 1136 1826 1172 ἀγριότης
1836 1136 1892 1162 τῶν

1104 1190 1257 1227 αἱμοϐόρων
1279 1187 1360 1215 αὐτοῦ
1376 1186 1423 1213 καὶ
1441 1185 1576 1219 πολεμίων
1591 1183 1695 1218 ἐχθρῶν
1712 1184 1751 1214 εις
1770 1183 1892 1209 κίνδυνον

1105 1239 1154 1273 τῆς
1169 1237 1243 1272 ἱερᾶς
1257 1234 1338 1261 αὐτοῦ
1352 1232 1472 1268 κεφαλῆς
1487 1230 1617 1266 ὲπέμηνε,
1629 1230 1764 1265 ἀνήκεστα
1776 1229 1892 1264 ὑποστῇ,

1105 1284 1177 1321 Πρὸς
1190 1283 1221 1309 τὺ
1235 1280 1373 1312 διαπαῐξαι
1389 1279 1478 1305 τοίνυν
1498 1277 1609 1312 ταύτην,
1629 1276 1752 1312 ἀφῃρέθη
1773 1275 1826 1302 τῶν
1842 1285 1893 1310 φα-

1109 1331 1215 1368 ρύγγων
1237 1328 1290 1354 τῶν
1314 1325 1494 1360 ἐπικειμένων
1512 1324 1586 1359 αὐτῷ
1606 1323 1720 1358 ἀνδρῶν.
1745 1322 1793 1349 Διὰ
1812 1322 1893 1348 τοῦτο

1107 1377 1152 1404 ὑπ’
1169 1375 1230 1411 ἐμοὶ
1247 1374 1296 1410 μὲν
1314 1372 1417 1406 διάγειν
1430 1370 1614 1400 κεκέλευσται,
1633 1368 1703 1394 ὥστε
1722 1367 1803 1403 μηδὲν
1817 1367 1893 1402 αὐτῷ

1108 1424 1161 1451 τῶν
1177 1420 1332 1455 ἀναγκαίων
1347 1417 1484 1452 ὲλλεῖψαι,
1500 1417 1523 1443 εἰ
1538 1416 1585 1442 καὶ
1596 1415 1630 1442 τὰ
1645 1414 1760 1449 μάλιστα
1774 1415 1790 1449 ἡ
1808 1413 1892 1440 ἀοίδι-

1110 1479 1158 1506 μος
1173 1467 1254 1496 αὐτοῦ
1270 1465 1369 1502 ἀρετὴ,
1393 1466 1451 1496 ταῖς
1473 1463 1557 1495 Οεὶαις
1579 1462 1722 1489 πεποιθυῖα
1747 1460 1894 1496 βοηθείαις,

1109 1518 1156 1545 καὶ
1170 1516 1203 1543 τὰ
1214 1514 1368 1551 τραχύτερα
1381 1512 1451 1547 ἄχθη
1463 1511 1541 1546 φέρει
1553 1508 1682 1545 εὐχερῶς.
1698 1507 1752 1534 Καὶ
1768 1508 1782 1534 ὁ
1798 1507 1895 1533 δεσπό-

1109 1571 1159 1598 της
1176 1561 1255 1596 ἡμῶν
1278 1560 1292 1586 ὁ
1313 1559 1361 1594 τῆς
1381 1557 1518 1593 μακαρίας
1543 1557 1651 1592 μνήμης
1666 1554 1869 1583 Κωνσταντῖνος
1881 1554 1896 1579 ὁ

1110 1607 1238 1638 σεϐαστὸς
1251 1607 1265 1632 ὁ
1279 1606 1343 1641 ὲμὺς
1358 1602 1448 1640 πατὴρ
1460 1603 1505 1630 τὸν
1518 1602 1599 1629 αὐτὸν
1614 1601 1820 1635 θεοφιλέστατον
1834 1600 1896 1626 ἐπί-

1111 1662 1211 1680 σκοπον
1235 1652 1274 1687 τῷ
1301 1651 1357 1686 ἰδίῳ
1369 1651 1443 1685 τόπῳ
1458 1649 1608 1685 παρασχεῖν
1623 1647 1764 1682 ἠϐούλετο.
1790 1646 1896 1681 Ὅμως,

1110 1697 1212 1732 ἐπειδὴ,
1228 1695 1389 1732 ἀνθρωπίνῳ
1407 1695 1499 1730 κλήρῳ
1515 1692 1706 1729 προσληφθεὶς,
1720 1691 1772 1727 πρὸ
1786 1691 1833 1718 τοῦ
1844 1691 1894 1726 τὴν

1110 1743 1191 1778 εὐχὴν
1214 1741 1356 1777 πληρῶσαι
1381 1740 1560 1771 ἁνεπάυσατο,
1585 1737 1729 1765 ἀκόλουθον
1750 1736 1898 1772 ἡγησάμην

1110 1789 1158 1824 τὴν
1174 1788 1332 1824 προαίρεσιν
1344 1786 1391 1813 τοῦ
1405 1786 1453 1820 τῆς
1468 1785 1542 1816 θείας
1561 1785 1670 1820 μνήμης
1684 1782 1815 1819 βασιλέως
1831 1782 1894 1808 διαη

1110 1835 1254 1870 δεξάμενος
1265 1833 1416 1869 πληρῶσαι.
1439 1831 1547 1862 Ὅστις,
1569 1830 1677 1856 ἐπειδὰν
1698 1830 1746 1864 τῆς
1764 1827 1900 1863 ὑμετέρας

1112 1881 1180 1917 τύχῃ
1196 1879 1373 1916 προσόψεως,
1398 1879 1463 1913 ὅσης
1483 1877 1547 1912 παρ’
1564 1875 1631 1912 ἐμοῦ
1655 1875 1744 1906 αἰδοῦς
1766 1874 1900 1909 τετύχηγε

1112 1926 1257 1961 γνώσεσθε.
1270 1925 1325 1952 Καὶ
1339 1924 1369 1951 οὺ
1390 1923 1553 1958 θαυμαστὸν,
1571 1922 1599 1948 εἴ
1613 1931 1639 1949 τι
1652 1922 1673 1948 δ’
1687 1922 1719 1948 ἂν
1733 1921 1802 1956 ὑπὲρ
1817 1920 1901 1947 αὑτοῦ

1114 1973 1251 2007 πεποίηκα
1323 1971 1370 1997 καὶ
1383 1970 1438 2005 γᾶρ
1451 1970 1500 2005 τήν
1515 1969 1584 2004 ἐμὴν
1598 1968 1687 2004 ψυχὴν
1699 1968 1716 2002 ἦ
1727 1976 1757 1994 τε
1770 1966 1817 1993 τοῦ
1831 1967 1902 2001 ὑμε-

1112 2020 1192 2055 τέρου
1215 2018 1298 2045 πόθου
1324 2017 1404 2044 εἰκὼν
1428 2018 1475 2043 καὶ
1498 2017 1527 2043 τὸ
1555 2015 1601 2042 τοῦ
1622 2014 1779 2050 τηλικούτου
1804 2013 1903 2048 ἀνδρὸς

1116 2066 1210 2101 σχῆμα
1226 2065 1265 2096 εἰς
1276 2064 1354 2090 τοῦτο
1365 2064 1447 2090 ἐκίνει
1460 2063 1506 2089 καὶ
1519 2061 1695 2098 προέτρεπεν.
1717 2061 1749 2086 Ἦ
1761 2059 1820 2086 θεία
1831 2059 1904 2094 Epd-

1115 2119 1173 2137 νοια
1186 2111 1257 2145 ὑμᾶς
1272 2109 1438 2144 διαφυλάξοι,
1454 2108 1562 2142 ἀδελφοὶ
1575 2107 1720 2142 ἀγαπητοί.

1150 2156 1176 2182 7.
1198 2155 1309 2186 Τούτοις
1325 2153 1432 2190 θαρρῶν
1446 2155 1502 2185 τοῖς
1522 2153 1682 2189 γράμμασιν
1697 2153 1711 2178 ὁ
1732 2151 1808 2185 ἅγιος
1823 2150 1902 2177 Ἀθα-

1116 2201 1216 2233 νάσιος,
1232 2200 1433 2235 καταλαμϐάνει
1446 2200 1495 2234 τὴν
1510 2198 1720 2233 Ἀλεξάνδρειαν,
1740 2197 1787 2223 καὶ
1805 2196 1903 2231 ἥδιστα

1118 2248 1197 2275 αὑτὸν
1218 2247 1323 2278 ἐδέξατο
1345 2247 1359 2272 ὁ
1381 2246 1434 2272 τῶν
1455 2244 1651 2279 Ἀλεξανδρέων
1673 2243 1746 2275 λαός.
1775 2243 1851 2269 Ὅσοι
1874 2242 1904 2268 δὲ

285 2301 418 2330 ventieula
433 2299 563 2336 cogebant
574 2299 705 2325 adversus
720 2295 811 2328 illum;
824 2293 896 2321 unde
910 2293 1057 2326 frequente:

1118 2293 1264 2328 ἐτύγχανον
1285 2290 1494 2327 ’Ᾱρειανίζοντες
1513 2291 1542 2317 ὲν
1566 2291 1653 2325 αὐτῇ,
1678 2288 1812 2324 φρατρίας
1839 2296 1904 2314 συν-

283 2353 352 2377 ortae
370 2347 518 2376 seditiones
543 2351 637 2372 ansam
660 2341 821 2370 Eusebianis
847 2340 957 2370 dedere,
973 2338 1062 2364 virum

280 2392 356 2428 apud
374 2392 565 2424 imperatorem
585 2385 766 2415 calumniandi
791 2393 798 2411 :
822 2383 895 2419 quod
917 2382 989 2410 nullo
1009 2381 1065 2416 epi-

286 2443 429 2473 scoporum
443 2439 577 2463 conventu
600 2433 627 2460 id
648 2433 821 2463 decernente,
842 2437 892 2457 suo
919 2429 976 2463 ipse
992 2431 1064 2455 motu

287 2484 438 2518 remigrans
453 2484 609 2515 occupasset
628 2478 798 2506 Ecclesium:
819 2484 851 2504 eo
867 2483 953 2510 usque
964 2474 1067 2502 calum-

287 2529 347 2556 nias
366 2527 404 2554 illi
427 2526 558 2554 ferebant.
584 2525 623 2551 Ac
643 2531 750 2551 rursum
775 2521 916 2550 memorati
943 2520 1067 2547 homines

288 2573 458 2608 imperatoris
467 2579 546 2599 aures
558 2569 964 2602 obtundentes;inconsiderato
979 2568 1068 2593 I'urore

289 2620 428 2647 concitant
453 2618 539 2650 illum,
562 2623 590 2644 ut
615 2616 738 2644 exsilium
755 2616 884 2642 decernat
897 2614 923 2640 in
943 2613 1067 2639 Athana-

289 2665 379 2697 sium;
397 2664 486 2695 veriti,
501 2671 534 2690 ne
559 2663 580 2690 si
603 2662 688 2697 patris
709 2660 875 2696 propositum
897 2662 1068 2693 sequeretur,

287 2710 370 2738 vellet
381 2710 415 2737 de
430 2701 482 2737 fide
494 2708 612 2740 edoceri,
636 2707 740 2742 ipsique
765 2708 791 2732 in
819 2705 967 2740 periculum
991 2703 1068 2730 veni-

291 2761 361 2785 rent.
382 2755 417 2790 ,ln
443 2759 544 2782 tantum
569 2755 658 2788 itaque
687 2753 803 2780 furerem
827 2750 998 2785 improbitate
1021 2756 1068 2776 sun

326 2812 365 2882 (ag
379 2813 462 2854 Palat.
479 2812 614 2854 ἀφεδρόνι.
713 2846 720 2850 _

326 2849 353 2882 (ιτ
380 2848 425 2875 Sic
438 2847 522 2874 Palat.
541 2847 608 2874 hditi
622 2853 685 2874 vero
700 2846 720 2872 is

325 2843 365 2883 ξιτ)
380 2848 425 2875 Sic
438 2843 522 2874 Palat.
541 2843 608 2874 Editi
622 2853 685 2874 vero
700 2844 840 2876 Κώνστας,
855 2843 933 2871 male.

1118 2338 1234 2366 ιστῶσαν
1247 2339 1306 2364 κατ’
1320 2336 1401 2364 αὑτοῦ
1417 2337 1455 2372 (d)
1466 2358 1473 2369 ,
1491 2336 1523 2363 δι’
1538 2333 1575 2364 ὧν
1590 2336 1709 2370 συνεχεῖς
1725 2335 1833 2365 στάσεις
1848 2333 1906 2368 ὲγί-

1117 2391 1203 2414 νοντο,
1225 2383 1324 2414 αἵτινες
1337 2381 1464 2408 ὑπόθεσιν
1482 2382 1611 2416 παρεῖχον
1626 2381 1682 2412 τοῖς
1696 2380 1759 2415 περὶ
1773 2378 1904 2406 Εὐσέϐιον

1119 2429 1165 2456 τοῦ
1186 2428 1337 2456 διαϐάλλειν
1361 2427 1441 2454 αὑτὸν
1456 2427 1494 2462 τῷ
1507 2426 1625 2462 βασιλεῖ·
1639 2427 1689 2457 ὃτι,
1707 2426 1744 2461 μὴ
1763 2425 1906 2461 κρίναντος

1118 2474 1165 2501 τοῦ
1183 2473 1272 2501 κοινοῦ
1288 2473 1424 2508 συνεδρίου
1439 2472 1492 2499 τῶν
1507 2472 1672 2504 ἐπισκόπων,
1696 2471 1786 2506 έαυτῷ
1800 2470 1906 2505 ἐπιτρέ-

1119 2518 1242 2555 dae-rip;
1269 2518 1430 2554 Ἐκκλησίαν
1462 2518 1626 2544 κατέλαϐεν·
1657 2518 1703 2544 ὲπὶ
1728 2516 1853 2544 τοσοῦτον
1876 2515 1906 2542 δὲ

1119 2565 1167 2597 τὰς
1182 2565 1307 2596 διαϐολὰς
1324 2564 1472 2597 ἐξέτειναν.
1495 2561 1576 2595 Αὖθίς
1596 2572 1624 2590 τε
1649 2563 1695 2590 τοῦ
1718 2563 1854 2598 βασιλέως
1870 2562 1906 2588 τὰ

1119 2609 1176 2640 ὦτα
1195 2613 1220 2638 οἱ
1239 2611 1431 2647 προειρημένοι
1445 2611 1600 2646 χρὰναντες.
1621 2609 1827 2645 ἀπερισκέπτως
1842 2608 1907 2643 μαί-

1119 2667 1220 2690 νονται,
1243 2657 1350 2693 ὲξορίαν
1370 2656 1541 2691 ψηφίσασθαι
1566 2655 1646 2682 αὑτὸν
1658 2655 1735 2682 ’κατὰ
1753 2654 1799 2680 τοῦ
1827 2653 1906 2687 ἁγίου

1126 2703 1295 2734 Ἀθανασίου,
1310 2703 1423 2734 δεδιότες
1438 2702 1485 2738 μὴ,
1503 2704 1536 2738 τῇ
1553 2701 1600 2728 τοῦ
1618 2701 1720 2736 πατρὸς
1732 2700 1826 2736 γνώμῃ
1838 2707 1907 2735 χρη-

1121 2750 1246 2785 σάμενος,
1269 2750 1384 2786 ἐθελήσῃ
1406 2749 1440 2776 τὰ
1463 2749 1527 2785 περὶ
1554 2749 1603 2784 τῆς
1625 2749 1742 2780 πίστεως
1764 2746 1908 2782 ἐκμαθεῖν,

1160 2808 1194 2842 (c)
1206 2808 1290 2835 Palat.
1307 2808 1502 2843 πεποιήκαμεν.

1159 2845 1197 2876 (d)
1211 2843 1295 2871 Palat.
1312 2841 1426 2875 φατρίας
1443 2841 1572 2870 συνίστων
1582 2842 1641 2868 κατ’
1655 2841 1747 2868 αὑτοῦ.
