2027 3042
652 130 728 157 ΠΤᾹ
750 131 778 158 S.
799 129 983 158 ATIIANASII
1000 129 1045 158 EX
1066 128 1329 157 METAPHRASTE.

177 199 223 218 και
238 192 403 227 περιπέσωσι
425 192 547 228 κινδύνῳ,
571 193 632 219 Ἐπὶ
653 192 777 219 τοσοῦτον
799 192 888 218 τοίνυν
917 193 958 218 ὲν-

178 237 315 272 εμάνησαν
324 238 356 272 τῇ
368 237 524 273 φαυλότητι,
542 237 611 264 ὥστε
625 238 672 264 καὶ
689 237 785 273 νεκροῦ
798 245 869 269 τινος
882 239 960 272 χεῖρα

177 283 276 318 εὑρεῖν,
294 283 327 318 ἣν
342 283 434 316 ἔλεγον
452 284 599 319 Ἀθανασίῳ
619 285 659 316 εἰς
674 284 799 318 γοητείαν
815 281 884 310 εἶναι
900 284 960 310 ἐπι-

177 328 295 363 τηδείαν,
317 329 364 355 καὶ
378 329 450 360 τίνος
470 327 537 356 εἶναι
555 329 673 364 ἔφασκον
689 329 797 355 εἰδέναι.
824 328 961 363 ’Δρσενίου

177 375 231 409 γάρ
258 383 331 405 τινος
359 375 454 410 ἀνδρὸς
481 374 573 408 ἔλεγον
595 374 649 400 τῶν
671 373 741 400 κατὰ
762 373 962 408 Ἀλεξάνδρειαν

177 419 279 455 ταύτην
302 420 467 454 ἐκκεκόφθαι
481 420 555 455 παρὰ
568 419 615 446 τοῦ
631 419 708 454 ἁγίου
727 419 896 446 Ἀθανασίου.
923 420 961 445 Δι’

179 466 212 500 ἣν
224 465 312 491 αἰτίαν
331 466 345 491 ὁ
360 465 486 500 βασιλεὺς
505 465 554 500 τὴν
576 465 624 500 μὲν
645 465 751 500 ὲξορίαν
771 465 801 492 οὐ
817 464 963 500 ψηφίζεται

179 510 249 537 κατὰ
263 511 309 537 τοῦ
324 510 402 544 ἁγίου
419 510 588 542 Ἀθανασίου,
606 511 638 546 ἢν
650 511 757 538 ἐδόκουν
772 512 796 537 οἱ
809 511 844 537 τὰ
859 511 962 547 Ἀρείου

181 556 340 592 φρονοῦντες
354 556 606 593 φιλανθρωπότερον
621 556 802 589 ἐξαιτεῖσθαι,
822 557 859 589 ὡς
878 557 964 584 ἀπάν-

180 602 288 638 θρωπον
301 603 390 634 αὐτοῖς
403 603 442 634 εἰς
459 599 529 638 αἷμα
544 603 700 638 γράψασθαι
714 604 891 638 κατηγορίαν,
904 602 964 631 οὖσι

180 649 337 684 κληρικοῐς·
362 648 506 682 διάγνωσιν
532 648 560 675 δὲ
587 649 748 684 προστάττει
769 650 906 683 γενέσθαι,
930 650 963 676 δι’

180 691 214 729 ἧς
229 694 306 729 θέμις
323 695 418 724 ποιεῖν,
432 693 523 721 δοῦναι
537 694 582 720 τὸν
602 694 766 722 Ἀθανάσιον.
789 695 964 731 Προχειρίζε-

180 748 225 765 ται
250 739 314 773 γοῦν
338 738 382 765 τὸν
405 739 555 774 Ἀρχέλαον,
582 738 664 774 ἄνδρα
676 739 730 765 τῶν
752 741 896 766 συνεστίων
918 741 965 767 καὶ

181 785 339 820 ὀμοφρόνων
353 784 437 820 αὐτῷ,
461 785 605 820 ἐκπέμψας
627 786 655 810 ὲν
675 785 765 821 Τύρῳ,
783 786 850 821 ὁμοῦ
864 786 903 821 τῷ
916 787 965 822 τῆς

179 831 305 866 Φοινίκης
320 831 429 867 ἄρχοντι
447 831 588 858 διακοῦσαι
611 833 659 868 τῆς
683 832 845 864 ὑποθέσεως.
869 833 965 868 Διῆγεν

180 874 227 902 οὖν
248 877 276 902 ἐν
295 878 328 912 τῇ
344 876 423 912 Τύρῳ
439 878 453 903 ὀ
467 878 543 912 ἆγιος
563 878 728 910 “Omnium;
748 879 811 910 τοὺς
834 879 898 914 περὶ
917 879 965 913 τῆς

180 922 306 957 γοητείας
333 923 503 958 κατηγόρους
537 924 720 959 ἐκδεχόμενος.
749 924 909 960 Ὑπέρθεσις
937 925 966 951 δὲ

181 967 300 1002 ἐγίνετο,
321 968 358 999 ὡς
376 969 424 1004 μὲν
439 970 536 995 ἐκεῖνοι
550 969 658 1003 ἔλεγον,
675 970 717 996 ἵνα
734 970 788 996 ἀπὸ
808 970 856 1006 τὴς
873 970 964 1003 Ἀλεξ-

180 1014 303 1050 ανδρείας
325 1015 531 1050 παραγένωνται
554 1016 578 1042 οἱ
600 1016 644 1042 ὑπ’
666 1016 726 1050 ὄψιν
743 1017 773 1042 τὸ
791 1016 874 1051 μῦσος
886 1017 966 1050 γινώ-

184 1068 310 1092 σκοντες,
328 1061 375 1087 καὶ
394 1061 476 1088 αὑτὸν
496 1061 541 1088 τὸν
566 1063 700 1098 ’Λρσὲνιον
717 1063 891 1098 ἐπιστάμενοι
903 1073 909 1078 ·
929 1063 966 1095 ὡς

180 1105 208 1132 δὲ
227 1106 243 1141 ὴ
259 1106 403 1133 ἀκολουθία
425 1106 532 1133 δίδωσιν
556 1108 665 1138 ἐννοεῖν,
691 1107 760 1134 κατὰ
777 1108 844 1134 Θεοῦ
866 1109 967 1135 οἰκονο-

183 1151 255 1187 μίαν.
279 1150 333 1178 Ἦν
355 1152 409 1187 γὰρ
432 1153 513 1184 αὐτὸς
536 1154 550 1179 6
576 1153 712 1188 ’Λρσένιος
722 1153 895 1189 ἀναγνιτιστης
909 1155 966 1189 ,τῆς

182 1198 251 1224 κατὰ
281 1198 484 1234 Ἀλεξάνδρειαν
515 1199 687 1234 Ἑκκλησίας,
718 1200 747 1225 ὂν
775 1199 820 1225 διά
844 1209 902 1226 τινα
927 1201 967 1226 αἰ-

184 1244 348 1280 σχρουργίαν
362 1245 492 1280 μέλλοντα
509 1245 586 1277 δίκας
600 1246 709 1277 διῶναι,
722 1247 736 1272 6
755 1247 887 1282 μακάριος
896 1247 968 1273 ’Λθα-

183 1289 274 1320 νάσιος
293 1291 548 1326 περιποιησάμενος,
565 1292 685 1328 δρασμὸν
703 1291 830 1318 ὑποδῦναι
847 1293 969 1319 ὑποτίθε-

183 1343 238 1362 ται,
262 1336 487 1371 Ἀμεριμνοῦντες
506 1335 552 1363 οὖν
568 1337 605 1372 μὴ
626 1337 790 1372 φανήσεσθαι
812 1338 857 1363 τὸν
878 1338 969 1374 ’Λρσέ-

183 1389 248 1413 νιον,
275 1381 311 1413 ὡς
341 1382 477 1412 ὑπόδικον,
507 1383 637 1418 ὀνομαστὶ
667 1385 733 1420 πρὸς
762 1386 892 1412 πίστωσιν
917 1386 969 1412 τῶν

183 1427 345 1458 ἀκουόντων,
363 1427 488 1461 λέγοντες
501 1429 531 1454 τὸ
544 1429 630 1464 ὄνομα
644 1430 691 1456 τοῦ
709 1431 857 1466 ’Λρσενίου,
875 1432 970 1466 ἐνῆγον

184 1472 222 1506 τῷ
238 1473 306 1507 ἁγίῳ
324 1473 716 1509 ’Λθανασίι;›.Διαδίδοταιγοῦν
732 1477 748 1511 ἡ
766 1477 844 1511 φήμη
857 1476 896 1510 τῷ
914 1477 972 1511 ‘Ap-

185 1518 277 1553 σενίῳ,
288 1519 326 1544 ὅτι
343 1518 376 1545 δι’
391 1519 470 1545 αὐτὸν
493 1519 649 1551 ’Λθανάσιος
669 1522 683 1547 ὁ
702 1521 848 1552 ἐπίσκοπος
862 1522 971 1557 ὑπονοίᾳ

186 1563 299 1598 μαγείας
317 1565 345 1590 ὲν
359 1564 439 1600 Τύρῳ
454 1565 579 1600 πάρεστι,
593 1566 640 1592 καὶ
654 1565 743 1592 οἶκτον
755 1560 843 1592 λαῦιῖιν
856 1567 901 1593 τοῦ
918 1576 968 1602 μα-

184 1609 280 1645 καρίου
292 1609 388 1645 ἀνδρὸς
399 1611 413 1636 6
434 1610 580 1646 ’Λρσένιος,
597 1612 764 1647 ἀμείψασθαί
778 1621 806 1638 τε
822 1613 905 1640 θέλων
919 1614 968 1641 αὑ-

183 1655 228 1682 τὶιν
255 1656 304 1691 τῆς
324 1657 448 1688 εὐποιίας
465 1658 515 1692 τῆς
536 1659 575 1689 είς
595 1659 686 1690 αὑτὸν,
711 1659 835 1685 ἀπειπὼν
859 1660 966 1691 ἑαυτοῦ,

185 1701 278 1736 φθάνει
294 1703 343 1738 τὴν
356 1703 462 1737 Τυρίων
479 1703 566 1735 πόλιν,
587 1704 632 1730 τὸν
651 1704 770 1739 δρασμὸν
790 1704 967 1736 ἐκλελοιπὼς·

185 1749 310 1783 κρεῖσσον
334 1748 420 1782 λέγων
443 1749 537 1774 ἑαυτὸν
557 1749 656 1780 θανεῖν,
675 1750 690 1784 ἢ
711 1751 798 1776 πᾶσαν
818 1750 866 1784 τὴν
881 1751 969 1777 οἰκου-

187 1793 269 1828 μένην
288 1794 352 1830 περὶ
376 1793 532 1829 τηλικούτου
553 1794 648 1829 ἀνδρὸς
667 1795 898 1827 σκανδαλίζεσθαι.
915 1797 969 1822 Καὶ

185 1839 269 1867 ἐλθὼν
277 1841 306 1866 ὲν
313 1840 402 1876 Τύρῳ,
412 1840 450 1876 τῷ
459 1841 527 1876 ἁγίῳ
535 1841 684 1876 Ἀθανασίῳ
695 1842 871 1877 ἐμφανίζεται
881 1843 909 1868 ἐν
919 1851 968 1877 μυ-

186 1885 298 1921 στηρίῳ,
367 1886 414 1912 καὶ
441 1886 661 1920 συμϐουλεύεται,
690 1888 727 1921 μὴ
743 1887 795 1923 πρὸ
818 1888 866 1923 τῆς
892 1888 967 1922 δίκης

185 1931 382 1967 ἐμφανισθῆναι
398 1931 514 1963 πολλοῖς,
536 1932 579 1958 ἵνα
603 1933 638 1967 μή
659 1941 686 1958 τι
706 1933 823 1968 δράσωσι
841 1934 920 1959 αὐτὸν
944 1935 967 1960 οἱ

187 1978 342 2004 ὑπεναντίοι
376 1977 491 2012 φαῦλον·
512 1979 528 2013 ἢ
552 1979 663 2013 διωρίαν
685 1979 790 2013 ἔχοντες
818 1980 967 2014 σκέψωνται

185 2023 219 2049 δι’
235 2023 404 2059 ὑπερθέσεως
419 2023 497 2050 λῦσαι
514 2023 562 2058 τὴν
584 2024 662 2059 δίκην
681 2025 729 2060 τὴν
745 2026 814 2052 κατὰ
828 2026 874 2052 τιιῦ
891 2026 967 2060 ἁγίου

193 2069 348 2097 Ἀθανασίου
361 2069 409 2104 τὴν
420 2070 483 2105 περὶ
494 2070 543 2104 τῆς
556 2071 690 2105 γοητείας.
705 2071 786 2097 Μένει
801 2071 865 2105 γοῦν
880 2072 967 2098 ἐκεῖσε

186 2115 200 2141 ὁ
220 2115 353 2151 Ἀρσένιος
371 2115 423 2150 πρὸ
442 2116 504 2150 μιᾶς
518 2115 568 2150 τῆς
584 2116 725 2151 δικασίμου
741 2118 966 2152 παραγενόμενος.

187 2158 226 2193 Τῇ
249 2158 311 2193 ἑξῆς
331 2157 392 2188 οὖν,
414 2159 466 2194 πρὸ
485 2159 604 2194 βήματος
620 2161 645 2186 oi
667 2162 758 2196 κριταὶ
782 2162 966 2193 καθεσθέντες,

187 2204 300 2238 ἄγεσθαι
317 2205 454 2231 κελεύουσι
469 2206 531 2236 τοὺς
554 2207 720 2242 κατηγόρους
736 2208 783 2234 καὶ
802 2208 966 2235 ’Λθανάσιον.

189 2248 245 2283 Πρὸ
262 2249 309 2284 τὴν
324 2249 351 2275 δὲ
368 2250 532 2284 κατηγορίαν
547 2251 611 2285 περὶ
630 2252 751 2286 μοιχείας
766 2252 840 2287 αὐτῷ
856 2253 970 2287 ἐπάγον-

188 2303 245 2326 τες,
264 2296 387 2331 παρῆγον
406 2297 521 2330 γυναῖκά
534 2305 594 2322 τινα
607 2297 713 2332 ἀναιδῆ,
736 2298 856 2334 ἀκριϐῶς
877 2298 907 2324 τὸ
922 2308 968 2324 συ-

189 2343 331 2375 κοφαντεῖν
351 2343 552 2377 ἐπισταμένην·
572 2343 632 2378 ἥτις
652 2343 753 2378 ἔλεγεν,
775 2344 825 2374 ὅτι,
840 2344 970 2377 ὑποδεξα-

190 2386 257 2422 μένη
276 2386 321 2413 τὸν
344 2387 420 2421 ἆγιον
444 2387 600 2415 Ἀθανὰσιον
624 2389 693 2415 οἴκοι
717 2390 858 2422 εὐλαϐείας
880 2391 969 2426 χάριν,

189 2432 292 2468 ὑπέστη
307 2433 408 2468 φθορὰν
422 2434 466 2460 ὑπ’
480 2434 561 2460 αὑτοῦ
578 2435 685 2470 νύκτωρ
701 2436 767 2470 αὑτῇ
784 2437 968 2469 ἐπιπεσόντος.

189 2476 271 2509 Αὖθις
285 2479 374 2505 τοίνυν
388 2479 434 2505 τὸν
451 2479 607 2506 Ἀθανάσιον
628 2480 785 2516 εἰσαχθῆναι
804 2481 969 2513 κελεύουσιν,

190 2523 293 2550 ἑστῶτα
315 2523 389 2559 παρὰ
412 2524 457 2550 τὸν
481 2525 597 2552 πέτασον
620 2525 669 2559 τῆς
688 2526 854 2560 ἀκροάσεως.
873 2525 926 2554 Ἦν
940 2527 969 2554 δὲ

190 2569 238 2595 σὺν
261 2568 345 2604 αὑτῷι
362 2569 410 2595 κα)⁸
429 2569 558 2604 Τιμόθεος
578 2571 592 2595 ὀ
611 2570 809 2606 πρεσϐύτερος,
829 2572 902 2603 ὅστις
923 2572 970 2598 καὶ⁵

191 2614 322 2640 συνελθὼν
338 2614 376 2649 τῷ
397 2615 466 2650 ἁγίῳ
486 2615 644 2651 Ἀθανασίῳ,
667 2617 748 2648 αὐτὸς
772 2617 838 2653 πρὸς
855 2618 900 2644 τὸν
921 2618 969 2652 γύ-

188 2668 262 2686 ναιον
275 2661 335 2687 ἀντὶ
347 2660 393 2687 τοῦ
410 2661 487 2695 ἁγίου
502 2661 656 2688 Ἀθανασίου
673 2663 756 2696 λέγει·
773 2663 839 2689 Εἰπέ
852 2672 907 2698 μοι,
925 2664 970 2697 γύ-

189 2714 242 2737 ναι,
260 2706 315 2740 ἑγὼ
340 2708 415 2743 παρὰ
434 2708 476 2734 σοὶ
496 2708 607 2743 ipsum;
627 2708 642 2743 ἣ
658 2708 688 2734 σύ
703 2717 735 2742 με
752 2709 871 2741 ὑπεδέξω
889 2710 917 2735 ἐν
933 2710 971 2744 τῷ

188 2750 256 2786 οἴκῳ
268 2751 306 2786 τῷ
321 2752 377 2786 sip;
403 2753 419 2788 ἢ
436 2752 542 2788 νύκτωρ
558 2761 604 2779 σου
625 2753 787 2788 ἐϐιασάμην,
807 2755 897 2787 καθώς
921 2765 972 2790 μου

190 2799 368 2832 κατηγορεῖς;
387 2798 419 2824 Ἠ
434 2799 472 2828 δὲ.
485 2796 528 2824 οἷα
547 2799 654 2832 γύναιον
667 2800 699 2825 ἐκ
712 2800 858 2835 δημουσίου
877 2801 973 2834 τέγους

190 2841 363 2880 ἁργυρισοὲν,
379 2845 502 2880 προαλῶς
516 2845 564 2880 τὴν
580 2845 640 2879 ὄψιν
655 2846 868 2881 περιστρέψπσα,
883 2848 930 2873 καὶ
943 2847 972 2873 τὸ

1698 136 1792 157 CCXVXI

976 195 996 222 Λ
1013 191 1121 219 deducti
1147 195 1220 222 sunt,
1246 194 1276 216 ut
1298 188 1396 216 mortui
1420 187 1558 222 cujusdam
1578 195 1689 215 manum
1707 189 1792 221 nacti,

1012 238 1135 265 dicerem
1158 244 1217 264 eam
1243 236 1277 263 ab
1304 235 1455 262 Athanasio
1484 235 1517 262 ad
1547 234 1677 262 veneﬁcia
1712 234 1793 261 fuisse

1012 287 1167 317 usurpatam
1187 291 1193 308 :
1221 289 1304 316 seque
1328 287 1406 307 nosse
1428 279 1503 314 cujus
1516 284 1609 307 esset:
1623 279 1794 306 aﬂirmabant

1012 326 1112 362 quippe
1137 335 1195 354 eam
1220 326 1336 353 Arsenio
1361 325 1467 353 cuidam
1494 325 1563 358 viro,
1588 327 1621 353 ab
1645 325 1792 352 Athanasio

1013 372 1096 399 fuisse
1110 373 1268 399 abscissam.
1284 371 1341 404 Qua
1357 372 1390 399 de
1412 379 1493 399 causa
1516 372 1664 406 imperator
1688 378 1792 406 nequa-

1013 426 1093 453 quam
1117 417 1238 446 decrevit
1257 418 1383 445 exsilium
1403 423 1496 445 contra
1529 423 1654 445 sanctum
1668 417 1792 444 Athana-

1013 466 1082 492 sium
1094 485 1101 498 ,
1119 470 1148 492 ut
1162 466 1310 500 sperabant
1324 465 1429 496 Ariani,
1448 465 1498 492 rati
1515 472 1544 491 se
1558 464 1703 492 humanius
1716 464 1794 498 quid-

1013 511 1084 544 piam
1098 511 1244 546 postulare,
1263 518 1343 545 quam
1360 511 1382 537 si
1397 510 1494 545 capitis
1509 511 1709 538 accusationem
1723 509 1792 537 scri-

1014 557 1118 588 berent,
1135 556 1225 584 clerici
1246 564 1306 584 cum
1322 560 1435 589 essent;
1457 556 1503 584 sed
1522 556 1603 590 jussit
1623 556 1795 590 perquisitio—

1015 609 1075 629 nem
1092 602 1195 634 haberi,
1211 610 1263 637 qua
1280 602 1428 630 Athanasio
1445 602 1538 629 liceret
1558 609 1617 629 sese
1639 601 1793 630 defendere.

1014 648 1124 675 Mandat
1137 655 1202 684 ergo
1215 648 1380 676 Archelaum
1407 647 1569 675 familiarem
1595 647 1644 674 sibi
1658 652 1686 675 et
1703 647 1794 675 deme-

1015 694 1113 721 slicum
1134 695 1233 724 virum.
1250 694 1385 728 mittitque
1399 692 1510 729 Tyrum,
1530 698 1559 720 ut
1573 701 1624 720 una
1637 701 1697 720 cum
1715 692 1813 730 Phce-_

1017 741 1089 767 uices
1104 740 1232 774 przefeeto
1246 748 1355 767 causam
1379 744 1564 772 cognosceret.
1591 739 1653 774 Tyri
1672 746 1736 774 ergo
1750 739 1797 765 de-

1015 786 1095 820 gebat
1110 790 1221 813 sauctus
1235 785 1412 817 Athanasius,
1432 789 1596 819 exspectans
1619 784 1679 811 illos
1702 785 1735 811 de
1747 792 1796 811 ve-

1017 831 1113 858 neﬁcio
1130 836 1312 859 accusatores.
1327 830 1399 858 Mora
1417 835 1505 858 autem
1525 836 1553 857 et
1577 830 1713 858 cunctatio
1734 829 1795 860 fuit,

1015 881 1044 903 ut
1055 877 1237 904 causabantur
1260 877 1309 908 illi,
1327 884 1379 911 quo
1399 877 1562 904 Alexandria
1579 877 1709 904 accedere
1731 883 1796 910 pos-

1016 928 1077 950 sent
1091 923 1119 954 ii,
1135 923 1182 957 qui
1195 922 1290 957 flagitii
1312 927 1394 951 testes
1408 923 1506 950 oculati
1525 923 1650 954 fuissent,
1666 928 1693 950 et
1709 923 1795 958 ipsum

1016 973 1126 996 nossent
1149 969 1290 996 Arsenium
1305 977 1312 995 :
1338 973 1365 995 at
1382 973 1411 995 ut
1425 977 1457 996 ex
1473 969 1702 1003 consequentibus
1724 971 1798 1002 cogi-

1018 1019 1074 1041 tare
1092 1015 1165 1046 licet,
1181 1015 1205 1041 id
1227 1015 1317 1041 divina
1334 1014 1504 1042 Providentia
1527 1015 1627 1042 factum
1656 1019 1706 1042 est.
1735 1015 1799 1042 Erat.

1016 1062 1088 1088 enim
1103 1061 1232 1088 Arsenius
1251 1061 1439 1088 Alexandrime
1460 1060 1586 1088 Ecclesiae
1607 1061 1701 1092 lector,
1718 1060 1797 1095 quem

1017 1105 1051 1132 ob
1066 1110 1143 1140 turpe
1156 1106 1262 1132 facinus
1272 1113 1367 1140 ptenas
1379 1106 1504 1132 daturum
1518 1105 1613 1133 beatus
1621 1106 1798 1137 Athanasius,

1018 1156 1047 1177 ut
1062 1151 1200 1182 liberaret,
1226 1152 1259 1178 ad
1280 1151 1369 1184 fugam
1391 1151 1514 1178 hortatus
1529 1151 1627 1178 fuerat.
1651 1151 1713 1179 Rati
1734 1160 1799 1187 ergo

1019 1205 1188 1231 nequaquam
1203 1198 1417 1232 eompariturum
1430 1198 1586 1229 Arsenium.
1602 1203 1692 1233 utpote
1707 1206 1797 1228 reum;

1019 1243 1052 1268 ad
1069 1242 1146 1269 ﬁdem
1161 1243 1330 1269 auditoribus
1345 1242 1508 1276 faciendam,
1524 1245 1697 1278 pronuntiato
1721 1247 1800 1274 Arsia

1019 1287 1055 1314 nii
1088 1288 1205 1319 nomine,
1234 1289 1337 1315 crimen
1361 1289 1533 1317 intentabant
1558 1291 1584 1317 in
1606 1291 1799 1319 Athanasium.

1021 1333 1145 1361 Pervenit
1156 1334 1188 1360 ad
1202 1335 1345 1361 Arsenium
1361 1336 1443 1366 fama.
1459 1337 1530 1370 quod
1546 1337 1604 1371 ejus
1620 1345 1701 1365 causa
1715 1338 1799 1365 Atha-

1021 1379 1112 1406 nasius
1123 1379 1276 1414 episcopus,
1291 1380 1355 1415 Tyri
1373 1381 1399 1407 in
1412 1383 1593 1416 suspicionem
1616 1385 1711 1418 magia:
1723 1386 1799 1411 veni-

1022 1429 1072 1455 ret,
1088 1425 1252 1460 beatumque
1276 1427 1422 1454 miseratus
1446 1429 1532 1455 virum
1555 1429 1696 1463 Arsenius,
1717 1435 1799 1463 atqtm

1021 1471 1122 1505 accepti
1141 1471 1263 1499 beneﬁcii
1281 1474 1395 1507 gratiam
1420 1474 1521 1501 referre
1538 1480 1695 1509 peroptaus.
1720 1476 1801 1503 nihil-

1026 1524 1078 1550 que
1099 1525 1176 1544 suum
1193 1525 1290 1544 curans
1315 1519 1473 1552 periculum.
1500 1519 1642 1555 Tyriorum
1660 1522 1685 1547 in
1702 1522 1800 1548 civita-

1023 1568 1075 1589 tem
1101 1564 1175 1590 venit
1201 1572 1216 1590 c
1241 1564 1301 1600 fuga
1327 1573 1453 1593 reversus
1476 1575 1482 1598 ;
1513 1566 1602 1600 potius
1623 1575 1682 1594 esse
1701 1568 1802 1596 ducens

1022 1610 1089 1636 mori
1108 1617 1148 1641 se.
1163 1617 1243 1643 quam
1269 1616 1353 1638 totum
1374 1612 1466 1638 orbem
1493 1618 1625 1639 terrarum
1645 1613 1679 1640 ob
1698 1617 1800 1641 tantum

1022 1655 1109 1680 virttm
1139 1654 1247 1683 offendi.
1272 1656 1338 1682 Cum
1367 1657 1485 1683 venisset
1518 1656 1629 1692 Tyrum,
1650 1657 1802 1686 Athanasio

1022 1699 1090 1726 clam
1105 1707 1134 1726 se
1150 1700 1231 1732 sistit,
1251 1701 1295 1734 qui
1309 1701 1451 1728 consilium
1473 1701 1576 1734 datilli,
1592 1708 1621 1730 ut
1636 1711 1670 1730 ne
1681 1708 1744 1732 ante
1755 1703 1801 1738 ju-

1022 1745 1121 1773 dicium
1135 1753 1194 1773 sese
1209 1747 1302 1774 multis
1315 1747 1477 1778 exhiberet;
1494 1755 1527 1775 ne
1549 1750 1620 1781 quod
1639 1749 1676 1776 illi
1701 1751 1801 1778 malum

1022 1791 1152 1819 inferrent
1174 1793 1331 1824 adversarii,
1353 1801 1419 1820 neve
1443 1794 1463 1820 si
1490 1801 1538 1828 per
1563 1800 1668 1829 tempus
1695 1797 1800 1829 liceret,

1022 1837 1163 1864 studerent
1174 1838 1278 1864 solvere
1291 1839 1370 1865 istam
1384 1844 1478 1866 contra
1486 1844 1608 1867 sanctum
1622 1842 1799 1869 Athanasium

1022 1885 1221 1911 accusationem
1243 1886 1275 1912 de
1289 1885 1431 1914 veneﬁcio.
1455 1886 1544 1914 Manet
1570 1887 1651 1921 igitur
1666 1889 1701 1915 ibi
1717 1890 1800 1917 Arse-

1023 1930 1092 1961 uius,
1109 1930 1153 1965 qui
1168 1939 1220 1956 uno
1236 1931 1278 1957 die.
1295 1936 1450 1959 accesSerat
1467 1937 1610 1967 antequam
1633 1941 1715 1962 causa
1727 1935 1802 1963 dice-

1023 1982 1107 2003 retur.
1126 1977 1281 2011 Iusequeuli
1300 1979 1381 2013 igitur
1397 1979 1450 2010 die,
1469 1980 1593 2007 sedentes
1614 1989 1662 2015 pro
1675 1982 1800 2010 tribunali

1019 2021 1134 2054 judiees,
1149 2022 1244 2056 jubent
1269 2023 1362 2050 adduci
1385 2031 1557 2052 accusatores
1569 2030 1596 2052 et
1613 2027 1802 2055 Albanasiulu.

1022 2067 1139 2094 Primam
1172 2069 1253 2103 igitur
1270 2071 1468 2098 accusationem
1494 2072 1527 2098 de
1553 2072 1685 2100 adulterio
1712 2073 1803 2101 inten-

1024 2119 1092 2145 tant,
1124 2114 1238 2141 adducta
1263 2116 1417 2149 impudente
1437 2117 1562 2148 muliere,
1595 2125 1654 2152 qua:
1680 2120 1804 2153 apprime

1022 2159 1138 2187 callebat
1156 2162 1336 2187 calumniandi
1352 2163 1469 2188 modum.
1486 2162 1558 2189 Dixit
1575 2163 1631 2195 illa,
1646 2171 1706 2190 cum
1722 2167 1803 2198 pieta-

987 2223 1007 2249 Β
1023 2206 1057 2232 lis
1071 2214 1152 2233 causa
1169 2207 1345 2233 Athanasium
1360 2208 1430 2233 domi
1445 2208 1621 2241 suscepisset,
1635 2209 1668 2236 ab
1681 2209 1738 2243 ipso
1752 2218 1801 2237 no-

1021 2256 1065 2277 ctu
1082 2252 1201 2278 irruente
1224 2252 1317 2278 vitiuut
1344 2253 1392 2279 sibi
1413 2253 1532 2279 oblatum
1553 2252 1645 2280 fuisse.
1671 2254 1803 2289 Deinceps

1017 2296 1114 2330 jubent
1141 2297 1274 2324 introduci
1294 2297 1480 2329 Athanasium,
1501 2299 1546 2332 qui
1574 2302 1629 2325 tum
1663 2299 1754 2327 stabat
1767 2302 1800 2327 ad

1020 2341 1101 2369 limen
1116 2349 1206 2370 secum
1223 2343 1324 2370 habens
1339 2343 1511 2372 Timotheum
1535 2345 1738 2381 presbyterum,
1753 2348 1801 2381 qui

1022 2396 1074 2415 una
1090 2389 1228 2423 ingressus
1244 2397 1304 2417 cum
1319 2397 1411 2419 sancto
1425 2392 1584 2424 Athanasio,
1595 2393 1681 2420 dicit:
1694 2394 1753 2419 Aio‘
1773 2398 1800 2420 tu

1023 2434 1127 2465 mulier.
1148 2443 1233 2470 egone
1247 2439 1316 2471 apud
1334 2443 1357 2464 te
1371 2439 1480 2465 mansi?
1496 2439 1572 2466 Tune
1593 2446 1636 2465 me
1654 2439 1724 2465 domi
1743 2447 1803 2465 sus-

1020 2481 1116 2514 cepisti
1129 2482 1140 2508 ?
1152 2490 1185 2508 an
1202 2488 1227 2509 te
1243 2488 1322 2510 noctu
1340 2484 1448 2515 violavi.
1465 2485 1502 2511 uti
1518 2492 1560 2511 me
1575 2485 1713 2512 accusas?
1733 2485 1801 2511 Tum

1021 2526 1075 2557 illa,
1099 2533 1190 2562 utpote
1214 2529 1311 2555 mulier
1330 2537 1364 2556 ex
1386 2530 1493 2565 publico
1514 2531 1664 2564 prostibula
1687 2530 1800 2565 pecunia

1020 2572 1163 2605 conducta,
1181 2574 1332 2607 petulanter
1344 2582 1475 2603 converso
1492 2576 1614 2609 vultu,et
1632 2576 1729 2604 labello
1744 2576 1803 2603 vel-

1021 2618 1058 2644 uti
1082 2618 1243 2646 lenocinium
1267 2625 1392 2652 extenso,
1413 2621 1445 2648 ad
1464 2622 1634 2650 Timotheum
1650 2622 1800 2650 clamavit:

1022 2661 1060 2687 Tu
1075 2670 1103 2689 es
1117 2664 1161 2697 qui
1178 2665 1241 2691 mihi
1257 2666 1309 2692 vim
1325 2671 1406 2699 atque
1422 2667 1516 2694 vitium
1529 2668 1668 2695 obtulisti:
1689 2672 1718 2695 tu
1744 2669 1803 2704 ipse

1020 2715 1049 2734 es
1076 2709 1120 2741 qui
1148 2714 1227 2736 noctu
1255 2718 1297 2736 me
1323 2711 1428 2738 violasti
1457 2713 1578 2744 invitam,
1606 2718 1631 2740 et
1646 2715 1801 2741 castitatem

1020 2753 1129 2781 foedasti
1154 2762 1251 2781 meam.
1276 2755 1345 2783 Hinc
1371 2757 1404 2784 ad
1427 2758 1530 2790 judiees
1559 2766 1620 2786 cum
1646 2760 1802 2794 iuramento

1022 2799 1139 2826 clamat:
1165 2800 1212 2827 Hie
1237 2806 1279 2828 est
1298 2808 1442 2837 corruptor
1472 2812 1567 2838 meus;
1591 2806 1646 2838 hic.
1666 2813 1720 2833 non
1734 2807 1805 2833 alios

1021 2850 1071 2878 est,
1087 2847 1132 2881 qui
1146 2848 1196 2874 mei
1215 2849 1421 2883 corrumpendae
1433 2859 1512 2878 causa
1530 2854 1562 2879 ad
1584 2859 1627 2879 me
1647 2853 1732 2881 venit.
1752 2852 1805 2882 Co-

985 1544 1005 1572 C
