2027 3042
243 126 351 147 CCXXIII

914 116 1185 146 PROLEGOMENA.

243 176 320 211 guita
336 175 450 204 furlosc'
459 176 580 204 mulieris
595 176 712 209 insania,
722 174 828 211 judices
839 183 900 204 cum
912 177 1018 204 satelliti

1081 177 1201 213 χελύνιον
1220 176 1437 213 μαστροπορνείᾳ
1453 175 1630 208 ἀνατείνασα,
1648 175 1779 212 ἀνεϐόησε
1801 177 1869 212 πρὸς

243 223 294 250 bus
310 221 410 256 ridere,
429 226 511 257 alque
526 221 621 249 mirari
634 221 722 249 sancti
749 222 891 250 Athanasii
909 223 1028 257 pruden-

244 268 322 300 tiam,
347 268 392 302 qui
421 267 464 295 vel
484 267 578 300 silens,
603 267 805 296 accusationem
824 267 896 294 illam
909 275 969 296 esse
982 275 1029 296 ca-

243 314 373 342 lumniam
395 315 598 349 comprobarat,
622 313 743 342 confusis
765 313 931 341 adversariis
958 315 1025 341 suis.

242 359 337 387 Scenat
363 359 434 386 haud
459 359 593 387 dissimile
615 358 753 394 negotium
767 358 839 386 fuit:
862 367 924 386 nam
939 359 965 386 in
981 359 1027 386 Ti-

242 404 349 431 motheo
385 404 563 438 Athanasius,
595 409 684 432 actum
721 395 938 432 adversariorum
965 404 1026 432 dolo

240 450 346 482 plenum
361 457 421 478 esse
436 451 612 478 monstravit.
628 451 794 479 Athanasius
810 452 955 479 accusatus
970 456 1024 484 est,

240 490 397 523 Timotheus
412 496 584 524 insimulatus
598 504 663 525 sese
673 497 804 530 defendit,
817 501 898 533 atque
911 497 947 525 ita
964 498 1024 534 cly-

239 548 304 576 peos
322 548 386 568 suos
408 541 561 568 amiserunt
588 542 752 569 adversarii.
772 541 836 569 Fuit
862 543 936 570 enim
958 542 1025 576 ipsis

241 587 451 622 mulier,quam
472 587 555 614 multa
575 588 700 616 mercede
726 589 925 622 conduxerant,
941 589 1024 616 telum

237 633 430 667 perniciosum,
455 632 614 660 conflictum
646 641 700 661 non
725 635 876 667 sustinens,
896 635 950 661 into
970 642 1025 670 prae

238 679 391 714 ignorantia
421 684 516 707 contra
544 687 608 707 suos
634 680 780 708 dimicans.
804 680 865 714 Qua
883 681 916 709 de
932 688 1015 708 causa

237 725 319 753 etiam
343 732 440 760 pcenas
466 725 598 761 effugiunt
620 733 634 753 a
656 725 714 762 lege
747 728 922 762 praescriptas
942 736 949 754 :
972 727 1023 763 ipsi

238 779 354 807 namque
370 779 422 799 una
437 772 542 806 judices
554 777 634 799 erant
647 777 673 799 ct
688 777 872 800 accusatores.

1077 223 1122 250 τὸν
1135 223 1278 259 Τιμόθεον·
1299 223 1336 249 Σὺ
1350 220 1376 249 εἶ
1390 223 1404 248 ὁ
1417 222 1467 258 τὴν
1484 221 1544 257 βίαν
1559 231 1604 258 μοι
1619 222 1688 258 πρὸς
1698 222 1747 258 τὴν
1765 222 1869 258 φθορὰν

1077 269 1262 305 ἐργασάμενος
1274 267 1312 304 (α)
1324 275 1330 283 ⁸
1344 268 1375 294 σὺ
1393 265 1419 294 εἴ
1433 268 1447 293 ὁ
1464 268 1572 303 νύκτωρ
1588 267 1708 294 ἄκουσάν
1725 276 1759 303 με
1776 267 1870 303 βιασά-

1077 323 1166 350 μενος,
1191 314 1239 341 καὶ
1261 314 1311 349 τὴν
1334 313 1445 348 ἁγνείαν
1462 322 1512 348 μου
1531 313 1692 348 κηλιδώσας.
1718 315 1773 341 Καὶ
1800 315 1869 350 πρὸς

1075 363 1138 394 τοὺς
1152 362 1248 398 κριτὰς
1263 361 1407 396 ἐνωμότως
1422 361 1584 396 ἀνέκραγεν,
1600 361 1641 388 ὅτι
1652 358 1728 393 οὗτός
1744 361 1802 388 ἐστί
1816 370 1867 397 μου

1074 409 1088 435 ὁ
1100 408 1215 444 φθορεὺς
1227 417 1232 422 ·
1243 403 1319 440 οὗτος
1330 407 1368 438 δὲ,
1381 407 1431 433 οὐκ
1447 407 1537 438 ἄλλος,
1555 407 1570 432 ὁ
1589 406 1638 442 τὴν
1653 406 1746 442 ἕφοδόν
1765 415 1810 443 μοι
1822 408 1868 433 ἐπὶ

1075 456 1107 490 τῇ
1125 454 1213 490 φθορᾷ
1228 453 1456 490 διαπραξάμενος.
1472 453 1527 479 Ka‘t
1542 452 1699 487 ἐπιγνόντες
1711 453 1759 488 τὴν
1771 462 1868 489 παροι-

1074 500 1134 527 νίαν
1159 501 1209 535 τῆς
1236 498 1365 534 μαινάδος
1385 499 1409 525 σί
1437 498 1528 534 κριταὶ
1555 498 1604 524 σὺν
1626 499 1682 529 τοῖς
1708 497 1868 534 δορυφόροις

1073 547 1208 583 ὲμειδίων,
1225 546 1271 573 καὶ
1285 545 1316 572 τὸ
1328 545 1456 581 φρόνημα
1467 543 1619 579 ἐθαύμαζον
1633 544 1681 571 τοῦ
1696 545 1774 579 ἁγίου
1792 544 1869 571 Ἀθα-

1074 592 1178 623 νασίου,
1199 591 1240 617 ὃτι
1265 589 1374 617 σιωπῶν
1390 590 1421 616 τὸ
1443 589 1568 625 ἔγκλημα
1593 590 1775 624 συκοφαντίαν
1797 587 1866 617 εἶναι

1074 637 1208 670 ἀπέδειξε,
1234 635 1401 672 περιτρέψας
1427 635 1490 666 τοὺς
1511 635 1657 667 ἐναντίους.
1684 636 1789 671 Σκηνῆς
1812 636 1867 671 γὰρ

1072 681 1148 709 οὐδὲν
1161 681 1268 717 διέφερε
1285 681 1315 707 τὸ
1333 680 1454 714 γεγονὸς,
1466 680 1507 706 ὅτι
1519 680 1548 706 ὲν
1566 679 1690 715 Τιμοθέῳ
1708 675 1866 713 Ἀθανάσιος

1071 726 1103 754 τὸ
1109 726 1123 753 δ
1126 727 1160 762 pi
1163 735 1201 762 μα
1208 725 1263 752 τῶν
1274 726 1337 752 πολε
1342 726 1411 761 μίων
1418 725 1541 762 διήλεγξε
1551 725 1626 752 δόλου
1639 726 1728 762 πεπλη
1733 722 1864 762 ρωμένον.

1078 772 1234 804 Ἀθανάσιος
1256 771 1442 808 κατηγορήθη,
1472 771 1521 798 καὶ
1549 772 1679 806 Τιμόθεος
1706 773 1865 799 ἐπεκαλεῖτο

1072 818 1300 854 ἀπολογούμενος,
1326 819 1372 844 καὶ
1400 817 1564 853 ῥιψάσπιδες
1580 818 1724 852 γεγόνασιν
1739 819 1763 845 οἱ
1785 818 1864 845 πολέ-

237 871 304 898 μιοι.
317 862 415 897 Γέγονε
426 863 481 899 γὰρ
494 864 586 896 αὐτοῖς
598 865 614 899 ἡ
626 863 705 900 γυνὴ,
721 865 754 900 ἢν
764 865 862 892 πολλοῦ
877 865 1026 900 κεφαλαίου
1044 865 1258 902 ὲξηγοράσαντο,
1281 866 1363 892 ὁπλον
1382 865 1556 901 σαθρότατον,
1573 866 1622 892 οὐκ
1654 866 1766 901 ἀντέχον
1796 867 1866 902 πρὸς

235 910 370 942 ἔνστασιν,
389 909 442 935 ὑπὸ
473 909 586 944 ἀγνοίας
606 910 634 936 δὲ
667 911 722 942 τοῖς
738 911 815 943 ίδίοις
847 911 1154 949 ἀντιστρατευσάμενον.
1178 912 1228 938 Διά
1249 921 1290 938 τοι
1318 911 1396 938 τοῦτο
1414 912 1461 938 καὶ
1481 912 1679 951 φεύγουσιιτὴν
1700 914 1732 939 ὲκ
1747 913 1801 940 τῶν
1821 913 1865 940 νό-

237 963 294 991 μων
318 954 473 990 ἀπόφασιν·
499 955 576 981 αὐτοὶ
599 955 654 991 γὰρ
670 953 739 991 ἦσαν
762 957 787 983 ot
809 958 901 992 κριταὶ
925 958 972 984 καὶ
997 958 1022 984 οἱ
1040 958 1198 994 κατήγοροι.

271 1001 301 1040 8ἱ
314 1000 495 1034 Quamobrem
509 1008 652 1036 suppressa
664 1002 786 1030 mulieris
800 1004 983 1036 accusatione,
996 1011 1018 1031 at

1115 1004 1142 1031 8.
1157 1004 1205 1030 Διά
1220 1003 1308 1035 τοῦτο,
1324 1005 1353 1031 τὸ
1364 1005 1412 1040 τῆς
1424 1005 1553 1039 γυναικὸς
1565 1005 1752 1037 συστείλαντες
1766 1004 1864 1042 ἐγκληι

235 1042 358 1074 veneﬁcii
374 1046 477 1074 crimen
495 1048 646 1074 concedunt
662 1056 669 1074 :
686 1052 714 1075 et
732 1055 794 1076 cum
809 1055 838 1076 se
852 1053 1022 1084 putarentex

235 1093 352 1120 secundo
379 1093 493 1120 crimine
518 1093 602 1127 priori
618 1094 761 1122 calumniae
776 1095 862 1129 ﬁdem
893 1094 1022 1127 facturos,

235 1138 285 1172 ipsi
299 1138 466 1173 sese'potius
477 1139 634 1174 illaqueant,
659 1141 730 1175 capti
747 1147 794 1167 sua
808 1140 957 1175 impietate.
970 1140 1023 1168 lla-

231 1191 409 1219 que-manum
423 1184 574 1219 proferunt,
588 1185 773 1213 detestandam
787 1192 844 1212 rem
861 1186 1022 1220 magistrati-

235 1231 286 1257 bus
309 1230 495 1262 ostendentes,
516 1231 647 1266 aluntque
670 1239 677 1258 :
692 1230 874 1265 Virijudices,
886 1238 950 1259 ecce
964 1232 1023 1259 bra-

234 1276 334 1308 chium,
352 1275 425 1311 quod
439 1276 594 1304 artificiosis
606 1277 696 1305 verbis
710 1284 764 1304 non
775 1277 845 1305 valet
856 1277 1022 1304 Athanasius

234 1321 378 1349 declinare.
391 1320 448 1356 Ipsa
462 1326 487 1349 te
502 1329 582 1350 manu
596 1322 700 1351 silendo
713 1326 832 1355 accusat,
846 1329 862 1350 ο
878 1322 1021 1355 Athanasi,

233 1375 313 1402 quam
328 1367 442 1395 Arsenio
459 1367 609 1395 abscidisti.
625 1368 663 1395 De
678 1375 731 1403 qua
746 1367 928 1395 defensionem
943 1375 1021 1403 pares

232 1418 347 1449 oportet,
363 1413 389 1440 in
409 1421 490 1448 quem
503 1413 575 1440 illam
589 1421 667 1441 usum
683 1413 841 1448 amputaris.
858 1413 925 1440 Tum
937 1413 1022 1440 Atha—

233 1460 324 1487 nasius
339 1460 372 1487 ad
390 1459 449 1487 illos
462 1469 469 1487 :
483 1459 549 1493 Quis
568 1467 601 1487 ex
616 1459 693 1487 vobis
707 1460 781 1487 novit
793 1459 953 1487 Arseniuml
967 1459 1021 1487 Aut

223 1506 293 1541 liquis
309 1505 380 1533 hanc
404 1505 462 1539 ejus
477 1513 538 1533 esse
555 1505 692 1533 dexteram
713 1505 851 1541 agnoscit?
863 1505 896 1533 Et
912 1513 1021 1540 surgen-

233 1557 273 1579 tes
288 1551 398 1586 quidam
416 1559 476 1579 cum
501 1551 717 1584 accusatoribus,
733 1558 762 1578 se
777 1551 923 1578 Arseninm
937 1552 1022 1586 probe

231 1604 312 1625 nosse
325 1597 459 1625 dicebant.
478 1596 546 1623 Tum
559 1596 724 1625 Athanasius
741 1596 775 1623 ad
787 1596 914 1632 judices:
934 1595 1022 1630 Quan-

230 1643 385 1678 doquidem,
396 1644 446 1675 ait,
459 1650 488 1670 se
500 1642 643 1670 Arseniutn
655 1649 736 1670 nosse
746 1642 866 1670 confessi
883 1647 957 1675 sunt,
976 1649 1020 1669 ro-

1076 1058 1124 1085 μα,
1143 1050 1189 1076 ἐπὶ
1202 1049 1233 1076 τὸ
1249 1049 1298 1085 τῆς
1315 1050 1442 1086 γοητείας
1459 1050 1590 1086 χωροῦσι·
1614 1050 1660 1077 καὶ
1676 1050 1817 1082 δοκοῦντες
1832 1052 1864 1078 ὲκ

1073 1095 1120 1122 τοῦ
1132 1088 1258 1131 δευτέρου
1270 1095 1299 1122 τὺ
1315 1095 1422 1132 πρῶτον
1435 1096 1597 1128 διαϐάλλειν,
1615 1096 1714 1132 μᾶλλον
1730 1096 1863 1123 ἐνειλοῦν-

1072 1150 1116 1168 rat
1137 1141 1309 1177 ἁλισκόμενοι
1327 1143 1360 1177 τῇ
1387 1141 1509 1178 ἀσεὸείᾳ.
1536 1142 1705 1178 Προσάγουσι
1725 1142 1790 1176 γοῦν
1812 1142 1863 1177 τὴν

1071 1187 1161 1222 χεῖρα,
1180 1185 1264 1221 μῦσος
1281 1186 1441 1213 ἀνύποιστον
1459 1187 1600 1221 κοσμικοῖς
1617 1186 1745 1222 ἄρχουσιν
1763 1184 1862 1211 ἐπιδει-

1071 1233 1209 1268 κνύμενοι,
1226 1232 1273 1259 καί
1289 1240 1385 1267 φασιν·
1409 1232 1520 1268 Ἄνδρες
1539 1231 1675 1264 δικασταὶ,
1696 1232 1751 1258 ἰδοὺ
1767 1231 1781 1257 ὁ
1796 1231 1862 1266 βρα-
1903 1265 1911 1272 ,

1071 1279 1148 1315 χίων,
1163 1278 1192 1305 ὃν
1210 1278 1342 1313 ὲντέχνοις
1360 1277 1448 1313 λόγοις
1460 1278 1490 1305 οὺ
1504 1278 1615 1305 δύναται
1629 1276 1861 1313 παραγράψασθαι

1070 1326 1085 1352 ό
1101 1323 1267 1355 ’Δθανάσιος.
1285 1324 1357 1359 non,
1373 1332 1429 1357 σου,
1448 1324 1540 1358 φασὶν,
1557 1324 1573 1359 ὴ
1596 1324 1656 1358 χεὶρ
1674 1323 1777 1357 σιγῶσα
1794 1331 1860 1349 κατ-

1071 1372 1179 1407 ηγορετ,
1209 1367 1231 1397 ὥ
1263 1370 1420 1401 Ἀθανάσιε,
1459 1370 1492 1405 ἣν
1523 1370 1652 1405 Ἀρσενίῳ
1684 1369 1859 1405 περιέκαψας.

1071 1416 1139 1452 Περὶ
1153 1413 1187 1451 ἧς
1205 1415 1323 1450 ὀφείλεις
1337 1414 1567 1450 ἀπολογήσασθαι,
1585 1416 1625 1447 εὶς
1637 1414 1698 1442 τινα
1712 1423 1753 1441 σοι
1766 1414 1860 1450 χρείαν

1070 1462 1213 1498 τέτμηται.
1241 1461 1270 1488 '0
1285 1460 1313 1487 δὲ
1329 1460 1487 1492 Ἀθανάσιος
1509 1460 1577 1496 πρὸς
1601 1460 1716 1492 αὐτούς’
1736 1460 1785 1491 Τίς
1805 1459 1861 1494 γάρ

1071 1508 1144 1534 ἐστιν
1158 1506 1187 1539 ἐξ
1200 1506 1287 1542 ὑμῶν,
1302 1507 1394 1542 φησὶν,
1415 1507 1429 1532 ὁ
1444 1505 1631 1541 ἐπιγινώσκων
1654 1505 1807 1542 Ἀρσένιον;
1823 1505 1860 1532 Ἥ

1071 1553 1112 1585 τίς
1129 1553 1202 1579 ἐστιν
1220 1553 1235 1578 ό
1246 1551 1347 1586 ταύτην
1365 1551 1447 1578 αὑτοῦ
1464 1551 1513 1587 τὴν
1531 1550 1620 1583 δεξιὰν
1634 1550 1788 1586 γνωρίζων;
1803 1550 1860 1577 Καὶ

1071 1598 1234 1629 ἀναστάντες
1246 1597 1318 1628 τινες
1327 1597 1375 1623 σὺν
1394 1597 1449 1629 τοῖς
1463 1596 1637 1631 κατηγόροις,
1655 1595 1748 1629 σαφῶς
1760 1594 1858 1622 εἰδέναι

1071 1644 1115 1670 τὸν
1130 1643 1266 1679 Ἀρσένιον
1286 1642 1387 1676 ἔλεγον.
1420 1643 1474 1669 Καὶ
1498 1642 1512 1668 ό
1536 1641 1692 1673 Ἀθανάσιος
1709 1641 1777 1676 πρὸς
1795 1640 1859 1671 τοὺς

230 1696 264 1724 go
276 1689 372 1717 adduci
387 1689 531 1717 Arsenium
550 1698 558 1717 :
578 1689 655 1716 adest
671 1696 796 1724 namque.
826 1689 958 1717 Utautem
972 1689 1018 1716 ad—

1070 1690 1166 1726 κριτάς
1175 1697 1182 1705 ·
1202 1689 1321 1724 Ἐπειδὴ,
1336 1689 1427 1724 φησιν,
1439 1688 1617 1723 ὡμολόγησαν
1628 1687 1727 1715 εἰδέναι
1738 1687 1785 1714 τὸν
1799 1687 1858 1723 ’Δρ-

224 1738 327 1764 ductus
343 1741 386 1764 est
411 1736 554 1768 Arsenius,
580 1735 751 1763 adversarios
774 1735 897 1763 obtuitus
921 1735 1019 1763 beatus

230 1781 407 1815 Athanasius,
419 1782 457 1808 ait
477 1780 682 1808 accusatoribus
697 1788 729 1808 ac
746 1781 883 1815 iudicibus
898 1789 904 1808 :
921 1781 1018 1808 Annon

228 1827 274 1856 hic
284 1833 326 1856 est
335 1827 479 1859 Arsenius,
495 1826 528 1854 de
539 1825 672 1860 quo_milti
683 1827 788 1854 crimen
800 1825 915 1854 oll‘ertur
923 1826 936 1853 ?
948 1826 1018 1854 Ecce

228 1874 307 1901 adest
317 1873 448 1900 Arsenius
461 1873 587 1901 omnibus
597 1872 790 1900 Alexandrinis
805 1876 894 1899 notus.
913 1871 946 1899 Et
958 1879 1018 1906 per-

231 1924 317 1947 tracto
342 1919 388 1946 illo
416 1923 479 1946 ante
507 1918 635 1953 tribunal,
663 1917 801 1946 dexteram
831 1918 889 1953 ejus
908 1924 1016 1944 manuni

229 1965 317 2000 primo
327 1965 416 1999 erigit,
429 1972 460 1991 ac
474 1964 572 1999 iubens
588 1971 694 1992 rursum
706 1968 736 1992 ut
750 1971 857 1992 sursum
872 1963 951 1990 aliam
963 1963 1017 1990 ele-

228 2013 303 2037 varet
316 2010 350 2036 ad
367 2016 524 2036 consessum
534 2008 699 2036 exclamavit
712 2018 719 2035 :
734 2008 806 2036 Ecce
827 2008 983 2042 Arsenium,
999 2015 1016 2035 ο

228 2055 311 2088 cives,
328 2062 391 2082 ecce
414 2053 531 2081 hominis
553 2061 660 2088 manus,
687 2062 703 2082 ο
729 2053 866 2081 mirabiles
891 2052 1013 2085 judices!

227 2102 304 2137 Rogo
316 2101 498 2135 perquiratur,
516 2100 593 2134 cujus
607 2100 643 2128 sit
657 2107 754 2127 manus
768 2099 812 2126 illa
823 2106 903 2133 quam
922 2103 1016 2126 tenent

227 2147 386 2179 adversarii,
411 2151 438 2173 et
454 2146 525 2174 unde
539 2146 611 2174 illam
631 2147 809 2174 resecuerint.
828 2145 897 2174 Tum
913 2153 966 2173 nox
988 2152 1016 2174 et

226 2191 313 2227 caligo
328 2199 421 2219 eorum
446 2190 533 2218 oculis
547 2190 632 2218 oll‘usa
645 2195 697 2224 est,
712 2198 764 2218 non
784 2191 864 2219 modo
875 2190 910 2218 ob
923 2191 1009 2218 sancti

225 2237 366 2265 Athanasii
386 2238 588 2273 purgationem;
619 2238 665 2265 sed
680 2236 754 2272 quod
765 2237 821 2264 suis
835 2237 887 2272 ipsi
901 2243 1014 2264 accusa-

226 2283 343 2311 tionibus
356 2283 480 2316 venellci,
490 2288 528 2316 et,
538 2283 608 2319 quod
621 2290 704 2319 grave
715 2284 787 2311 dictu
798 2287 849 2315 est,
861 2282 1012 2318 sycophan-

225 2335 258 2357 ta:
269 2329 428 2364 deprehensi
441 2334 541 2358 essent.
560 2330 588 2357 In
609 2330 683 2357 illum
702 2337 768 2357 sane
782 2334 883 2357 emtum
898 2329 1013 2364 quadrat

1071 1734 1169 1767 σένιον,
1193 1733 1261 1766 ἀξιῶ
1277 1733 1437 1768 εἰσαχθῆναι
1454 1733 1499 1759 τὸν
1518 1732 1656 1769 Ἀρσένιον
1671 1732 1724 1767 ('b)'
1742 1732 1859 1769 πάρεστι

1070 1781 1133 1817 γάρ.
1152 1780 1196 1812 Ὦς
1209 1780 1237 1806 δὲ
1251 1779 1364 1816 εἰσήχθη
1384 1781 1398 1806 ὑ
1416 1779 1552 1815 Ἀρσένιος
1571 1779 1628 1806 ἀνω
1644 1779 1785 1814 προσέχων
1802 1780 1859 1810 τοῖς

1070 1826 1212 1858 ἐναντίοις,
1236 1823 1296 1852 εἷπε
1322 1827 1379 1857 τοῖς
1402 1826 1509 1861 κριταῖς
1523 1825 1642 1857 καὶτοῖς
1661 1824 1825 1861 κατηγόροις
1843 1826 1860 1850 ὁ

1070 1871 1205 1908 μακάριος
1226 1870 1384 1902 Ἀθανάσιος
1398 1878 1404 1885 ·
1423 1869 1482 1906 Οΰχ
1495 1868 1572 1902 οὗτός
1585 1871 1659 1896 ἐστιν
1669 1870 1683 1896 ὁ
1702 1871 1856 1906 ’Δρσένιοςς

1067 1918 1099 1943 οὐ
1119 1918 1183 1953 περὶ
1196 1916 1291 1943 τούτου
1307 1925 1351 1951 μοι
1364 1915 1509 1950 ὲνάγεται;
1530 1916 1595 1943 Ἰδοὺ
1615 1915 1746 1951 πάρεστιν
1762 1917 1776 1942 ό
1797 1915 1859 1950 ’Δρ-

1069 1963 1165 1996 σένιος,
1185 1963 1200 1989 ό
1214 1963 1260 1990 καὶ
1276 1963 1343 1989 πᾶσι
1360 1961 1497 1997 γνώριμος
1507 1963 1564 1994 τοῖς
1577 1961 1648 1988 κατά
1664 1961 1714 1997 τὴν
1733 1959 1859 1994 ’Δλεξάνα

1067 2010 1168 2046 δρειαν.
1188 2010 1244 2036 Kal.
1263 2008 1486 2043 ἐπισπασάμενος
1500 2008 1580 2035 αὑτὸν
1595 2008 1647 2044 πρὸ
1659 2008 1706 2035 τοῦ
1723 2007 1856 2044 βήματος,

1067 2054 1206 2090 ὑπεγείρει
1221 2053 1333 2090 πρώτην
1345 2053 1394 2089 τὴν
1406 2053 1507 2086 δεξιὰν,
1527 2054 1575 2080 καὶ
1586 2053 1667 2081 πάλιν
1679 2053 1726 2080 καὶ
1743 2053 1793 2089 τὴν
1810 2053 1858 2081 ἆλ-

1066 2100 1114 2135 λην
1129 2101 1264 2127 ἀνατεῖναι
1276 2101 1316 2131 εἰς
1331 2099 1397 2134 ὕψος
1411 2099 1558 2132 κελεύσας,
1583 2099 1648 2126 ἐϐόα
1666 2099 1713 2126 ἐπὶ
1732 2099 1780 2126 τοῦ
1795 2107 1858 2125 συν.

1065 2147 1154 2183 εδρίου
1165 2156 1173 2163 ·
1196 2147 1260 2175 Ἰδοὺ
1280 2147 1432 2183 Ἀρσένιος,
1450 2144 1473 2174 ὦ
1489 2146 1584 2182 ἄνδρες
1595 2145 1714 2177 πολίται,
1736 2145 1790 2172 ἰδοὺ
1807 2145 1857 2172 καὶ

1064 2193 1112 2221 τοῦ
1137 2194 1281 2230 ἀνθρώπου
1305 2195 1332 2221 al
1358 2195 1457 2229 χεῖρες.
1487 2192 1522 2220 Ὦ
1550 2193 1695 2228 θαυμάσιοι
1718 2192 1854 2225 δικασταὶ,

1064 2239 1132 2273 ἀξιῶ
1148 2238 1329 2274 διερευνῆσαι,
1351 2239 1422 2270 τίνος
1441 2238 1515 2265 ἐστὶν
1530 2239 1546 2273 ὴ
1568 2238 1637 2274 χεὶρ,
1655 2237 1688 2272 ἢν
1710 2237 1818 2272 ἔχουσιν
1829 2238 1855 2263 οἱ

1064 2283 1204 2316 ἀντίδικοι,
1216 2283 1264 2310 καὶ
1277 2283 1358 2310 πόθεν
1373 2283 1459 2318 αὐτὴν
1471 2283 1602 2317 κόψαντες
1613 2283 1707 2317 ἥκασι.
1728 2282 1795 2308 Τότε
1805 2282 1856 2314 νὺξ

1064 2330 1155 2362 αὐτοῖς
1168 2331 1215 2356 καί⁵
1228 2328 1322 2361 σκότος
1332 2330 1361 2356 ὲν
1368 2330 1402 2365 τῇ
1418 2328 1477 2363 ὕψει
1493 2327 1653 2364 περιεχύθη,
1670 2328 1701 2354 οὺ
1716 2327 1795 2363 μόνον
1808 2327 1854 2354 διὰ

224 2375 289 2403 illud
303 2376 377 2411 quod
389 2376 489 2404 dicitur
505 2386 512 2404 :
528 2376 629 2404 Lacum
645 2376 746 2411 aperuit
763 2381 787 2404 et
800 2375 891 2410 effodit
905 2383 974 2409 eum,
986 2381 1010 2403 at

1069 2375 1111 2412 τὴν
1121 2375 1264 2410 ἀποφυγὴν
1279 2374 1325 2401 τοῦ
1338 2374 1416 2408 ἁγίου
1439 2373 1610 2405 Ἀθανασίου,
1627 2373 1683 2400 ἀλλ’
1696 2373 1738 2399 ὅτι
1754 2372 1784 2399 ἐν
1795 2373 1855 2404 ταῖς

223 2421 319 2449 incidet
330 2423 357 2449 in
370 2421 472 2457 foveam
484 2431 563 2457 quam
573 2422 634 2458 fecit
652 2423 671 2449 ί.
692 2422 746 2450 Sed
763 2422 891 2457 quoniam
905 2421 1010 2456 judices

223 2467 284 2494 ideo
299 2473 494 2502 convenerant,
511 2476 564 2496 non
580 2473 609 2496 ut
623 2469 656 2497 de
669 2468 730 2503 jure
744 2473 771 2496 et
783 2467 889 2502 justitia
903 2467 1009 2502 disqui-

222 2514 381 2546 rereut,sed
396 2518 426 2541 ut
438 2514 616 2542 Athanasium
632 2514 853 2546 condemnarent,
869 2520 1008 2548 compres-

222 2567 253 2587 sa
269 2559 357 2594 legum
372 2561 543 2593 auctoritate,
559 2565 587 2588 et
597 2560 739 2596 potestatis
754 2559 827 2587 ascia
842 2568 849 2587 :
868 2558 1008 2593 quampri-

223 2613 296 2633 mum
309 2605 391 2640 igitur
410 2606 573 2634 satellitibus
599 2607 716 2634 tribunal
737 2606 913 2640 reliquerunt,
929 2603 1010 2632 silen-

223 2651 260 2678 tio
272 2651 413 2679 studentes
430 2653 572 2679 veritatem
587 2651 754 2684 oblitterare,
769 2659 804 2678 ne
817 2651 1007 2686 imperatorem

221 2695 396 2725 oﬂ'enderent.
413 2697 504 2733 Itaque
522 2697 615 2725 videre
639 2702 699 2725 erat
721 2696 924 2724 discedentibus
937 2695 1008 2729 judi«

222 2743 297 2770 cibus
325 2743 499 2776 seditionetn,
531 2743 750 2770 adversariorum
768 2746 862 2770 contra
884 2744 1008 2769 sanctum

257 2800 265 2816 ⁸
283 2800 356 2828 Psal.
370 2808 416 2832 vn,
435 2800 478 2827 16.

256 2847 294 2882 (ιι)
310 2845 372 2873 Haec
385 2845 505 2874 clausula
518 2844 594 2872 deest
607 2842 634 2870 iu
648 2843 726 2871 Palat

1062 2421 1239 2458 κατηγορίαις
1255 2420 1343 2447 αὐτῶν
1365 2419 1462 2454 γόητες
1476 2419 1686 2451 ἀπεδείκνυντο,
1705 2418 1802 2445 πολλοῦ
1821 2427 1853 2453 γε

1061 2467 1158 2499 εἰπεῖν,
1181 2465 1356 2500 συκοφάνται.
1371 2465 1426 2500 ιΕἰς
1443 2464 1518 2491 τόνδε
1535 2464 1601 2498 γοῦν
1613 2463 1659 2490 τὸν
1671 2463 1750 2500 χορὸν
1770 2463 1855 2497 ἐπλη-

1063 2512 1134 2548 ρώθη
1147 2512 1179 2538 τὸ
1193 2511 1281 2546 λόγιον
1292 2531 1299 2543 ,
1311 2511 1342 2537 τὸ
1359 2511 1462 2545 φάσκον
1472 2519 1478 2526 ·
1492 2510 1612 2538 Λάκκον
1626 2509 1722 2544 ὤρυξε
1738 2509 1789 2537 καί
1806 2509 1855 2536 ἆν-

1061 2559 1189 2592 έσκαψε,
1206 2557 1255 2585 καὶ
1267 2557 1437 2592 ἐμπεσεῖται
1448 2558 1492 2590 εις
1498 2557 1622 2590 βόθρον,
1634 2556 1669 2583 ὃν
1682 2555 1856 2591 ειρτάσατο,

1068 2603 1135 2630 Ἀλλ’
1149 2603 1243 2638 ἐπειδὴ
1267 2602 1396 2638 συνῆλθον
1415 2604 1439 2629 οἱ
1465 2603 1568 2638 κριταὶ,
1585 2602 1615 2629 οὐ
1631 2601 1776 2636 διαγνῶναι
1789 2603 1854 2637 περὶ

1061 2649 1107 2676 τοῦ
1123 2649 1238 2681 δικαίου,
1256 2648 1324 2675 ἀλλὰ
1341 2648 1499 2675 Ἀθανασίου
1525 2647 1782 2683 καταψηφίσασθαι,
1806 2655 1853 2673 σν‹

1063 2695 1216 2727 στείλαντες
1234 2695 1281 2731 τὴν
1295 2694 1435 2722 αὺθεντίαν
1456 2694 1512 2721 τῶν
1526 2693 1626 2729 νόμων,
1652 2693 1700 2720 καὶ
1718 2694 1765 2729 τῆς
1777 2692 1852 2724 ἐξου-

1063 2741 1124 2772 σίας
1135 2740 1180 2767 τδν
1193 2740 1321 2767 πέλεκυνσ
1338 2739 1376 2771 ὡς
1391 2740 1506 2775 τάχιστα
1522 2737 1568 2766 οὖν
1583 2740 1638 2772 soi;
1649 2738 1807 2774 δορυφόροις
1819 2738 1854 2764 τὸ

1090 2843 1127 2878 (ὁ)
1146 2842 1219 2877 Παῖς,
1237 2843 1338 2875 ἀξιῶ...
1358 2843 1508 2878 ’Δρσένιον,
1520 2843 1618 2871 desunt
1631 2843 1658 2871 in
1674 2841 1761 2870 Palat.
