  <div class='ocr_page' id='page_1' title='image "/cluster/home/n/w/nwhite01/storage/ocr_20150623/25/njp.32101010944591/238.png"; bbox 0 0 2027 3042; ppageno 0'>
   <div class='ocr_carea' id='block_1_1' title="bbox 635 167 1330 200">
    <p class='ocr_par' dir='ltr' id='par_1_1' title="bbox 635 167 1330 200">
     <span class='ocr_line' id='line_1_1' title="bbox 635 167 1330 200; baseline 0.006 -4"><span class='ocrx_word' id='word_1_1' title='bbox 635 167 716 196; x_wconf 76' lang='lat' dir='ltr'><strong>VITA</strong></span> <span class='ocrx_word' id='word_1_2' title='bbox 738 168 766 196; x_wconf 92' lang='lat' dir='ltr'><strong>S.</strong></span> <span class='ocrx_word' id='word_1_3' title='bbox 787 168 975 196; x_wconf 80' lang='lat' dir='ltr'><strong>ATHANASH</strong></span> <span class='ocrx_word' id='word_1_4' title='bbox 995 169 1043 197; x_wconf 76' lang='lat' dir='ltr'><strong>EX.</strong></span> <span class='ocrx_word' id='word_1_5' title='bbox 1063 170 1330 200; x_wconf 81' lang='lat' dir='ltr'><strong>METAPHRASTE.</strong></span> 
     </span>
    </p>
   </div>
   <div class='ocr_carea' id='block_1_2' title="bbox 1685 182 1804 204">
    <p class='ocr_par' dir='ltr' id='par_1_2' title="bbox 1685 182 1804 204">
     <span class='ocr_line' id='line_1_2' title="bbox 1685 182 1804 204; baseline 0.008 -1"><span class='ocrx_word' id='word_1_6' title='bbox 1685 182 1804 204; x_wconf 70' lang='lat' dir='ltr'><strong>CCXXXIII</strong></span> 
     </span>
    </p>
   </div>
   <div class='ocr_carea' id='block_1_3' title="bbox 177 221 964 263">
    <p class='ocr_par' dir='ltr' id='par_1_3' title="bbox 177 221 964 262">
     <span class='ocr_line' id='line_1_3' title="bbox 177 221 964 262; baseline 0.006 -14"><span class='ocrx_word' id='word_1_7' title='bbox 177 221 252 258; x_wconf 66' lang='grc' dir='ltr'>[ῆμα</span> <span class='ocrx_word' id='word_1_8' title='bbox 265 222 428 256; x_wconf 80' lang='grc' dir='ltr'>ἀπέλειπον,</span> <span class='ocrx_word' id='word_1_9' title='bbox 447 225 509 260; x_wconf 82' lang='grc' dir='ltr'>σιγῇ</span> <span class='ocrx_word' id='word_1_10' title='bbox 526 224 576 260; x_wconf 84' lang='grc' dir='ltr'>τὴν</span> <span class='ocrx_word' id='word_1_11' title='bbox 590 225 717 261; x_wconf 82' lang='grc' dir='ltr'>ἀλήθειαν</span> <span class='ocrx_word' id='word_1_12' title='bbox 734 225 897 262; x_wconf 82' lang='grc' dir='ltr'><strong>πειρώμενοι</strong></span> <span class='ocrx_word' id='word_1_13' title='bbox 918 235 964 253; x_wconf 80' lang='grc' dir='ltr'>πε-</span> 
     </span>
    </p>
   </div>
   <div class='ocr_carea' id='block_1_4' title="bbox 1016 221 1804 263">
    <p class='ocr_par' dir='ltr' id='par_1_4' title="bbox 1017 227 1804 263">
     <span class='ocr_line' id='line_1_4' title="bbox 1017 227 1804 263; baseline 0.004 -9"><span class='ocrx_word' id='word_1_14' title='bbox 1017 227 1207 261; x_wconf 87' lang='lat' dir='ltr'><strong>Athanasium,</strong></span> <span class='ocrx_word' id='word_1_15' title='bbox 1225 229 1331 263; x_wconf 82' lang='lat' dir='ltr'><strong>qualem</strong></span> <span class='ocrx_word' id='word_1_16' title='bbox 1353 236 1431 257; x_wconf 88' lang='lat' dir='ltr'><strong>nemo</strong></span> <span class='ocrx_word' id='word_1_17' title='bbox 1451 234 1544 258; x_wconf 76' lang='lat' dir='ltr'><strong>nostro</strong></span> <span class='ocrx_word' id='word_1_18' title='bbox 1556 237 1613 258; x_wconf 67' lang='lat' dir='ltr'><strong>aevo</strong></span> <span class='ocrx_word' id='word_1_19' title='bbox 1631 230 1743 259; x_wconf 83' lang='lat' dir='ltr'><strong>vidisset</strong></span> <span class='ocrx_word' id='word_1_20' title='bbox 1756 239 1804 258; x_wconf 82' lang='lat' dir='ltr'><strong>uu-</strong></span> 
     </span>
    </p>
   </div>
   <div class='ocr_carea' id='block_1_5' title="bbox 177 268 965 308">
    <p class='ocr_par' dir='ltr' id='par_1_5' title="bbox 177 268 965 308">
     <span class='ocr_line' id='line_1_5' title="bbox 177 268 965 308; baseline 0.006 -14"><span class='ocrx_word' id='word_1_21' title='bbox 177 268 320 304; x_wconf 75' lang='grc' dir='ltr'>μγράψαι,</span> <span class='ocrx_word' id='word_1_22' title='bbox 338 269 381 295; x_wconf 80' lang='grc' dir='ltr'><strong>ἴνα</strong></span> <span class='ocrx_word' id='word_1_23' title='bbox 396 269 433 305; x_wconf 80' lang='grc' dir='ltr'>μὴ</span> <span class='ocrx_word' id='word_1_24' title='bbox 449 269 488 306; x_wconf 82' lang='grc' dir='ltr'>τῷ</span> <span class='ocrx_word' id='word_1_25' title='bbox 503 270 647 306; x_wconf 80' lang='grc' dir='ltr'><strong>κρατοῦντι</strong></span> <span class='ocrx_word' id='word_1_26' title='bbox 663 272 897 308; x_wconf 81' lang='grc' dir='ltr'>προσκρούσωσιν.</span> <span class='ocrx_word' id='word_1_27' title='bbox 909 270 965 299; x_wconf 83' lang='grc' dir='ltr'>Ἦν</span> 
     </span>
    </p>
   </div>
   <div class='ocr_carea' id='block_1_6' title="bbox 144 313 965 352">
    <p class='ocr_par' dir='ltr' id='par_1_6' title="bbox 144 313 965 352">
     <span class='ocr_line' id='line_1_6' title="bbox 144 313 965 352; baseline 0.007 -12"><span class='ocrx_word' id='word_1_28' title='bbox 144 331 147 334; x_wconf 61' lang='grc' dir='ltr'><strong>ι</strong></span> <span class='ocrx_word' id='word_1_29' title='bbox 175 313 240 348; x_wconf 82' lang='grc' dir='ltr'>γοῦν</span> <span class='ocrx_word' id='word_1_30' title='bbox 261 314 342 346; x_wconf 74' lang='grc' dir='ltr'>ἰδεῖν,</span> <span class='ocrx_word' id='word_1_31' title='bbox 370 315 606 352; x_wconf 80' lang='grc' dir='ltr'><strong>ὑποχωρησάντων</strong></span> <span class='ocrx_word' id='word_1_32' title='bbox 627 318 681 344; x_wconf 85' lang='grc' dir='ltr'>τῶν</span> <span class='ocrx_word' id='word_1_33' title='bbox 702 318 846 350; x_wconf 79' lang='grc' dir='ltr'><strong>δικαστῶν,</strong></span> <span class='ocrx_word' id='word_1_34' title='bbox 872 319 965 346; x_wconf 81' lang='grc' dir='ltr'><strong>στάσιν</strong></span> 
     </span>
    </p>
   </div>
   <div class='ocr_carea' id='block_1_7' title="bbox 175 360 966 397">
    <p class='ocr_par' dir='ltr' id='par_1_7' title="bbox 175 360 966 397">
     <span class='ocr_line' id='line_1_7' title="bbox 175 360 966 397; baseline 0.006 -10"><span class='ocrx_word' id='word_1_35' title='bbox 175 360 246 388; x_wconf 80' lang='grc' dir='ltr'>κατὰ</span> <span class='ocrx_word' id='word_1_36' title='bbox 259 361 305 388; x_wconf 75' lang='grc' dir='ltr'><strong>τοῦ</strong></span> <span class='ocrx_word' id='word_1_37' title='bbox 319 361 397 395; x_wconf 84' lang='grc' dir='ltr'>ἁγίου</span> <span class='ocrx_word' id='word_1_38' title='bbox 415 362 572 389; x_wconf 81' lang='grc' dir='ltr'>Ἀθανασίου</span> <span class='ocrx_word' id='word_1_39' title='bbox 585 363 638 390; x_wconf 83' lang='grc' dir='ltr'>τῶν</span> <span class='ocrx_word' id='word_1_40' title='bbox 655 365 794 397; x_wconf 73' lang='grc' dir='ltr'>ἐναντίων,</span> <span class='ocrx_word' id='word_1_41' title='bbox 810 365 869 392; x_wconf 77' lang='grc' dir='ltr'>οἵαν</span> <span class='ocrx_word' id='word_1_42' title='bbox 880 365 966 396; x_wconf 79' lang='grc' dir='ltr'>οὐδεὶς</span> 
     </span>
    </p>
   </div>
   <div class='ocr_carea' id='block_1_8' title="bbox 176 406 965 447">
    <p class='ocr_par' dir='ltr' id='par_1_8' title="bbox 176 406 965 447">
     <span class='ocr_line' id='line_1_8' title="bbox 176 406 965 447; baseline 0.006 -14"><span class='ocrx_word' id='word_1_43' title='bbox 176 406 229 433; x_wconf 85' lang='grc' dir='ltr'><strong>τῶν</strong></span> <span class='ocrx_word' id='word_1_44' title='bbox 242 407 302 434; x_wconf 78' lang='grc' dir='ltr'>καθ’</span> <span class='ocrx_word' id='word_1_45' title='bbox 316 408 389 444; x_wconf 81' lang='grc' dir='ltr'>ἡμᾶς</span> <span class='ocrx_word' id='word_1_46' title='bbox 405 408 536 436; x_wconf 78' lang='grc' dir='ltr'>ἐθεάσατό</span> <span class='ocrx_word' id='word_1_47' title='bbox 549 417 623 437; x_wconf 83' lang='grc' dir='ltr'>ποτε.</span> <span class='ocrx_word' id='word_1_48' title='bbox 640 411 672 436; x_wconf 75' lang='grc' dir='ltr'><strong>οι</strong></span> <span class='ocrx_word' id='word_1_49' title='bbox 688 410 737 445; x_wconf 84' lang='grc' dir='ltr'>μὲν</span> <span class='ocrx_word' id='word_1_50' title='bbox 753 411 808 447; x_wconf 80' lang='grc' dir='ltr'><strong>γάρ</strong></span> <span class='ocrx_word' id='word_1_51' title='bbox 827 411 926 446; x_wconf 80' lang='grc' dir='ltr'>λόγοις,</span> <span class='ocrx_word' id='word_1_52' title='bbox 940 413 965 438; x_wconf 80' lang='grc' dir='ltr'>οἱ</span> 
     </span>
    </p>
   </div>
   <div class='ocr_carea' id='block_1_9' title="bbox 175 453 966 493">
    <p class='ocr_par' dir='ltr' id='par_1_9' title="bbox 175 453 966 493">
     <span class='ocr_line' id='line_1_9' title="bbox 175 453 966 493; baseline 0.005 -13"><span class='ocrx_word' id='word_1_53' title='bbox 175 453 204 480; x_wconf 82' lang='grc' dir='ltr'>δὲ</span> <span class='ocrx_word' id='word_1_54' title='bbox 218 455 310 489; x_wconf 76' lang='grc' dir='ltr'>χερσὶν</span> <span class='ocrx_word' id='word_1_55' title='bbox 330 455 412 481; x_wconf 81' lang='grc' dir='ltr'>αὑτὸν</span> <span class='ocrx_word' id='word_1_56' title='bbox 435 455 656 491; x_wconf 79' lang='grc' dir='ltr'>προύπηλάκιζον</span> <span class='ocrx_word' id='word_1_57' title='bbox 667 477 673 488; x_wconf 88' lang='grc'><strong>,</strong></span> <span class='ocrx_word' id='word_1_58' title='bbox 687 456 779 492; x_wconf 87' lang='grc' dir='ltr'>λῆρον,</span> <span class='ocrx_word' id='word_1_59' title='bbox 798 457 883 493; x_wconf 87' lang='grc' dir='ltr'>γόητα</span> <span class='ocrx_word' id='word_1_60' title='bbox 896 458 966 484; x_wconf 86' lang='grc' dir='ltr'>άπο-</span> 
     </span>
    </p>
   </div>
   <div class='ocr_carea' id='block_1_10' title="bbox 176 500 966 542">
    <p class='ocr_par' dir='ltr' id='par_1_10' title="bbox 176 500 966 542">
     <span class='ocr_line' id='line_1_10' title="bbox 176 500 966 542; baseline 0.005 -15"><span class='ocrx_word' id='word_1_61' title='bbox 176 500 331 533; x_wconf 80' lang='grc' dir='ltr'><strong>καλοῦντες,</strong></span> <span class='ocrx_word' id='word_1_62' title='bbox 349 501 395 528; x_wconf 81' lang='grc' dir='ltr'>καὶ</span> <span class='ocrx_word' id='word_1_63' title='bbox 410 501 445 528; x_wconf 80' lang='grc' dir='ltr'><strong>τά</strong></span> <span class='ocrx_word' id='word_1_64' title='bbox 464 502 592 529; x_wconf 81' lang='grc' dir='ltr'>πάνδεινα</span> <span class='ocrx_word' id='word_1_65' title='bbox 606 503 681 542; x_wconf 68' lang='grc' dir='ltr'>κακά</span> <span class='ocrx_word' id='word_1_66' title='bbox 691 502 863 538; x_wconf 82' lang='grc' dir='ltr'>διατιθέμενα</span> <span class='ocrx_word' id='word_1_67' title='bbox 873 511 880 518; x_wconf 92' lang='grc'>·</span> <span class='ocrx_word' id='word_1_68' title='bbox 899 504 966 531; x_wconf 83' lang='grc' dir='ltr'>ἀλλὰ</span> 
     </span>
    </p>
   </div>
   <div class='ocr_carea' id='block_1_11' title="bbox 175 547 966 586">
    <p class='ocr_par' dir='ltr' id='par_1_11' title="bbox 175 547 966 586">
     <span class='ocr_line' id='line_1_11' title="bbox 175 547 966 586; baseline 0.004 -12"><span class='ocrx_word' id='word_1_69' title='bbox 175 547 204 574; x_wconf 85' lang='grc' dir='ltr'>δὲ</span> <span class='ocrx_word' id='word_1_70' title='bbox 218 547 265 574; x_wconf 75' lang='grc' dir='ltr'>καὶ</span> <span class='ocrx_word' id='word_1_71' title='bbox 285 548 413 582; x_wconf 72' lang='grc' dir='ltr'>ἠπείλουν</span> <span class='ocrx_word' id='word_1_72' title='bbox 433 549 464 575; x_wconf 83' lang='grc' dir='ltr'>οὑ</span> <span class='ocrx_word' id='word_1_73' title='bbox 482 548 570 584; x_wconf 85' lang='grc' dir='ltr'>πολλῷ</span> <span class='ocrx_word' id='word_1_74' title='bbox 593 548 706 585; x_wconf 77' lang='grc' dir='ltr'>ὕστερον</span> <span class='ocrx_word' id='word_1_75' title='bbox 721 550 766 577; x_wconf 84' lang='grc' dir='ltr'>τὸν</span> <span class='ocrx_word' id='word_1_76' title='bbox 787 550 869 586; x_wconf 86' lang='grc' dir='ltr'>μόρον</span> <span class='ocrx_word' id='word_1_77' title='bbox 892 550 966 586; x_wconf 76' lang='grc' dir='ltr'>αὐτῷ</span> 
     </span>
    </p>
   </div>
   <div class='ocr_carea' id='block_1_12' title="bbox 176 593 964 632">
    <p class='ocr_par' dir='ltr' id='par_1_12' title="bbox 176 593 964 632">
     <span class='ocr_line' id='line_1_12' title="bbox 176 593 964 632; baseline 0.005 -12"><span class='ocrx_word' id='word_1_78' title='bbox 176 593 326 630; x_wconf 74' lang='grc' dir='ltr'>ἐπαχθῆναι</span> <span class='ocrx_word' id='word_1_79' title='bbox 341 595 409 631; x_wconf 84' lang='grc' dir='ltr'>πρὸς</span> <span class='ocrx_word' id='word_1_80' title='bbox 421 594 468 622; x_wconf 82' lang='grc' dir='ltr'>τοῦ</span> <span class='ocrx_word' id='word_1_81' title='bbox 480 595 660 631; x_wconf 81' lang='grc' dir='ltr'><strong>κρατοῦντος·</strong></span> <span class='ocrx_word' id='word_1_82' title='bbox 676 597 700 623; x_wconf 78' lang='lat' dir='ltr'><strong>oi</strong></span> <span class='ocrx_word' id='word_1_83' title='bbox 709 596 743 623; x_wconf 82' lang='grc' dir='ltr'><strong>-δὲ</strong></span> <span class='ocrx_word' id='word_1_84' title='bbox 759 598 807 623; x_wconf 71' lang='grc' dir='ltr'>καὶ</span> <span class='ocrx_word' id='word_1_85' title='bbox 822 597 964 632; x_wconf 82' lang='grc' dir='ltr'>δολοφονή-</span> 
     </span>
    </p>
   </div>
   <div class='ocr_carea' id='block_1_13' title="bbox 176 641 965 678">
    <p class='ocr_par' dir='ltr' id='par_1_13' title="bbox 176 641 965 678">
     <span class='ocr_line' id='line_1_13' title="bbox 176 641 965 678; baseline 0.004 -11"><span class='ocrx_word' id='word_1_86' title='bbox 176 649 232 667; x_wconf 85' lang='grc' dir='ltr'>σειν</span> <span class='ocrx_word' id='word_1_87' title='bbox 247 641 327 667; x_wconf 80' lang='grc' dir='ltr'>αὐτὸν</span> <span class='ocrx_word' id='word_1_88' title='bbox 344 641 552 676; x_wconf 74' lang='grc' dir='ltr'>ἐπηγγέλλοντο,</span> <span class='ocrx_word' id='word_1_89' title='bbox 566 642 745 678; x_wconf 81' lang='grc' dir='ltr'>καταχέοντες</span> <span class='ocrx_word' id='word_1_90' title='bbox 763 643 816 670; x_wconf 89' lang='grc' dir='ltr'><strong>τῶν</strong></span> <span class='ocrx_word' id='word_1_91' title='bbox 831 643 965 670; x_wconf 86' lang='grc' dir='ltr'>δικαστῶν</span> 
     </span>
    </p>
   </div>
   <div class='ocr_carea' id='block_1_14' title="bbox 175 686 966 723">
    <p class='ocr_par' dir='ltr' id='par_1_14' title="bbox 175 686 966 723">
     <span class='ocr_line' id='line_1_14' title="bbox 175 686 966 723; baseline 0.004 -10"><span class='ocrx_word' id='word_1_92' title='bbox 175 686 278 722; x_wconf 76' lang='grc' dir='ltr'>ὕϐρεις,</span> <span class='ocrx_word' id='word_1_93' title='bbox 299 688 346 714; x_wconf 73' lang='grc' dir='ltr'>καὶ</span> <span class='ocrx_word' id='word_1_94' title='bbox 368 687 565 723; x_wconf 79' lang='grc' dir='ltr'>λοιδορούμενοι</span> <span class='ocrx_word' id='word_1_95' title='bbox 587 688 752 723; x_wconf 86' lang='grc' dir='ltr'>πάμπολλα·</span> <span class='ocrx_word' id='word_1_96' title='bbox 778 689 844 716; x_wconf 78' lang='grc' dir='ltr'>ἔνιοι</span> <span class='ocrx_word' id='word_1_97' title='bbox 858 689 886 716; x_wconf 86' lang='grc' dir='ltr'>δὲ</span> <span class='ocrx_word' id='word_1_98' title='bbox 901 690 966 716; x_wconf 84' lang='grc' dir='ltr'><strong>ύπὸ-</strong></span> 
     </span>
    </p>
   </div>
   <div class='ocr_carea' id='block_1_15' title="bbox 174 733 964 771">
    <p class='ocr_par' dir='ltr' id='par_1_15' title="bbox 174 733 964 771">
     <span class='ocr_line' id='line_1_15' title="bbox 174 733 964 771; baseline 0.005 -12"><span class='ocrx_word' id='word_1_99' title='bbox 174 741 248 766; x_wconf 81' lang='grc' dir='ltr'>γειον</span> <span class='ocrx_word' id='word_1_100' title='bbox 267 733 403 768; x_wconf 75' lang='grc' dir='ltr'>ἐμελέτων</span> <span class='ocrx_word' id='word_1_101' title='bbox 423 733 503 760; x_wconf 80' lang='grc' dir='ltr'>αὐτὸν</span> <span class='ocrx_word' id='word_1_102' title='bbox 522 733 747 770; x_wconf 85' lang='grc' dir='ltr'>διαχειρίσασθαι.</span> <span class='ocrx_word' id='word_1_103' title='bbox 765 736 798 762; x_wconf 88' lang='grc' dir='ltr'><strong>Ὢ</strong></span> <span class='ocrx_word' id='word_1_104' title='bbox 812 735 862 771; x_wconf 87' lang='grc' dir='ltr'><strong>τῆς</strong></span> <span class='ocrx_word' id='word_1_105' title='bbox 886 736 964 771; x_wconf 77' lang='grc' dir='ltr'>βίαςῐ</span> 
     </span>
    </p>
   </div>
   <div class='ocr_carea' id='block_1_16' title="bbox 173 778 965 818">
    <p class='ocr_par' dir='ltr' id='par_1_16' title="bbox 173 778 965 818">
     <span class='ocr_line' id='line_1_16' title="bbox 173 778 965 818; baseline 0.004 -13"><span class='ocrx_word' id='word_1_106' title='bbox 173 778 218 806; x_wconf 80' lang='grc' dir='ltr'><strong>διὰ</strong></span> <span class='ocrx_word' id='word_1_107' title='bbox 227 779 265 812; x_wconf 88' lang='grc' dir='ltr'><strong>τί,</strong></span> <span class='ocrx_word' id='word_1_108' title='bbox 280 779 373 814; x_wconf 78' lang='grc' dir='ltr'>φασὶν,</span> <span class='ocrx_word' id='word_1_109' title='bbox 385 780 433 815; x_wconf 84' lang='grc' dir='ltr'>οὺχ</span> <span class='ocrx_word' id='word_1_110' title='bbox 444 780 589 816; x_wconf 80' lang='grc' dir='ltr'>ἡσύχασεν,</span> <span class='ocrx_word' id='word_1_111' title='bbox 604 781 648 808; x_wconf 80' lang='grc' dir='ltr'>ἵνα</span> <span class='ocrx_word' id='word_1_112' title='bbox 661 780 698 817; x_wconf 86' lang='grc' dir='ltr'>μὴ</span> <span class='ocrx_word' id='word_1_113' title='bbox 709 781 779 816; x_wconf 83' lang='grc' dir='ltr'><strong>ζήσῃ</strong></span> <span class='ocrx_word' id='word_1_114' title='bbox 791 782 828 813; x_wconf 84' lang='grc' dir='ltr'>ὡς</span> <span class='ocrx_word' id='word_1_115' title='bbox 840 781 920 814; x_wconf 78' lang='grc' dir='ltr'>ἁλοὺς</span> <span class='ocrx_word' id='word_1_116' title='bbox 932 783 965 818; x_wconf 83' lang='grc' dir='ltr'><strong>τῇ</strong></span> 
     </span>
    </p>
   </div>
   <div class='ocr_carea' id='block_1_17' title="bbox 173 822 968 862">
    <p class='ocr_par' dir='ltr' id='par_1_17' title="bbox 173 822 968 862">
     <span class='ocr_line' id='line_1_17' title="bbox 173 822 968 862; baseline 0.006 -14"><span class='ocrx_word' id='word_1_117' title='bbox 173 822 297 858; x_wconf 77' lang='grc' dir='ltr'>γοητείᾳ,</span> <span class='ocrx_word' id='word_1_118' title='bbox 311 823 368 849; x_wconf 79' lang='grc' dir='ltr'>ἀλλ’</span> <span class='ocrx_word' id='word_1_119' title='bbox 381 823 512 851; x_wconf 75' lang='grc' dir='ltr'>ἔσπευσεν</span> <span class='ocrx_word' id='word_1_120' title='bbox 526 825 654 860; x_wconf 82' lang='grc' dir='ltr'>ἐνστῆναι</span> <span class='ocrx_word' id='word_1_121' title='bbox 676 827 709 861; x_wconf 85' lang='grc' dir='ltr'>τῇ</span> <span class='ocrx_word' id='word_1_122' title='bbox 723 825 849 862; x_wconf 81' lang='grc' dir='ltr'>εὺσεὸείᾳ</span> <span class='ocrx_word' id='word_1_123' title='bbox 860 825 904 854; x_wconf 81' lang='grc' dir='ltr'><strong>διὰ</strong></span> <span class='ocrx_word' id='word_1_124' title='bbox 919 835 968 854; x_wconf 88' lang='grc' dir='ltr'>σα-</span> 
     </span>
    </p>
   </div>
   <div class='ocr_carea' id='block_1_18' title="bbox 173 868 966 907">
    <p class='ocr_par' dir='ltr' id='par_1_18' title="bbox 173 868 966 907">
     <span class='ocr_line' id='line_1_18' title="bbox 173 868 966 907; baseline 0.006 -13"><span class='ocrx_word' id='word_1_125' title='bbox 173 868 310 904; x_wconf 81' lang='grc' dir='ltr'>φεστάτης</span> <span class='ocrx_word' id='word_1_126' title='bbox 332 870 525 905; x_wconf 73' lang='grc' dir='ltr'>παραγραφῆς,</span> <span class='ocrx_word' id='word_1_127' title='bbox 543 870 597 897; x_wconf 84' lang='grc' dir='ltr'>τῶν</span> <span class='ocrx_word' id='word_1_128' title='bbox 613 871 784 905; x_wconf 84' lang='grc' dir='ltr'>ὲπιφυέντων</span> <span class='ocrx_word' id='word_1_129' title='bbox 797 871 872 907; x_wconf 81' lang='grc' dir='ltr'>αὐτῷ</span> <span class='ocrx_word' id='word_1_130' title='bbox 888 879 966 907; x_wconf 89' lang='grc' dir='ltr'>περι-</span> 
     </span>
    </p>
   </div>
   <div class='ocr_carea' id='block_1_19' title="bbox 173 909 1001 953">
    <p class='ocr_par' dir='ltr' id='par_1_19' title="bbox 173 909 1001 953">
     <span class='ocr_line' id='line_1_19' title="bbox 173 909 1001 953; baseline 0.007 -13"><span class='ocrx_word' id='word_1_131' title='bbox 173 914 339 950; x_wconf 84' lang='grc' dir='ltr'>γενόμενος;</span> <span class='ocrx_word' id='word_1_132' title='bbox 369 916 422 942; x_wconf 77' lang='grc' dir='ltr'>Καὶ</span> <span class='ocrx_word' id='word_1_133' title='bbox 451 916 586 953; x_wconf 81' lang='grc' dir='ltr'>τοσαύτης</span> <span class='ocrx_word' id='word_1_134' title='bbox 610 917 695 953; x_wconf 77' lang='grc' dir='ltr'>οῠσης</span> <span class='ocrx_word' id='word_1_135' title='bbox 723 918 854 951; x_wconf 83' lang='grc' dir='ltr'>στάσεως,</span> <span class='ocrx_word' id='word_1_136' title='bbox 877 918 964 953; x_wconf 84' lang='grc' dir='ltr'>οὐδὲν,</span> <span class='ocrx_word' id='word_1_137' title='bbox 980 909 1001 937; x_wconf 79' lang='grc' dir='ltr'>Β</span> 
     </span>
    </p>
   </div>
   <div class='ocr_carea' id='block_1_20' title="bbox 174 960 964 1000">
    <p class='ocr_par' dir='ltr' id='par_1_20' title="bbox 174 960 964 1000">
     <span class='ocr_line' id='line_1_20' title="bbox 174 960 964 1000; baseline 0.006 -14"><span class='ocrx_word' id='word_1_138' title='bbox 174 960 252 996; x_wconf 75' lang='grc' dir='ltr'>φησὶ,</span> <span class='ocrx_word' id='word_1_139' title='bbox 277 960 315 996; x_wconf 85' lang='grc' dir='ltr'>τῷ</span> <span class='ocrx_word' id='word_1_140' title='bbox 329 961 459 988; x_wconf 85' lang='grc' dir='ltr'>Γαλλίωνι</span> <span class='ocrx_word' id='word_1_141' title='bbox 477 962 557 998; x_wconf 81' lang='grc' dir='ltr'>ἔμελε</span> <span class='ocrx_word' id='word_1_142' title='bbox 567 972 573 978; x_wconf 94' lang='grc'><strong>·</strong></span> <span class='ocrx_word' id='word_1_143' title='bbox 592 964 663 998; x_wconf 76' lang='grc' dir='ltr'>φημὶ</span> <span class='ocrx_word' id='word_1_144' title='bbox 676 963 714 999; x_wconf 82' lang='grc' dir='ltr'>τῷ</span> <span class='ocrx_word' id='word_1_145' title='bbox 727 963 836 1000; x_wconf 78' lang='grc' dir='ltr'>ἄρχοντι</span> <span class='ocrx_word' id='word_1_146' title='bbox 852 964 900 1000; x_wconf 89' lang='grc' dir='ltr'><strong>τῆς</strong></span> <span class='ocrx_word' id='word_1_147' title='bbox 914 966 964 991; x_wconf 80' lang='grc' dir='ltr'>πό-</span> 
     </span>
    </p>
   </div>
   <div class='ocr_carea' id='block_1_21' title="bbox 172 1005 964 1044">
    <p class='ocr_par' dir='ltr' id='par_1_21' title="bbox 172 1005 964 1044">
     <span class='ocr_line' id='line_1_21' title="bbox 172 1005 964 1044; baseline 0.006 -13"><span class='ocrx_word' id='word_1_148' title='bbox 172 1005 251 1037; x_wconf 88' lang='grc' dir='ltr'>λεως.</span> <span class='ocrx_word' id='word_1_149' title='bbox 268 1006 432 1041; x_wconf 78' lang='grc' dir='ltr'>Κραζόντων</span> <span class='ocrx_word' id='word_1_150' title='bbox 447 1016 477 1034; x_wconf 88' lang='grc' dir='ltr'><strong>τε</strong></span> <span class='ocrx_word' id='word_1_151' title='bbox 494 1008 539 1034; x_wconf 73' lang='grc' dir='ltr'>καὶ</span> <span class='ocrx_word' id='word_1_152' title='bbox 554 1008 627 1035; x_wconf 81' lang='grc' dir='ltr'>κόνιν</span> <span class='ocrx_word' id='word_1_153' title='bbox 648 1009 688 1040; x_wconf 85' lang='grc' dir='ltr'><strong>είς</strong></span> <span class='ocrx_word' id='word_1_154' title='bbox 707 1009 752 1035; x_wconf 75' lang='grc' dir='ltr'><strong>τὸν</strong></span> <span class='ocrx_word' id='word_1_155' title='bbox 771 1009 840 1044; x_wconf 81' lang='grc' dir='ltr'>ἀέρα</span> <span class='ocrx_word' id='word_1_156' title='bbox 854 1009 964 1044; x_wconf 78' lang='grc' dir='ltr'>ριπτόν-</span> 
     </span>
    </p>
   </div>
   <div class='ocr_carea' id='block_1_22' title="bbox 173 1051 962 1090">
    <p class='ocr_par' dir='ltr' id='par_1_22' title="bbox 173 1051 962 1090">
     <span class='ocr_line' id='line_1_22' title="bbox 173 1051 962 1090; baseline 0.005 -12"><span class='ocrx_word' id='word_1_157' title='bbox 173 1059 237 1083; x_wconf 86' lang='grc' dir='ltr'>των,</span> <span class='ocrx_word' id='word_1_158' title='bbox 255 1051 413 1088; x_wconf 78' lang='grc' dir='ltr'>παμπληθεῖ</span> <span class='ocrx_word' id='word_1_159' title='bbox 426 1061 455 1079; x_wconf 86' lang='grc' dir='ltr'><strong>τε</strong></span> <span class='ocrx_word' id='word_1_160' title='bbox 471 1053 610 1088; x_wconf 83' lang='grc' dir='ltr'>βοώντων·</span> <span class='ocrx_word' id='word_1_161' title='bbox 622 1052 698 1090; x_wconf 82' lang='grc' dir='ltr'>Αἶρε,</span> <span class='ocrx_word' id='word_1_162' title='bbox 714 1052 774 1090; x_wconf 78' lang='grc' dir='ltr'>αἶρε</span> <span class='ocrx_word' id='word_1_163' title='bbox 789 1054 962 1082; x_wconf 82' lang='grc' dir='ltr'>Ἀθανάσιον”</span> 
     </span>
    </p>
   </div>
   <div class='ocr_carea' id='block_1_23' title="bbox 172 1097 965 1136">
    <p class='ocr_par' dir='ltr' id='par_1_23' title="bbox 172 1097 965 1136">
     <span class='ocr_line' id='line_1_23' title="bbox 172 1097 965 1136; baseline 0.006 -13"><span class='ocrx_word' id='word_1_164' title='bbox 172 1097 202 1123; x_wconf 82' lang='grc' dir='ltr'>οὐ</span> <span class='ocrx_word' id='word_1_165' title='bbox 217 1097 270 1133; x_wconf 82' lang='grc' dir='ltr'>γὰρ</span> <span class='ocrx_word' id='word_1_166' title='bbox 287 1097 403 1133; x_wconf 75' lang='grc' dir='ltr'>καθήκει</span> <span class='ocrx_word' id='word_1_167' title='bbox 419 1099 500 1125; x_wconf 77' lang='grc' dir='ltr'>αὑτὸν</span> <span class='ocrx_word' id='word_1_168' title='bbox 515 1099 574 1135; x_wconf 77' lang='grc' dir='ltr'>ζῇν.</span> <span class='ocrx_word' id='word_1_169' title='bbox 598 1101 628 1127; x_wconf 90' lang='grc' dir='ltr'>Ὀ</span> <span class='ocrx_word' id='word_1_170' title='bbox 643 1098 689 1127; x_wconf 82' lang='grc' dir='ltr'>οὖν</span> <span class='ocrx_word' id='word_1_171' title='bbox 709 1101 863 1136; x_wconf 72' lang='grc' dir='ltr'>Ἀρχέλαος,</span> <span class='ocrx_word' id='word_1_172' title='bbox 882 1109 965 1128; x_wconf 84' lang='grc' dir='ltr'>κατα-</span> 
     </span>
    </p>
   </div>
   <div class='ocr_carea' id='block_1_24' title="bbox 172 1143 962 1182">
    <p class='ocr_par' dir='ltr' id='par_1_24' title="bbox 172 1143 962 1182">
     <span class='ocr_line' id='line_1_24' title="bbox 172 1143 962 1182; baseline 0.005 -12"><span class='ocrx_word' id='word_1_173' title='bbox 172 1143 232 1176; x_wconf 72' lang='grc' dir='ltr'>ϐάς,</span> <span class='ocrx_word' id='word_1_174' title='bbox 248 1144 378 1179; x_wconf 81' lang='grc' dir='ltr'>μέλλοντα</span> <span class='ocrx_word' id='word_1_175' title='bbox 391 1145 556 1172; x_wconf 81' lang='grc' dir='ltr'>διασπᾶσθαι</span> <span class='ocrx_word' id='word_1_176' title='bbox 567 1146 613 1173; x_wconf 80' lang='grc' dir='ltr'>τὸν</span> <span class='ocrx_word' id='word_1_177' title='bbox 627 1146 782 1174; x_wconf 83' lang='grc' dir='ltr'>Ἀθανάσιον</span> <span class='ocrx_word' id='word_1_178' title='bbox 795 1146 962 1182; x_wconf 73' lang='grc' dir='ltr'>ἀφαρπάζει·</span> 
     </span>
    </p>
   </div>
   <div class='ocr_carea' id='block_1_25' title="bbox 172 1187 965 1228">
    <p class='ocr_par' dir='ltr' id='par_1_25' title="bbox 172 1187 965 1228">
     <span class='ocr_line' id='line_1_25' title="bbox 172 1187 965 1228; baseline 0.006 -12"><span class='ocrx_word' id='word_1_179' title='bbox 172 1187 206 1225; x_wconf 89' lang='grc' dir='ltr'><strong>ῆν</strong></span> <span class='ocrx_word' id='word_1_180' title='bbox 219 1189 274 1225; x_wconf 82' lang='grc' dir='ltr'><strong>γάρ</strong></span> <span class='ocrx_word' id='word_1_181' title='bbox 291 1191 338 1217; x_wconf 74' lang='grc' dir='ltr'>καὶ</span> <span class='ocrx_word' id='word_1_182' title='bbox 353 1191 400 1218; x_wconf 79' lang='grc' dir='ltr'>τοῦ</span> <span class='ocrx_word' id='word_1_183' title='bbox 415 1191 556 1228; x_wconf 79' lang='grc' dir='ltr'>κριτηρίου</span> <span class='ocrx_word' id='word_1_184' title='bbox 574 1192 698 1228; x_wconf 76' lang='grc' dir='ltr'>ἔξαρχος,</span> <span class='ocrx_word' id='word_1_185' title='bbox 713 1194 760 1220; x_wconf 71' lang='grc' dir='ltr'>καὶ</span> <span class='ocrx_word' id='word_1_186' title='bbox 774 1193 808 1220; x_wconf 82' lang='grc' dir='ltr'><strong>τά</strong></span> <span class='ocrx_word' id='word_1_187' title='bbox 824 1194 892 1222; x_wconf 83' lang='grc' dir='ltr'>ἄλλα</span> <span class='ocrx_word' id='word_1_188' title='bbox 904 1195 965 1221; x_wconf 78' lang='grc' dir='ltr'>ἑπι-</span> 
     </span>
    </p>
   </div>
   <div class='ocr_carea' id='block_1_26' title="bbox 173 1235 963 1276">
    <p class='ocr_par' dir='ltr' id='par_1_26' title="bbox 173 1235 963 1276">
     <span class='ocr_line' id='line_1_26' title="bbox 173 1235 963 1276; baseline 0.006 -14"><span class='ocrx_word' id='word_1_189' title='bbox 173 1235 338 1268; x_wconf 74' lang='grc' dir='ltr'>εικέοτατος,</span> <span class='ocrx_word' id='word_1_190' title='bbox 353 1237 399 1263; x_wconf 78' lang='grc' dir='ltr'>καὶ</span> <span class='ocrx_word' id='word_1_191' title='bbox 408 1237 519 1270; x_wconf 80' lang='grc' dir='ltr'>δυνατὸς</span> <span class='ocrx_word' id='word_1_192' title='bbox 529 1238 567 1273; x_wconf 84' lang='grc' dir='ltr'>τῷ</span> <span class='ocrx_word' id='word_1_193' title='bbox 577 1239 721 1274; x_wconf 77' lang='grc' dir='ltr'>κρατοῦντι</span> <span class='ocrx_word' id='word_1_194' title='bbox 734 1239 963 1276; x_wconf 79' lang='grc' dir='ltr'>ἀπολογήσασθαι,</span> 
     </span>
    </p>
   </div>
   <div class='ocr_carea' id='block_1_27' title="bbox 135 1281 965 1322">
    <p class='ocr_par' dir='ltr' id='par_1_27' title="bbox 135 1281 965 1322">
     <span class='ocr_line' id='line_1_27' title="bbox 135 1281 965 1322; baseline 0.006 -14"><span class='ocrx_word' id='word_1_195' title='bbox 135 1282 138 1286; x_wconf 84' lang='grc'><em>’</em></span> <span class='ocrx_word' id='word_1_196' title='bbox 174 1281 252 1308; x_wconf 69' lang='grc' dir='ltr'>εἶπον</span> <span class='ocrx_word' id='word_1_197' title='bbox 279 1282 308 1310; x_wconf 79' lang='grc' dir='ltr'>δὲ</span> <span class='ocrx_word' id='word_1_198' title='bbox 329 1284 376 1310; x_wconf 76' lang='grc' dir='ltr'>καὶ</span> <span class='ocrx_word' id='word_1_199' title='bbox 403 1283 520 1311; x_wconf 80' lang='grc' dir='ltr'>Θανάτου</span> <span class='ocrx_word' id='word_1_200' title='bbox 545 1286 744 1321; x_wconf 77' lang='grc' dir='ltr'>περιφρονῆσαι</span> <span class='ocrx_word' id='word_1_201' title='bbox 769 1285 893 1322; x_wconf 74' lang='grc' dir='ltr'>ἕτοιμος·</span> <span class='ocrx_word' id='word_1_202' title='bbox 918 1287 965 1313; x_wconf 63' lang='grc' dir='ltr'><strong>καὶ¹</strong></span> 
     </span>
    </p>
   </div>
   <div class='ocr_carea' id='block_1_28' title="bbox 174 1328 962 1367">
    <p class='ocr_par' dir='ltr' id='par_1_28' title="bbox 174 1328 962 1367">
     <span class='ocr_line' id='line_1_28' title="bbox 174 1328 962 1367; baseline 0.006 -13"><span class='ocrx_word' id='word_1_203' title='bbox 174 1329 308 1364; x_wconf 84' lang='grc' dir='ltr'>κρυπταίς</span> <span class='ocrx_word' id='word_1_204' title='bbox 325 1328 423 1361; x_wconf 70' lang='grc' dir='ltr'>ἐξόδοις</span> <span class='ocrx_word' id='word_1_205' title='bbox 438 1330 519 1356; x_wconf 78' lang='grc' dir='ltr'>αὑτὸν</span> <span class='ocrx_word' id='word_1_206' title='bbox 533 1330 689 1362; x_wconf 83' lang='grc' dir='ltr'>ὑπεξελθεῖν</span> <span class='ocrx_word' id='word_1_207' title='bbox 704 1333 776 1358; x_wconf 87' lang='grc' dir='ltr'>ποιεῖ</span> <span class='ocrx_word' id='word_1_208' title='bbox 788 1332 838 1367; x_wconf 85' lang='grc' dir='ltr'><strong>τῆς</strong></span> <span class='ocrx_word' id='word_1_209' title='bbox 850 1331 962 1364; x_wconf 85' lang='grc' dir='ltr'>πόλεως,</span> 
     </span>
    </p>
   </div>
   <div class='ocr_carea' id='block_1_29' title="bbox 173 1373 964 1413">
    <p class='ocr_par' dir='ltr' id='par_1_29' title="bbox 173 1373 964 1413">
     <span class='ocr_line' id='line_1_29' title="bbox 173 1373 964 1413; baseline 0.006 -13"><span class='ocrx_word' id='word_1_210' title='bbox 173 1373 292 1410; x_wconf 82' lang='grc' dir='ltr'>δρασμὸν</span> <span class='ocrx_word' id='word_1_211' title='bbox 311 1375 384 1410; x_wconf 81' lang='grc' dir='ltr'>αὐτῷ</span> <span class='ocrx_word' id='word_1_212' title='bbox 396 1376 467 1408; x_wconf 79' lang='grc' dir='ltr'>δοὺς,</span> <span class='ocrx_word' id='word_1_213' title='bbox 485 1377 532 1403; x_wconf 81' lang='grc' dir='ltr'>καὶ</span> <span class='ocrx_word' id='word_1_214' title='bbox 555 1377 652 1409; x_wconf 83' lang='grc' dir='ltr'>πείσας</span> <span class='ocrx_word' id='word_1_215' title='bbox 668 1377 760 1409; x_wconf 69' lang='grc' dir='ltr'>αὐτὸν,</span> <span class='ocrx_word' id='word_1_216' title='bbox 783 1379 848 1404; x_wconf 81' lang='grc' dir='ltr'>ὅπου</span> <span class='ocrx_word' id='word_1_217' title='bbox 865 1378 964 1413; x_wconf 86' lang='grc' dir='ltr'>δήποτε</span> 
     </span>
    </p>
   </div>
   <div class='ocr_carea' id='block_1_30' title="bbox 173 1418 966 1457">
    <p class='ocr_par' dir='ltr' id='par_1_30' title="bbox 173 1418 966 1457">
     <span class='ocr_line' id='line_1_30' title="bbox 173 1418 966 1457; baseline 0.008 -12"><span class='ocrx_word' id='word_1_218' title='bbox 173 1418 225 1455; x_wconf 84' lang='grc' dir='ltr'><strong>γῆς</strong></span> <span class='ocrx_word' id='word_1_219' title='bbox 240 1420 376 1456; x_wconf 81' lang='grc' dir='ltr'>εὑρεθείη,</span> <span class='ocrx_word' id='word_1_220' title='bbox 395 1421 432 1457; x_wconf 86' lang='grc' dir='ltr'>μὴ</span> <span class='ocrx_word' id='word_1_221' title='bbox 448 1422 643 1457; x_wconf 80' lang='grc' dir='ltr'>γνωρισθῆναι.</span> <span class='ocrx_word' id='word_1_222' title='bbox 664 1423 748 1450; x_wconf 86' lang='grc' dir='ltr'>Πάλιν</span> <span class='ocrx_word' id='word_1_223' title='bbox 763 1423 791 1450; x_wconf 81' lang='grc' dir='ltr'>δὲ</span> <span class='ocrx_word' id='word_1_224' title='bbox 806 1424 831 1450; x_wconf 80' lang='grc' dir='ltr'>οἱ</span> <span class='ocrx_word' id='word_1_225' title='bbox 844 1424 876 1450; x_wconf 80' lang='grc' dir='ltr'>δι’</span> <span class='ocrx_word' id='word_1_226' title='bbox 892 1425 966 1451; x_wconf 70' lang='grc' dir='ltr'>ἐναν-</span> 
     </span>
    </p>
   </div>
   <div class='ocr_carea' id='block_1_31' title="bbox 173 1465 965 1506">
    <p class='ocr_par' dir='ltr' id='par_1_31' title="bbox 173 1465 965 1506">
     <span class='ocr_line' id='line_1_31' title="bbox 173 1465 965 1506; baseline 0.009 -15"><span class='ocrx_word' id='word_1_227' title='bbox 173 1465 232 1498; x_wconf 89' lang='grc' dir='ltr'>τίας</span> <span class='ocrx_word' id='word_1_228' title='bbox 243 1467 378 1503; x_wconf 83' lang='grc' dir='ltr'>συνέδριον</span> <span class='ocrx_word' id='word_1_229' title='bbox 390 1469 552 1503; x_wconf 84' lang='grc' dir='ltr'>ποιήσαντες</span> <span class='ocrx_word' id='word_1_230' title='bbox 564 1469 691 1497; x_wconf 77' lang='grc' dir='ltr'>πλάττειν</span> <span class='ocrx_word' id='word_1_231' title='bbox 703 1470 809 1506; x_wconf 83' lang='grc' dir='ltr'>ὑπομνή</span> <span class='ocrx_word' id='word_1_232' title='bbox 815 1479 885 1506; x_wconf 85' lang='grc' dir='ltr'>ματα</span> <span class='ocrx_word' id='word_1_233' title='bbox 896 1471 965 1498; x_wconf 82' lang='grc' dir='ltr'>κατὰ</span> 
     </span>
    </p>
   </div>
   <div class='ocr_carea' id='block_1_32' title="bbox 174 1511 965 1550">
    <p class='ocr_par' dir='ltr' id='par_1_32' title="bbox 174 1511 965 1550">
     <span class='ocr_line' id='line_1_32' title="bbox 174 1511 965 1550; baseline 0.005 -11"><span class='ocrx_word' id='word_1_234' title='bbox 174 1511 221 1539; x_wconf 86' lang='grc' dir='ltr'>τοῦ</span> <span class='ocrx_word' id='word_1_235' title='bbox 235 1513 312 1548; x_wconf 85' lang='grc' dir='ltr'>ἁγίου</span> <span class='ocrx_word' id='word_1_236' title='bbox 332 1515 490 1542; x_wconf 86' lang='grc' dir='ltr'>Ἀθανασίου</span> <span class='ocrx_word' id='word_1_237' title='bbox 514 1515 694 1550; x_wconf 83' lang='grc' dir='ltr'>βουλεύονται,</span> <span class='ocrx_word' id='word_1_238' title='bbox 711 1517 740 1543; x_wconf 85' lang='grc' dir='ltr'>ὲν</span> <span class='ocrx_word' id='word_1_239' title='bbox 756 1513 797 1549; x_wconf 67' lang='grc' dir='ltr'>οἷς</span> <span class='ocrx_word' id='word_1_240' title='bbox 815 1516 965 1544; x_wconf 81' lang='grc' dir='ltr'>ὲντιθὲασιν</span> 
     </span>
    </p>
   </div>
   <div class='ocr_carea' id='block_1_33' title="bbox 175 1559 965 1598">
    <p class='ocr_par' dir='ltr' id='par_1_33' title="bbox 175 1559 965 1598">
     <span class='ocr_line' id='line_1_33' title="bbox 175 1559 965 1598; baseline 0.005 -13"><span class='ocrx_word' id='word_1_241' title='bbox 175 1559 221 1586; x_wconf 76' lang='grc' dir='ltr'>ἐπὶ</span> <span class='ocrx_word' id='word_1_242' title='bbox 237 1561 304 1587; x_wconf 82' lang='grc' dir='ltr'>πᾶσι</span> <span class='ocrx_word' id='word_1_243' title='bbox 321 1563 379 1593; x_wconf 84' lang='grc' dir='ltr'>τοῖς</span> <span class='ocrx_word' id='word_1_244' title='bbox 397 1562 566 1597; x_wconf 80' lang='grc' dir='ltr'>ἐγκλήμασιν</span> <span class='ocrx_word' id='word_1_245' title='bbox 586 1562 744 1590; x_wconf 78' lang='grc' dir='ltr'>Ἀθανάσιον</span> <span class='ocrx_word' id='word_1_246' title='bbox 766 1562 965 1598; x_wconf 73' lang='grc' dir='ltr'>καταφωραθῆ-</span> 
     </span>
    </p>
   </div>
   <div class='ocr_carea' id='block_1_34' title="bbox 175 1606 964 1644">
    <p class='ocr_par' dir='ltr' id='par_1_34' title="bbox 175 1606 964 1644">
     <span class='ocr_line' id='line_1_34' title="bbox 175 1606 964 1644; baseline 0.008 -15"><span class='ocrx_word' id='word_1_247' title='bbox 175 1612 235 1630; x_wconf 85' lang='grc' dir='ltr'>ναι·</span> <span class='ocrx_word' id='word_1_248' title='bbox 250 1606 297 1632; x_wconf 71' lang='grc' dir='ltr'>καὶ</span> <span class='ocrx_word' id='word_1_249' title='bbox 313 1606 397 1633; x_wconf 87' lang='grc' dir='ltr'>πολλὰ</span> <span class='ocrx_word' id='word_1_250' title='bbox 411 1607 565 1643; x_wconf 71' lang='grc' dir='ltr'>ἀντίγραφα</span> <span class='ocrx_word' id='word_1_251' title='bbox 577 1609 737 1643; x_wconf 86' lang='grc' dir='ltr'>ποιήσαντες</span> <span class='ocrx_word' id='word_1_252' title='bbox 751 1609 779 1634; x_wconf 80' lang='grc' dir='ltr'>ἐν</span> <span class='ocrx_word' id='word_1_253' title='bbox 791 1609 864 1644; x_wconf 82' lang='grc' dir='ltr'>πάσῃ</span> <span class='ocrx_word' id='word_1_254' title='bbox 882 1610 914 1644; x_wconf 86' lang='grc' dir='ltr'>τῇ</span> <span class='ocrx_word' id='word_1_255' title='bbox 929 1609 964 1635; x_wconf 85' lang='lat' dir='ltr'><strong>ol-</strong></span> 
     </span>
    </p>
   </div>
   <div class='ocr_carea' id='block_1_35' title="bbox 175 1651 963 1689">
    <p class='ocr_par' dir='ltr' id='par_1_35' title="bbox 175 1651 963 1689">
     <span class='ocr_line' id='line_1_35' title="bbox 175 1651 963 1689; baseline 0.005 -13"><span class='ocrx_word' id='word_1_256' title='bbox 175 1651 294 1688; x_wconf 83' lang='grc' dir='ltr'>κουμένῃ</span> <span class='ocrx_word' id='word_1_257' title='bbox 316 1652 513 1688; x_wconf 79' lang='grc' dir='ltr'>ἐκπέμπουσιν.</span> <span class='ocrx_word' id='word_1_258' title='bbox 542 1653 753 1688; x_wconf 84' lang='grc' dir='ltr'>Ἀπαγγέλλουσι</span> <span class='ocrx_word' id='word_1_259' title='bbox 778 1654 806 1680; x_wconf 85' lang='grc' dir='ltr'>δὲ</span> <span class='ocrx_word' id='word_1_260' title='bbox 825 1654 863 1689; x_wconf 89' lang='grc' dir='ltr'>τῷ</span> <span class='ocrx_word' id='word_1_261' title='bbox 884 1655 963 1680; x_wconf 82' lang='grc' dir='ltr'>Κων-</span> 
     </span>
    </p>
   </div>
   <div class='ocr_carea' id='block_1_36' title="bbox 176 1698 964 1735">
    <p class='ocr_par' dir='ltr' id='par_1_36' title="bbox 176 1698 964 1735">
     <span class='ocr_line' id='line_1_36' title="bbox 176 1698 964 1735; baseline 0.005 -12"><span class='ocrx_word' id='word_1_262' title='bbox 176 1698 301 1733; x_wconf 81' lang='grc' dir='ltr'>σταντίῳ.</span> <span class='ocrx_word' id='word_1_263' title='bbox 328 1698 405 1725; x_wconf 75' lang='grc' dir='ltr'>Οὕτω</span> <span class='ocrx_word' id='word_1_264' title='bbox 431 1699 462 1735; x_wconf 85' lang='grc' dir='ltr'>δὴ</span> <span class='ocrx_word' id='word_1_265' title='bbox 487 1699 526 1735; x_wconf 84' lang='grc' dir='ltr'>τῷ</span> <span class='ocrx_word' id='word_1_266' title='bbox 550 1699 620 1735; x_wconf 83' lang='grc' dir='ltr'>ἁγίῳ</span> <span class='ocrx_word' id='word_1_267' title='bbox 641 1699 791 1735; x_wconf 76' lang='grc' dir='ltr'>Ἀθανασίῳ</span> <span class='ocrx_word' id='word_1_268' title='bbox 813 1701 867 1732; x_wconf 76' lang='grc' dir='ltr'>πᾶς</span> <span class='ocrx_word' id='word_1_269' title='bbox 883 1700 964 1732; x_wconf 84' lang='grc' dir='ltr'>τόπος</span> 
     </span>
    </p>
   </div>
   <div class='ocr_carea' id='block_1_37' title="bbox 175 1744 965 1781">
    <p class='ocr_par' dir='ltr' id='par_1_37' title="bbox 175 1744 965 1781">
     <span class='ocr_line' id='line_1_37' title="bbox 175 1744 965 1781; baseline 0.006 -13"><span class='ocrx_word' id='word_1_270' title='bbox 175 1745 248 1779; x_wconf 82' lang='grc' dir='ltr'>φυγῇ</span> <span class='ocrx_word' id='word_1_271' title='bbox 261 1744 368 1777; x_wconf 74' lang='grc' dir='ltr'>ἐγένετο</span> <span class='ocrx_word' id='word_1_272' title='bbox 381 1744 502 1781; x_wconf 83' lang='grc' dir='ltr'>σφοδρῶς</span> <span class='ocrx_word' id='word_1_273' title='bbox 519 1745 687 1781; x_wconf 82' lang='grc' dir='ltr'>ζητουμένῳ,</span> <span class='ocrx_word' id='word_1_274' title='bbox 705 1745 775 1772; x_wconf 83' lang='grc' dir='ltr'>ὥστε</span> <span class='ocrx_word' id='word_1_275' title='bbox 788 1747 834 1772; x_wconf 83' lang='grc' dir='ltr'>καὶ</span> <span class='ocrx_word' id='word_1_276' title='bbox 851 1748 965 1781; x_wconf 74' lang='grc' dir='ltr'>ἐπαγγε-</span> 
     </span>
    </p>
   </div>
   <div class='ocr_carea' id='block_1_38' title="bbox 176 1789 964 1828">
    <p class='ocr_par' dir='ltr' id='par_1_38' title="bbox 176 1789 964 1828">
     <span class='ocr_line' id='line_1_38' title="bbox 176 1789 964 1828; baseline 0.003 -11"><span class='ocrx_word' id='word_1_277' title='bbox 176 1789 236 1822; x_wconf 82' lang='grc' dir='ltr'>λίας</span> <span class='ocrx_word' id='word_1_278' title='bbox 249 1791 349 1822; x_wconf 79' lang='grc' dir='ltr'>πολλὰς</span> <span class='ocrx_word' id='word_1_279' title='bbox 363 1791 528 1827; x_wconf 82' lang='grc' dir='ltr'>προτεθῆναι</span> <span class='ocrx_word' id='word_1_280' title='bbox 543 1793 597 1824; x_wconf 83' lang='grc' dir='ltr'>τοῖς</span> <span class='ocrx_word' id='word_1_281' title='bbox 616 1793 682 1818; x_wconf 81' lang='grc' dir='ltr'>ὅπου</span> <span class='ocrx_word' id='word_1_282' title='bbox 703 1792 755 1826; x_wconf 82' lang='grc' dir='ltr'><strong>γῆς</strong></span> <span class='ocrx_word' id='word_1_283' title='bbox 773 1793 964 1828; x_wconf 77' lang='grc' dir='ltr'>εὑρισκόμενον</span> 
     </span>
    </p>
   </div>
   <div class='ocr_carea' id='block_1_39' title="bbox 176 1835 962 1873">
    <p class='ocr_par' dir='ltr' id='par_1_39' title="bbox 176 1835 962 1873">
     <span class='ocr_line' id='line_1_39' title="bbox 176 1835 962 1873; baseline 0.005 -11"><span class='ocrx_word' id='word_1_284' title='bbox 176 1835 257 1863; x_wconf 80' lang='grc' dir='ltr'>αὐτὸν</span> <span class='ocrx_word' id='word_1_285' title='bbox 272 1837 486 1872; x_wconf 81' lang='grc' dir='ltr'>καταμηνύουσι.</span> <span class='ocrx_word' id='word_1_286' title='bbox 508 1838 603 1870; x_wconf 84' lang='grc' dir='ltr'>Πόλεις</span> <span class='ocrx_word' id='word_1_287' title='bbox 623 1838 691 1873; x_wconf 83' lang='grc' dir='ltr'>ὁμοῦ</span> <span class='ocrx_word' id='word_1_288' title='bbox 714 1846 744 1864; x_wconf 89' lang='grc' dir='ltr'><strong>τε</strong></span> <span class='ocrx_word' id='word_1_289' title='bbox 764 1839 849 1865; x_wconf 75' lang='grc' dir='ltr'>πᾶσαι</span> <span class='ocrx_word' id='word_1_290' title='bbox 870 1840 962 1866; x_wconf 87' lang='grc' dir='ltr'>ἁνεκι-</span> 
     </span>
    </p>
   </div>
   <div class='ocr_carea' id='block_1_40' title="bbox 175 1883 964 1920">
    <p class='ocr_par' dir='ltr' id='par_1_40' title="bbox 175 1883 964 1920">
     <span class='ocr_line' id='line_1_40' title="bbox 175 1883 964 1920; baseline 0.001 -10"><span class='ocrx_word' id='word_1_291' title='bbox 175 1883 279 1915; x_wconf 83' lang='grc' dir='ltr'>νοῦντο,</span> <span class='ocrx_word' id='word_1_292' title='bbox 295 1884 342 1910; x_wconf 69' lang='grc' dir='ltr'><strong>κα)⁸</strong></span> <span class='ocrx_word' id='word_1_293' title='bbox 354 1884 493 1920; x_wconf 80' lang='grc' dir='ltr'>ἄρχοντες,</span> <span class='ocrx_word' id='word_1_294' title='bbox 519 1885 582 1911; x_wconf 82' lang='grc' dir='ltr'>ποτὲ</span> <span class='ocrx_word' id='word_1_295' title='bbox 600 1885 649 1920; x_wconf 81' lang='grc' dir='ltr'>μὲν</span> <span class='ocrx_word' id='word_1_296' title='bbox 664 1885 812 1920; x_wconf 84' lang='grc' dir='ltr'>πρόστιμον</span> <span class='ocrx_word' id='word_1_297' title='bbox 829 1885 964 1920; x_wconf 81' lang='grc' dir='ltr'>ὁρίζοντες</span> 
     </span>
    </p>
   </div>
   <div class='ocr_carea' id='block_1_41' title="bbox 175 1929 964 1967">
    <p class='ocr_par' dir='ltr' id='par_1_41' title="bbox 175 1929 964 1967">
     <span class='ocr_line' id='line_1_41' title="bbox 175 1929 964 1967; baseline 0.005 -13"><span class='ocrx_word' id='word_1_298' title='bbox 175 1929 230 1960; x_wconf 87' lang='grc' dir='ltr'>τοῖς</span> <span class='ocrx_word' id='word_1_299' title='bbox 250 1929 297 1956; x_wconf 77' lang='grc' dir='ltr'><strong>ἐπὶ</strong></span> <span class='ocrx_word' id='word_1_300' title='bbox 319 1929 369 1964; x_wconf 85' lang='grc' dir='ltr'><strong>τῆς</strong></span> <span class='ocrx_word' id='word_1_301' title='bbox 389 1930 499 1966; x_wconf 72' lang='grc' dir='ltr'>εἰρήνης</span> <span class='ocrx_word' id='word_1_302' title='bbox 523 1931 708 1966; x_wconf 80' lang='grc' dir='ltr'>τεταγμένοις,</span> <span class='ocrx_word' id='word_1_303' title='bbox 734 1931 798 1958; x_wconf 82' lang='grc' dir='ltr'>ποτὲ</span> <span class='ocrx_word' id='word_1_304' title='bbox 817 1931 845 1958; x_wconf 82' lang='grc' dir='ltr'>δὲ</span> <span class='ocrx_word' id='word_1_305' title='bbox 863 1931 964 1967; x_wconf 85' lang='grc' dir='ltr'>ζημίαν</span> 
     </span>
    </p>
   </div>
   <div class='ocr_carea' id='block_1_42' title="bbox 175 1974 963 2013">
    <p class='ocr_par' dir='ltr' id='par_1_42' title="bbox 175 1974 963 2013">
     <span class='ocr_line' id='line_1_42' title="bbox 175 1974 963 2013; baseline 0.004 -11"><span class='ocrx_word' id='word_1_306' title='bbox 175 1974 250 2010; x_wconf 80' lang='grc' dir='ltr'>ζωῆς</span> <span class='ocrx_word' id='word_1_307' title='bbox 262 1975 370 2010; x_wconf 79' lang='grc' dir='ltr'>ὑφέξειν</span> <span class='ocrx_word' id='word_1_308' title='bbox 386 1977 449 2008; x_wconf 82' lang='grc' dir='ltr'>τοὺς</span> <span class='ocrx_word' id='word_1_309' title='bbox 461 1977 621 2013; x_wconf 84' lang='grc' dir='ltr'>διωγμίτας,</span> <span class='ocrx_word' id='word_1_310' title='bbox 638 1978 662 2003; x_wconf 84' lang='grc' dir='ltr'>εἰ</span> <span class='ocrx_word' id='word_1_311' title='bbox 685 1977 721 2013; x_wconf 85' lang='grc' dir='ltr'>μὴ</span> <span class='ocrx_word' id='word_1_312' title='bbox 743 1978 789 2005; x_wconf 78' lang='grc' dir='ltr'><strong>τὸν</strong></span> <span class='ocrx_word' id='word_1_313' title='bbox 808 1977 963 2006; x_wconf 81' lang='grc' dir='ltr'>Ἀϐανάσιον</span> 
     </span>
    </p>
   </div>
   <div class='ocr_carea' id='block_1_43' title="bbox 176 2019 964 2060">
    <p class='ocr_par' dir='ltr' id='par_1_43' title="bbox 176 2019 964 2060">
     <span class='ocr_line' id='line_1_43' title="bbox 176 2019 964 2060; baseline 0.006 -13"><span class='ocrx_word' id='word_1_314' title='bbox 176 2019 265 2052; x_wconf 81' lang='grc' dir='ltr'>ζῶντα</span> <span class='ocrx_word' id='word_1_315' title='bbox 290 2023 515 2058; x_wconf 86' lang='grc' dir='ltr'>παραστήσωσιν·</span> <span class='ocrx_word' id='word_1_316' title='bbox 545 2023 563 2059; x_wconf 79' lang='grc' dir='ltr'>ἤ</span> <span class='ocrx_word' id='word_1_317' title='bbox 587 2024 624 2059; x_wconf 83' lang='grc' dir='ltr'>μὴ</span> <span class='ocrx_word' id='word_1_318' title='bbox 643 2023 738 2055; x_wconf 85' lang='grc' dir='ltr'>τοῦτο,</span> <span class='ocrx_word' id='word_1_319' title='bbox 759 2024 811 2051; x_wconf 80' lang='grc' dir='ltr'>κᾶν</span> <span class='ocrx_word' id='word_1_320' title='bbox 831 2024 897 2059; x_wconf 82' lang='grc' dir='ltr'>γοῦν</span> <span class='ocrx_word' id='word_1_321' title='bbox 914 2025 964 2060; x_wconf 89' lang='grc' dir='ltr'>τὴν</span> 
     </span>
    </p>
   </div>
   <div class='ocr_carea' id='block_1_44' title="bbox 175 2067 962 2107">
    <p class='ocr_par' dir='ltr' id='par_1_44' title="bbox 175 2067 962 2107">
     <span class='ocr_line' id='line_1_44' title="bbox 175 2067 962 2107; baseline 0.006 -14"><span class='ocrx_word' id='word_1_322' title='bbox 175 2067 296 2102; x_wconf 78' lang='grc' dir='ltr'>κεφαλὴν</span> <span class='ocrx_word' id='word_1_323' title='bbox 321 2067 402 2095; x_wconf 80' lang='grc' dir='ltr'>αὐτοῦ</span> <span class='ocrx_word' id='word_1_324' title='bbox 434 2069 493 2104; x_wconf 85' lang='grc' dir='ltr'>μεθ’</span> <span class='ocrx_word' id='word_1_325' title='bbox 511 2069 714 2105; x_wconf 81' lang='grc' dir='ltr'>ὑπομνημάτων</span> <span class='ocrx_word' id='word_1_326' title='bbox 738 2070 889 2107; x_wconf 84' lang='grc' dir='ltr'>δηλούντων</span> <span class='ocrx_word' id='word_1_327' title='bbox 914 2071 962 2107; x_wconf 86' lang='grc' dir='ltr'>τὴν</span> 
     </span>
    </p>
   </div>
   <div class='ocr_carea' id='block_1_45' title="bbox 174 2111 963 2152">
    <p class='ocr_par' dir='ltr' id='par_1_45' title="bbox 174 2111 963 2152">
     <span class='ocr_line' id='line_1_45' title="bbox 174 2111 963 2152; baseline 0.008 -14"><span class='ocrx_word' id='word_1_328' title='bbox 174 2111 318 2148; x_wconf 77' lang='grc' dir='ltr'>ἀκρίϐειαν</span> <span class='ocrx_word' id='word_1_329' title='bbox 332 2113 525 2149; x_wconf 82' lang='grc' dir='ltr'>διακομίσοιεν.</span> <span class='ocrx_word' id='word_1_330' title='bbox 547 2115 656 2152; x_wconf 80' lang='grc' dir='ltr'>Ἐπειδὴ</span> <span class='ocrx_word' id='word_1_331' title='bbox 673 2113 719 2143; x_wconf 76' lang='grc' dir='ltr'>οὖν</span> <span class='ocrx_word' id='word_1_332' title='bbox 734 2116 762 2143; x_wconf 82' lang='grc' dir='ltr'>ὲν</span> <span class='ocrx_word' id='word_1_333' title='bbox 778 2116 872 2152; x_wconf 87' lang='grc' dir='ltr'>λάκκῳ</span> <span class='ocrx_word' id='word_1_334' title='bbox 891 2116 963 2152; x_wconf 77' lang='grc' dir='ltr'>ὕδωρ</span> 
     </span>
    </p>
   </div>
   <div class='ocr_carea' id='block_1_46' title="bbox 176 2156 963 2197">
    <p class='ocr_par' dir='ltr' id='par_1_46' title="bbox 176 2156 963 2197">
     <span class='ocr_line' id='line_1_46' title="bbox 176 2156 963 2197; baseline 0.009 -15"><span class='ocrx_word' id='word_1_335' title='bbox 176 2156 214 2192; x_wconf 84' lang='grc' dir='ltr'>μὴ</span> <span class='ocrx_word' id='word_1_336' title='bbox 233 2156 320 2192; x_wconf 77' lang='grc' dir='ltr'>ἔχοντι</span> <span class='ocrx_word' id='word_1_337' title='bbox 341 2158 370 2184; x_wconf 87' lang='grc' dir='ltr'>ὲν</span> <span class='ocrx_word' id='word_1_338' title='bbox 390 2158 418 2191; x_wconf 80' lang='grc' dir='ltr'><strong>ἓξ</strong></span> <span class='ocrx_word' id='word_1_339' title='bbox 439 2158 512 2185; x_wconf 76' lang='grc' dir='ltr'>ἔτεσι</span> <span class='ocrx_word' id='word_1_340' title='bbox 531 2160 652 2196; x_wconf 71' lang='grc' dir='ltr'>διέτριψε</span> <span class='ocrx_word' id='word_1_341' title='bbox 673 2161 822 2194; x_wconf 85' lang='grc' dir='ltr'>λανθάνων,</span> <span class='ocrx_word' id='word_1_342' title='bbox 848 2162 881 2197; x_wconf 77' lang='grc' dir='ltr'>τῇ</span> <span class='ocrx_word' id='word_1_343' title='bbox 910 2161 963 2197; x_wconf 82' lang='grc' dir='ltr'>πρὸ</span> 
     </span>
    </p>
   </div>
   <div class='ocr_carea' id='block_1_47' title="bbox 176 2198 962 2242">
    <p class='ocr_par' dir='ltr' id='par_1_47' title="bbox 176 2198 962 2242">
     <span class='ocr_line' id='line_1_47' title="bbox 176 2198 962 2242; baseline 0.01 -15"><span class='ocrx_word' id='word_1_344' title='bbox 176 2202 252 2237; x_wconf 79' lang='grc' dir='ltr'>μιᾶς,</span> <span class='ocrx_word' id='word_1_345' title='bbox 269 2202 298 2228; x_wconf 82' lang='grc' dir='ltr'>ὲν</span> <span class='ocrx_word' id='word_1_346' title='bbox 358 2203 472 2238; x_wconf 81' lang='grc' dir='ltr'>ῆμελλεν</span> <span class='ocrx_word' id='word_1_347' title='bbox 489 2206 503 2231; x_wconf 84' lang='grc' dir='ltr'><strong>ό</strong></span> <span class='ocrx_word' id='word_1_348' title='bbox 516 2206 597 2237; x_wconf 77' lang='grc' dir='ltr'>τόπος</span> <span class='ocrx_word' id='word_1_349' title='bbox 617 2206 827 2242; x_wconf 83' lang='grc' dir='ltr'>παραδίδοσθαι,</span> <span class='ocrx_word' id='word_1_350' title='bbox 844 2207 876 2234; x_wconf 75' lang='grc' dir='ltr'>ἐκ</span> <span class='ocrx_word' id='word_1_351' title='bbox 891 2214 962 2239; x_wconf 87' lang='grc' dir='ltr'>τινος</span> 
     </span>
    </p>
   </div>
   <div class='ocr_carea' id='block_1_48' title="bbox 1016 273 1804 311">
    <p class='ocr_par' dir='ltr' id='par_1_48' title="bbox 1016 273 1804 311">
     <span class='ocr_line' id='line_1_48' title="bbox 1016 273 1804 311; baseline 0.008 -13"><span class='ocrx_word' id='word_1_352' title='bbox 1016 281 1108 307; x_wconf 90' lang='lat' dir='ltr'><strong>quam.</strong></span> <span class='ocrx_word' id='word_1_353' title='bbox 1124 273 1156 301; x_wconf 92' lang='lat' dir='ltr'><strong>lli</strong></span> <span class='ocrx_word' id='word_1_354' title='bbox 1178 275 1286 308; x_wconf 85' lang='lat' dir='ltr'><strong>quidem</strong></span> <span class='ocrx_word' id='word_1_355' title='bbox 1305 274 1406 308; x_wconf 79' lang='lat' dir='ltr'><strong>verbis,</strong></span> <span class='ocrx_word' id='word_1_356' title='bbox 1435 274 1472 302; x_wconf 90' lang='lat' dir='ltr'><strong>illi</strong></span> <span class='ocrx_word' id='word_1_357' title='bbox 1496 276 1621 303; x_wconf 90' lang='lat' dir='ltr'><strong>manibus</strong></span> <span class='ocrx_word' id='word_1_358' title='bbox 1635 283 1697 304; x_wconf 89' lang='lat' dir='ltr'><strong>eum</strong></span> <span class='ocrx_word' id='word_1_359' title='bbox 1711 276 1804 311; x_wconf 87' lang='lat' dir='ltr'><strong>pulsa-</strong></span> 
     </span>
    </p>
   </div>
   <div class='ocr_carea' id='block_1_49' title="bbox 1017 319 1804 356">
    <p class='ocr_par' dir='ltr' id='par_1_49' title="bbox 1017 319 1804 356">
     <span class='ocr_line' id='line_1_49' title="bbox 1017 319 1804 356; baseline 0.005 -11"><span class='ocrx_word' id='word_1_360' title='bbox 1017 320 1093 351; x_wconf 83' lang='lat' dir='ltr'><strong>bant,</strong></span> <span class='ocrx_word' id='word_1_361' title='bbox 1107 319 1244 354; x_wconf 76' lang='lat' dir='ltr'><strong>garrulum</strong></span> <span class='ocrx_word' id='word_1_362' title='bbox 1262 321 1439 355; x_wconf 75' lang='lat' dir='ltr'><strong>appellantes,</strong></span> <span class='ocrx_word' id='word_1_363' title='bbox 1451 322 1613 354; x_wconf 81' lang='lat' dir='ltr'><strong>venelicum,</strong></span> <span class='ocrx_word' id='word_1_364' title='bbox 1633 326 1660 349; x_wconf 90' lang='lat' dir='ltr'><strong>et</strong></span> <span class='ocrx_word' id='word_1_365' title='bbox 1674 322 1804 356; x_wconf 80' lang='lat' dir='ltr'><strong>gravissi-</strong></span> 
     </span>
    </p>
   </div>
   <div class='ocr_carea' id='block_1_50' title="bbox 1017 366 1805 400">
    <p class='ocr_par' dir='ltr' id='par_1_50' title="bbox 1017 366 1805 400">
     <span class='ocr_line' id='line_1_50' title="bbox 1017 366 1805 400; baseline 0.004 -9"><span class='ocrx_word' id='word_1_366' title='bbox 1017 373 1058 392; x_wconf 86' lang='lat' dir='ltr'><strong>ma</strong></span> <span class='ocrx_word' id='word_1_367' title='bbox 1071 373 1182 400; x_wconf 73' lang='lat' dir='ltr'><strong>quaeque</strong></span> <span class='ocrx_word' id='word_1_368' title='bbox 1194 366 1273 394; x_wconf 89' lang='lat' dir='ltr'><strong>mala.</strong></span> <span class='ocrx_word' id='word_1_369' title='bbox 1287 367 1342 394; x_wconf 92' lang='lat' dir='ltr'><strong>lmo</strong></span> <span class='ocrx_word' id='word_1_370' title='bbox 1355 371 1382 394; x_wconf 89' lang='lat' dir='ltr'><strong>et</strong></span> <span class='ocrx_word' id='word_1_371' title='bbox 1393 366 1636 400; x_wconf 83' lang='lat' dir='ltr'><strong>comminabantur,</strong></span> <span class='ocrx_word' id='word_1_372' title='bbox 1653 376 1706 395; x_wconf 87' lang='lat' dir='ltr'><strong>non</strong></span> <span class='ocrx_word' id='word_1_373' title='bbox 1722 367 1805 395; x_wconf 90' lang='lat' dir='ltr'><strong>multo</strong></span> 
     </span>
    </p>
   </div>
   <div class='ocr_carea' id='block_1_51' title="bbox 1017 412 1804 447">
    <p class='ocr_par' dir='ltr' id='par_1_51' title="bbox 1017 412 1804 447">
     <span class='ocr_line' id='line_1_51' title="bbox 1017 412 1804 447; baseline 0.004 -9"><span class='ocrx_word' id='word_1_374' title='bbox 1017 415 1077 446; x_wconf 91' lang='lat' dir='ltr'><strong>post</strong></span> <span class='ocrx_word' id='word_1_375' title='bbox 1092 417 1205 440; x_wconf 89' lang='lat' dir='ltr'><strong>mortem</strong></span> <span class='ocrx_word' id='word_1_376' title='bbox 1221 412 1257 439; x_wconf 92' lang='lat' dir='ltr'><strong>illi</strong></span> <span class='ocrx_word' id='word_1_377' title='bbox 1269 413 1303 440; x_wconf 89' lang='lat' dir='ltr'><strong>ab</strong></span> <span class='ocrx_word' id='word_1_378' title='bbox 1317 412 1482 447; x_wconf 82' lang='lat' dir='ltr'><strong>imperatore</strong></span> <span class='ocrx_word' id='word_1_379' title='bbox 1499 413 1601 441; x_wconf 91' lang='lat' dir='ltr'><strong>illatum</strong></span> <span class='ocrx_word' id='word_1_380' title='bbox 1621 414 1652 441; x_wconf 93' lang='lat' dir='ltr'><strong>iri</strong></span> <span class='ocrx_word' id='word_1_381' title='bbox 1665 423 1672 442; x_wconf 85' lang='lat'><strong>:</strong></span> <span class='ocrx_word' id='word_1_382' title='bbox 1684 413 1728 441; x_wconf 82' lang='lat' dir='ltr'><strong>alii</strong></span> <span class='ocrx_word' id='word_1_383' title='bbox 1744 413 1804 441; x_wconf 89' lang='lat' dir='ltr'><strong>dolo</strong></span> 
     </span>
    </p>
   </div>
   <div class='ocr_carea' id='block_1_52' title="bbox 1017 457 1805 492">
    <p class='ocr_par' dir='ltr' id='par_1_52' title="bbox 1017 457 1805 492">
     <span class='ocr_line' id='line_1_52' title="bbox 1017 457 1805 492; baseline 0 -8"><span class='ocrx_word' id='word_1_384' title='bbox 1017 457 1195 485; x_wconf 89' lang='lat' dir='ltr'><strong>occidendum</strong></span> <span class='ocrx_word' id='word_1_385' title='bbox 1213 458 1419 490; x_wconf 85' lang='lat' dir='ltr'><strong>denuntiabant,</strong></span> <span class='ocrx_word' id='word_1_386' title='bbox 1445 457 1537 486; x_wconf 77' lang='lat' dir='ltr'><strong>etfusis</strong></span> <span class='ocrx_word' id='word_1_387' title='bbox 1554 458 1697 492; x_wconf 85' lang='lat' dir='ltr'><strong>injudices</strong></span> <span class='ocrx_word' id='word_1_388' title='bbox 1709 463 1805 486; x_wconf 92' lang='lat' dir='ltr'><strong>contu.-</strong></span> 
     </span>
    </p>
   </div>
   <div class='ocr_carea' id='block_1_53' title="bbox 1018 501 1804 538">
    <p class='ocr_par' dir='ltr' id='par_1_53' title="bbox 1018 501 1804 538">
     <span class='ocr_line' id='line_1_53' title="bbox 1018 501 1804 538; baseline 0.003 -10"><span class='ocrx_word' id='word_1_389' title='bbox 1018 501 1105 529; x_wconf 91' lang='lat' dir='ltr'><strong>meliis</strong></span> <span class='ocrx_word' id='word_1_390' title='bbox 1119 501 1303 536; x_wconf 81' lang='lat' dir='ltr'><strong>conviciisque</strong></span> <span class='ocrx_word' id='word_1_391' title='bbox 1328 502 1419 530; x_wconf 88' lang='lat' dir='ltr'><strong>multis</strong></span> <span class='ocrx_word' id='word_1_392' title='bbox 1436 511 1444 530; x_wconf 87' lang='lat'><strong>:</strong></span> <span class='ocrx_word' id='word_1_393' title='bbox 1463 502 1544 538; x_wconf 83' lang='lat' dir='ltr'><strong>aliqui</strong></span> <span class='ocrx_word' id='word_1_394' title='bbox 1568 510 1631 530; x_wconf 84' lang='lat' dir='ltr'><strong>vero</strong></span> <span class='ocrx_word' id='word_1_395' title='bbox 1653 503 1804 530; x_wconf 90' lang='lat' dir='ltr'><strong>clanculum</strong></span> 
     </span>
    </p>
   </div>
   <div class='ocr_carea' id='block_1_54' title="bbox 1018 547 1803 584">
    <p class='ocr_par' dir='ltr' id='par_1_54' title="bbox 1018 547 1803 584">
     <span class='ocr_line' id='line_1_54' title="bbox 1018 547 1803 584; baseline 0.003 -9"><span class='ocrx_word' id='word_1_396' title='bbox 1018 547 1244 575; x_wconf 76' lang='lat' dir='ltr'><strong>machinabantur</strong></span> <span class='ocrx_word' id='word_1_397' title='bbox 1273 549 1322 583; x_wconf 89' lang='lat' dir='ltr'><strong>ipsi</strong></span> <span class='ocrx_word' id='word_1_398' title='bbox 1343 555 1447 576; x_wconf 84' lang='lat' dir='ltr'><strong>necem.</strong></span> <span class='ocrx_word' id='word_1_399' title='bbox 1472 548 1494 576; x_wconf 87' lang='lat'><strong>0</strong></span> <span class='ocrx_word' id='word_1_400' title='bbox 1512 548 1685 576; x_wconf 77' lang='lat' dir='ltr'><strong>violentiam!</strong></span> <span class='ocrx_word' id='word_1_401' title='bbox 1709 556 1803 584; x_wconf 84' lang='lat' dir='ltr'><strong>quare,</strong></span> 
     </span>
    </p>
   </div>
   <div class='ocr_carea' id='block_1_55' title="bbox 1017 594 1804 629">
    <p class='ocr_par' dir='ltr' id='par_1_55' title="bbox 1017 594 1804 629">
     <span class='ocr_line' id='line_1_55' title="bbox 1017 594 1804 629; baseline 0 -7"><span class='ocrx_word' id='word_1_402' title='bbox 1017 594 1138 626; x_wconf 84' lang='lat' dir='ltr'><strong>aiebant,</strong></span> <span class='ocrx_word' id='word_1_403' title='bbox 1155 601 1208 621; x_wconf 91' lang='lat' dir='ltr'><strong>non</strong></span> <span class='ocrx_word' id='word_1_404' title='bbox 1221 594 1324 628; x_wconf 84' lang='lat' dir='ltr'><strong>quievit</strong></span> <span class='ocrx_word' id='word_1_405' title='bbox 1339 598 1369 621; x_wconf 90' lang='lat' dir='ltr'><strong>ut</strong></span> <span class='ocrx_word' id='word_1_406' title='bbox 1383 594 1520 622; x_wconf 87' lang='lat' dir='ltr'><strong>veneficus</strong></span> <span class='ocrx_word' id='word_1_407' title='bbox 1532 594 1715 629; x_wconf 88' lang='lat' dir='ltr'><strong>deprehensus</strong></span> <span class='ocrx_word' id='word_1_408' title='bbox 1732 595 1804 622; x_wconf 84' lang='lat' dir='ltr'><strong>occi-</strong></span> 
     </span>
    </p>
   </div>
   <div class='ocr_carea' id='block_1_56' title="bbox 1017 640 1806 674">
    <p class='ocr_par' dir='ltr' id='par_1_56' title="bbox 1017 640 1806 674">
     <span class='ocr_line' id='line_1_56' title="bbox 1017 640 1806 674; baseline 0 -7"><span class='ocrx_word' id='word_1_409' title='bbox 1017 640 1143 673; x_wconf 88' lang='lat' dir='ltr'><strong>deretur;</strong></span> <span class='ocrx_word' id='word_1_410' title='bbox 1168 640 1215 668; x_wconf 90' lang='lat' dir='ltr'><strong>sed</strong></span> <span class='ocrx_word' id='word_1_411' title='bbox 1236 640 1343 667; x_wconf 85' lang='lat' dir='ltr'><strong>curavit</strong></span> <span class='ocrx_word' id='word_1_412' title='bbox 1364 647 1413 674; x_wconf 85' lang='lat' dir='ltr'><strong>per</strong></span> <span class='ocrx_word' id='word_1_413' title='bbox 1431 640 1681 668; x_wconf 83' lang='lat' dir='ltr'><strong>manifestissimam</strong></span> <span class='ocrx_word' id='word_1_414' title='bbox 1703 640 1806 668; x_wconf 82' lang='lat' dir='ltr'><strong>refuta-</strong></span> 
     </span>
    </p>
   </div>
   <div class='ocr_carea' id='block_1_57' title="bbox 1018 685 1806 721">
    <p class='ocr_par' dir='ltr' id='par_1_57' title="bbox 1018 685 1806 721">
     <span class='ocr_line' id='line_1_57' title="bbox 1018 685 1806 721; baseline -0.001 -8"><span class='ocrx_word' id='word_1_415' title='bbox 1018 686 1128 719; x_wconf 82' lang='lat' dir='ltr'><strong>tionem,</strong></span> <span class='ocrx_word' id='word_1_416' title='bbox 1147 686 1275 721; x_wconf 77' lang='lat' dir='ltr'><strong>pietatem</strong></span> <span class='ocrx_word' id='word_1_417' title='bbox 1290 685 1459 720; x_wconf 85' lang='lat' dir='ltr'><strong>comprobari</strong></span> <span class='ocrx_word' id='word_1_418' title='bbox 1477 693 1566 719; x_wconf 81' lang='lat' dir='ltr'><strong>suam,</strong></span> <span class='ocrx_word' id='word_1_419' title='bbox 1591 693 1624 713; x_wconf 89' lang='lat' dir='ltr'><strong>ac</strong></span> <span class='ocrx_word' id='word_1_420' title='bbox 1645 686 1806 721; x_wconf 81' lang='lat' dir='ltr'><strong>compressit</strong></span> 
     </span>
    </p>
   </div>
   <div class='ocr_carea' id='block_1_58' title="bbox 1017 731 1809 765">
    <p class='ocr_par' dir='ltr' id='par_1_58' title="bbox 1017 731 1809 765">
     <span class='ocr_line' id='line_1_58' title="bbox 1017 731 1809 765; baseline 0 -5"><span class='ocrx_word' id='word_1_421' title='bbox 1017 737 1191 760; x_wconf 80' lang='lat' dir='ltr'><strong>accusatores</strong></span> <span class='ocrx_word' id='word_1_422' title='bbox 1210 731 1294 759; x_wconf 82' lang='lat' dir='ltr'><strong>suos?</strong></span> <span class='ocrx_word' id='word_1_423' title='bbox 1308 731 1415 759; x_wconf 80' lang='lat' dir='ltr'><strong>Etcum</strong></span> <span class='ocrx_word' id='word_1_424' title='bbox 1431 737 1504 759; x_wconf 85' lang='lat' dir='ltr'><strong>tanta</strong></span> <span class='ocrx_word' id='word_1_425' title='bbox 1523 732 1621 760; x_wconf 85' lang='lat' dir='ltr'><strong>seditio</strong></span> <span class='ocrx_word' id='word_1_426' title='bbox 1632 737 1716 765; x_wconf 80' lang='lat' dir='ltr'><strong>esset,</strong></span> <span class='ocrx_word' id='word_1_427' title='bbox 1737 732 1809 760; x_wconf 77' lang='lat' dir='ltr'><strong>nihib</strong></span> 
     </span>
    </p>
   </div>
   <div class='ocr_carea' id='block_1_59' title="bbox 1017 777 1807 812">
    <p class='ocr_par' dir='ltr' id='par_1_59' title="bbox 1017 777 1807 812">
     <span class='ocr_line' id='line_1_59' title="bbox 1017 777 1807 812; baseline 0 -6"><span class='ocrx_word' id='word_1_428' title='bbox 1017 786 1074 806; x_wconf 88' lang='lat' dir='ltr'><strong>rem</strong></span> <span class='ocrx_word' id='word_1_429' title='bbox 1102 778 1208 805; x_wconf 91' lang='lat' dir='ltr'><strong>curavit</strong></span> <span class='ocrx_word' id='word_1_430' title='bbox 1222 777 1311 806; x_wconf 85' lang='lat' dir='ltr'><strong>Gallio</strong></span> <span class='ocrx_word' id='word_1_431' title='bbox 1338 777 1483 812; x_wconf 67' lang='lat' dir='ltr'><strong>pra&#39;l&#39;eclus</strong></span> <span class='ocrx_word' id='word_1_432' title='bbox 1511 778 1596 806; x_wconf 87' lang='lat' dir='ltr'><strong>urbis.</strong></span> <span class='ocrx_word' id='word_1_433' title='bbox 1620 777 1807 806; x_wconf 84' lang='lat' dir='ltr'><strong>Clamantibns</strong></span> 
     </span>
    </p>
   </div>
   <div class='ocr_carea' id='block_1_60' title="bbox 1018 825 1804 861">
    <p class='ocr_par' dir='ltr' id='par_1_60' title="bbox 1018 825 1804 861">
     <span class='ocr_line' id='line_1_60' title="bbox 1018 825 1804 861; baseline 0.001 -9"><span class='ocrx_word' id='word_1_434' title='bbox 1018 830 1108 853; x_wconf 90' lang='lat' dir='ltr'><strong>autem</strong></span> <span class='ocrx_word' id='word_1_435' title='bbox 1120 825 1183 857; x_wconf 87' lang='lat' dir='ltr'><strong>illis,</strong></span> <span class='ocrx_word' id='word_1_436' title='bbox 1196 831 1275 860; x_wconf 89' lang='lat' dir='ltr'><strong>atque</strong></span> <span class='ocrx_word' id='word_1_437' title='bbox 1290 825 1426 861; x_wconf 85' lang='lat' dir='ltr'><strong>pulverem</strong></span> <span class='ocrx_word' id='word_1_438' title='bbox 1438 826 1464 852; x_wconf 90' lang='lat' dir='ltr'><strong>in</strong></span> <span class='ocrx_word' id='word_1_439' title='bbox 1481 832 1570 853; x_wconf 87' lang='lat' dir='ltr'><strong>aerem</strong></span> <span class='ocrx_word' id='word_1_440' title='bbox 1587 825 1804 860; x_wconf 68' lang='lat' dir='ltr'><strong>proﬁcientibus.</strong></span> 
     </span>
    </p>
   </div>
   <div class='ocr_carea' id='block_1_61' title="bbox 1016 870 1805 906">
    <p class='ocr_par' dir='ltr' id='par_1_61' title="bbox 1016 870 1805 906">
     <span class='ocr_line' id='line_1_61' title="bbox 1016 870 1805 906; baseline 0 -8"><span class='ocrx_word' id='word_1_441' title='bbox 1016 877 1125 906; x_wconf 84' lang='lat' dir='ltr'><strong>unaque</strong></span> <span class='ocrx_word' id='word_1_442' title='bbox 1141 871 1266 898; x_wconf 91' lang='lat' dir='ltr'><strong>omnibus</strong></span> <span class='ocrx_word' id='word_1_443' title='bbox 1281 871 1495 899; x_wconf 72' lang='lat' dir='ltr'><strong>vocifezantibus</strong></span> <span class='ocrx_word' id='word_1_444' title='bbox 1511 880 1518 899; x_wconf 90' lang='lat'><strong>:</strong></span> <span class='ocrx_word' id='word_1_445' title='bbox 1537 870 1623 904; x_wconf 80' lang='lat' dir='ltr'><strong>Tolle,</strong></span> <span class='ocrx_word' id='word_1_446' title='bbox 1643 871 1704 898; x_wconf 91' lang='lat' dir='ltr'><strong>tolle</strong></span> <span class='ocrx_word' id='word_1_447' title='bbox 1721 871 1805 899; x_wconf 57' lang='lat' dir='ltr'><strong>Atha«</strong></span> 
     </span>
    </p>
   </div>
   <div class='ocr_carea' id='block_1_62' title="bbox 1016 916 1805 950">
    <p class='ocr_par' dir='ltr' id='par_1_62' title="bbox 1016 916 1805 950">
     <span class='ocr_line' id='line_1_62' title="bbox 1016 916 1805 950; baseline 0.003 -8"><span class='ocrx_word' id='word_1_448' title='bbox 1016 916 1131 949; x_wconf 87' lang='lat' dir='ltr'><strong>nasium,</strong></span> <span class='ocrx_word' id='word_1_449' title='bbox 1150 924 1202 944; x_wconf 90' lang='lat' dir='ltr'><strong>non</strong></span> <span class='ocrx_word' id='word_1_450' title='bbox 1217 917 1289 944; x_wconf 91' lang='lat' dir='ltr'><strong>enim</strong></span> <span class='ocrx_word' id='word_1_451' title='bbox 1303 916 1433 944; x_wconf 85' lang='lat' dir='ltr'><strong>convenit</strong></span> <span class='ocrx_word' id='word_1_452' title='bbox 1444 916 1518 944; x_wconf 88' lang='lat' dir='ltr'><strong>illum</strong></span> <span class='ocrx_word' id='word_1_453' title='bbox 1531 916 1639 950; x_wconf 83' lang='lat' dir='ltr'><strong>vivere;</strong></span> <span class='ocrx_word' id='word_1_454' title='bbox 1653 917 1805 944; x_wconf 78' lang='lat' dir='ltr'><strong>Archelaus</strong></span> 
     </span>
    </p>
   </div>
   <div class='ocr_carea' id='block_1_63' title="bbox 1015 961 1804 996">
    <p class='ocr_par' dir='ltr' id='par_1_63' title="bbox 1015 961 1804 996">
     <span class='ocr_line' id='line_1_63' title="bbox 1015 961 1804 996; baseline -0.001 -6"><span class='ocrx_word' id='word_1_455' title='bbox 1015 962 1183 990; x_wconf 87' lang='lat' dir='ltr'><strong>descendens</strong></span> <span class='ocrx_word' id='word_1_456' title='bbox 1196 962 1376 990; x_wconf 76' lang='lat' dir='ltr'><strong>Athanasium</strong></span> <span class='ocrx_word' id='word_1_457' title='bbox 1397 961 1510 996; x_wconf 87' lang='lat' dir='ltr'><strong>jamjam</strong></span> <span class='ocrx_word' id='word_1_458' title='bbox 1531 962 1734 990; x_wconf 84' lang='lat' dir='ltr'><strong>dilacerandum</strong></span> <span class='ocrx_word' id='word_1_459' title='bbox 1750 962 1804 990; x_wconf 84' lang='lat' dir='ltr'><strong>eri-</strong></span> 
     </span>
    </p>
   </div>
   <div class='ocr_carea' id='block_1_64' title="bbox 1015 1007 1805 1044">
    <p class='ocr_par' dir='ltr' id='par_1_64' title="bbox 1015 1007 1805 1044">
     <span class='ocr_line' id='line_1_64' title="bbox 1015 1007 1805 1044; baseline -0.001 -8"><span class='ocrx_word' id='word_1_460' title='bbox 1015 1010 1073 1044; x_wconf 87' lang='lat' dir='ltr'><strong>pit;</strong></span> <span class='ocrx_word' id='word_1_461' title='bbox 1089 1013 1150 1037; x_wconf 88' lang='lat' dir='ltr'><strong>erat</strong></span> <span class='ocrx_word' id='word_1_462' title='bbox 1166 1009 1266 1044; x_wconf 86' lang='lat' dir='ltr'><strong>quippe</strong></span> <span class='ocrx_word' id='word_1_463' title='bbox 1282 1009 1427 1044; x_wconf 74' lang='lat' dir='ltr'><strong>praefectus</strong></span> <span class='ocrx_word' id='word_1_464' title='bbox 1441 1008 1547 1043; x_wconf 86' lang='lat' dir='ltr'><strong>judicii,</strong></span> <span class='ocrx_word' id='word_1_465' title='bbox 1563 1007 1665 1043; x_wconf 78' lang='lat' dir='ltr'><strong>alioqui</strong></span> <span class='ocrx_word' id='word_1_466' title='bbox 1680 1015 1805 1035; x_wconf 88' lang='lat' dir='ltr'><strong>mansue-</strong></span> 
     </span>
    </p>
   </div>
   <div class='ocr_carea' id='block_1_65' title="bbox 1015 1054 1822 1090">
    <p class='ocr_par' dir='ltr' id='par_1_65' title="bbox 1015 1054 1822 1090">
     <span class='ocr_line' id='line_1_65' title="bbox 1015 1054 1822 1090; baseline 0.001 -8"><span class='ocrx_word' id='word_1_467' title='bbox 1015 1055 1145 1088; x_wconf 82' lang='lat' dir='ltr'><strong>tissimus,</strong></span> <span class='ocrx_word' id='word_1_468' title='bbox 1162 1055 1206 1090; x_wconf 88' lang='lat' dir='ltr'><strong>qui</strong></span> <span class='ocrx_word' id='word_1_469' title='bbox 1220 1061 1310 1090; x_wconf 80' lang='lat' dir='ltr'><strong>posset</strong></span> <span class='ocrx_word' id='word_1_470' title='bbox 1321 1063 1382 1082; x_wconf 87' lang='lat' dir='ltr'><strong>eum</strong></span> <span class='ocrx_word' id='word_1_471' title='bbox 1394 1062 1507 1090; x_wconf 76' lang='lat' dir='ltr'><strong>purgare</strong></span> <span class='ocrx_word' id='word_1_472' title='bbox 1521 1054 1590 1089; x_wconf 86' lang='lat' dir='ltr'><strong>apud</strong></span> <span class='ocrx_word' id='word_1_473' title='bbox 1604 1054 1803 1089; x_wconf 81' lang='lat' dir='ltr'><strong>imperatorem.</strong></span> <span class='ocrx_word' id='word_1_474' title='bbox 1818 1080 1822 1083; x_wconf 31' lang='grc' dir='ltr'><strong>Α</strong></span> 
     </span>
    </p>
   </div>
   <div class='ocr_carea' id='block_1_66' title="bbox 1014 1100 1803 1136">
    <p class='ocr_par' dir='ltr' id='par_1_66' title="bbox 1014 1100 1803 1136">
     <span class='ocr_line' id='line_1_66' title="bbox 1014 1100 1803 1136; baseline -0.003 -7"><span class='ocrx_word' id='word_1_475' title='bbox 1014 1101 1096 1129; x_wconf 90' lang='lat' dir='ltr'><strong>etiam</strong></span> <span class='ocrx_word' id='word_1_476' title='bbox 1109 1105 1225 1129; x_wconf 82' lang='lat' dir='ltr'><strong>mortem</strong></span> <span class='ocrx_word' id='word_1_477' title='bbox 1242 1106 1416 1129; x_wconf 82' lang='lat' dir='ltr'><strong>contemnere</strong></span> <span class='ocrx_word' id='word_1_478' title='bbox 1427 1105 1536 1136; x_wconf 84' lang='lat' dir='ltr'><strong>paratus</strong></span> <span class='ocrx_word' id='word_1_479' title='bbox 1549 1110 1556 1134; x_wconf 87' lang='lat'><strong>;</strong></span> <span class='ocrx_word' id='word_1_480' title='bbox 1569 1107 1685 1136; x_wconf 88' lang='lat' dir='ltr'><strong>eumque</strong></span> <span class='ocrx_word' id='word_1_481' title='bbox 1697 1100 1741 1128; x_wconf 93' lang='lat' dir='ltr'><strong>ille</strong></span> <span class='ocrx_word' id='word_1_482' title='bbox 1756 1107 1803 1128; x_wconf 91' lang='lat' dir='ltr'><strong>oc-</strong></span> 
     </span>
    </p>
   </div>
   <div class='ocr_carea' id='block_1_67' title="bbox 1015 1146 1804 1182">
    <p class='ocr_par' dir='ltr' id='par_1_67' title="bbox 1015 1146 1804 1182">
     <span class='ocr_line' id='line_1_67' title="bbox 1015 1146 1804 1182; baseline -0.003 -7"><span class='ocrx_word' id='word_1_483' title='bbox 1015 1147 1098 1175; x_wconf 83' lang='lat' dir='ltr'><strong>cultis</strong></span> <span class='ocrx_word' id='word_1_484' title='bbox 1112 1147 1246 1175; x_wconf 83' lang='lat' dir='ltr'><strong>meatibus</strong></span> <span class='ocrx_word' id='word_1_485' title='bbox 1261 1148 1399 1176; x_wconf 88' lang='lat' dir='ltr'><strong>dimittens</strong></span> <span class='ocrx_word' id='word_1_486' title='bbox 1412 1155 1445 1175; x_wconf 82' lang='lat' dir='ltr'><strong>ex</strong></span> <span class='ocrx_word' id='word_1_487' title='bbox 1459 1148 1578 1179; x_wconf 88' lang='lat' dir='ltr'><strong>civitate,</strong></span> <span class='ocrx_word' id='word_1_488' title='bbox 1591 1147 1681 1182; x_wconf 73' lang='lat' dir='ltr'><strong>fugam</strong></span> <span class='ocrx_word' id='word_1_489' title='bbox 1691 1146 1729 1174; x_wconf 93' lang='lat' dir='ltr'><strong>illi</strong></span> <span class='ocrx_word' id='word_1_490' title='bbox 1744 1153 1804 1182; x_wconf 86' lang='lat' dir='ltr'><strong>ape-</strong></span> 
     </span>
    </p>
   </div>
   <div class='ocr_carea' id='block_1_68' title="bbox 1015 1192 1800 1227">
    <p class='ocr_par' dir='ltr' id='par_1_68' title="bbox 1015 1192 1800 1227">
     <span class='ocr_line' id='line_1_68' title="bbox 1015 1192 1800 1227; baseline 0.001 -8"><span class='ocrx_word' id='word_1_491' title='bbox 1015 1193 1080 1225; x_wconf 78' lang='lat' dir='ltr'><strong>ruit,</strong></span> <span class='ocrx_word' id='word_1_492' title='bbox 1103 1197 1252 1227; x_wconf 86' lang='lat' dir='ltr'><strong>auctorque</strong></span> <span class='ocrx_word' id='word_1_493' title='bbox 1278 1193 1316 1220; x_wconf 94' lang='lat' dir='ltr'><strong>illi</strong></span> <span class='ocrx_word' id='word_1_494' title='bbox 1331 1192 1422 1220; x_wconf 89' lang='lat' dir='ltr'><strong>fuitut</strong></span> <span class='ocrx_word' id='word_1_495' title='bbox 1445 1196 1553 1220; x_wconf 79' lang='lat' dir='ltr'><strong>curaret</strong></span> <span class='ocrx_word' id='word_1_496' title='bbox 1567 1192 1703 1220; x_wconf 88' lang='lat' dir='ltr'><strong>neminem</strong></span> <span class='ocrx_word' id='word_1_497' title='bbox 1719 1199 1800 1220; x_wconf 89' lang='lat' dir='ltr'><strong>nosse</strong></span> 
     </span>
    </p>
   </div>
   <div class='ocr_carea' id='block_1_69' title="bbox 1014 1238 1801 1278">
    <p class='ocr_par' dir='ltr' id='par_1_69' title="bbox 1014 1238 1801 1278">
     <span class='ocr_line' id='line_1_69' title="bbox 1014 1238 1801 1278; baseline 0 -13"><span class='ocrx_word' id='word_1_498' title='bbox 1014 1246 1068 1273; x_wconf 89' lang='lat' dir='ltr'><strong>quo</strong></span> <span class='ocrx_word' id='word_1_499' title='bbox 1080 1238 1107 1265; x_wconf 94' lang='lat' dir='ltr'><strong>in</strong></span> <span class='ocrx_word' id='word_1_500' title='bbox 1121 1243 1199 1266; x_wconf 53' lang='lat' dir='ltr'><strong>terra)</strong></span> <span class='ocrx_word' id='word_1_501' title='bbox 1207 1238 1266 1266; x_wconf 89' lang='lat' dir='ltr'><strong>loco</strong></span> <span class='ocrx_word' id='word_1_502' title='bbox 1281 1238 1324 1266; x_wconf 91' lang='lat' dir='ltr'><strong>ille</strong></span> <span class='ocrx_word' id='word_1_503' title='bbox 1334 1243 1498 1278; x_wconf 78' lang='lat' dir='ltr'><strong>versaretur.</strong></span> <span class='ocrx_word' id='word_1_504' title='bbox 1509 1238 1626 1265; x_wconf 76' lang='lat' dir='ltr'><strong>Rursum</strong></span> <span class='ocrx_word' id='word_1_505' title='bbox 1637 1238 1801 1271; x_wconf 80' lang='lat' dir='ltr'><strong>adversarii,</strong></span> 
     </span>
    </p>
   </div>
   <div class='ocr_carea' id='block_1_70' title="bbox 1015 1283 1804 1319">
    <p class='ocr_par' dir='ltr' id='par_1_70' title="bbox 1015 1283 1804 1319">
     <span class='ocr_line' id='line_1_70' title="bbox 1015 1283 1804 1319; baseline -0.001 -7"><span class='ocrx_word' id='word_1_506' title='bbox 1015 1289 1110 1312; x_wconf 89' lang='lat' dir='ltr'><strong>coacto</strong></span> <span class='ocrx_word' id='word_1_507' title='bbox 1125 1284 1250 1317; x_wconf 86' lang='lat' dir='ltr'><strong>concilio,</strong></span> <span class='ocrx_word' id='word_1_508' title='bbox 1270 1284 1419 1312; x_wconf 85' lang='lat' dir='ltr'><strong>deliberant</strong></span> <span class='ocrx_word' id='word_1_509' title='bbox 1431 1285 1463 1312; x_wconf 89' lang='lat' dir='ltr'><strong>de</strong></span> <span class='ocrx_word' id='word_1_510' title='bbox 1476 1283 1661 1319; x_wconf 78' lang='lat' dir='ltr'><strong>conﬁngendis</strong></span> <span class='ocrx_word' id='word_1_511' title='bbox 1674 1284 1804 1312; x_wconf 87' lang='lat' dir='ltr'><strong>adversus</strong></span> 
     </span>
    </p>
   </div>
   <div class='ocr_carea' id='block_1_71' title="bbox 1015 1330 1805 1366">
    <p class='ocr_par' dir='ltr' id='par_1_71' title="bbox 1015 1330 1805 1366">
     <span class='ocr_line' id='line_1_71' title="bbox 1015 1330 1805 1366; baseline -0.001 -8"><span class='ocrx_word' id='word_1_512' title='bbox 1015 1336 1138 1358; x_wconf 87' lang='lat' dir='ltr'><strong>sanctum</strong></span> <span class='ocrx_word' id='word_1_513' title='bbox 1153 1330 1334 1358; x_wconf 81' lang='lat' dir='ltr'><strong>Athanasium</strong></span> <span class='ocrx_word' id='word_1_514' title='bbox 1350 1330 1570 1362; x_wconf 85' lang='lat' dir='ltr'><strong>commentariis;</strong></span> <span class='ocrx_word' id='word_1_515' title='bbox 1591 1330 1689 1366; x_wconf 83' lang='lat' dir='ltr'><strong>quibus</strong></span> <span class='ocrx_word' id='word_1_516' title='bbox 1702 1330 1805 1365; x_wconf 75' lang='lat' dir='ltr'><strong>signifi-</strong></span> 
     </span>
    </p>
   </div>
   <div class='ocr_carea' id='block_1_72' title="bbox 1014 1375 1805 1410">
    <p class='ocr_par' dir='ltr' id='par_1_72' title="bbox 1014 1375 1805 1410">
     <span class='ocr_line' id='line_1_72' title="bbox 1014 1375 1805 1410; baseline -0.003 -6"><span class='ocrx_word' id='word_1_517' title='bbox 1014 1377 1124 1410; x_wconf 87' lang='lat' dir='ltr'><strong>cabant,</strong></span> <span class='ocrx_word' id='word_1_518' title='bbox 1139 1378 1260 1404; x_wconf 90' lang='lat' dir='ltr'><strong>omnium</strong></span> <span class='ocrx_word' id='word_1_519' title='bbox 1277 1377 1422 1405; x_wconf 89' lang='lat' dir='ltr'><strong>criminum</strong></span> <span class='ocrx_word' id='word_1_520' title='bbox 1436 1377 1614 1404; x_wconf 80' lang='lat' dir='ltr'><strong>Athanasium</strong></span> <span class='ocrx_word' id='word_1_521' title='bbox 1634 1384 1708 1404; x_wconf 88' lang='lat' dir='ltr'><strong>reum</strong></span> <span class='ocrx_word' id='word_1_522' title='bbox 1722 1375 1805 1404; x_wconf 82' lang='lat' dir='ltr'><strong>fuisse</strong></span> 
     </span>
    </p>
   </div>
   <div class='ocr_carea' id='block_1_73' title="bbox 1015 1421 1806 1457">
    <p class='ocr_par' dir='ltr' id='par_1_73' title="bbox 1015 1421 1806 1457">
     <span class='ocr_line' id='line_1_73' title="bbox 1015 1421 1806 1457; baseline -0.001 -8"><span class='ocrx_word' id='word_1_523' title='bbox 1015 1422 1234 1457; x_wconf 89' lang='lat' dir='ltr'><strong>deprehensum.</strong></span> <span class='ocrx_word' id='word_1_524' title='bbox 1249 1422 1388 1457; x_wconf 85' lang='lat' dir='ltr'><strong>multaque</strong></span> <span class='ocrx_word' id='word_1_525' title='bbox 1409 1429 1503 1450; x_wconf 89' lang='lat' dir='ltr'><strong>eorum</strong></span> <span class='ocrx_word' id='word_1_526' title='bbox 1522 1421 1645 1456; x_wconf 83' lang='lat' dir='ltr'><strong>exempla</strong></span> <span class='ocrx_word' id='word_1_527' title='bbox 1673 1422 1699 1450; x_wconf 93' lang='lat' dir='ltr'><strong>in</strong></span> <span class='ocrx_word' id='word_1_528' title='bbox 1719 1425 1806 1449; x_wconf 86' lang='lat' dir='ltr'><strong>totum</strong></span> 
     </span>
    </p>
   </div>
   <div class='ocr_carea' id='block_1_74' title="bbox 1015 1467 1804 1495">
    <p class='ocr_par' dir='ltr' id='par_1_74' title="bbox 1015 1467 1804 1495">
     <span class='ocr_line' id='line_1_74' title="bbox 1015 1467 1804 1495; baseline -0.003 0"><span class='ocrx_word' id='word_1_529' title='bbox 1015 1467 1107 1495; x_wconf 87' lang='lat' dir='ltr'><strong>orbem</strong></span> <span class='ocrx_word' id='word_1_530' title='bbox 1135 1471 1270 1495; x_wconf 90' lang='lat' dir='ltr'><strong>terrarum</strong></span> <span class='ocrx_word' id='word_1_531' title='bbox 1301 1467 1426 1494; x_wconf 86' lang='lat' dir='ltr'><strong>emisere.</strong></span> <span class='ocrx_word' id='word_1_532' title='bbox 1449 1467 1514 1494; x_wconf 83' lang='lat' dir='ltr'><strong>Rem</strong></span> <span class='ocrx_word' id='word_1_533' title='bbox 1533 1467 1696 1494; x_wconf 88' lang='lat' dir='ltr'><strong>annuntiant</strong></span> <span class='ocrx_word' id='word_1_534' title='bbox 1716 1471 1804 1494; x_wconf 86' lang='lat' dir='ltr'><strong>autem</strong></span> 
     </span>
    </p>
   </div>
   <div class='ocr_carea' id='block_1_75' title="bbox 1015 1513 1805 1548">
    <p class='ocr_par' dir='ltr' id='par_1_75' title="bbox 1015 1513 1805 1548">
     <span class='ocr_line' id='line_1_75' title="bbox 1015 1513 1805 1548; baseline -0.004 -6"><span class='ocrx_word' id='word_1_535' title='bbox 1015 1513 1188 1542; x_wconf 84' lang='lat' dir='ltr'><strong>Constantio.</strong></span> <span class='ocrx_word' id='word_1_536' title='bbox 1206 1513 1299 1548; x_wconf 85' lang='lat' dir='ltr'><strong>itaque</strong></span> <span class='ocrx_word' id='word_1_537' title='bbox 1320 1513 1469 1542; x_wconf 80' lang='lat' dir='ltr'><strong>Athanasio</strong></span> <span class='ocrx_word' id='word_1_538' title='bbox 1487 1515 1521 1542; x_wconf 85' lang='lat' dir='ltr'><strong>de</strong></span> <span class='ocrx_word' id='word_1_539' title='bbox 1546 1514 1606 1542; x_wconf 90' lang='lat' dir='ltr'><strong>loco</strong></span> <span class='ocrx_word' id='word_1_540' title='bbox 1619 1513 1646 1541; x_wconf 92' lang='lat' dir='ltr'><strong>in</strong></span> <span class='ocrx_word' id='word_1_541' title='bbox 1664 1513 1753 1541; x_wconf 86' lang='lat' dir='ltr'><strong>locum</strong></span> <span class='ocrx_word' id='word_1_542' title='bbox 1767 1513 1805 1540; x_wconf 87' lang='lat' dir='ltr'><strong>fu-</strong></span> 
     </span>
    </p>
   </div>
   <div class='ocr_carea' id='block_1_76' title="bbox 1017 1559 1805 1595">
    <p class='ocr_par' dir='ltr' id='par_1_76' title="bbox 1017 1559 1805 1595">
     <span class='ocr_line' id='line_1_76' title="bbox 1017 1559 1805 1595; baseline -0.001 -8"><span class='ocrx_word' id='word_1_543' title='bbox 1017 1568 1081 1595; x_wconf 70' lang='lat' dir='ltr'><strong>gere</strong></span> <span class='ocrx_word' id='word_1_544' title='bbox 1092 1568 1206 1588; x_wconf 86' lang='lat' dir='ltr'><strong>necesse</strong></span> <span class='ocrx_word' id='word_1_545' title='bbox 1220 1560 1281 1593; x_wconf 79' lang='lat' dir='ltr'><strong>fuit,</strong></span> <span class='ocrx_word' id='word_1_546' title='bbox 1294 1567 1356 1588; x_wconf 90' lang='lat' dir='ltr'><strong>cum</strong></span> <span class='ocrx_word' id='word_1_547' title='bbox 1368 1561 1544 1588; x_wconf 82' lang='lat' dir='ltr'><strong>vehementer</strong></span> <span class='ocrx_word' id='word_1_548' title='bbox 1556 1559 1654 1594; x_wconf 91' lang='lat' dir='ltr'><strong>ubique</strong></span> <span class='ocrx_word' id='word_1_549' title='bbox 1664 1559 1805 1594; x_wconf 83' lang='lat' dir='ltr'><strong>perquire-</strong></span> 
     </span>
    </p>
   </div>
   <div class='ocr_carea' id='block_1_77' title="bbox 1018 1606 1805 1641">
    <p class='ocr_par' dir='ltr' id='par_1_77' title="bbox 1018 1606 1805 1641">
     <span class='ocr_line' id='line_1_77' title="bbox 1018 1606 1805 1641; baseline -0.001 -8"><span class='ocrx_word' id='word_1_550' title='bbox 1018 1611 1109 1639; x_wconf 86' lang='lat' dir='ltr'><strong>retur;</strong></span> <span class='ocrx_word' id='word_1_551' title='bbox 1131 1607 1199 1633; x_wconf 91' lang='lat' dir='ltr'><strong>adco</strong></span> <span class='ocrx_word' id='word_1_552' title='bbox 1217 1610 1247 1633; x_wconf 94' lang='lat' dir='ltr'><strong>ut</strong></span> <span class='ocrx_word' id='word_1_553' title='bbox 1262 1613 1360 1641; x_wconf 68' lang='lat' dir='ltr'><strong>magna</strong></span> <span class='ocrx_word' id='word_1_554' title='bbox 1383 1606 1418 1633; x_wconf 90' lang='lat' dir='ltr'><strong>iis</strong></span> <span class='ocrx_word' id='word_1_555' title='bbox 1442 1607 1552 1641; x_wconf 62' lang='lat' dir='ltr'><strong>praemia</strong></span> <span class='ocrx_word' id='word_1_556' title='bbox 1579 1609 1805 1641; x_wconf 84' lang='lat' dir='ltr'><strong>proponerentur,</strong></span> 
     </span>
    </p>
   </div>
   <div class='ocr_carea' id='block_1_78' title="bbox 1015 1650 1806 1687">
    <p class='ocr_par' dir='ltr' id='par_1_78' title="bbox 1015 1650 1806 1687">
     <span class='ocr_line' id='line_1_78' title="bbox 1015 1650 1806 1687; baseline -0.004 -7"><span class='ocrx_word' id='word_1_557' title='bbox 1015 1653 1060 1687; x_wconf 88' lang='lat' dir='ltr'><strong>qui</strong></span> <span class='ocrx_word' id='word_1_558' title='bbox 1079 1653 1233 1687; x_wconf 90' lang='lat' dir='ltr'><strong>ubicunque</strong></span> <span class='ocrx_word' id='word_1_559' title='bbox 1247 1653 1383 1680; x_wconf 87' lang='lat' dir='ltr'><strong>inventum</strong></span> <span class='ocrx_word' id='word_1_560' title='bbox 1402 1652 1477 1680; x_wconf 90' lang='lat' dir='ltr'><strong>illum</strong></span> <span class='ocrx_word' id='word_1_561' title='bbox 1495 1652 1655 1680; x_wconf 82' lang='lat' dir='ltr'><strong>indicarent.</strong></span> <span class='ocrx_word' id='word_1_562' title='bbox 1675 1650 1806 1678; x_wconf 75' lang='lat' dir='ltr'><strong>Civitates</strong></span> 
     </span>
    </p>
   </div>
   <div class='ocr_carea' id='block_1_79' title="bbox 1016 1697 1806 1733">
    <p class='ocr_par' dir='ltr' id='par_1_79' title="bbox 1016 1697 1806 1733">
     <span class='ocr_line' id='line_1_79' title="bbox 1016 1697 1806 1733; baseline -0.001 -8"><span class='ocrx_word' id='word_1_563' title='bbox 1016 1699 1095 1726; x_wconf 87' lang='lat' dir='ltr'><strong>simul</strong></span> <span class='ocrx_word' id='word_1_564' title='bbox 1107 1706 1202 1726; x_wconf 87' lang='lat' dir='ltr'><strong>omnes</strong></span> <span class='ocrx_word' id='word_1_565' title='bbox 1216 1699 1406 1732; x_wconf 87' lang='lat' dir='ltr'><strong>movebantur,</strong></span> <span class='ocrx_word' id='word_1_566' title='bbox 1422 1703 1448 1726; x_wconf 91' lang='lat' dir='ltr'><strong>et</strong></span> <span class='ocrx_word' id='word_1_567' title='bbox 1464 1699 1649 1733; x_wconf 80' lang='lat' dir='ltr'><strong>magistratus,</strong></span> <span class='ocrx_word' id='word_1_568' title='bbox 1662 1697 1806 1732; x_wconf 87' lang='lat' dir='ltr'><strong>aliquando</strong></span> 
     </span>
    </p>
   </div>
   <div class='ocr_carea' id='block_1_80' title="bbox 1015 1743 1804 1780">
    <p class='ocr_par' dir='ltr' id='par_1_80' title="bbox 1015 1743 1804 1780">
     <span class='ocr_line' id='line_1_80' title="bbox 1015 1743 1804 1780; baseline -0.004 -8"><span class='ocrx_word' id='word_1_569' title='bbox 1015 1745 1124 1779; x_wconf 83' lang='lat' dir='ltr'><strong>praemia</strong></span> <span class='ocrx_word' id='word_1_570' title='bbox 1140 1744 1317 1772; x_wconf 88' lang='lat' dir='ltr'><strong>decernentes</strong></span> <span class='ocrx_word' id='word_1_571' title='bbox 1338 1745 1381 1779; x_wconf 86' lang='lat' dir='ltr'><strong>iis,</strong></span> <span class='ocrx_word' id='word_1_572' title='bbox 1410 1745 1457 1779; x_wconf 88' lang='lat' dir='ltr'><strong>qui</strong></span> <span class='ocrx_word' id='word_1_573' title='bbox 1479 1745 1552 1780; x_wconf 88' lang='lat' dir='ltr'><strong>pacis</strong></span> <span class='ocrx_word' id='word_1_574' title='bbox 1572 1751 1636 1779; x_wconf 75' lang='lat' dir='ltr'><strong>ergo</strong></span> <span class='ocrx_word' id='word_1_575' title='bbox 1665 1743 1804 1771; x_wconf 83' lang='lat' dir='ltr'><strong>constituti</strong></span> 
     </span>
    </p>
   </div>
   <div class='ocr_carea' id='block_1_81' title="bbox 1015 1793 1805 1828">
    <p class='ocr_par' dir='ltr' id='par_1_81' title="bbox 1015 1793 1805 1828">
     <span class='ocr_line' id='line_1_81' title="bbox 1015 1793 1805 1828; baseline -0.001 -8"><span class='ocrx_word' id='word_1_576' title='bbox 1015 1798 1123 1826; x_wconf 88' lang='lat' dir='ltr'><strong>essent;</strong></span> <span class='ocrx_word' id='word_1_577' title='bbox 1151 1793 1297 1826; x_wconf 85' lang='lat' dir='ltr'><strong>aliquando</strong></span> <span class='ocrx_word' id='word_1_578' title='bbox 1324 1794 1543 1828; x_wconf 74' lang='lat' dir='ltr'><strong>capitis‘ptenam</strong></span> <span class='ocrx_word' id='word_1_579' title='bbox 1567 1793 1593 1819; x_wconf 91' lang='lat' dir='ltr'><strong>in</strong></span> <span class='ocrx_word' id='word_1_580' title='bbox 1607 1796 1805 1827; x_wconf 83' lang='lat' dir='ltr'><strong>persecutores.</strong></span> 
     </span>
    </p>
   </div>
   <div class='ocr_carea' id='block_1_82' title="bbox 1015 1837 1805 1871">
    <p class='ocr_par' dir='ltr' id='par_1_82' title="bbox 1015 1837 1805 1871">
     <span class='ocr_line' id='line_1_82' title="bbox 1015 1837 1805 1871; baseline -0.003 -5"><span class='ocrx_word' id='word_1_581' title='bbox 1015 1839 1065 1866; x_wconf 86' lang='lat' dir='ltr'><strong>nisi</strong></span> <span class='ocrx_word' id='word_1_582' title='bbox 1079 1839 1257 1866; x_wconf 86' lang='lat' dir='ltr'><strong>Athanasium</strong></span> <span class='ocrx_word' id='word_1_583' title='bbox 1287 1839 1377 1866; x_wconf 87' lang='lat' dir='ltr'><strong>vivum</strong></span> <span class='ocrx_word' id='word_1_584' title='bbox 1400 1839 1577 1871; x_wconf 81' lang='lat' dir='ltr'><strong>exhiberem;</strong></span> <span class='ocrx_word' id='word_1_585' title='bbox 1594 1842 1641 1865; x_wconf 92' lang='lat' dir='ltr'><strong>aut</strong></span> <span class='ocrx_word' id='word_1_586' title='bbox 1665 1837 1689 1866; x_wconf 88' lang='lat' dir='ltr'><strong>si</strong></span> <span class='ocrx_word' id='word_1_587' title='bbox 1708 1838 1734 1865; x_wconf 98' lang='lat' dir='ltr'><strong>id</strong></span> <span class='ocrx_word' id='word_1_588' title='bbox 1751 1845 1805 1865; x_wconf 93' lang='lat' dir='ltr'><strong>non</strong></span> 
     </span>
    </p>
   </div>
   <div class='ocr_carea' id='block_1_83' title="bbox 1015 1884 1805 1920">
    <p class='ocr_par' dir='ltr' id='par_1_83' title="bbox 1015 1884 1805 1920">
     <span class='ocr_line' id='line_1_83' title="bbox 1015 1884 1805 1920; baseline -0.001 -8"><span class='ocrx_word' id='word_1_589' title='bbox 1015 1889 1134 1918; x_wconf 84' lang='lat' dir='ltr'><strong>possent,</strong></span> <span class='ocrx_word' id='word_1_590' title='bbox 1156 1890 1238 1919; x_wconf 82' lang='lat' dir='ltr'><strong>caput</strong></span> <span class='ocrx_word' id='word_1_591' title='bbox 1258 1885 1317 1920; x_wconf 86' lang='lat' dir='ltr'><strong>ejus</strong></span> <span class='ocrx_word' id='word_1_592' title='bbox 1337 1885 1475 1917; x_wconf 70' lang='lat' dir='ltr'><strong>afferrent,</strong></span> <span class='ocrx_word' id='word_1_593' title='bbox 1491 1893 1553 1912; x_wconf 90' lang='lat' dir='ltr'><strong>cum</strong></span> <span class='ocrx_word' id='word_1_594' title='bbox 1569 1885 1654 1912; x_wconf 84' lang='lat' dir='ltr'><strong>certis</strong></span> <span class='ocrx_word' id='word_1_595' title='bbox 1672 1884 1805 1911; x_wconf 88' lang='lat' dir='ltr'><strong>evidenti-</strong></span> 
     </span>
    </p>
   </div>
   <div class='ocr_carea' id='block_1_84' title="bbox 1014 1930 1806 1966">
    <p class='ocr_par' dir='ltr' id='par_1_84' title="bbox 1014 1930 1806 1966">
     <span class='ocr_line' id='line_1_84' title="bbox 1014 1930 1806 1966; baseline -0.003 -8"><span class='ocrx_word' id='word_1_596' title='bbox 1014 1933 1118 1966; x_wconf 87' lang='lat' dir='ltr'><strong>busque</strong></span> <span class='ocrx_word' id='word_1_597' title='bbox 1137 1931 1254 1959; x_wconf 79' lang='lat' dir='ltr'><strong>indiciis.</strong></span> <span class='ocrx_word' id='word_1_598' title='bbox 1277 1931 1422 1965; x_wconf 79' lang='lat' dir='ltr'><strong>Postquam</strong></span> <span class='ocrx_word' id='word_1_599' title='bbox 1437 1938 1502 1966; x_wconf 67' lang='lat' dir='ltr'><strong>ergo</strong></span> <span class='ocrx_word' id='word_1_600' title='bbox 1515 1938 1562 1957; x_wconf 79' lang='lat' dir='ltr'><strong>sex</strong></span> <span class='ocrx_word' id='word_1_601' title='bbox 1578 1937 1663 1958; x_wconf 88' lang='lat' dir='ltr'><strong>annos</strong></span> <span class='ocrx_word' id='word_1_602' title='bbox 1677 1930 1704 1956; x_wconf 95' lang='lat' dir='ltr'><strong>in</strong></span> <span class='ocrx_word' id='word_1_603' title='bbox 1724 1933 1806 1963; x_wconf 85' lang='lat' dir='ltr'><strong>puteo</strong></span> 
     </span>
    </p>
   </div>
   <div class='ocr_carea' id='block_1_85' title="bbox 1013 1975 1806 2012">
    <p class='ocr_par' dir='ltr' id='par_1_85' title="bbox 1013 1975 1806 2012">
     <span class='ocr_line' id='line_1_85' title="bbox 1013 1975 1806 2012; baseline -0.004 -7"><span class='ocrx_word' id='word_1_604' title='bbox 1013 1985 1112 2012; x_wconf 86' lang='lat' dir='ltr'><strong>aquam</strong></span> <span class='ocrx_word' id='word_1_605' title='bbox 1136 1985 1188 2006; x_wconf 91' lang='lat' dir='ltr'><strong>non</strong></span> <span class='ocrx_word' id='word_1_606' title='bbox 1204 1978 1322 2005; x_wconf 87' lang='lat' dir='ltr'><strong>habente</strong></span> <span class='ocrx_word' id='word_1_607' title='bbox 1342 1977 1509 2009; x_wconf 88' lang='lat' dir='ltr'><strong>delituisset;</strong></span> <span class='ocrx_word' id='word_1_608' title='bbox 1527 1977 1613 2011; x_wconf 89' lang='lat' dir='ltr'><strong>pridie</strong></span> <span class='ocrx_word' id='word_1_609' title='bbox 1627 1983 1711 2012; x_wconf 89' lang='lat' dir='ltr'><strong>quam</strong></span> <span class='ocrx_word' id='word_1_610' title='bbox 1731 1975 1806 2002; x_wconf 83' lang='lat' dir='ltr'><strong>locus</strong></span> 
     </span>
    </p>
   </div>
   <div class='ocr_carea' id='block_1_86' title="bbox 1013 2019 1806 2058">
    <p class='ocr_par' dir='ltr' id='par_1_86' title="bbox 1013 2019 1806 2058">
     <span class='ocr_line' id='line_1_86' title="bbox 1013 2019 1806 2058; baseline -0.004 -8"><span class='ocrx_word' id='word_1_611' title='bbox 1013 2023 1271 2058; x_wconf 82' lang='lat' dir='ltr'><strong>deprehenderetur,</strong></span> <span class='ocrx_word' id='word_1_612' title='bbox 1296 2030 1329 2050; x_wconf 83' lang='lat' dir='ltr'><strong>ex</strong></span> <span class='ocrx_word' id='word_1_613' title='bbox 1345 2022 1434 2049; x_wconf 86' lang='lat' dir='ltr'><strong>divina</strong></span> <span class='ocrx_word' id='word_1_614' title='bbox 1455 2021 1570 2057; x_wconf 83' lang='lat' dir='ltr'><strong>quadam</strong></span> <span class='ocrx_word' id='word_1_615' title='bbox 1593 2020 1756 2049; x_wconf 83' lang='lat' dir='ltr'><strong>revelatione</strong></span> <span class='ocrx_word' id='word_1_616' title='bbox 1778 2019 1806 2047; x_wconf 82' lang='lat' dir='ltr'><strong>in</strong></span> 
     </span>
    </p>
   </div>
   <div class='ocr_carea' id='block_1_87' title="bbox 1013 2066 1806 2104">
    <p class='ocr_par' dir='ltr' id='par_1_87' title="bbox 1013 2066 1806 2104">
     <span class='ocr_line' id='line_1_87' title="bbox 1013 2066 1806 2104; baseline -0.004 -7"><span class='ocrx_word' id='word_1_617' title='bbox 1013 2070 1097 2097; x_wconf 88' lang='lat' dir='ltr'><strong>alium</strong></span> <span class='ocrx_word' id='word_1_618' title='bbox 1116 2069 1234 2104; x_wconf 75' lang='lat' dir='ltr'><strong>profugit</strong></span> <span class='ocrx_word' id='word_1_619' title='bbox 1259 2069 1357 2096; x_wconf 91' lang='lat' dir='ltr'><strong>locum.</strong></span> <span class='ocrx_word' id='word_1_620' title='bbox 1385 2070 1420 2096; x_wconf 87' lang='lat' dir='ltr'><strong>At</strong></span> <span class='ocrx_word' id='word_1_621' title='bbox 1440 2072 1563 2101; x_wconf 79' lang='lat' dir='ltr'><strong>meluan</strong></span> <span class='ocrx_word' id='word_1_622' title='bbox 1595 2075 1629 2095; x_wconf 89' lang='lat' dir='ltr'><strong>ne</strong></span> <span class='ocrx_word' id='word_1_623' title='bbox 1643 2067 1725 2095; x_wconf 89' lang='lat' dir='ltr'><strong>etiam</strong></span> <span class='ocrx_word' id='word_1_624' title='bbox 1745 2066 1806 2094; x_wconf 76' lang='lat' dir='ltr'><strong>aliis</strong></span> 
     </span>
    </p>
   </div>
   <div class='ocr_carea' id='block_1_88' title="bbox 1013 2113 1803 2151">
    <p class='ocr_par' dir='ltr' id='par_1_88' title="bbox 1013 2113 1803 2151">
     <span class='ocr_line' id='line_1_88' title="bbox 1013 2113 1803 2151; baseline -0.004 -8"><span class='ocrx_word' id='word_1_625' title='bbox 1013 2115 1164 2151; x_wconf 89' lang='lat' dir='ltr'><strong>periculum</strong></span> <span class='ocrx_word' id='word_1_626' title='bbox 1184 2119 1302 2148; x_wconf 80' lang='lat' dir='ltr'><strong>crearet,</strong></span> <span class='ocrx_word' id='word_1_627' title='bbox 1316 2114 1361 2149; x_wconf 89' lang='lat' dir='ltr'><strong>qui</strong></span> <span class='ocrx_word' id='word_1_628' title='bbox 1378 2119 1434 2142; x_wconf 89' lang='lat' dir='ltr'><strong>tum</strong></span> <span class='ocrx_word' id='word_1_629' title='bbox 1453 2114 1504 2142; x_wconf 89' lang='lat' dir='ltr'><strong>sibi</strong></span> <span class='ocrx_word' id='word_1_630' title='bbox 1521 2113 1622 2141; x_wconf 78' lang='lat' dir='ltr'><strong>auxilio</strong></span> <span class='ocrx_word' id='word_1_631' title='bbox 1639 2118 1747 2145; x_wconf 82' lang='lat' dir='ltr'><strong>essent;</strong></span> <span class='ocrx_word' id='word_1_632' title='bbox 1763 2120 1803 2140; x_wconf 85' lang='lat' dir='ltr'><strong>re-</strong></span> 
     </span>
    </p>
   </div>
   <div class='ocr_carea' id='block_1_89' title="bbox 1014 2159 1804 2195">
    <p class='ocr_par' dir='ltr' id='par_1_89' title="bbox 1014 2159 1804 2195">
     <span class='ocr_line' id='line_1_89' title="bbox 1014 2159 1804 2195; baseline -0.006 -6"><span class='ocrx_word' id='word_1_633' title='bbox 1014 2162 1086 2190; x_wconf 87' lang='lat' dir='ltr'><strong>lictis</strong></span> <span class='ocrx_word' id='word_1_634' title='bbox 1098 2161 1283 2190; x_wconf 80' lang='lat' dir='ltr'><strong>Orientalibus</strong></span> <span class='ocrx_word' id='word_1_635' title='bbox 1297 2161 1431 2195; x_wconf 86' lang='lat' dir='ltr'><strong>partibus,</strong></span> <span class='ocrx_word' id='word_1_636' title='bbox 1461 2160 1486 2187; x_wconf 94' lang='lat' dir='ltr'><strong>in</strong></span> <span class='ocrx_word' id='word_1_637' title='bbox 1503 2159 1677 2187; x_wconf 77' lang='lat' dir='ltr'><strong>Occidentem</strong></span> <span class='ocrx_word' id='word_1_638' title='bbox 1697 2166 1726 2185; x_wconf 89' lang='lat' dir='ltr'><strong>se</strong></span> <span class='ocrx_word' id='word_1_639' title='bbox 1738 2165 1804 2185; x_wconf 82' lang='lat' dir='ltr'><strong>con-</strong></span> 
     </span>
    </p>
   </div>
   <div class='ocr_carea' id='block_1_90' title="bbox 1013 2205 1804 2243">
    <p class='ocr_par' dir='ltr' id='par_1_90' title="bbox 1013 2205 1804 2243">
     <span class='ocr_line' id='line_1_90' title="bbox 1013 2205 1804 2243; baseline -0.006 -7"><span class='ocrx_word' id='word_1_640' title='bbox 1013 2210 1076 2242; x_wconf 89' lang='lat' dir='ltr'><strong>fert,</strong></span> <span class='ocrx_word' id='word_1_641' title='bbox 1089 2209 1133 2236; x_wconf 92' lang='lat' dir='ltr'><strong>cui</strong></span> <span class='ocrx_word' id='word_1_642' title='bbox 1154 2208 1306 2243; x_wconf 81' lang='lat' dir='ltr'><strong>imperabat</strong></span> <span class='ocrx_word' id='word_1_643' title='bbox 1326 2207 1462 2235; x_wconf 81' lang='lat' dir='ltr'><strong>Constans</strong></span> <span class='ocrx_word' id='word_1_644' title='bbox 1475 2206 1627 2234; x_wconf 88' lang='lat' dir='ltr'><strong>Constantii</strong></span> <span class='ocrx_word' id='word_1_645' title='bbox 1648 2205 1744 2237; x_wconf 84' lang='lat' dir='ltr'><strong>frater.</strong></span> <span class='ocrx_word' id='word_1_646' title='bbox 1758 2207 1804 2238; x_wconf 90' lang='lat' dir='ltr'><strong>qui</strong></span> 
     </span>
    </p>
   </div>
   <div class='ocr_carea' id='block_1_91' title="bbox 175 2249 964 2290">
    <p class='ocr_par' dir='ltr' id='par_1_91' title="bbox 175 2249 961 2289">
     <span class='ocr_line' id='line_1_91' title="bbox 175 2249 961 2289; baseline 0.004 -12"><span class='ocrx_word' id='word_1_647' title='bbox 175 2249 251 2280; x_wconf 77' lang='grc' dir='ltr'>θείας</span> <span class='ocrx_word' id='word_1_648' title='bbox 278 2251 435 2284; x_wconf 73' lang='grc' dir='ltr'>ἐπιφανείας</span> <span class='ocrx_word' id='word_1_649' title='bbox 467 2252 507 2283; x_wconf 80' lang='grc' dir='ltr'>εἰς</span> <span class='ocrx_word' id='word_1_650' title='bbox 531 2251 622 2288; x_wconf 73' lang='grc' dir='ltr'>ἕτερον</span> <span class='ocrx_word' id='word_1_651' title='bbox 651 2253 732 2280; x_wconf 88' lang='grc' dir='ltr'>τόπον</span> <span class='ocrx_word' id='word_1_652' title='bbox 760 2253 961 2289; x_wconf 81' lang='grc' dir='ltr'>ἀποδιδράσκει.</span> 
     </span>
    </p>
   </div>
   <div class='ocr_carea' id='block_1_92' title="bbox 1016 2249 1804 2290">
    <p class='ocr_par' dir='ltr' id='par_1_92' title="bbox 1016 2253 1804 2290">
     <span class='ocr_line' id='line_1_92' title="bbox 1016 2253 1804 2290; baseline -0.006 -8"><span class='ocrx_word' id='word_1_653' title='bbox 1016 2262 1099 2290; x_wconf 85' lang='lat' dir='ltr'><strong>nuper</strong></span> <span class='ocrx_word' id='word_1_654' title='bbox 1112 2254 1253 2289; x_wconf 87' lang='lat' dir='ltr'><strong>imperium</strong></span> <span class='ocrx_word' id='word_1_655' title='bbox 1268 2254 1436 2282; x_wconf 85' lang='lat' dir='ltr'><strong>Constantini</strong></span> <span class='ocrx_word' id='word_1_656' title='bbox 1457 2253 1550 2281; x_wconf 77' lang='lat' dir='ltr'><strong>fratris</strong></span> <span class='ocrx_word' id='word_1_657' title='bbox 1566 2255 1720 2286; x_wconf 85' lang='lat' dir='ltr'><strong>acceperat,</strong></span> <span class='ocrx_word' id='word_1_658' title='bbox 1741 2257 1804 2286; x_wconf 86' lang='lat' dir='ltr'><strong>per-</strong></span> 
     </span>
    </p>
   </div>
   <div class='ocr_carea' id='block_1_93' title="bbox 176 2297 962 2336">
    <p class='ocr_par' dir='ltr' id='par_1_93' title="bbox 176 2297 962 2336">
     <span class='ocr_line' id='line_1_93' title="bbox 176 2297 962 2336; baseline 0.004 -12"><span class='ocrx_word' id='word_1_659' title='bbox 176 2297 357 2334; x_wconf 82' lang='grc' dir='ltr'>Λογιζόμενος</span> <span class='ocrx_word' id='word_1_660' title='bbox 378 2298 406 2324; x_wconf 80' lang='grc' dir='ltr'>δὲ</span> <span class='ocrx_word' id='word_1_661' title='bbox 434 2298 471 2334; x_wconf 85' lang='grc' dir='ltr'>μὴ</span> <span class='ocrx_word' id='word_1_662' title='bbox 493 2299 540 2326; x_wconf 75' lang='grc' dir='ltr'>καὶ</span> <span class='ocrx_word' id='word_1_663' title='bbox 565 2299 655 2331; x_wconf 79' lang='grc' dir='ltr'>ἄλλοις</span> <span class='ocrx_word' id='word_1_664' title='bbox 673 2299 802 2327; x_wconf 82' lang='grc' dir='ltr'>κινδύνων</span> <span class='ocrx_word' id='word_1_665' title='bbox 820 2301 962 2336; x_wconf 85' lang='grc' dir='ltr'>παραίτιος</span> 
     </span>
    </p>
   </div>
   <div class='ocr_carea' id='block_1_94' title="bbox 1016 2297 1739 2335">
    <p class='ocr_par' dir='ltr' id='par_1_94' title="bbox 1016 2297 1739 2335">
     <span class='ocr_line' id='line_1_94' title="bbox 1016 2297 1739 2335; baseline -0.004 -8"><span class='ocrx_word' id='word_1_666' title='bbox 1016 2300 1098 2335; x_wconf 90' lang='lat' dir='ltr'><strong>empti</strong></span> <span class='ocrx_word' id='word_1_667' title='bbox 1119 2300 1152 2328; x_wconf 89' lang='lat' dir='ltr'><strong>ab</strong></span> <span class='ocrx_word' id='word_1_668' title='bbox 1171 2300 1293 2328; x_wconf 81' lang='lat' dir='ltr'><strong>exercitu</strong></span> <span class='ocrx_word' id='word_1_669' title='bbox 1317 2299 1447 2334; x_wconf 62' lang='lat' dir='ltr'><strong>Aquileia:</strong></span> <span class='ocrx_word' id='word_1_670' title='bbox 1463 2301 1496 2326; x_wconf 85' lang='lat' dir='ltr'><strong>ad</strong></span> <span class='ocrx_word' id='word_1_671' title='bbox 1512 2298 1606 2326; x_wconf 82' lang='lat' dir='ltr'><strong>Alsum</strong></span> <span class='ocrx_word' id='word_1_672' title='bbox 1619 2297 1739 2324; x_wconf 85' lang='lat' dir='ltr'><strong>fluvium.</strong></span> 
     </span>
    </p>
   </div>
   <div class='ocr_carea' id='block_1_95' title="bbox 175 2341 1806 2382">
    <p class='ocr_par' dir='ltr' id='par_1_95' title="bbox 175 2341 1806 2382">
     <span class='ocr_line' id='line_1_95' title="bbox 175 2341 1806 2382; baseline -0.001 -11"><span class='ocrx_word' id='word_1_673' title='bbox 175 2343 287 2380; x_wconf 78' lang='grc' dir='ltr'>γένηται</span> <span class='ocrx_word' id='word_1_674' title='bbox 312 2345 476 2372; x_wconf 20' lang='grc' dir='ltr'>σπεύδουσιν,</span> <span class='ocrx_word' id='word_1_675' title='bbox 492 2345 566 2381; x_wconf 83' lang='grc' dir='ltr'><strong>αὺτῷ</strong></span> <span class='ocrx_word' id='word_1_676' title='bbox 586 2346 752 2382; x_wconf 74' lang='grc' dir='ltr'>ἐπικουρεῖν,</span> <span class='ocrx_word' id='word_1_677' title='bbox 769 2346 908 2374; x_wconf 84' lang='grc' dir='ltr'>ἀπολιπὼν</span> <span class='ocrx_word' id='word_1_678' title='bbox 925 2347 958 2374; x_wconf 86' lang='grc' dir='ltr'><strong>τά</strong></span> <span class='ocrx_word' id='word_1_679' title='bbox 976 2346 1123 2374; x_wconf 85' lang='grc' dir='ltr'>ἀνατολικὰ</span> <span class='ocrx_word' id='word_1_680' title='bbox 1137 2346 1219 2382; x_wconf 82' lang='grc' dir='ltr'>μέρη,</span> <span class='ocrx_word' id='word_1_681' title='bbox 1233 2346 1279 2372; x_wconf 76' lang='grc' dir='ltr'><strong>ἐπὶ</strong></span> <span class='ocrx_word' id='word_1_682' title='bbox 1293 2346 1342 2381; x_wconf 86' lang='grc' dir='ltr'>τὴν</span> <span class='ocrx_word' id='word_1_683' title='bbox 1353 2345 1428 2372; x_wconf 82' lang='grc' dir='ltr'>δύσιν</span> <span class='ocrx_word' id='word_1_684' title='bbox 1444 2345 1563 2381; x_wconf 75' lang='grc' dir='ltr'>ἔρχεται,</span> <span class='ocrx_word' id='word_1_685' title='bbox 1576 2342 1610 2380; x_wconf 85' lang='grc' dir='ltr'><strong>ἧς</strong></span> <span class='ocrx_word' id='word_1_686' title='bbox 1634 2341 1704 2379; x_wconf 82' lang='grc' dir='ltr'>ἦρχε</span> <span class='ocrx_word' id='word_1_687' title='bbox 1731 2343 1806 2370; x_wconf 78' lang='grc' dir='ltr'><strong>Κών-</strong></span> 
     </span>
    </p>
   </div>
   <div class='ocr_carea' id='block_1_96' title="bbox 176 2389 1805 2430">
    <p class='ocr_par' dir='ltr' id='par_1_96' title="bbox 176 2389 1805 2430">
     <span class='ocr_line' id='line_1_96' title="bbox 176 2389 1805 2430; baseline -0.001 -13"><span class='ocrx_word' id='word_1_688' title='bbox 176 2398 251 2422; x_wconf 85' lang='grc' dir='ltr'>στας,</span> <span class='ocrx_word' id='word_1_689' title='bbox 264 2391 279 2417; x_wconf 83' lang='grc' dir='ltr'>ὁ</span> <span class='ocrx_word' id='word_1_690' title='bbox 293 2391 483 2418; x_wconf 82' lang='grc' dir='ltr'>Κωνσταντίου</span> <span class='ocrx_word' id='word_1_691' title='bbox 503 2391 626 2427; x_wconf 72' lang='grc' dir='ltr'>ἀδελφὸς,</span> <span class='ocrx_word' id='word_1_692' title='bbox 648 2392 711 2428; x_wconf 74' lang='grc' dir='ltr'>ἄρτι</span> <span class='ocrx_word' id='word_1_693' title='bbox 732 2393 792 2419; x_wconf 88' lang='grc' dir='ltr'>τότε</span> <span class='ocrx_word' id='word_1_694' title='bbox 809 2393 859 2427; x_wconf 82' lang='grc' dir='ltr'>τὴν</span> <span class='ocrx_word' id='word_1_695' title='bbox 875 2393 962 2430; x_wconf 79' lang='grc' dir='ltr'>ἀρχὴν</span> <span class='ocrx_word' id='word_1_696' title='bbox 982 2394 1028 2420; x_wconf 74' lang='grc' dir='ltr'><strong>καὶ</strong></span> <span class='ocrx_word' id='word_1_697' title='bbox 1040 2393 1090 2427; x_wconf 86' lang='grc' dir='ltr'>τὴν</span> <span class='ocrx_word' id='word_1_698' title='bbox 1106 2393 1153 2419; x_wconf 78' lang='grc' dir='ltr'>τοῦ</span> <span class='ocrx_word' id='word_1_699' title='bbox 1165 2392 1280 2427; x_wconf 78' lang='grc' dir='ltr'>ἀδελφοῦ</span> <span class='ocrx_word' id='word_1_700' title='bbox 1293 2391 1482 2427; x_wconf 78' lang='grc' dir='ltr'>διαδεξάμενος</span> <span class='ocrx_word' id='word_1_701' title='bbox 1511 2389 1713 2417; x_wconf 77' lang='grc' dir='ltr'>Κωνσταντίνου</span> <span class='ocrx_word' id='word_1_702' title='bbox 1738 2390 1805 2416; x_wconf 87' lang='grc' dir='ltr'>άπο-</span> 
     </span>
    </p>
   </div>
   <div class='ocr_carea' id='block_1_97' title="bbox 175 2437 1310 2478">
    <p class='ocr_par' dir='ltr' id='par_1_97' title="bbox 175 2437 1310 2478">
     <span class='ocr_line' id='line_1_97' title="bbox 175 2437 1310 2478; baseline 0.004 -13"><span class='ocrx_word' id='word_1_703' title='bbox 175 2437 300 2470; x_wconf 84' lang='grc' dir='ltr'>θανόντος</span> <span class='ocrx_word' id='word_1_704' title='bbox 320 2439 443 2466; x_wconf 81' lang='grc' dir='ltr'>ἐπιθέσει</span> <span class='ocrx_word' id='word_1_705' title='bbox 471 2440 519 2467; x_wconf 78' lang='grc' dir='ltr'>τοῦ</span> <span class='ocrx_word' id='word_1_706' title='bbox 541 2440 656 2476; x_wconf 81' lang='grc' dir='ltr'>στρατοῦ</span> <span class='ocrx_word' id='word_1_707' title='bbox 685 2442 754 2477; x_wconf 75' lang='grc' dir='ltr'>πρὸς</span> <span class='ocrx_word' id='word_1_708' title='bbox 768 2442 801 2476; x_wconf 81' lang='grc' dir='ltr'>τῇ</span> <span class='ocrx_word' id='word_1_709' title='bbox 831 2442 966 2478; x_wconf 79' lang='grc' dir='ltr'>’Δκυλιείᾳ</span> <span class='ocrx_word' id='word_1_710' title='bbox 985 2442 1060 2478; x_wconf 86' lang='grc' dir='ltr'>παρὰ</span> <span class='ocrx_word' id='word_1_711' title='bbox 1076 2442 1168 2476; x_wconf 79' lang='grc' dir='ltr'>Ἀλσῳ</span> <span class='ocrx_word' id='word_1_712' title='bbox 1188 2439 1310 2475; x_wconf 76' lang='grc' dir='ltr'>ποταμῷ.</span> 
     </span>
    </p>
   </div>
   <div class='ocr_carea' id='block_1_98' title="bbox 209 2484 964 2524">
    <p class='ocr_par' dir='ltr' id='par_1_98' title="bbox 209 2484 964 2524">
     <span class='ocr_line' id='line_1_98' title="bbox 209 2484 964 2524; baseline 0.004 -12"><span class='ocrx_word' id='word_1_713' title='bbox 209 2485 275 2513; x_wconf 86' lang='lat'><strong>9.&#39;0</strong></span> <span class='ocrx_word' id='word_1_714' title='bbox 290 2487 381 2521; x_wconf 83' lang='grc' dir='ltr'>μέντοι</span> <span class='ocrx_word' id='word_1_715' title='bbox 389 2487 555 2520; x_wconf 85' lang='grc' dir='ltr'>Ἀθανάσιος,</span> <span class='ocrx_word' id='word_1_716' title='bbox 570 2488 654 2516; x_wconf 74' lang='grc' dir='ltr'>ἐλθὼν</span> <span class='ocrx_word' id='word_1_717' title='bbox 669 2484 964 2524; x_wconf 65' lang='grc' dir='ltr'>πρὸςὲπίσίοπονῬώ-</span> 
     </span>
    </p>
   </div>
   <div class='ocr_carea' id='block_1_99' title="bbox 177 2533 965 2570">
    <p class='ocr_par' dir='ltr' id='par_1_99' title="bbox 177 2533 965 2570">
     <span class='ocr_line' id='line_1_99' title="bbox 177 2533 965 2570; baseline 0.004 -12"><span class='ocrx_word' id='word_1_718' title='bbox 177 2540 230 2567; x_wconf 84' lang='grc' dir='ltr'><strong>μης</strong></span> <span class='ocrx_word' id='word_1_719' title='bbox 247 2533 367 2565; x_wconf 82' lang='grc' dir='ltr'>Ἰούλιον,</span> <span class='ocrx_word' id='word_1_720' title='bbox 390 2534 436 2560; x_wconf 76' lang='grc' dir='ltr'><strong>καὶ</strong></span> <span class='ocrx_word' id='word_1_721' title='bbox 453 2535 541 2562; x_wconf 89' lang='grc' dir='ltr'>πάντα</span> <span class='ocrx_word' id='word_1_722' title='bbox 559 2536 592 2562; x_wconf 77' lang='grc' dir='ltr'><strong>τά</strong></span> <span class='ocrx_word' id='word_1_723' title='bbox 619 2534 759 2570; x_wconf 73' lang='grc' dir='ltr'>συμϐάντα</span> <span class='ocrx_word' id='word_1_724' title='bbox 776 2535 851 2570; x_wconf 81' lang='grc' dir='ltr'>αύτῷ</span> <span class='ocrx_word' id='word_1_725' title='bbox 871 2534 965 2570; x_wconf 81' lang='grc' dir='ltr'>διηγη-</span> 
     </span>
    </p>
   </div>
   <div class='ocr_carea' id='block_1_100' title="bbox 177 2577 963 2617">
    <p class='ocr_par' dir='ltr' id='par_1_100' title="bbox 177 2577 963 2617">
     <span class='ocr_line' id='line_1_100' title="bbox 177 2577 963 2617; baseline 0.005 -14"><span class='ocrx_word' id='word_1_726' title='bbox 177 2577 302 2612; x_wconf 81' lang='grc' dir='ltr'>σάμενος,</span> <span class='ocrx_word' id='word_1_727' title='bbox 317 2579 365 2605; x_wconf 84' lang='grc' dir='ltr'><strong>σὺν</strong></span> <span class='ocrx_word' id='word_1_728' title='bbox 386 2579 460 2615; x_wconf 81' lang='grc' dir='ltr'>αὐτῷ</span> <span class='ocrx_word' id='word_1_729' title='bbox 477 2580 638 2617; x_wconf 78' lang='grc' dir='ltr'>γνωρίζουσι</span> <span class='ocrx_word' id='word_1_730' title='bbox 657 2581 703 2608; x_wconf 75' lang='grc' dir='ltr'>καὶ</span> <span class='ocrx_word' id='word_1_731' title='bbox 716 2580 754 2616; x_wconf 86' lang='grc' dir='ltr'><strong>τῷ</strong></span> <span class='ocrx_word' id='word_1_732' title='bbox 769 2581 873 2616; x_wconf 86' lang='grc' dir='ltr'>βασιλεῖ</span> <span class='ocrx_word' id='word_1_733' title='bbox 886 2581 963 2607; x_wconf 79' lang='grc' dir='ltr'><strong>Κών-</strong></span> 
     </span>
    </p>
   </div>
   <div class='ocr_carea' id='block_1_101' title="bbox 176 2625 963 2662">
    <p class='ocr_par' dir='ltr' id='par_1_101' title="bbox 176 2625 963 2662">
     <span class='ocr_line' id='line_1_101' title="bbox 176 2625 963 2662; baseline 0.004 -12"><span class='ocrx_word' id='word_1_734' title='bbox 176 2625 322 2657; x_wconf 73' lang='grc' dir='ltr'>σταντιτάς</span> <span class='ocrx_word' id='word_1_735' title='bbox 333 2627 393 2653; x_wconf 82' lang='grc' dir='ltr'>κατ’</span> <span class='ocrx_word' id='word_1_736' title='bbox 404 2626 485 2654; x_wconf 81' lang='grc' dir='ltr'>αὐτοῦ</span> <span class='ocrx_word' id='word_1_737' title='bbox 496 2627 645 2662; x_wconf 81' lang='grc' dir='ltr'>σκαιωρίας</span> <span class='ocrx_word' id='word_1_738' title='bbox 651 2627 846 2662; x_wconf 84' lang='grc' dir='ltr'>γεγενημένας.</span> <span class='ocrx_word' id='word_1_739' title='bbox 857 2627 963 2661; x_wconf 80' lang='grc' dir='ltr'>Διάγων</span> 
     </span>
    </p>
   </div>
   <div class='ocr_carea' id='block_1_102' title="bbox 175 2670 963 2709">
    <p class='ocr_par' dir='ltr' id='par_1_102' title="bbox 175 2670 963 2709">
     <span class='ocr_line' id='line_1_102' title="bbox 175 2670 963 2709; baseline 0.005 -13"><span class='ocrx_word' id='word_1_740' title='bbox 175 2670 264 2698; x_wconf 88' lang='grc' dir='ltr'>τοίνυν</span> <span class='ocrx_word' id='word_1_741' title='bbox 274 2672 304 2698; x_wconf 85' lang='grc' dir='ltr'>ὲν</span> <span class='ocrx_word' id='word_1_742' title='bbox 311 2673 344 2708; x_wconf 83' lang='grc' dir='ltr'>τῇ</span> <span class='ocrx_word' id='word_1_743' title='bbox 354 2672 445 2709; x_wconf 85' lang='grc' dir='ltr'><strong>Ῥώμῃ</strong></span> <span class='ocrx_word' id='word_1_744' title='bbox 462 2675 476 2700; x_wconf 87' lang='grc' dir='ltr'>ὁ</span> <span class='ocrx_word' id='word_1_745' title='bbox 489 2673 565 2708; x_wconf 77' lang='grc' dir='ltr'>ἅγιος</span> <span class='ocrx_word' id='word_1_746' title='bbox 573 2673 741 2706; x_wconf 80' lang='grc' dir='ltr'>Ἀθανάσιος,</span> <span class='ocrx_word' id='word_1_747' title='bbox 753 2675 800 2700; x_wconf 72' lang='grc' dir='ltr'>καὶ</span> <span class='ocrx_word' id='word_1_748' title='bbox 811 2673 904 2709; x_wconf 84' lang='grc' dir='ltr'>μαθὼν</span> <span class='ocrx_word' id='word_1_749' title='bbox 913 2673 963 2709; x_wconf 83' lang='grc' dir='ltr'>τὴν</span> 
     </span>
    </p>
   </div>
   <div class='ocr_carea' id='block_1_103' title="bbox 175 2716 962 2757">
    <p class='ocr_par' dir='ltr' id='par_1_103' title="bbox 175 2716 962 2757">
     <span class='ocr_line' id='line_1_103' title="bbox 175 2716 962 2757; baseline 0.006 -14"><span class='ocrx_word' id='word_1_750' title='bbox 175 2717 205 2743; x_wconf 83' lang='grc' dir='ltr'>ὲν</span> <span class='ocrx_word' id='word_1_751' title='bbox 221 2716 369 2755; x_wconf 79' lang='grc' dir='ltr'>Ἀντιοχείᾳ</span> <span class='ocrx_word' id='word_1_752' title='bbox 386 2721 616 2756; x_wconf 83' lang='grc' dir='ltr'>συγκροτηθεῖσαν</span> <span class='ocrx_word' id='word_1_753' title='bbox 628 2720 736 2748; x_wconf 86' lang='grc' dir='ltr'>σύνοδον</span> <span class='ocrx_word' id='word_1_754' title='bbox 754 2721 801 2747; x_wconf 74' lang='grc' dir='ltr'><strong>ἐπὶ</strong></span> <span class='ocrx_word' id='word_1_755' title='bbox 815 2721 962 2757; x_wconf 76' lang='grc' dir='ltr'>διαστροφῇ</span> 
     </span>
    </p>
   </div>
   <div class='ocr_carea' id='block_1_104' title="bbox 175 2762 964 2802">
    <p class='ocr_par' dir='ltr' id='par_1_104' title="bbox 175 2762 964 2802">
     <span class='ocr_line' id='line_1_104' title="bbox 175 2762 964 2802; baseline 0.005 -13"><span class='ocrx_word' id='word_1_756' title='bbox 175 2762 225 2798; x_wconf 85' lang='grc' dir='ltr'><strong>τῆς</strong></span> <span class='ocrx_word' id='word_1_757' title='bbox 239 2763 379 2799; x_wconf 79' lang='grc' dir='ltr'>ὀρθοδόξου</span> <span class='ocrx_word' id='word_1_758' title='bbox 397 2766 530 2799; x_wconf 83' lang='grc' dir='ltr'>πίστεως,</span> <span class='ocrx_word' id='word_1_759' title='bbox 551 2767 598 2794; x_wconf 77' lang='grc' dir='ltr'>καὶ</span> <span class='ocrx_word' id='word_1_760' title='bbox 613 2767 663 2802; x_wconf 86' lang='grc' dir='ltr'>τὴν</span> <span class='ocrx_word' id='word_1_761' title='bbox 679 2767 816 2802; x_wconf 81' lang='grc' dir='ltr'>Γεωργίου</span> <span class='ocrx_word' id='word_1_762' title='bbox 829 2767 964 2794; x_wconf 80' lang='grc' dir='ltr'>κατάστα-</span> 
     </span>
    </p>
   </div>
   <div class='ocr_carea' id='block_1_105' title="bbox 176 2811 960 2849">
    <p class='ocr_par' dir='ltr' id='par_1_105' title="bbox 176 2811 960 2849">
     <span class='ocr_line' id='line_1_105' title="bbox 176 2811 960 2849; baseline 0.004 -13"><span class='ocrx_word' id='word_1_763' title='bbox 176 2819 229 2843; x_wconf 77' lang='grc' dir='ltr'>σιν,</span> <span class='ocrx_word' id='word_1_764' title='bbox 246 2811 284 2843; x_wconf 86' lang='grc' dir='ltr'>ὠς</span> <span class='ocrx_word' id='word_1_765' title='bbox 298 2812 339 2838; x_wconf 84' lang='grc' dir='ltr'>ὅτι</span> <span class='ocrx_word' id='word_1_766' title='bbox 361 2814 401 2845; x_wconf 76' lang='grc' dir='ltr'><strong>εἰς</strong></span> <span class='ocrx_word' id='word_1_767' title='bbox 419 2813 464 2840; x_wconf 77' lang='grc' dir='ltr'><strong>τὸν</strong></span> <span class='ocrx_word' id='word_1_768' title='bbox 482 2814 565 2841; x_wconf 87' lang='grc' dir='ltr'>τόπον</span> <span class='ocrx_word' id='word_1_769' title='bbox 577 2813 658 2840; x_wconf 81' lang='grc' dir='ltr'>αὑτοῦ</span> <span class='ocrx_word' id='word_1_770' title='bbox 676 2813 776 2849; x_wconf 76' lang='grc' dir='ltr'>ἤμελλε</span> <span class='ocrx_word' id='word_1_771' title='bbox 793 2812 960 2848; x_wconf 86' lang='grc' dir='ltr'>πέμπεσθαι,</span> 
     </span>
    </p>
   </div>
   <div class='ocr_carea' id='block_1_106' title="bbox 175 2855 963 2894">
    <p class='ocr_par' dir='ltr' id='par_1_106' title="bbox 175 2855 963 2894">
     <span class='ocr_line' id='line_1_106' title="bbox 175 2855 963 2894; baseline 0 -11"><span class='ocrx_word' id='word_1_772' title='bbox 175 2855 279 2891; x_wconf 74' lang='grc' dir='ltr'>εγραφε</span> <span class='ocrx_word' id='word_1_773' title='bbox 299 2857 366 2892; x_wconf 80' lang='grc' dir='ltr'>πρὸς</span> <span class='ocrx_word' id='word_1_774' title='bbox 389 2859 459 2891; x_wconf 59' lang='lat' dir='ltr'><strong>cobet</strong></span> <span class='ocrx_word' id='word_1_775' title='bbox 476 2858 641 2890; x_wconf 74' lang='grc' dir='ltr'>ἐπισκόπους</span> <span class='ocrx_word' id='word_1_776' title='bbox 662 2859 714 2894; x_wconf 85' lang='grc' dir='ltr'><strong>τῆς</strong></span> <span class='ocrx_word' id='word_1_777' title='bbox 733 2858 885 2892; x_wconf 79' lang='grc' dir='ltr'>Αἰγύπτου,</span> <span class='ocrx_word' id='word_1_778' title='bbox 916 2858 963 2884; x_wconf 68' lang='grc' dir='ltr'><strong>καὶ</strong></span> 
     </span>
    </p>
   </div>
   <div class='ocr_carea' id='block_1_107' title="bbox 175 2902 961 2941">
    <p class='ocr_par' dir='ltr' id='par_1_107' title="bbox 175 2902 961 2941">
     <span class='ocr_line' id='line_1_107' title="bbox 175 2902 961 2941; baseline -0.003 -7"><span class='ocrx_word' id='word_1_779' title='bbox 175 2902 221 2929; x_wconf 60' lang='grc' dir='ltr'>ὼν</span> <span class='ocrx_word' id='word_1_780' title='bbox 245 2902 363 2938; x_wconf 81' lang='grc' dir='ltr'>κλῆρον,</span> <span class='ocrx_word' id='word_1_781' title='bbox 391 2905 438 2932; x_wconf 80' lang='grc' dir='ltr'>καὶ</span> <span class='ocrx_word' id='word_1_782' title='bbox 463 2904 526 2933; x_wconf 75' lang='grc' dir='ltr'>λαὸν</span> <span class='ocrx_word' id='word_1_783' title='bbox 551 2905 601 2938; x_wconf 88' lang='grc' dir='ltr'><strong>τῆς</strong></span> <span class='ocrx_word' id='word_1_784' title='bbox 626 2905 819 2941; x_wconf 76' lang='grc' dir='ltr'>Ἀλεξανδρέων</span> <span class='ocrx_word' id='word_1_785' title='bbox 849 2906 961 2938; x_wconf 81' lang='grc' dir='ltr'>πόλεως,</span> 
     </span>
    </p>
   </div>
   <div class='ocr_carea' id='block_1_108' title="bbox 1054 2483 1828 2521">
    <p class='ocr_par' dir='ltr' id='par_1_108' title="bbox 1054 2483 1828 2521">
     <span class='ocr_line' id='line_1_108' title="bbox 1054 2483 1828 2521; baseline -0.008 -6"><span class='ocrx_word' id='word_1_786' title='bbox 1054 2490 1080 2517; x_wconf 88' lang='lat'><strong>9.</strong></span> <span class='ocrx_word' id='word_1_787' title='bbox 1096 2488 1262 2515; x_wconf 86' lang='lat' dir='ltr'><strong>Athanasius</strong></span> <span class='ocrx_word' id='word_1_788' title='bbox 1295 2493 1360 2521; x_wconf 77' lang='lat' dir='ltr'><strong>ergo</strong></span> <span class='ocrx_word' id='word_1_789' title='bbox 1381 2486 1518 2520; x_wconf 85' lang='lat' dir='ltr'><strong>profectus</strong></span> <span class='ocrx_word' id='word_1_790' title='bbox 1544 2484 1576 2511; x_wconf 87' lang='lat' dir='ltr'><strong>ad</strong></span> <span class='ocrx_word' id='word_1_791' title='bbox 1593 2483 1693 2511; x_wconf 84' lang='lat' dir='ltr'><strong>Julium</strong></span> <span class='ocrx_word' id='word_1_792' title='bbox 1714 2484 1805 2511; x_wconf 58' lang='lat' dir='ltr'><strong>[tortae</strong></span> <span class='ocrx_word' id='word_1_793' title='bbox 1824 2499 1828 2501; x_wconf 78' lang='lat'><strong><em>-</em></strong></span> 
     </span>
    </p>
   </div>
   <div class='ocr_carea' id='block_1_109' title="bbox 1017 2529 1803 2571">
    <p class='ocr_par' dir='ltr' id='par_1_109' title="bbox 1017 2529 1803 2571">
     <span class='ocr_line' id='line_1_109' title="bbox 1017 2529 1803 2571; baseline -0.01 -8"><span class='ocrx_word' id='word_1_794' title='bbox 1017 2536 1184 2571; x_wconf 87' lang='lat' dir='ltr'><strong>episcopum,</strong></span> <span class='ocrx_word' id='word_1_795' title='bbox 1203 2536 1399 2561; x_wconf 81' lang='lat' dir='ltr'><strong>commemorat</strong></span> <span class='ocrx_word' id='word_1_796' title='bbox 1422 2531 1472 2566; x_wconf 87' lang='lat' dir='ltr'><strong>ipsi</strong></span> <span class='ocrx_word' id='word_1_797' title='bbox 1499 2531 1588 2558; x_wconf 89' lang='lat' dir='ltr'><strong>omnia</strong></span> <span class='ocrx_word' id='word_1_798' title='bbox 1613 2537 1673 2564; x_wconf 62' lang='lat' dir='ltr'><strong>quae</strong></span> <span class='ocrx_word' id='word_1_799' title='bbox 1690 2529 1803 2556; x_wconf 45' lang='lat' dir='ltr'><strong>accidis&#39;</strong></span> 
     </span>
    </p>
   </div>
   <div class='ocr_carea' id='block_1_110' title="bbox 1017 2575 1803 2613">
    <p class='ocr_par' dir='ltr' id='par_1_110' title="bbox 1017 2575 1803 2613">
     <span class='ocr_line' id='line_1_110' title="bbox 1017 2575 1803 2613; baseline -0.011 -4"><span class='ocrx_word' id='word_1_800' title='bbox 1017 2585 1078 2609; x_wconf 86' lang='lat' dir='ltr'><strong>sent</strong></span> <span class='ocrx_word' id='word_1_801' title='bbox 1095 2591 1102 2608; x_wconf 74' lang='grc' dir='ltr'><strong>ι</strong></span> <span class='ocrx_word' id='word_1_802' title='bbox 1119 2581 1199 2608; x_wconf 90' lang='lat' dir='ltr'><strong>ambo</strong></span> <span class='ocrx_word' id='word_1_803' title='bbox 1216 2587 1268 2607; x_wconf 88' lang='lat' dir='ltr'><strong>una</strong></span> <span class='ocrx_word' id='word_1_804' title='bbox 1297 2578 1454 2613; x_wconf 88' lang='lat' dir='ltr'><strong>imperatori</strong></span> <span class='ocrx_word' id='word_1_805' title='bbox 1470 2575 1610 2604; x_wconf 79' lang='lat' dir='ltr'><strong>Constanti</strong></span> <span class='ocrx_word' id='word_1_806' title='bbox 1638 2575 1803 2604; x_wconf 80' lang='lat' dir='ltr'><strong>renuntiant.</strong></span> 
     </span>
    </p>
   </div>
   <div class='ocr_carea' id='block_1_111' title="bbox 1017 2622 1802 2662">
    <p class='ocr_par' dir='ltr' id='par_1_111' title="bbox 1017 2622 1802 2662">
     <span class='ocr_line' id='line_1_111' title="bbox 1017 2622 1802 2662; baseline -0.009 -8"><span class='ocrx_word' id='word_1_807' title='bbox 1017 2635 1076 2662; x_wconf 72' lang='lat' dir='ltr'><strong>qute</strong></span> <span class='ocrx_word' id='word_1_808' title='bbox 1091 2627 1203 2659; x_wconf 89' lang='lat' dir='ltr'><strong>scelera,</strong></span> <span class='ocrx_word' id='word_1_809' title='bbox 1220 2633 1287 2660; x_wconf 83' lang='lat' dir='ltr'><strong>quas</strong></span> <span class='ocrx_word' id='word_1_810' title='bbox 1303 2624 1410 2651; x_wconf 83' lang='lat' dir='ltr'><strong>fraudes</strong></span> <span class='ocrx_word' id='word_1_811' title='bbox 1426 2624 1451 2650; x_wconf 94' lang='lat' dir='ltr'><strong>in</strong></span> <span class='ocrx_word' id='word_1_812' title='bbox 1465 2631 1526 2650; x_wconf 90' lang='lat' dir='ltr'><strong>eum</strong></span> <span class='ocrx_word' id='word_1_813' title='bbox 1540 2622 1685 2649; x_wconf 86' lang='lat' dir='ltr'><strong>machinati</strong></span> <span class='ocrx_word' id='word_1_814' title='bbox 1703 2627 1802 2648; x_wconf 83' lang='lat' dir='ltr'><strong>essent.</strong></span> 
     </span>
    </p>
   </div>
   <div class='ocr_carea' id='block_1_112' title="bbox 1016 2668 1805 2707">
    <p class='ocr_par' dir='ltr' id='par_1_112' title="bbox 1016 2668 1805 2707">
     <span class='ocr_line' id='line_1_112' title="bbox 1016 2668 1805 2707; baseline -0.009 -6"><span class='ocrx_word' id='word_1_815' title='bbox 1016 2674 1082 2701; x_wconf 91' lang='lat' dir='ltr'><strong>Cum</strong></span> <span class='ocrx_word' id='word_1_816' title='bbox 1099 2673 1190 2707; x_wconf 87' lang='lat' dir='ltr'><strong>itaque</strong></span> <span class='ocrx_word' id='word_1_817' title='bbox 1205 2672 1297 2699; x_wconf 74' lang='lat' dir='ltr'><strong>Romae</strong></span> <span class='ocrx_word' id='word_1_818' title='bbox 1313 2670 1424 2705; x_wconf 74' lang='lat' dir='ltr'><strong>degeret</strong></span> <span class='ocrx_word' id='word_1_819' title='bbox 1435 2673 1544 2696; x_wconf 87' lang='lat' dir='ltr'><strong>sanctus</strong></span> <span class='ocrx_word' id='word_1_820' title='bbox 1555 2668 1733 2700; x_wconf 77' lang='lat' dir='ltr'><strong>Athanasius,</strong></span> <span class='ocrx_word' id='word_1_821' title='bbox 1747 2669 1805 2695; x_wconf 85' lang='lat' dir='ltr'><strong>edi-</strong></span> 
     </span>
    </p>
   </div>
   <div class='ocr_carea' id='block_1_113' title="bbox 1017 2715 1804 2754">
    <p class='ocr_par' dir='ltr' id='par_1_113' title="bbox 1017 2715 1804 2754">
     <span class='ocr_line' id='line_1_113' title="bbox 1017 2715 1804 2754; baseline -0.01 -6"><span class='ocrx_word' id='word_1_822' title='bbox 1017 2721 1184 2754; x_wconf 89' lang='lat' dir='ltr'><strong>dicissetque</strong></span> <span class='ocrx_word' id='word_1_823' title='bbox 1204 2723 1325 2746; x_wconf 88' lang='lat' dir='ltr'><strong>coactam</strong></span> <span class='ocrx_word' id='word_1_824' title='bbox 1341 2724 1402 2744; x_wconf 87' lang='lat' dir='ltr'><strong>esse</strong></span> <span class='ocrx_word' id='word_1_825' title='bbox 1420 2715 1574 2742; x_wconf 73' lang='lat' dir='ltr'><strong>Antiochia:</strong></span> <span class='ocrx_word' id='word_1_826' title='bbox 1596 2715 1742 2750; x_wconf 83' lang='lat' dir='ltr'><strong>synodum,</strong></span> <span class='ocrx_word' id='word_1_827' title='bbox 1770 2716 1804 2741; x_wconf 88' lang='lat' dir='ltr'><strong>ad</strong></span> 
     </span>
    </p>
   </div>
   <div class='ocr_carea' id='block_1_114' title="bbox 1016 2760 1805 2796">
    <p class='ocr_par' dir='ltr' id='par_1_114' title="bbox 1016 2760 1805 2796">
     <span class='ocr_line' id='line_1_114' title="bbox 1016 2760 1805 2796; baseline -0.01 -2"><span class='ocrx_word' id='word_1_828' title='bbox 1016 2766 1194 2794; x_wconf 81' lang='lat' dir='ltr'><strong>orthodoxam</strong></span> <span class='ocrx_word' id='word_1_829' title='bbox 1221 2764 1300 2791; x_wconf 82' lang='lat' dir='ltr'><strong>ﬁdem</strong></span> <span class='ocrx_word' id='word_1_830' title='bbox 1319 2762 1505 2794; x_wconf 68' lang='lat' dir='ltr'><strong>evertendam,</strong></span> <span class='ocrx_word' id='word_1_831' title='bbox 1520 2760 1720 2796; x_wconf 73' lang='lat' dir='ltr'><strong>Georgiumque</strong></span> <span class='ocrx_word' id='word_1_832' title='bbox 1739 2767 1805 2787; x_wconf 86' lang='lat' dir='ltr'><strong>con-</strong></span> 
     </span>
    </p>
   </div>
   <div class='ocr_carea' id='block_1_115' title="bbox 1015 2808 1821 2846">
    <p class='ocr_par' dir='ltr' id='par_1_115' title="bbox 1015 2808 1821 2846">
     <span class='ocr_line' id='line_1_115' title="bbox 1015 2808 1821 2846; baseline -0.009 -5"><span class='ocrx_word' id='word_1_833' title='bbox 1015 2811 1190 2844; x_wconf 87' lang='lat' dir='ltr'><strong>stituendum,</strong></span> <span class='ocrx_word' id='word_1_834' title='bbox 1215 2811 1261 2846; x_wconf 89' lang='lat' dir='ltr'><strong>qui</strong></span> <span class='ocrx_word' id='word_1_835' title='bbox 1277 2809 1302 2837; x_wconf 90' lang='lat' dir='ltr'><strong>in</strong></span> <span class='ocrx_word' id='word_1_836' title='bbox 1320 2808 1381 2844; x_wconf 83' lang='lat' dir='ltr'><strong>ejus</strong></span> <span class='ocrx_word' id='word_1_837' title='bbox 1394 2808 1482 2836; x_wconf 87' lang='lat' dir='ltr'><strong>locmn</strong></span> <span class='ocrx_word' id='word_1_838' title='bbox 1496 2809 1645 2835; x_wconf 87' lang='lat' dir='ltr'><strong>mittendus</strong></span> <span class='ocrx_word' id='word_1_839' title='bbox 1657 2811 1740 2839; x_wconf 85' lang='lat' dir='ltr'><strong>esset,</strong></span> <span class='ocrx_word' id='word_1_840' title='bbox 1757 2815 1803 2834; x_wconf 84' lang='lat' dir='ltr'><strong>re-</strong></span> <span class='ocrx_word' id='word_1_841' title='bbox 1817 2827 1821 2829; x_wconf 91' lang='grc'><strong>-</strong></span> 
     </span>
    </p>
   </div>
   <div class='ocr_carea' id='block_1_116' title="bbox 1017 2854 1809 2893">
    <p class='ocr_par' dir='ltr' id='par_1_116' title="bbox 1017 2854 1809 2893">
     <span class='ocr_line' id='line_1_116' title="bbox 1017 2854 1809 2893; baseline -0.006 -8"><span class='ocrx_word' id='word_1_842' title='bbox 1017 2858 1126 2892; x_wconf 87' lang='lat' dir='ltr'><strong>scripsit</strong></span> <span class='ocrx_word' id='word_1_843' title='bbox 1140 2856 1328 2893; x_wconf 57' lang='lat' dir='ltr'><strong>ad&#39;ngyplios</strong></span> <span class='ocrx_word' id='word_1_844' title='bbox 1342 2855 1485 2891; x_wconf 83' lang='lat' dir='ltr'><strong>episcopos</strong></span> <span class='ocrx_word' id='word_1_845' title='bbox 1501 2859 1527 2882; x_wconf 90' lang='lat' dir='ltr'><strong>et</strong></span> <span class='ocrx_word' id='word_1_846' title='bbox 1540 2855 1572 2882; x_wconf 86' lang='lat' dir='ltr'><strong>ad</strong></span> <span class='ocrx_word' id='word_1_847' title='bbox 1589 2854 1693 2882; x_wconf 85' lang='lat' dir='ltr'><strong>elerum</strong></span> <span class='ocrx_word' id='word_1_848' title='bbox 1707 2861 1740 2881; x_wconf 91' lang='lat' dir='ltr'><strong>ac</strong></span> <span class='ocrx_word' id='word_1_849' title='bbox 1755 2861 1809 2888; x_wconf 64' lang='grc' dir='ltr'>ρος--</span> 
     </span>
    </p>
   </div>
   <div class='ocr_carea' id='block_1_117' title="bbox 1017 2900 1817 2940">
    <p class='ocr_par' dir='ltr' id='par_1_117' title="bbox 1017 2900 1817 2940">
     <span class='ocr_line' id='line_1_117' title="bbox 1017 2900 1817 2940; baseline -0.008 -7"><span class='ocrx_word' id='word_1_850' title='bbox 1017 2905 1109 2940; x_wconf 86' lang='lat' dir='ltr'><strong>pulum</strong></span> <span class='ocrx_word' id='word_1_851' title='bbox 1122 2903 1351 2937; x_wconf 78' lang='lat' dir='ltr'><strong>Alexandrinum,</strong></span> <span class='ocrx_word' id='word_1_852' title='bbox 1361 2907 1390 2931; x_wconf 86' lang='lat' dir='ltr'><strong>ut</strong></span> <span class='ocrx_word' id='word_1_853' title='bbox 1403 2907 1595 2931; x_wconf 78' lang='lat' dir='ltr'><strong>aversarentur</strong></span> <span class='ocrx_word' id='word_1_854' title='bbox 1610 2901 1654 2930; x_wconf 80' lang='lat' dir='ltr'><strong>illa</strong></span> <span class='ocrx_word' id='word_1_855' title='bbox 1668 2901 1703 2929; x_wconf 87' lang='lat' dir='ltr'><strong>ab</strong></span> <span class='ocrx_word' id='word_1_856' title='bbox 1720 2900 1817 2934; x_wconf 78' lang='lat' dir='ltr'><strong>impio.</strong></span> 
     </span>
    </p>
   </div>
  </div>
