2027 3042
248 194 365 215 ouum

926 188 1193 217 PRDLEGOMENA.

250 245 316 273 Ario
343 245 517 274 disseminata
547 246 660 275 zizania.
687 249 753 276 Cum
769 248 858 284 itaque
882 251 1034 284 persecutio

1092 250 1266 286 ἐκτρέπεσθαι
1290 251 1388 282 αὐτοὺς
1419 250 1453 276 τὰ
1475 250 1526 277 ὑπὸ
1548 249 1651 284 Ἀρείου
1678 247 1723 275 τοῦ
1753 247 1867 279 ἀσεϐοῦς

251 292 420 326 praevaleret,
433 300 535 320 necnon
552 293 654 321 insidia:
668 296 795 323 adversus
811 302 933 323 sanctum
947 297 1031 328 Atha-

253 339 359 366 nasium
372 339 505 372 Conﬂata,
525 347 639 375 cumque
654 341 687 368 ad
698 341 885 370 Occidentales
899 348 990 378 partes
1003 351 1032 370 se

255 384 412 413 :outulisset
435 385 490 419 ille,
509 385 653 414 Eusebiani
670 393 792 415 statuunt
807 397 932 423 magnum
945 389 1031 418 Atha-

252 430 357 457 nasium
372 431 442 465 apud
456 431 646 467 imperatorem
655 433 840 461 Constantium
854 434 1030 462 calumniari:

250 475 368 510 primum
383 477 503 511 quidem,
520 478 590 512 quod
604 484 697 506 contra
712 487 841 507 cauonem
858 481 960 515 egisset
975 489 989 507 a
1003 489 1033 508 se

252 522 315 548 olim
336 522 486 556 decretura,
500 525 563 558 quia
580 524 684 552 scilicet
711 533 762 552 non
779 527 914 555 communi
933 527 1034 561 episcoe

255 575 346 601 ,orum
366 568 470 596 calculo
486 569 608 596 ordinem
622 571 793 605 episcopatus
808 572 966 606 accepisset.
980 572 1033 599 Re-

251 619 348 641 versus
370 614 456 646 enim,
473 615 594 649 aiebam,
618 617 652 643 ab
667 617 774 648 exsilio,
802 623 897 652 suopte
921 619 1034 646 arbitrio

252 658 396 686 ecclesiam
415 659 524 693 invasit,
538 666 619 695 atque
644 662 670 688 in
683 661 740 695 ejus
759 663 890 697 ingressu,
907 670 978 690 mota
993 671 1034 691 se—

253 703 366 734 ditione.
380 705 457 731 multi
469 705 608 733 interiere.
625 705 680 734 lmo
695 715 736 734 res
750 716 855 742 quoque
866 708 928 744 Tyri
941 715 1034 736 contra

253 749 429 779 Athanasium
441 756 529 785 gestas
545 753 570 778 in
590 753 706 779 medium
720 747 899 781 adducebant.
916 754 971 781 Hoc
986 755 1034 782 ita-

253 803 305 828 que
318 796 398 823 modo
421 796 508 823 virum
532 797 753 829 condemuantes,
774 799 799 825 in
822 799 1033 827 Alexandrinum

253 841 437 876 episcopatum
461 843 631 870 substituunt
667 845 850 880 ordinantque
876 846 1034 881 Gregorium

254 888 397 918 quemdam
415 888 544 916 Arianum
563 899 569 916 :
591 897 644 924 quo
660 896 770 925 peracto
789 891 866 918 ﬁdem
880 892 1034 924 immutant,

254 933 298 960 cui
315 933 371 966 ipso
392 934 540 968 Gregorius
553 935 682 969 Arianus,
707 937 896 964 Alexandriam
917 938 1036 965 nomium
1054 931 1073 958 Β

255 979 404 1014 ingressus.
421 980 566 1008 subscribit
579 985 705 1016 tanquam
718 982 788 1009 illius
799 983 873 1009 urbis
884 983 1035 1017 cpiscopus.

255 1024 389 1052 Eusebius
412 1032 504 1059 porro,
518 1027 624 1053 cunctis
640 1027 772 1054 arbitratur
793 1035 842 1055 suo
860 1029 988 1062 peractis,
1000 1028 1037 1055 le-

255 1071 392 1106 gationem
410 1072 481 1099 misit
499 1073 532 1099 ad
549 1079 671 1101 sanctum
684 1074 783 1101 Julium
802 1075 894 1102 Roma:
905 1076 1039 1110 archiepi-

255 1122 378 1150 scopum,
402 1117 493 1144 missis
515 1118 596 1144 etiam
615 1118 758 1146 calunmiis
771 1121 899 1147 adversus
913 1126 1037 1148 sanctqu

255 1162 433 1189 Athanasium
451 1162 584 1194 conﬂatis,
605 1164 771 1199 rogabatque
790 1170 818 1192 ut
834 1165 982 1200 ipsejudex
1001 1166 1037 1192 fo-

257 1213 298 1236 ret
316 1216 410 1238 eorum
432 1217 492 1244 qua:
515 1215 608 1237 contra
630 1211 807 1238 Athanasium
832 1218 904 1246 gesta
929 1217 1036 1245 essent,

256 1254 304 1281 lite
322 1255 356 1281 ad
372 1262 402 1282 se
423 1261 528 1283 vocata.
545 1255 631 1283 Julius
643 1263 718 1290 ergo,
740 1257 857 1291 acceptis
877 1257 910 1284 ab
924 1257 1040 1286 Eusebio

256 1299 364 1332 litteris,
379 1301 557 1334 expensisque
570 1301 602 1328 iis
611 1309 670 1336 qum
682 1302 857 1329 Athanasium
874 1309 1038 1338 spectarent,

255 1353 317 1373 eum
333 1345 558 1380 deprehendisset
575 1347 601 1374 id
615 1347 715 1382 negotii
736 1347 802 1374 nihil
815 1349 865 1375 nisi
877 1349 1040 1375 calumniam

255 1399 325 1424 esse,
351 1391 440 1426 ipsum
457 1392 684 1419 commemlatitiis
699 1393 830 1420 munitum
853 1394 949 1422 litteris
961 1395 1042 1422 mittit

255 1437 457 1469 Alexandriam,
472 1439 562 1464 sedem
587 1437 624 1464 illi
641 1438 767 1471 restituit,
780 1447 829 1466 nec
840 1439 934 1467 leviter
949 1447 1039 1474 repre-

257 1481 350 1509 bendit
361 1489 407 1509 eos
418 1483 462 1517 qui
474 1487 574 1509 temere
586 1483 657 1510 illum
671 1483 866 1518 deposuissent.
882 1485 947 1512 Cum
963 1486 1042 1520 igitur

255 1527 418 1555 Athanasius
428 1534 612 1562 recuperasset
625 1529 817 1562 Ecclesiatn,et
829 1530 854 1557 id
869 1530 932 1563 illis,
949 1531 994 1566 qui
1009 1532 1042 1558 ad

257 1573 452 1601 Antiochenam
469 1574 598 1608 synodum
614 1580 806 1606 convenerant,
821 1576 938 1603 delatqu
955 1582 1040 1610 esset;

257 1618 361 1651 Ariani,
377 1626 430 1646 non
443 1619 548 1646 modice
567 1619 628 1646 Julii
645 1619 742 1647 litteris
756 1621 918 1655 exasperati,
934 1622 1042 1648 mittunt

255 1665 618 1700 quatuprimumGrcgorium
630 1673 709 1700 quem
723 1666 748 1693 in
761 1666 1042 1694 locumAtbanasiior-

257 1710 391 1738 dinarant.
403 1711 515 1738 Deduin
529 1711 611 1745 igitur
621 1712 977 1747 AlexandriamGregorium
986 1714 1041 1740 Arii

257 1757 376 1784 furorem
387 1757 532 1792 spirantem
541 1758 672 1793 Syriauus
680 1759 743 1792 dux,
759 1763 856 1786 etcum
868 1759 912 1786 illo
923 1765 1043 1787 armatus

257 1803 395 1830 exercitus
413 1803 534 1838 quinque
548 1804 660 1830 millium
685 1803 835 1832 hominum.
862 1806 1043 1833 Accesseruut

259 1853 349 1876 autem
367 1849 400 1876 ad
412 1849 531 1885 illosqui
552 1849 632 1877 isthic
647 1858 708 1877 cum
727 1851 791 1878 Ario
809 1851 970 1879 sentiebant.
985 1854 1043 1885 Quo

261 1899 342 1929 panto
363 1899 454 1922 autem
482 1901 591 1922 sanctus
609 1897 773 1924 Athanasius
797 1897 989 1932 inquirentium
1015 1907 1043 1926 se

261 1949 357 1969 tuanus
374 1941 509 1976 eﬂ‘ugerit,
526 1943 719 1970 enarrandum.
739 1943 856 1978 Vespera
877 1950 946 1976 erat,
960 1952 1043 1980 popu-

261 1988 358 2022 lusque
385 1989 524 2023 sequentis
541 1996 674 2024 synaxeos
693 1989 861 2023 pervigilium
881 1990 1040 2017 celebrabat.

261 2032 457 2067 Venit'autetn,
483 2033 675 2068 instructisque
688 2034 806 2068 undique
827 2035 967 2068 militibus,
988 2037 1042 2063 cir-

261 2079 396 2106 cumsedit
410 2079 563 2108 ecclesiam.
590 2080 700 2115 Magnus
715 2088 803 2108 autem
816 2082 989 2115 Athanasius,
1011 2084 1043 2110 iis

262 2125 421 2161 perspectis,
436 2133 529 2152 curam
542 2126 645 2159 habuit,
661 2134 694 2154 ne
709 2127 780 2161 quod
794 2128 836 2154 sui
853 2135 932 2156 causa
947 2128 1044 2163 populo

261 2171 452 2198 detrimentum
470 2171 549 2204 foret,
569 2172 780 2207 prtecipiensqtte
795 2174 918 2206 diacono,
937 2179 967 2202 ut
981 2183 1041 2202 ora-

262 2218 362 2245 tionem
388 2218 528 2249 indiceret,
545 2227 637 2245 rursus
656 2220 788 2253 psalmum
803 2220 952 2247 cauendum
965 2228 1043 2247 cura-

1086 298 1272 332 ὲπισπαρέντα
1295 297 1410 329 ζιζάνια.
1435 296 1488 323 Τοῦ
1512 295 1630 331 διωγμοῦ
1648 295 1735 321 τοίνυν
1752 295 1867 329 ἐπικρα-

1085 343 1209 374 τοῦντος,
1234 343 1280 369 καὶ
1308 343 1357 378 τῆς
1379 342 1525 377 ἐπιϐουλῆς
1545 341 1594 377 τῆς
1624 340 1694 367 κατὰ
1718 340 1764 367 τοῦ
1789 340 1868 374 ἁγίου

1092 388 1259 420 Ἀθανασίου,
1286 389 1331 414 ἐπὶ
1347 388 1380 415 τὰ
1396 389 1508 423 ἑσπέρια
1522 385 1569 414 οὖν
1586 387 1657 423 μέρη
1678 385 1869 420 ἀναχωρήσαν-

1086 442 1130 464 τος
1152 432 1245 463 αὑτοῦ,
1263 433 1287 458 οι
1302 433 1366 467 περὶ
1381 432 1508 458 Εὐσέϐιον
1528 431 1609 466 ἔργον
1629 430 1747 457 τίθενται
1761 428 1869 456 διαϐάλ-

1085 478 1141 505 λειν
1157 478 1225 514 πρὸς
1238 478 1283 504 τὸν
1298 477 1410 512 βασιλέα
1426 477 1613 503 Κωνστάντιον
1627 476 1672 502 τὸν
1685 475 1770 511 μέγαν
1791 475 1869 502 Ἀθα-

1087 525 1191 551 νάσιον·
1218 523 1324 559 πρῶτον
1340 523 1389 559 μὲν
1414 523 1452 554 ὡς
1470 523 1544 559 παρὰ
1557 523 1655 550 κανόνα
1674 521 1824 558 πράξαντα,
1839 521 1869 548 δν

1086 571 1162 597 αὐτοὶ
1182 570 1284 607 ὦρισαν
1306 570 1378 602 τότε,
1398 570 1438 596 ὅτι
1464 570 1500 605 μὴ
1524 569 1619 606 γνώμῃ
1641 568 1688 595 τοῦ
1708 568 1797 595 κοινοῦ
1816 568 1870 595 τῶν

1086 616 1242 643 ἐπισκόπων
1257 616 1306 651 τὴν
1316 615 1393 648 τάξιν
1405 615 1454 651 τῆς
1467 614 1614 650 ἱερωσύνης
1628 614 1732 641 ἔλαϐεν.
1742 613 1867 640 Ἐπανελο

1087 662 1140 689 θὼν
1165 662 1228 698 γὰρ,
1248 662 1339 696 φησὶν,
1357 661 1411 688 ἀπὸ
1421 661 1471 696 τῆς
1489 661 1606 696 ὲξορίας,
1625 660 1870 696 ὲαυτῷὲπιτρὲψας

1087 710 1126 740 εἰς
1137 709 1186 743 τὴν
1202 708 1347 744 ἐκκλησίαν
1364 707 1549 743 εἰσεπήδησεν,
1567 707 1614 733 καὶ
1635 707 1675 733 ὃτι
1691 708 1719 733 ὲν
1731 707 1764 742 τῇ
1777 706 1872 741 εἰσόδῳ

1088 755 1179 787 αὑτοῦ,
1197 755 1316 786 στάσεως
1332 754 1489 789 γενομένης,
1506 753 1596 780 πολλοὶ
1613 752 1755 779 ἀπέθανον.
1769 753 1805 779 Οὐ
1819 752 1872 788 μὴν

1088 802 1155 829 ἀλλὰ
1167 803 1212 828 καὶ
1230 801 1262 828 τὰ
1282 803 1310 827 ὲν
1325 801 1405 836 Τύρῳ
1424 800 1603 835 πεπραγμένα
1622 795 1872 826 κατὰλἌθανασίου

1088 849 1126 879 εἰς
1138 847 1221 882 μέσον
1237 845 1312 882 ἦγον.
1331 846 1430 872 Τοῦτον
1443 845 1530 871 τοίνυν
1543 845 1588 871 τὸν
1605 845 1703 880 τρόπον
1720 844 1873 879 καταψηφι-

1089 893 1200 928 σάμενοι
1210 891 1303 923 αὑτοῦ,
1312 891 1529 926 προχειρίζονται
1540 889 1686 926 Γρηγόριόν
1693 898 1753 915 τινα
1768 890 1873 924 Ἀρεια-

1087 938 1193 970 νίζοντα
1208 939 1246 969 είς
1261 938 1310 972 τὴν
1331 936 1524 971 Ἀλεξανδρέων
1539 935 1706 969 ἐπισκοπὴν·
1725 934 1771 961 καὶ
1794 933 1874 960 τοῦτο

1087 984 1332 1020 κατεργασάμενοι,
1354 981 1527 1017 μεταποιοῦσι
1552 981 1602 1016 τὴν
1623 980 1723 1010 πίστιν,
1748 981 1776 1005 ἐν
1827 979 1874 1006 καὶ

1088 1030 1234 1065 Γρηγὸριος
1247 1029 1261 1054 ὁ
1276 1028 1424 1064 Ἀρειανὸς,
1439 1030 1521 1063 μήπω
1535 1027 1583 1062 τῆς
1599 1026 1799 1061 ’Δλεξανδρείας
1815 1026 1874 1052 ἐπι-

1088 1076 1148 1108 ϐὰς,
1175 1075 1212 1106 ὡς
1228 1074 1376 1105 ἐπίσκοπος
1402 1073 1486 1108 αὐτῆς
1505 1071 1720 1107 καθυπέγραψεν.
1746 1070 1874 1101 Εὐσέϐιος

1088 1121 1126 1153 δὲ,
1158 1120 1397 1155 κατεργασάμενος
1426 1120 1475 1146 ὅσα
1503 1118 1638 1149 ἐϐούλετο,
1669 1116 1875 1152 διεπρεσϐεύετο

1089 1166 1156 1201 πρὸς
1172 1166 1217 1192 τὸν
1233 1166 1305 1192 δσιον
1329 1165 1436 1191 Ἰούλιον
1451 1164 1495 1190 τὸν
1517 1163 1729 1199 ἀρχιεπίσκοπον
1756 1162 1873 1197 Ῥώμης,

1089 1211 1252 1243 ἀποστείλας
1275 1213 1321 1238 καὶ
1346 1211 1394 1242 τὰς
1416 1210 1592 1240 καττυθείσας
1619 1208 1688 1235 κατὰ
1720 1207 1766 1234 τοῦ
1797 1207 1874 1242 ἁγίου

1096 1258 1253 1284 ’Λθανασίου
1270 1257 1462 1291 συκοφαντίας,
1481 1256 1561 1282 αὐτόν
1580 1264 1608 1281 τε
1626 1254 1722 1289 κριτὴν
1739 1253 1792 1280 τῶν
1806 1252 1876 1279 κατά

1096 1303 1252 1330 ’Λθανασίου
1281 1303 1405 1337 γενέσθαι
1429 1301 1590 1336 παρεκάλει,
1619 1300 1685 1335 πρὸς
1708 1299 1803 1325 ἑαυτὸν
1827 1307 1876 1324 κα-

1089 1350 1187 1376 λοῦντα
1214 1349 1264 1385 τὴν
1282 1349 1370 1383 δίκην.
1395 1348 1543 1383 Δεξάμενος
1555 1345 1601 1373 οὖν
1623 1346 1731 1377 Ἰούλιος
1751 1344 1785 1371 τὰ
1801 1345 1876 1380 παρὰ

1090 1396 1219 1422 Εὑσεϐίου
1234 1395 1395 1431 γράμματα,
1415 1394 1460 1421 καὶ
1473 1394 1598 1428 διαγνοὺς
1614 1392 1646 1419 τὰ
1659 1391 1728 1418 κατὰ
1743 1391 1787 1417 τὸν
1800 1391 1877 1425 ἅγιον

1097 1442 1262 1472 Ἄθανάσιον,
1276 1441 1323 1467 καὶ
1337 1440 1428 1476 μαθὼν
1441 1439 1622 1474 συκοφαντίας
1630 1436 1697 1464 εἶναι
1708 1437 1738 1464 τὸ
1749 1438 1877 1472 πρᾶγμα,

1092 1489 1336 1523 παρῤησιαστικοῖς
1349 1496 1377 1513 τε
1388 1487 1548 1522 γράμμασιν
1563 1484 1703 1521 ὀχυρώσας
1713 1484 1803 1517 αὐτον,
1814 1484 1878 1510 ἁπο-

1093 1534 1194 1560 στέλλει
1215 1534 1260 1560 ἐπὶ
1276 1534 1324 1568 τὴν
1343 1533 1554 1568 Ἀλεξάνδρειαν,
1580 1531 1721 1563 ἀποδιδοὺς
1743 1530 1815 1565 αὑτῷ
1830 1529 1878 1556 καὶ

1093 1580 1137 1605 τὸν
1153 1579 1244 1611 τόπον,
1266 1579 1469 1614 καθαπτόμενος
1490 1579 1521 1605 οὐ
1544 1578 1649 1614 μικρῶς
1665 1578 1718 1604 τῶν
1735 1576 1877 1612 προπετῶς

1093 1625 1174 1652 αὐτὸν
1191 1625 1364 1652 καθελόντων.
1390 1625 1547 1652 ’Λθανασίου
1569 1624 1658 1651 τοίνυν
1682 1622 1878 1653 καταλαϐόντος

1093 1671 1141 1706 τὴν
1168 1671 1263 1697 ἑαυτοῦ
1294 1671 1464 1706 Ἐκκλησίαν,
1494 1671 1625 1706 μαθόντες
1650 1671 1674 1696 οἱ
1704 1671 1733 1696 ἐν
1755 1670 1787 1704 τῇ
1808 1668 1878 1695 κατὰ

1100 1717 1262 1752 Ἀντιόχειαν
1278 1717 1448 1749 συνελθόντες
1462 1717 1572 1752 συνόδῳ,
1590 1718 1636 1743 καὶ
1652 1717 1682 1742 οὐ
1700 1715 1805 1751 μικρῶς
1820 1723 1879 1740 στυ-

1093 1765 1205 1798 φθέντες
1218 1766 1249 1791 ὲκ
1265 1764 1319 1790 τῶν
1335 1764 1408 1800 παρὰ
1426 1764 1535 1790 Ἰουλίου
1547 1763 1718 1799 γραμμάτων
1731 1763 1754 1788 οἱ
1772 1762 1878 1796 Ἀρεια-

1094 1810 1222 1842 νίζοντες,
1237 1810 1282 1837 διὰ
1293 1811 1391 1845 τάχους
1410 1811 1580 1845 ἐκπέμπουσι
1595 1809 1755 1845 Γρηγόριον,
1770 1808 1798 1834 δν
1808 1805 1879 1843 ἦσαν

1094 1857 1154 1882 αντὶ
1165 1855 1212 1882 τοῦ
1221 1856 1298 1890 ἁγίου
1319 1855 1477 1882 Ἀθανασίου
1494 1855 1740 1890 χειροτονήσαντες.
1752 1853 1879 1888 Κατῆγεν

1095 1901 1132 1935 (α)
1152 1899 1198 1927 οὖν
1217 1901 1263 1926 τὸν
1282 1900 1430 1936 Γρηγόριον
1451 1900 1500 1935 τὴν
1525 1900 1628 1935 ’Λρείου
1650 1899 1747 1935 μανίαν
1766 1898 1880 1924 πνέοντα

1094 1946 1139 1972 ὲπὶ
1161 1945 1210 1981 τὴν
1233 1944 1432 1980 ’Λλεξέινδρειαν
1449 1944 1578 1980 Συριανός
1594 1952 1623 1969 τε
1639 1944 1653 1969 ὁ
1675 1941 1824 1977 στρατηγὸς
1834 1949 1881 1967 κε-

1094 1991 1182 2018 λεύσει
1201 1991 1336 2026 βασιλικῇ,
1355 1991 1402 2017 καὶ
1428 1990 1443 2015 ὁ
1465 1990 1512 2016 σὺν
1534 1989 1607 2024 αὐτῷ
1630 1988 1741 2023 ὁπλίτης
1765 1986 1880 2022 στρατὸς

1094 2037 1202 2073 ἀριθμῷ
1211 2037 1286 2068 ὅντες
1302 2035 1520 2070 πεντακισχίλιοι.
1537 2033 1769 2069 Συνελαμεάνοντο
1787 2032 1814 2058 δὲ
1831 2031 1881 2058 αὐ-

1094 2085 1149 2115 τοῖς
1163 2083 1208 2110 καὶ
1228 2084 1252 2109 ot
1267 2083 1325 2108 ἐκεῖ
1343 2082 1376 2108 τὰ
1400 2081 1503 2117 Ἀρείου
1526 2080 1694 2116 φρονοῦντες.
1711 2079 1805 2109 Ὅπως
1823 2077 1850 2104 δὲ
1866 2080 1881 2104 ὁ

1095 2130 1171 2164 ἅγιος
1198 2128 1354 2159 Ἀθανάσιος
1376 2127 1425 2162 τῆς
1446 2126 1591 2161 ἐκκλησίας
1617 2125 1799 2160 ὲξωθούμενος
1817 2124 1880 2155 τοὺς

1096 2175 1235 2202 συλλαϐεῖν
1267 2174 1346 2200 αὐτὸν
1375 2173 1574 2204 ἐσπουδακότας
1607 2171 1727 2206 διέφυγε,
1759 2169 1878 2197 λεκτέον.

1101 2221 1218 2256 Ἐσπέρα
1236 2219 1290 2255 γὰρ
1302 2218 1350 2255 ἦν’
1370 2221 1384 2246 ὁ
1398 2219 1425 2245 δὲ
1436 2219 1498 2250 λαὸς
1512 2217 1671 2252 ὲπαννύχιζε
1686 2216 1879 2253 προσδοκωμὲ-

261 2265 310 2291 vit.
326 2264 464 2292 Concentu
483 2270 571 2291 autem
588 2265 682 2298 psalmi
707 2265 787 2296 laeto,
804 2272 851 2300 per
863 2273 942 2292 unam
957 2266 1039 2293 eccle-

1095 2276 1142 2302 νης
1156 2266 1300 2299 συνάξεως.
1319 2266 1398 2291 Ἦκει
1413 2265 1441 2290 δὲ
1468 2266 1482 2291 ὸ
1502 2264 1651 2299 στρατηγὸς
1668 2263 1738 2290 κατὰ
1752 2262 1880 2297 φάλαγγα

261 2311 307 2338 sia!
315 2310 427 2344 januam
437 2318 531 2338 omnes
539 2311 671 2338 exierunt.
686 2311 762 2344 Quod
773 2319 834 2338 cum
849 2311 935 2344 ﬁeret,
945 2313 1043 2340 milites

261 2364 355 2384 omnes
370 2357 474 2384 immoti
489 2365 576 2391 neque
587 2364 737 2392 pugnantes
758 2358 920 2385 manebant:
934 2364 1043 2386 sanctus

262 2408 350 2430 autem
376 2403 540 2430 Athanasius
562 2403 588 2430 in
605 2403 692 2430 medio
707 2404 874 2438 psallentiqu
898 2404 1044 2439 praeterivit

262 2449 362 2476 illaesus
375 2449 580 2484 incolumisque.
591 2449 647 2477 Hoc
663 2451 742 2477 modo
755 2458 862 2477 rursum
873 2451 980 2485 elapsus
990 2450 1043 2478 Ro-

263 2503 333 2522 mam
360 2495 436 2530 fugit.
455 2495 577 2530 Tumque
591 2497 688 2530 impius
703 2495 848 2530 Gregorius
866 2497 985 2524 ecclesia:
1000 2504 1044 2531 p0-

263 2543 327 2569 titus
340 2547 392 2569 est.
409 2542 543 2570 Caeterum
555 2542 670 2577 populus
680 2542 879 2570 Alexandrinus
895 2551 983 2570 rerum
997 2551 1043 2577 ge-

261 2594 363 2616 starum
389 2589 541 2624 impatiens,
566 2589 708 2617 ecclesiam
728 2590 846 2625 Dionysii
864 2595 1043 2625 nuncupatam

263 2636 448 2662 incenderunt.
465 2635 532 2662 Cum
545 2640 633 2662 tantus
643 2635 812 2662 Alexandria:
824 2640 893 2663 esset
904 2635 1042 2666 tumultus,

263 2681 372 2709 sanctus
387 2681 483 2709 Paulus
495 2680 808 2715 Constantinopolitauus
827 2681 978 2716 episcopus,
995 2681 1045 2707 Ec-

263 2726 344 2753 clesia
359 2733 483 2759 exactus,
499 2726 620 2761 partibus
634 2727 732 2754 relictis
747 2726 938 2758 Orientalibus,
952 2727 979 2753 in
993 2726 1043 2754 0c-

263 2772 395 2802 cidentem
409 2773 554 2805 concessit,
580 2773 624 2800 ubi
645 2773 778 2800 Constans
797 2774 881 2800 frater
894 2772 1044 2800 Constantii

274 2821 420 2853 mperabat,
437 2827 468 2846 ac
479 2827 540 2846 cum
556 2827 682 2854 magnum
694 2818 871 2846 Athanasium
886 2818 921 2845 ibi
934 2817 1046 2853 reperis—

298 2905 335 2943 (α)
348 2904 432 2934 l'alal.
451 2905 578 2943 κατῆγον.

1095 2312 1177 2344 τάξας
1192 2312 1255 2342 τοὺς
1269 2310 1435 2346 στρατιώτας
1448 2310 1613 2345 πανταχόθεν
1624 2309 1715 2344 κύκλῳ
1727 2308 1775 2344 τῆς
1786 2308 1882 2342 ὲκκληυ

1098 2358 1166 2390 σίας.
1191 2358 1219 2383 Ὁ
1233 2357 1261 2383 δὲ
1280 2357 1365 2392 μέγας
1391 2356 1558 2388 Ἀθανάσιος,
1573 2355 1701 2391 ἑωρακὼς
1717 2355 1752 2382 τὰ
1769 2349 1880 2390 γινόμεὲ

1097 2413 1139 2437 να,
1152 2403 1278 2438 φροντίδα
1287 2402 1400 2434 τίθεται,
1415 2403 1488 2434 ὅπως
1505 2402 1538 2429 ἂν
1557 2401 1674 2438 μηδεμία
1686 2401 1725 2435 τῷ
1740 2400 1797 2436 λαῷ
1814 2400 1879 2436 βλά-

1097 2450 1131 2486 ϐη
1146 2449 1296 2485 γένηταιδι*
1309 2449 1399 2481 αὑτὸν,
1414 2449 1461 2475 καὶ
1471 2447 1622 2483 προστάξας
1638 2446 1752 2482 διακόνῳ
1764 2446 1879 2482 κηρύξαι

1097 2496 1190 2532 εὐχὴν,
1215 2487 1292 2527 αὖθις
1312 2494 1419 2530 ψαλμὸν
1439 2494 1565 2528 λέγεσθαι
1592 2493 1791 2529 παρεσκεύασε.
1808 2492 1882 2527 Συμ-

1098 2542 1199 2576 φωνίας
1212 2550 1241 2567 τε
1259 2542 1290 2567 ἐκ
1310 2540 1357 2567 τοῦ
1379 2539 1484 2575 ψαλμοῦ
1499 2539 1656 2574 γενομένης,
1678 2538 1720 2564 διὰ
1739 2538 1802 2572 μιᾶς
1826 2537 1880 2563 τῶν

1098 2586 1189 2613 πυλῶν
1205 2587 1255 2620 τῆς
1275 2585 1421 2620 ἐκκλησίας
1441 2585 1539 2616 πάντες
1560 2584 1673 2616 ἐξίεσαν.
1692 2583 1792 2609 Τούτου
1809 2590 1877 2617 γινο-

1099 2633 1190 2668 μένου,
1221 2633 1245 2658 oi
1266 2632 1314 2666 μὲν
1335 2631 1497 2666 στρατιῶται
1524 2630 1660 2665 ἀπόμαχοι
1687 2629 1796 2664 ἔμενον·
1819 2628 1834 2654 ό
1851 2627 1879 2655 δὲ

1097 2679 1174 2712 ἅγιος
1198 2677 1351 2708 Ἀθανάσιος
1366 2677 1394 2703 ὲν
1415 2677 1489 2711 μέσῳ
1503 2676 1557 2702 τῶν
1571 2674 1785 2710 ψαλμῳδούντων
1800 2673 1881 2700 ἀϐλα-

1098 2725 1148 2759 ϐὴς
1163 2723 1315 2756 διεσώζετο.
1334 2723 1433 2753 Τοῦτον
1451 2721 1497 2748 τὸν
1519 2721 1619 2757 τρόπον
1638 2719 1785 2755 διαφυγὼν,
1802 2718 1882 2745 πάλιν

1098 2770 1145 2796 ἐπὶ
1158 2770 1207 2804 τὴν
1224 2769 1330 2804 Ῥώμην
1343 2768 1504 2804 ἀνέδραμεν.
1518 2767 1573 2794 Καὶ
1585 2767 1604 2792 Γ
1607 2766 1733 2802 ρηγόριος
1748 2765 1799 2799 μὲν
1820 2763 1881 2790 τότε

1097 2818 1112 2843 ὀ
1136 2815 1236 2851 ἀσεϐὴς
1258 2816 1306 2851 τῆς
1323 2809 1474 2851 ἐκκλησίας
1489 2813 1653 2850 ἐκράτησεν·
1675 2812 1689 2838 ὁ
1705 2811 1734 2838 δὲ
1759 2809 1880 2841 Ἀλεξιν.
