  <div class='ocr_page' id='page_1' title='image "/cluster/home/n/w/nwhite01/storage/ocr_20150623/25/njp.32101010944591/240.png"; bbox 0 0 2027 3042; ppageno 0'>
   <div class='ocr_carea' id='block_1_1' title="bbox 635 165 1323 194">
    <p class='ocr_par' dir='ltr' id='par_1_1' title="bbox 635 165 1323 194">
     <span class='ocr_line' id='line_1_1' title="bbox 635 165 1323 194; baseline 0.001 -1"><span class='ocrx_word' id='word_1_1' title='bbox 635 165 715 194; x_wconf 77' lang='lat' dir='ltr'><strong>YlTA</strong></span> <span class='ocrx_word' id='word_1_2' title='bbox 736 165 766 194; x_wconf 88' lang='lat' dir='ltr'><strong>S.</strong></span> <span class='ocrx_word' id='word_1_3' title='bbox 786 165 974 193; x_wconf 83' lang='lat' dir='ltr'><strong>ATHANASII</strong></span> <span class='ocrx_word' id='word_1_4' title='bbox 994 165 1039 193; x_wconf 80' lang='lat' dir='ltr'><strong><em>EX</em></strong></span> <span class='ocrx_word' id='word_1_5' title='bbox 1058 165 1323 194; x_wconf 78' lang='lat' dir='ltr'><strong>METAPIIRASTE.</strong></span> 
     </span>
    </p>
   </div>
   <div class='ocr_carea' id='block_1_2' title="bbox 1692 172 1798 192">
    <p class='ocr_par' dir='ltr' id='par_1_2' title="bbox 1692 172 1798 192">
     <span class='ocr_line' id='line_1_2' title="bbox 1692 172 1798 192; baseline -0.009 -1"><span class='ocrx_word' id='word_1_6' title='bbox 1692 172 1798 192; x_wconf 57' lang='grc' dir='ltr'>τοίην</span> 
     </span>
    </p>
   </div>
   <div class='ocr_carea' id='block_1_3' title="bbox 177 209 963 261">
    <p class='ocr_par' dir='ltr' id='par_1_3' title="bbox 177 209 963 261">
     <span class='ocr_line' id='line_1_3' title="bbox 177 209 963 261; baseline 0.001 -10"><span class='ocrx_word' id='word_1_7' title='bbox 177 223 263 258; x_wconf 71' lang='grc' dir='ltr'>ὅρέων</span> <span class='ocrx_word' id='word_1_8' title='bbox 277 224 349 258; x_wconf 70' lang='grc' dir='ltr'>λαὸς,</span> <span class='ocrx_word' id='word_1_9' title='bbox 364 209 416 253; x_wconf 81' lang='grc' dir='ltr'>οὐκ</span> <span class='ocrx_word' id='word_1_10' title='bbox 428 226 582 261; x_wconf 78' lang='grc' dir='ltr'><strong>ἐνεγκόντες</strong></span> <span class='ocrx_word' id='word_1_11' title='bbox 593 226 623 253; x_wconf 82' lang='grc' dir='ltr'>τὸ</span> <span class='ocrx_word' id='word_1_12' title='bbox 637 225 758 260; x_wconf 80' lang='grc' dir='ltr'>γεγονὸς,</span> <span class='ocrx_word' id='word_1_13' title='bbox 772 225 820 261; x_wconf 83' lang='grc' dir='ltr'>τὴν</span> <span class='ocrx_word' id='word_1_14' title='bbox 834 225 963 261; x_wconf 81' lang='grc' dir='ltr'>καλουμέ-</span> 
     </span>
    </p>
   </div>
   <div class='ocr_carea' id='block_1_4' title="bbox 1014 209 1796 261">
    <p class='ocr_par' dir='ltr' id='par_1_4' title="bbox 1017 224 1796 261">
     <span class='ocr_line' id='line_1_4' title="bbox 1017 224 1796 261; baseline -0.006 -7"><span class='ocrx_word' id='word_1_15' title='bbox 1017 231 1067 258; x_wconf 84' lang='lat' dir='ltr'><strong>set,</strong></span> <span class='ocrx_word' id='word_1_16' title='bbox 1084 226 1183 254; x_wconf 83' lang='lat' dir='ltr'><strong>Julium</strong></span> <span class='ocrx_word' id='word_1_17' title='bbox 1200 226 1256 254; x_wconf 89' lang='lat' dir='ltr'><strong>adit</strong></span> <span class='ocrx_word' id='word_1_18' title='bbox 1272 226 1500 261; x_wconf 81' lang='lat' dir='ltr'><strong>archiepiscOpum</strong></span> <span class='ocrx_word' id='word_1_19' title='bbox 1512 225 1662 253; x_wconf 78' lang='lat' dir='ltr'><strong>Romanum</strong></span> <span class='ocrx_word' id='word_1_20' title='bbox 1680 232 1688 251; x_wconf 86' lang='lat'><strong>:</strong></span> <span class='ocrx_word' id='word_1_21' title='bbox 1709 224 1796 250; x_wconf 79' lang='lat' dir='ltr'><strong>sumi-</strong></span> 
     </span>
    </p>
   </div>
   <div class='ocr_carea' id='block_1_5' title="bbox 177 270 964 306">
    <p class='ocr_par' dir='ltr' id='par_1_5' title="bbox 177 270 964 306">
     <span class='ocr_line' id='line_1_5' title="bbox 177 270 964 306; baseline 0.001 -10"><span class='ocrx_word' id='word_1_22' title='bbox 177 278 226 305; x_wconf 87' lang='grc' dir='ltr'><strong>νην</strong></span> <span class='ocrx_word' id='word_1_23' title='bbox 240 270 377 297; x_wconf 82' lang='grc' dir='ltr'><strong>Διονυσίου</strong></span> <span class='ocrx_word' id='word_1_24' title='bbox 393 271 540 306; x_wconf 79' lang='grc' dir='ltr'><strong>ἐκκλησίαν</strong></span> <span class='ocrx_word' id='word_1_25' title='bbox 553 271 714 306; x_wconf 81' lang='grc' dir='ltr'>ἐνέπρησαν.</span> <span class='ocrx_word' id='word_1_26' title='bbox 731 271 864 305; x_wconf 80' lang='grc' dir='ltr'><strong>Τοιαύτης</strong></span> <span class='ocrx_word' id='word_1_27' title='bbox 879 271 907 297; x_wconf 80' lang='grc' dir='ltr'>δὲ</span> <span class='ocrx_word' id='word_1_28' title='bbox 920 271 964 297; x_wconf 76' lang='grc' dir='ltr'>ού-</span> 
     </span>
    </p>
   </div>
   <div class='ocr_carea' id='block_1_6' title="bbox 179 314 963 351">
    <p class='ocr_par' dir='ltr' id='par_1_6' title="bbox 179 314 963 351">
     <span class='ocr_line' id='line_1_6' title="bbox 179 314 963 351; baseline 0.003 -11"><span class='ocrx_word' id='word_1_29' title='bbox 179 322 229 349; x_wconf 89' lang='grc' dir='ltr'><strong>σης</strong></span> <span class='ocrx_word' id='word_1_30' title='bbox 241 314 399 350; x_wconf 85' lang='grc' dir='ltr'>συγχύσεως</span> <span class='ocrx_word' id='word_1_31' title='bbox 413 316 485 342; x_wconf 88' lang='grc' dir='ltr'>κατὰ</span> <span class='ocrx_word' id='word_1_32' title='bbox 499 315 549 351; x_wconf 84' lang='grc' dir='ltr'>τὴν</span> <span class='ocrx_word' id='word_1_33' title='bbox 570 315 780 351; x_wconf 83' lang='grc' dir='ltr'>Ἀλεξάνδρειαν,</span> <span class='ocrx_word' id='word_1_34' title='bbox 798 316 845 342; x_wconf 81' lang='grc' dir='ltr'><strong>καὶ</strong></span> <span class='ocrx_word' id='word_1_35' title='bbox 860 317 874 342; x_wconf 80' lang='grc' dir='ltr'>ὁ</span> <span class='ocrx_word' id='word_1_36' title='bbox 888 316 963 350; x_wconf 76' lang='grc' dir='ltr'>ἅγιος</span> 
     </span>
    </p>
   </div>
   <div class='ocr_carea' id='block_1_7' title="bbox 178 359 963 393">
    <p class='ocr_par' dir='ltr' id='par_1_7' title="bbox 178 359 963 393">
     <span class='ocr_line' id='line_1_7' title="bbox 178 359 963 393; baseline 0.004 -8"><span class='ocrx_word' id='word_1_37' title='bbox 178 359 283 391; x_wconf 80' lang='grc' dir='ltr'><strong>Παῦλος</strong></span> <span class='ocrx_word' id='word_1_38' title='bbox 307 361 321 387; x_wconf 83' lang='grc' dir='ltr'>ὁ</span> <span class='ocrx_word' id='word_1_39' title='bbox 350 361 660 392; x_wconf 84' lang='grc' dir='ltr'>Κωνσταντινουπόλεως</span> <span class='ocrx_word' id='word_1_40' title='bbox 677 361 833 393; x_wconf 86' lang='grc' dir='ltr'>ἐπίσκοπος,</span> <span class='ocrx_word' id='word_1_41' title='bbox 854 361 963 393; x_wconf 78' lang='grc' dir='ltr'>ἐξωϐεὶς</span> 
     </span>
    </p>
   </div>
   <div class='ocr_carea' id='block_1_8' title="bbox 178 406 962 442">
    <p class='ocr_par' dir='ltr' id='par_1_8' title="bbox 178 406 962 442">
     <span class='ocr_line' id='line_1_8' title="bbox 178 406 962 442; baseline 0 -10"><span class='ocrx_word' id='word_1_42' title='bbox 178 406 405 441; x_wconf 76' lang='grc' dir='ltr'>τῆςῈκκλησῐας,</span> <span class='ocrx_word' id='word_1_43' title='bbox 416 408 463 434; x_wconf 76' lang='grc' dir='ltr'><strong>καὶ</strong></span> <span class='ocrx_word' id='word_1_44' title='bbox 473 406 611 434; x_wconf 85' lang='grc' dir='ltr'>ἀπολιπὼν</span> <span class='ocrx_word' id='word_1_45' title='bbox 621 407 654 433; x_wconf 85' lang='grc' dir='ltr'>τὰ</span> <span class='ocrx_word' id='word_1_46' title='bbox 668 407 813 434; x_wconf 81' lang='grc' dir='ltr'><strong>ἀνατολικὰ</strong></span> <span class='ocrx_word' id='word_1_47' title='bbox 825 407 905 442; x_wconf 82' lang='grc' dir='ltr'>μέρη,</span> <span class='ocrx_word' id='word_1_48' title='bbox 916 407 962 432; x_wconf 76' lang='grc' dir='ltr'><strong>ἐπὶ</strong></span> 
     </span>
    </p>
   </div>
   <div class='ocr_carea' id='block_1_9' title="bbox 177 450 962 488">
    <p class='ocr_par' dir='ltr' id='par_1_9' title="bbox 177 450 962 488">
     <span class='ocr_line' id='line_1_9' title="bbox 177 450 962 488; baseline 0.001 -11"><span class='ocrx_word' id='word_1_49' title='bbox 177 452 226 487; x_wconf 81' lang='grc' dir='ltr'>τὴν</span> <span class='ocrx_word' id='word_1_50' title='bbox 242 451 317 478; x_wconf 87' lang='grc' dir='ltr'>δύσιν</span> <span class='ocrx_word' id='word_1_51' title='bbox 333 451 452 487; x_wconf 77' lang='grc' dir='ltr'>ἔρχεται,</span> <span class='ocrx_word' id='word_1_52' title='bbox 464 450 498 487; x_wconf 86' lang='grc' dir='ltr'>ἧς</span> <span class='ocrx_word' id='word_1_53' title='bbox 515 450 583 488; x_wconf 76' lang='grc' dir='ltr'>ἦρχε</span> <span class='ocrx_word' id='word_1_54' title='bbox 599 451 729 484; x_wconf 83' lang='grc' dir='ltr'>Κώνοτας</span> <span class='ocrx_word' id='word_1_55' title='bbox 746 454 760 479; x_wconf 86' lang='grc' dir='ltr'>ὁ</span> <span class='ocrx_word' id='word_1_56' title='bbox 773 452 962 479; x_wconf 81' lang='grc' dir='ltr'>Κωνσταντίου</span> 
     </span>
    </p>
   </div>
   <div class='ocr_carea' id='block_1_10' title="bbox 178 496 963 534">
    <p class='ocr_par' dir='ltr' id='par_1_10' title="bbox 178 496 963 534">
     <span class='ocr_line' id='line_1_10' title="bbox 178 496 963 534; baseline 0.001 -11"><span class='ocrx_word' id='word_1_57' title='bbox 178 496 306 531; x_wconf 79' lang='grc' dir='ltr'>ἀδελφός·</span> <span class='ocrx_word' id='word_1_58' title='bbox 331 498 378 524; x_wconf 78' lang='grc' dir='ltr'>καὶ</span> <span class='ocrx_word' id='word_1_59' title='bbox 399 497 486 534; x_wconf 84' lang='grc' dir='ltr'>εὑρὼν</span> <span class='ocrx_word' id='word_1_60' title='bbox 507 498 596 524; x_wconf 79' lang='grc' dir='ltr'>ἐκεῖσε</span> <span class='ocrx_word' id='word_1_61' title='bbox 619 497 664 524; x_wconf 83' lang='grc' dir='ltr'>τὸν</span> <span class='ocrx_word' id='word_1_62' title='bbox 689 498 774 534; x_wconf 86' lang='grc' dir='ltr'>μέγαν</span> <span class='ocrx_word' id='word_1_63' title='bbox 807 497 963 525; x_wconf 79' lang='grc' dir='ltr'>Ἀθανάσιον</span> 
     </span>
    </p>
   </div>
   <div class='ocr_carea' id='block_1_11' title="bbox 177 543 963 581">
    <p class='ocr_par' dir='ltr' id='par_1_11' title="bbox 177 543 963 581">
     <span class='ocr_line' id='line_1_11' title="bbox 177 543 963 581; baseline 0.001 -11"><span class='ocrx_word' id='word_1_64' title='bbox 177 543 314 578; x_wconf 78' lang='grc' dir='ltr'><strong>διάγοντα,</strong></span> <span class='ocrx_word' id='word_1_65' title='bbox 334 544 443 580; x_wconf 76' lang='grc' dir='ltr'>ἔρχεται</span> <span class='ocrx_word' id='word_1_66' title='bbox 461 544 527 580; x_wconf 77' lang='grc' dir='ltr'>πρὸς</span> <span class='ocrx_word' id='word_1_67' title='bbox 547 544 655 571; x_wconf 83' lang='grc' dir='ltr'>Ἰούλιον</span> <span class='ocrx_word' id='word_1_68' title='bbox 673 543 711 579; x_wconf 86' lang='grc' dir='ltr'>(α)</span> <span class='ocrx_word' id='word_1_69' title='bbox 728 545 773 571; x_wconf 77' lang='grc' dir='ltr'><strong>τὸν</strong></span> <span class='ocrx_word' id='word_1_70' title='bbox 789 545 963 581; x_wconf 77' lang='grc' dir='ltr'>ἀρχιεπίσκο-</span> 
     </span>
    </p>
   </div>
   <div class='ocr_carea' id='block_1_12' title="bbox 179 590 963 627">
    <p class='ocr_par' dir='ltr' id='par_1_12' title="bbox 179 590 963 627">
     <span class='ocr_line' id='line_1_12' title="bbox 179 590 963 627; baseline 0.001 -10"><span class='ocrx_word' id='word_1_71' title='bbox 179 599 230 617; x_wconf 86' lang='grc' dir='ltr'>πον</span> <span class='ocrx_word' id='word_1_72' title='bbox 257 590 383 626; x_wconf 83' lang='grc' dir='ltr'>Ῥώμης·</span> <span class='ocrx_word' id='word_1_73' title='bbox 405 591 453 618; x_wconf 77' lang='grc' dir='ltr'>καὶ</span> <span class='ocrx_word' id='word_1_74' title='bbox 480 590 678 626; x_wconf 70' lang='grc' dir='ltr'><strong>διηγησάμενος</strong></span> <span class='ocrx_word' id='word_1_75' title='bbox 702 591 808 618; x_wconf 75' lang='grc' dir='ltr'>ἅπαντα</span> <span class='ocrx_word' id='word_1_76' title='bbox 832 591 908 627; x_wconf 82' lang='grc' dir='ltr'>αὐτῷ</span> <span class='ocrx_word' id='word_1_77' title='bbox 933 600 963 618; x_wconf 86' lang='grc' dir='ltr'><strong>τε</strong></span> 
     </span>
    </p>
   </div>
   <div class='ocr_carea' id='block_1_13' title="bbox 186 636 963 672">
    <p class='ocr_par' dir='ltr' id='par_1_13' title="bbox 186 636 963 672">
     <span class='ocr_line' id='line_1_13' title="bbox 186 636 963 672; baseline 0.001 -10"><span class='ocrx_word' id='word_1_78' title='bbox 186 636 295 672; x_wconf 78' lang='grc' dir='ltr'><strong>Ἰουλίῳ,</strong></span> <span class='ocrx_word' id='word_1_79' title='bbox 310 637 405 672; x_wconf 76' lang='grc' dir='ltr'>καὶτῷ</span> <span class='ocrx_word' id='word_1_80' title='bbox 417 637 476 663; x_wconf 79' lang='grc' dir='ltr'>ἐκεῖ</span> <span class='ocrx_word' id='word_1_81' title='bbox 492 636 608 671; x_wconf 86' lang='grc' dir='ltr'>βασιλεῖ,</span> <span class='ocrx_word' id='word_1_82' title='bbox 627 636 685 672; x_wconf 78' lang='grc' dir='ltr'>ἅμα</span> <span class='ocrx_word' id='word_1_83' title='bbox 706 636 855 672; x_wconf 75' lang='grc' dir='ltr'>’ΔΟανασίῳ</span> <span class='ocrx_word' id='word_1_84' title='bbox 870 637 963 671; x_wconf 85' lang='grc' dir='ltr'>διῆγεν</span> 
     </span>
    </p>
   </div>
   <div class='ocr_carea' id='block_1_14' title="bbox 179 680 966 716">
    <p class='ocr_par' dir='ltr' id='par_1_14' title="bbox 179 680 966 716">
     <span class='ocr_line' id='line_1_14' title="bbox 179 680 966 716; baseline 0.003 -8"><span class='ocrx_word' id='word_1_85' title='bbox 179 682 438 716; x_wconf 75' lang='grc' dir='ltr'>ἐκεῖσε.’Ὲπιγνοὺς</span> <span class='ocrx_word' id='word_1_86' title='bbox 453 680 498 709; x_wconf 84' lang='grc' dir='ltr'>οὖν</span> <span class='ocrx_word' id='word_1_87' title='bbox 510 683 524 709; x_wconf 86' lang='grc' dir='ltr'>ὁ</span> <span class='ocrx_word' id='word_1_88' title='bbox 535 682 666 714; x_wconf 80' lang='grc' dir='ltr'>Κώνστας</span> <span class='ocrx_word' id='word_1_89' title='bbox 677 682 712 709; x_wconf 80' lang='grc' dir='ltr'><strong>τὰ</strong></span> <span class='ocrx_word' id='word_1_90' title='bbox 723 683 793 710; x_wconf 81' lang='grc' dir='ltr'>κατὰ</span> <span class='ocrx_word' id='word_1_91' title='bbox 811 683 966 710; x_wconf 84' lang='grc' dir='ltr'>Ἀθανάσιον</span> 
     </span>
    </p>
   </div>
   <div class='ocr_carea' id='block_1_15' title="bbox 178 726 967 764">
    <p class='ocr_par' dir='ltr' id='par_1_15' title="bbox 178 726 967 764">
     <span class='ocr_line' id='line_1_15' title="bbox 178 726 967 764; baseline 0.004 -11"><span class='ocrx_word' id='word_1_92' title='bbox 178 726 225 754; x_wconf 80' lang='grc' dir='ltr'>καὶ</span> <span class='ocrx_word' id='word_1_93' title='bbox 241 727 355 760; x_wconf 76' lang='grc' dir='ltr'>Παῦλον,</span> <span class='ocrx_word' id='word_1_94' title='bbox 369 729 468 764; x_wconf 70' lang='grc' dir='ltr'>γράφει</span> <span class='ocrx_word' id='word_1_95' title='bbox 481 728 519 763; x_wconf 87' lang='grc' dir='ltr'>τῷ</span> <span class='ocrx_word' id='word_1_96' title='bbox 532 728 639 764; x_wconf 75' lang='grc' dir='ltr'>ἀδελφῷ</span> <span class='ocrx_word' id='word_1_97' title='bbox 656 729 705 764; x_wconf 88' lang='lat' dir='ltr'><strong>(b),</strong></span> <span class='ocrx_word' id='word_1_98' title='bbox 720 729 892 764; x_wconf 80' lang='grc' dir='ltr'><strong>προστάττων</strong></span> <span class='ocrx_word' id='word_1_99' title='bbox 907 729 967 756; x_wconf 83' lang='grc' dir='ltr'>τού-</span> 
     </span>
    </p>
   </div>
   <div class='ocr_carea' id='block_1_16' title="bbox 1016 269 1796 308">
    <p class='ocr_par' dir='ltr' id='par_1_16' title="bbox 1016 269 1796 308">
     <span class='ocr_line' id='line_1_16' title="bbox 1016 269 1796 308; baseline -0.005 -8"><span class='ocrx_word' id='word_1_100' title='bbox 1016 274 1119 308; x_wconf 87' lang='lat' dir='ltr'><strong>busque</strong></span> <span class='ocrx_word' id='word_1_101' title='bbox 1142 271 1212 300; x_wconf 83' lang='lat' dir='ltr'><strong>Julio</strong></span> <span class='ocrx_word' id='word_1_102' title='bbox 1230 277 1258 300; x_wconf 91' lang='lat' dir='ltr'><strong>et</strong></span> <span class='ocrx_word' id='word_1_103' title='bbox 1281 273 1437 307; x_wconf 78' lang='lat' dir='ltr'><strong>imperatori</strong></span> <span class='ocrx_word' id='word_1_104' title='bbox 1463 270 1690 302; x_wconf 67' lang='lat' dir='ltr'><strong>commemoratis,</strong></span> <span class='ocrx_word' id='word_1_105' title='bbox 1716 269 1796 297; x_wconf 88' lang='lat' dir='ltr'><strong>isthic</strong></span> 
     </span>
    </p>
   </div>
   <div class='ocr_carea' id='block_1_17' title="bbox 1015 317 1796 353">
    <p class='ocr_par' dir='ltr' id='par_1_17' title="bbox 1015 317 1796 353">
     <span class='ocr_line' id='line_1_17' title="bbox 1015 317 1796 353; baseline -0.006 -6"><span class='ocrx_word' id='word_1_106' title='bbox 1015 327 1076 347; x_wconf 83' lang='lat' dir='ltr'><strong>cum</strong></span> <span class='ocrx_word' id='word_1_107' title='bbox 1093 319 1240 347; x_wconf 72' lang='lat' dir='ltr'><strong>Athanasio</strong></span> <span class='ocrx_word' id='word_1_108' title='bbox 1257 319 1379 353; x_wconf 77' lang='lat' dir='ltr'><strong>degebat.</strong></span> <span class='ocrx_word' id='word_1_109' title='bbox 1395 318 1527 346; x_wconf 83' lang='lat' dir='ltr'><strong>Constans</strong></span> <span class='ocrx_word' id='word_1_110' title='bbox 1539 317 1630 352; x_wconf 86' lang='lat' dir='ltr'><strong>itaque</strong></span> <span class='ocrx_word' id='word_1_111' title='bbox 1646 323 1708 343; x_wconf 91' lang='lat' dir='ltr'><strong>cum</strong></span> <span class='ocrx_word' id='word_1_112' title='bbox 1721 322 1796 342; x_wconf 90' lang='lat' dir='ltr'><strong>com-</strong></span> 
     </span>
    </p>
   </div>
   <div class='ocr_carea' id='block_1_18' title="bbox 1014 359 1798 400">
    <p class='ocr_par' dir='ltr' id='par_1_18' title="bbox 1014 359 1798 400">
     <span class='ocr_line' id='line_1_18' title="bbox 1014 359 1798 400; baseline -0.006 -8"><span class='ocrx_word' id='word_1_113' title='bbox 1014 365 1129 400; x_wconf 88' lang='lat' dir='ltr'><strong>perisset</strong></span> <span class='ocrx_word' id='word_1_114' title='bbox 1140 372 1171 392; x_wconf 86' lang='lat' dir='ltr'><strong>ea</strong></span> <span class='ocrx_word' id='word_1_115' title='bbox 1184 372 1243 400; x_wconf 69' lang='lat' dir='ltr'><strong>quae</strong></span> <span class='ocrx_word' id='word_1_116' title='bbox 1255 365 1431 392; x_wconf 88' lang='lat' dir='ltr'><strong>Athanasium</strong></span> <span class='ocrx_word' id='word_1_117' title='bbox 1446 369 1472 392; x_wconf 91' lang='lat' dir='ltr'><strong>et</strong></span> <span class='ocrx_word' id='word_1_118' title='bbox 1494 364 1604 391; x_wconf 90' lang='lat' dir='ltr'><strong>Paulum</strong></span> <span class='ocrx_word' id='word_1_119' title='bbox 1633 359 1798 398; x_wconf 76' lang='lat' dir='ltr'><strong>spectarent,</strong></span> 
     </span>
    </p>
   </div>
   <div class='ocr_carea' id='block_1_19' title="bbox 1015 407 1800 446">
    <p class='ocr_par' dir='ltr' id='par_1_19' title="bbox 1015 407 1800 446">
     <span class='ocr_line' id='line_1_19' title="bbox 1015 407 1800 446; baseline -0.005 -8"><span class='ocrx_word' id='word_1_120' title='bbox 1015 411 1104 438; x_wconf 82' lang='lat' dir='ltr'><strong>missis</strong></span> <span class='ocrx_word' id='word_1_121' title='bbox 1121 411 1195 438; x_wconf 85' lang='lat' dir='ltr'><strong>fratri</strong></span> <span class='ocrx_word' id='word_1_122' title='bbox 1209 410 1306 438; x_wconf 85' lang='lat' dir='ltr'><strong>litteris</strong></span> <span class='ocrx_word' id='word_1_123' title='bbox 1318 411 1392 444; x_wconf 81' lang='lat' dir='ltr'><strong>jubet</strong></span> <span class='ocrx_word' id='word_1_124' title='bbox 1406 410 1486 446; x_wconf 86' lang='lat' dir='ltr'><strong>recipi</strong></span> <span class='ocrx_word' id='word_1_125' title='bbox 1497 410 1630 438; x_wconf 88' lang='lat' dir='ltr'><strong>homines.</strong></span> <span class='ocrx_word' id='word_1_126' title='bbox 1642 410 1677 435; x_wconf 92' lang='lat' dir='ltr'><strong>At</strong></span> <span class='ocrx_word' id='word_1_127' title='bbox 1688 415 1746 435; x_wconf 89' lang='lat' dir='ltr'><strong>cum</strong></span> <span class='ocrx_word' id='word_1_128' title='bbox 1758 407 1800 434; x_wconf 84' lang='lat' dir='ltr'><strong>lit-</strong></span> 
     </span>
    </p>
   </div>
   <div class='ocr_carea' id='block_1_20' title="bbox 1014 454 1798 492">
    <p class='ocr_par' dir='ltr' id='par_1_20' title="bbox 1014 454 1798 492">
     <span class='ocr_line' id='line_1_20' title="bbox 1014 454 1798 492; baseline -0.006 -8"><span class='ocrx_word' id='word_1_129' title='bbox 1014 457 1080 484; x_wconf 84' lang='lat' dir='ltr'><strong>teris</strong></span> <span class='ocrx_word' id='word_1_130' title='bbox 1099 457 1269 492; x_wconf 79' lang='lat' dir='ltr'><strong>imperatoris</strong></span> <span class='ocrx_word' id='word_1_131' title='bbox 1297 456 1462 489; x_wconf 85' lang='lat' dir='ltr'><strong>Constantis,</strong></span> <span class='ocrx_word' id='word_1_132' title='bbox 1483 455 1582 490; x_wconf 90' lang='lat' dir='ltr'><strong>quibus</strong></span> <span class='ocrx_word' id='word_1_133' title='bbox 1600 454 1753 486; x_wconf 80' lang='lat' dir='ltr'><strong>mandabat,</strong></span> <span class='ocrx_word' id='word_1_134' title='bbox 1768 456 1798 480; x_wconf 88' lang='lat' dir='ltr'><strong>ut</strong></span> 
     </span>
    </p>
   </div>
   <div class='ocr_carea' id='block_1_21' title="bbox 1014 498 1797 536">
    <p class='ocr_par' dir='ltr' id='par_1_21' title="bbox 1014 498 1797 536">
     <span class='ocr_line' id='line_1_21' title="bbox 1014 498 1797 536; baseline -0.006 -6"><span class='ocrx_word' id='word_1_135' title='bbox 1014 502 1098 530; x_wconf 89' lang='lat' dir='ltr'><strong>Paulo</strong></span> <span class='ocrx_word' id='word_1_136' title='bbox 1108 502 1309 536; x_wconf 86' lang='lat' dir='ltr'><strong>Athanasioque</strong></span> <span class='ocrx_word' id='word_1_137' title='bbox 1322 510 1377 530; x_wconf 66' lang='lat' dir='ltr'><strong>sua:</strong></span> <span class='ocrx_word' id='word_1_138' title='bbox 1399 501 1476 529; x_wconf 82' lang='lat' dir='ltr'><strong>sedes</strong></span> <span class='ocrx_word' id='word_1_139' title='bbox 1495 501 1711 532; x_wconf 78' lang='lat' dir='ltr'><strong>restituerentur,</strong></span> <span class='ocrx_word' id='word_1_140' title='bbox 1732 498 1797 526; x_wconf 71' lang='lat' dir='ltr'><strong>nihil</strong></span> 
     </span>
    </p>
   </div>
   <div class='ocr_carea' id='block_1_22' title="bbox 1016 545 1799 582">
    <p class='ocr_par' dir='ltr' id='par_1_22' title="bbox 1016 545 1799 582">
     <span class='ocr_line' id='line_1_22' title="bbox 1016 545 1799 582; baseline -0.004 -8"><span class='ocrx_word' id='word_1_141' title='bbox 1016 547 1132 582; x_wconf 87' lang='lat' dir='ltr'><strong>amplius</strong></span> <span class='ocrx_word' id='word_1_142' title='bbox 1147 547 1271 575; x_wconf 84' lang='lat' dir='ltr'><strong>eil‘ectum</strong></span> <span class='ocrx_word' id='word_1_143' title='bbox 1288 552 1370 579; x_wconf 85' lang='lat' dir='ltr'><strong>esset,</strong></span> <span class='ocrx_word' id='word_1_144' title='bbox 1390 546 1471 573; x_wconf 89' lang='lat' dir='ltr'><strong>aliam</strong></span> <span class='ocrx_word' id='word_1_145' title='bbox 1485 546 1543 580; x_wconf 87' lang='lat' dir='ltr'><strong>cogi</strong></span> <span class='ocrx_word' id='word_1_146' title='bbox 1557 545 1687 581; x_wconf 81' lang='lat' dir='ltr'><strong>synodum</strong></span> <span class='ocrx_word' id='word_1_147' title='bbox 1702 548 1799 579; x_wconf 87' lang='lat' dir='ltr'><strong>rogant</strong></span> 
     </span>
    </p>
   </div>
   <div class='ocr_carea' id='block_1_23' title="bbox 1014 585 1797 626">
    <p class='ocr_par' dir='ltr' id='par_1_23' title="bbox 1014 585 1797 626">
     <span class='ocr_line' id='line_1_23' title="bbox 1014 585 1797 626; baseline -0.003 -6"><span class='ocrx_word' id='word_1_148' title='bbox 1014 593 1177 621; x_wconf 84' lang='lat' dir='ltr'><strong>Athanasius</strong></span> <span class='ocrx_word' id='word_1_149' title='bbox 1187 599 1214 621; x_wconf 90' lang='lat' dir='ltr'><strong>et</strong></span> <span class='ocrx_word' id='word_1_150' title='bbox 1227 585 1335 626; x_wconf 67' lang='lat' dir='ltr'><strong>Paulus,</strong></span> <span class='ocrx_word' id='word_1_151' title='bbox 1352 597 1381 620; x_wconf 94' lang='lat' dir='ltr'><strong>ut</strong></span> <span class='ocrx_word' id='word_1_152' title='bbox 1394 593 1420 620; x_wconf 91' lang='lat' dir='ltr'><strong>in</strong></span> <span class='ocrx_word' id='word_1_153' title='bbox 1435 593 1599 620; x_wconf 73' lang='lat' dir='ltr'><strong>mcumeniea</strong></span> <span class='ocrx_word' id='word_1_154' title='bbox 1613 591 1724 626; x_wconf 81' lang='lat' dir='ltr'><strong>synodo,</strong></span> <span class='ocrx_word' id='word_1_155' title='bbox 1736 598 1797 618; x_wconf 91' lang='lat' dir='ltr'><strong>cum</strong></span> 
     </span>
    </p>
   </div>
   <div class='ocr_carea' id='block_1_24' title="bbox 1016 636 1799 674">
    <p class='ocr_par' dir='ltr' id='par_1_24' title="bbox 1016 636 1799 674">
     <span class='ocr_line' id='line_1_24' title="bbox 1016 636 1799 674; baseline -0.004 -8"><span class='ocrx_word' id='word_1_156' title='bbox 1016 640 1122 674; x_wconf 80' lang='lat' dir='ltr'><strong>negotia</strong></span> <span class='ocrx_word' id='word_1_157' title='bbox 1139 648 1199 673; x_wconf 89' lang='lat' dir='ltr'><strong>sua,</strong></span> <span class='ocrx_word' id='word_1_158' title='bbox 1211 644 1266 667; x_wconf 89' lang='lat' dir='ltr'><strong>tum</strong></span> <span class='ocrx_word' id='word_1_159' title='bbox 1286 646 1346 673; x_wconf 66' lang='lat' dir='ltr'><strong>quae</strong></span> <span class='ocrx_word' id='word_1_160' title='bbox 1360 639 1438 666; x_wconf 79' lang='lat' dir='ltr'><strong>fidem</strong></span> <span class='ocrx_word' id='word_1_161' title='bbox 1452 643 1616 671; x_wconf 79' lang='lat' dir='ltr'><strong>spectarent,</strong></span> <span class='ocrx_word' id='word_1_162' title='bbox 1629 637 1710 664; x_wconf 81' lang='lat' dir='ltr'><strong>tinem</strong></span> <span class='ocrx_word' id='word_1_163' title='bbox 1726 636 1799 663; x_wconf 89' lang='lat' dir='ltr'><strong>acci-</strong></span> 
     </span>
    </p>
   </div>
   <div class='ocr_carea' id='block_1_25' title="bbox 1019 681 1797 719">
    <p class='ocr_par' dir='ltr' id='par_1_25' title="bbox 1019 681 1797 719">
     <span class='ocr_line' id='line_1_25' title="bbox 1019 681 1797 719; baseline -0.004 -8"><span class='ocrx_word' id='word_1_164' title='bbox 1019 689 1124 719; x_wconf 87' lang='lat' dir='ltr'><strong>perent,</strong></span> <span class='ocrx_word' id='word_1_165' title='bbox 1161 685 1288 712; x_wconf 84' lang='lat' dir='ltr'><strong>docentes</strong></span> <span class='ocrx_word' id='word_1_166' title='bbox 1315 691 1392 711; x_wconf 87' lang='lat' dir='ltr'><strong>suam</strong></span> <span class='ocrx_word' id='word_1_167' title='bbox 1418 683 1669 711; x_wconf 84' lang='lat' dir='ltr'><strong>condemnationem</strong></span> <span class='ocrx_word' id='word_1_168' title='bbox 1690 682 1723 709; x_wconf 88' lang='lat' dir='ltr'><strong>ad</strong></span> <span class='ocrx_word' id='word_1_169' title='bbox 1737 681 1797 709; x_wconf 84' lang='lat' dir='ltr'><strong>ﬁdei</strong></span> 
     </span>
    </p>
   </div>
   <div class='ocr_carea' id='block_1_26' title="bbox 1019 728 1449 757">
    <p class='ocr_par' dir='ltr' id='par_1_26' title="bbox 1019 728 1449 757">
     <span class='ocr_line' id='line_1_26' title="bbox 1019 728 1449 757; baseline 0 -2"><span class='ocrx_word' id='word_1_170' title='bbox 1019 730 1184 757; x_wconf 77' lang='lat' dir='ltr'><strong>eversionem</strong></span> <span class='ocrx_word' id='word_1_171' title='bbox 1201 728 1344 756; x_wconf 87' lang='lat' dir='ltr'><strong>conﬂatam</strong></span> <span class='ocrx_word' id='word_1_172' title='bbox 1357 729 1449 756; x_wconf 78' lang='lat' dir='ltr'><strong>fuisse.</strong></span> 
     </span>
    </p>
   </div>
   <div class='ocr_carea' id='block_1_27' title="bbox 176 773 1799 812">
    <p class='ocr_par' dir='ltr' id='par_1_27' title="bbox 176 773 1799 812">
     <span class='ocr_line' id='line_1_27' title="bbox 176 773 1799 812; baseline 0 -12"><span class='ocrx_word' id='word_1_173' title='bbox 176 783 239 806; x_wconf 88' lang='grc' dir='ltr'>τους</span> <span class='ocrx_word' id='word_1_174' title='bbox 252 774 387 810; x_wconf 79' lang='grc' dir='ltr'><strong>δεχθῆναι.</strong></span> <span class='ocrx_word' id='word_1_175' title='bbox 406 776 459 802; x_wconf 75' lang='grc' dir='ltr'><strong>Καὶ</strong></span> <span class='ocrx_word' id='word_1_176' title='bbox 473 776 597 812; x_wconf 83' lang='grc' dir='ltr'>ἐπείπερ,</span> <span class='ocrx_word' id='word_1_177' title='bbox 621 776 773 811; x_wconf 75' lang='grc' dir='ltr'>γράψαντος</span> <span class='ocrx_word' id='word_1_178' title='bbox 795 776 841 802; x_wconf 85' lang='grc' dir='ltr'>τοῦ</span> <span class='ocrx_word' id='word_1_179' title='bbox 858 776 988 811; x_wconf 79' lang='grc' dir='ltr'>βασιλέως</span> <span class='ocrx_word' id='word_1_180' title='bbox 1006 777 1191 809; x_wconf 78' lang='grc' dir='ltr'>Κώνσταντος,</span> <span class='ocrx_word' id='word_1_181' title='bbox 1209 777 1278 803; x_wconf 80' lang='grc' dir='ltr'>ὥστε</span> <span class='ocrx_word' id='word_1_182' title='bbox 1298 776 1458 812; x_wconf 84' lang='grc' dir='ltr'>ἀποδοθῆναι</span> <span class='ocrx_word' id='word_1_183' title='bbox 1475 775 1572 811; x_wconf 83' lang='grc' dir='ltr'>Παύλῳ</span> <span class='ocrx_word' id='word_1_184' title='bbox 1586 775 1633 802; x_wconf 74' lang='grc' dir='ltr'>καὶ</span> <span class='ocrx_word' id='word_1_185' title='bbox 1650 773 1799 810; x_wconf 78' lang='grc' dir='ltr'>Ἀθανασίῳ</span> 
     </span>
    </p>
   </div>
   <div class='ocr_carea' id='block_1_28' title="bbox 177 820 1799 858">
    <p class='ocr_par' dir='ltr' id='par_1_28' title="bbox 177 820 1799 858">
     <span class='ocr_line' id='line_1_28' title="bbox 177 820 1799 858; baseline -0.001 -11"><span class='ocrx_word' id='word_1_186' title='bbox 177 821 241 852; x_wconf 83' lang='grc' dir='ltr'>τοὺς</span> <span class='ocrx_word' id='word_1_187' title='bbox 258 821 338 854; x_wconf 78' lang='grc' dir='ltr'>ἰδίους</span> <span class='ocrx_word' id='word_1_188' title='bbox 362 822 468 854; x_wconf 78' lang='grc' dir='ltr'>τόπους,</span> <span class='ocrx_word' id='word_1_189' title='bbox 493 823 569 849; x_wconf 77' lang='grc' dir='ltr'>οὐδὲν</span> <span class='ocrx_word' id='word_1_190' title='bbox 581 823 661 850; x_wconf 81' lang='grc' dir='ltr'>πλέον</span> <span class='ocrx_word' id='word_1_191' title='bbox 672 823 780 858; x_wconf 79' lang='grc' dir='ltr'>ἠνύετο·</span> <span class='ocrx_word' id='word_1_192' title='bbox 795 823 901 851; x_wconf 85' lang='grc' dir='ltr'>σύνοδον</span> <span class='ocrx_word' id='word_1_193' title='bbox 914 824 996 858; x_wconf 85' lang='grc' dir='ltr'>ἄλλην</span> <span class='ocrx_word' id='word_1_194' title='bbox 1016 823 1203 858; x_wconf 78' lang='grc' dir='ltr'>παρακαλοῦσι</span> <span class='ocrx_word' id='word_1_195' title='bbox 1220 823 1344 857; x_wconf 81' lang='grc' dir='ltr'>γενέσθαι</span> <span class='ocrx_word' id='word_1_196' title='bbox 1357 823 1382 849; x_wconf 73' lang='grc' dir='ltr'>οἱ</span> <span class='ocrx_word' id='word_1_197' title='bbox 1399 822 1461 858; x_wconf 75' lang='grc' dir='ltr'>περὶ</span> <span class='ocrx_word' id='word_1_198' title='bbox 1478 822 1524 848; x_wconf 80' lang='grc' dir='ltr'>τὸν</span> <span class='ocrx_word' id='word_1_199' title='bbox 1540 822 1616 856; x_wconf 77' lang='grc' dir='ltr'>ἀγιον</span> <span class='ocrx_word' id='word_1_200' title='bbox 1642 820 1799 847; x_wconf 81' lang='grc' dir='ltr'>Ἀθανάσιον</span> 
     </span>
    </p>
   </div>
   <div class='ocr_carea' id='block_1_29' title="bbox 178 866 1799 906">
    <p class='ocr_par' dir='ltr' id='par_1_29' title="bbox 178 866 1799 906">
     <span class='ocr_line' id='line_1_29' title="bbox 178 866 1799 906; baseline 0.001 -14"><span class='ocrx_word' id='word_1_201' title='bbox 178 866 226 892; x_wconf 79' lang='grc' dir='ltr'>καὶ</span> <span class='ocrx_word' id='word_1_202' title='bbox 249 867 373 900; x_wconf 52' lang='grc' dir='ltr'>Παῦλον,</span> <span class='ocrx_word' id='word_1_203' title='bbox 388 868 457 894; x_wconf 83' lang='grc' dir='ltr'>ὥστε</span> <span class='ocrx_word' id='word_1_204' title='bbox 482 869 528 895; x_wconf 70' lang='grc' dir='ltr'>καὶ</span> <span class='ocrx_word' id='word_1_205' title='bbox 550 868 584 895; x_wconf 81' lang='grc' dir='ltr'><strong>τὰ</strong></span> <span class='ocrx_word' id='word_1_206' title='bbox 607 870 667 895; x_wconf 85' lang='grc' dir='ltr'>κατ’</span> <span class='ocrx_word' id='word_1_207' title='bbox 695 869 791 900; x_wconf 78' lang='grc' dir='ltr'>αὐτοὺς</span> <span class='ocrx_word' id='word_1_208' title='bbox 821 869 868 896; x_wconf 69' lang='grc' dir='ltr'>καὶ</span> <span class='ocrx_word' id='word_1_209' title='bbox 893 870 926 897; x_wconf 79' lang='grc' dir='ltr'><strong>τὰ</strong></span> <span class='ocrx_word' id='word_1_210' title='bbox 952 872 1002 906; x_wconf 84' lang='grc' dir='ltr'>τῆς</span> <span class='ocrx_word' id='word_1_211' title='bbox 1025 871 1142 902; x_wconf 79' lang='grc' dir='ltr'>πίστεως</span> <span class='ocrx_word' id='word_1_212' title='bbox 1171 871 1217 897; x_wconf 77' lang='grc' dir='ltr'>ἐπὶ</span> <span class='ocrx_word' id='word_1_213' title='bbox 1245 871 1417 905; x_wconf 79' lang='grc' dir='ltr'>οἰκουμενικῇ</span> <span class='ocrx_word' id='word_1_214' title='bbox 1448 869 1547 904; x_wconf 86' lang='grc' dir='ltr'>συνόδῳ</span> <span class='ocrx_word' id='word_1_215' title='bbox 1579 868 1665 903; x_wconf 80' lang='grc' dir='ltr'>πέρας</span> <span class='ocrx_word' id='word_1_216' title='bbox 1697 867 1799 899; x_wconf 78' lang='grc' dir='ltr'>λαδεῖν,</span> 
     </span>
    </p>
   </div>
   <div class='ocr_carea' id='block_1_30' title="bbox 177 914 1403 951">
    <p class='ocr_par' dir='ltr' id='par_1_30' title="bbox 177 914 1403 951">
     <span class='ocr_line' id='line_1_30' title="bbox 177 914 1403 951; baseline 0.001 -11"><span class='ocrx_word' id='word_1_217' title='bbox 177 914 347 945; x_wconf 65' lang='grc' dir='ltr'>διδάσκοντες</span> <span class='ocrx_word' id='word_1_218' title='bbox 363 914 410 946; x_wconf 79' lang='grc' dir='ltr'><strong>τὰς</strong></span> <span class='ocrx_word' id='word_1_219' title='bbox 432 914 604 949; x_wconf 78' lang='grc' dir='ltr'>καθαιρέσεις</span> <span class='ocrx_word' id='word_1_220' title='bbox 622 914 710 941; x_wconf 84' lang='grc' dir='ltr'>αὐτῶν</span> <span class='ocrx_word' id='word_1_221' title='bbox 732 915 927 942; x_wconf 80' lang='grc' dir='ltr'>ὲπινενοεῖσθαι</span> <span class='ocrx_word' id='word_1_222' title='bbox 940 916 974 949; x_wconf 77' lang='grc' dir='ltr'><strong>(ε)</strong></span> <span class='ocrx_word' id='word_1_223' title='bbox 991 915 1038 942; x_wconf 73' lang='grc' dir='ltr'>ἐπὶ</span> <span class='ocrx_word' id='word_1_224' title='bbox 1054 915 1199 943; x_wconf 81' lang='grc' dir='ltr'>καταλύσει</span> <span class='ocrx_word' id='word_1_225' title='bbox 1212 917 1261 951; x_wconf 81' lang='grc' dir='ltr'>τῆς</span> <span class='ocrx_word' id='word_1_226' title='bbox 1276 916 1403 946; x_wconf 84' lang='grc' dir='ltr'>πίστεως.</span> 
     </span>
    </p>
   </div>
   <div class='ocr_carea' id='block_1_31' title="bbox 215 958 963 997">
    <p class='ocr_par' dir='ltr' id='par_1_31' title="bbox 215 958 963 997">
     <span class='ocr_line' id='line_1_31' title="bbox 215 958 963 997; baseline 0 -9"><span class='ocrx_word' id='word_1_227' title='bbox 215 961 258 989; x_wconf 81' lang='grc'><strong>10.</strong></span> <span class='ocrx_word' id='word_1_228' title='bbox 279 961 453 996; x_wconf 82' lang='grc' dir='ltr'>Κηρύσσεται</span> <span class='ocrx_word' id='word_1_229' title='bbox 478 959 524 988; x_wconf 74' lang='grc' dir='ltr'><strong>οὖν</strong></span> <span class='ocrx_word' id='word_1_230' title='bbox 550 958 626 992; x_wconf 74' lang='grc' dir='ltr'>αὖθις</span> <span class='ocrx_word' id='word_1_231' title='bbox 652 962 824 997; x_wconf 77' lang='grc' dir='ltr'>οὶκουμενικὴ</span> <span class='ocrx_word' id='word_1_232' title='bbox 850 961 963 993; x_wconf 76' lang='grc' dir='ltr'>σύνοδος,</span> 
     </span>
    </p>
   </div>
   <div class='ocr_carea' id='block_1_32' title="bbox 1014 958 1798 997">
    <p class='ocr_par' dir='ltr' id='par_1_32' title="bbox 1054 959 1798 996">
     <span class='ocr_line' id='line_1_32' title="bbox 1054 959 1798 996; baseline -0.004 -6"><span class='ocrx_word' id='word_1_233' title='bbox 1054 962 1097 990; x_wconf 81' lang='grc'><strong>10.</strong></span> <span class='ocrx_word' id='word_1_234' title='bbox 1111 962 1238 990; x_wconf 85' lang='lat' dir='ltr'><strong>indicitur</strong></span> <span class='ocrx_word' id='word_1_235' title='bbox 1263 970 1326 996; x_wconf 84' lang='lat' dir='ltr'><strong>ergo</strong></span> <span class='ocrx_word' id='word_1_236' title='bbox 1347 969 1465 994; x_wconf 81' lang='lat' dir='ltr'><strong>rursum,</strong></span> <span class='ocrx_word' id='word_1_237' title='bbox 1492 968 1524 988; x_wconf 79' lang='lat' dir='ltr'><strong>ex</strong></span> <span class='ocrx_word' id='word_1_238' title='bbox 1540 960 1672 988; x_wconf 80' lang='lat' dir='ltr'><strong>sententia</strong></span> <span class='ocrx_word' id='word_1_239' title='bbox 1684 959 1798 988; x_wconf 81' lang='lat' dir='ltr'><strong>duorum</strong></span> 
     </span>
    </p>
   </div>
   <div class='ocr_carea' id='block_1_33' title="bbox 176 1006 962 1043">
    <p class='ocr_par' dir='ltr' id='par_1_33' title="bbox 176 1006 962 1043">
     <span class='ocr_line' id='line_1_33' title="bbox 176 1006 962 1043; baseline -0.001 -9"><span class='ocrx_word' id='word_1_240' title='bbox 176 1007 215 1038; x_wconf 82' lang='grc' dir='ltr'><strong>ὡς</strong></span> <span class='ocrx_word' id='word_1_241' title='bbox 228 1007 274 1033; x_wconf 75' lang='grc' dir='ltr'>ἐπὶ</span> <span class='ocrx_word' id='word_1_242' title='bbox 291 1006 340 1042; x_wconf 75' lang='grc' dir='ltr'>τὴν</span> <span class='ocrx_word' id='word_1_243' title='bbox 359 1007 492 1042; x_wconf 84' lang='grc' dir='ltr'>Σαρδικὴν</span> <span class='ocrx_word' id='word_1_244' title='bbox 506 1007 600 1043; x_wconf 85' lang='grc' dir='ltr'>γνώμῃ</span> <span class='ocrx_word' id='word_1_245' title='bbox 618 1009 672 1034; x_wconf 86' lang='grc' dir='ltr'>τοῖν</span> <span class='ocrx_word' id='word_1_246' title='bbox 693 1007 764 1033; x_wconf 86' lang='grc' dir='ltr'>δυοῖν</span> <span class='ocrx_word' id='word_1_247' title='bbox 780 1007 910 1042; x_wconf 78' lang='grc' dir='ltr'>βασιλέων</span> <span class='ocrx_word' id='word_1_248' title='bbox 934 1008 962 1033; x_wconf 85' lang='grc' dir='ltr'><strong>ἐν</strong></span> 
     </span>
    </p>
   </div>
   <div class='ocr_carea' id='block_1_34' title="bbox 177 1052 962 1088">
    <p class='ocr_par' dir='ltr' id='par_1_34' title="bbox 177 1052 962 1088">
     <span class='ocr_line' id='line_1_34' title="bbox 177 1052 962 1088; baseline 0 -10"><span class='ocrx_word' id='word_1_249' title='bbox 177 1052 311 1087; x_wconf 73' lang='grc' dir='ltr'><strong>ἑνδεκάτῳ</strong></span> <span class='ocrx_word' id='word_1_250' title='bbox 334 1052 388 1078; x_wconf 73' lang='grc' dir='ltr'>ἔτει</span> <span class='ocrx_word' id='word_1_251' title='bbox 401 1053 451 1087; x_wconf 78' lang='grc' dir='ltr'>τῆς</span> <span class='ocrx_word' id='word_1_252' title='bbox 466 1053 593 1087; x_wconf 80' lang='grc' dir='ltr'><strong>τελευτῆς</strong></span> <span class='ocrx_word' id='word_1_253' title='bbox 611 1052 656 1079; x_wconf 85' lang='grc' dir='ltr'>τοῦ</span> <span class='ocrx_word' id='word_1_254' title='bbox 672 1052 772 1088; x_wconf 77' lang='grc' dir='ltr'>πατρὸς</span> <span class='ocrx_word' id='word_1_255' title='bbox 788 1052 843 1078; x_wconf 84' lang='grc' dir='ltr'>τῶν</span> <span class='ocrx_word' id='word_1_256' title='bbox 857 1052 962 1086; x_wconf 78' lang='grc' dir='ltr'>Αὐγού-</span> 
     </span>
    </p>
   </div>
   <div class='ocr_carea' id='block_1_35' title="bbox 177 1096 963 1134">
    <p class='ocr_par' dir='ltr' id='par_1_35' title="bbox 177 1096 963 1134">
     <span class='ocr_line' id='line_1_35' title="bbox 177 1096 963 1134; baseline 0 -10"><span class='ocrx_word' id='word_1_257' title='bbox 177 1106 257 1125; x_wconf 85' lang='grc' dir='ltr'>στων.</span> <span class='ocrx_word' id='word_1_258' title='bbox 279 1098 325 1124; x_wconf 86' lang='grc' dir='ltr'>Ἐκ</span> <span class='ocrx_word' id='word_1_259' title='bbox 342 1098 392 1133; x_wconf 81' lang='grc' dir='ltr'>μὲν</span> <span class='ocrx_word' id='word_1_260' title='bbox 408 1096 454 1124; x_wconf 72' lang='grc' dir='ltr'>οὖν</span> <span class='ocrx_word' id='word_1_261' title='bbox 474 1098 527 1124; x_wconf 86' lang='grc' dir='ltr'>τῶν</span> <span class='ocrx_word' id='word_1_262' title='bbox 544 1098 678 1133; x_wconf 77' lang='grc' dir='ltr'>ἑσπερίων</span> <span class='ocrx_word' id='word_1_263' title='bbox 701 1098 788 1133; x_wconf 79' lang='grc' dir='ltr'>μερῶν</span> <span class='ocrx_word' id='word_1_264' title='bbox 812 1098 881 1134; x_wconf 78' lang='grc' dir='ltr'>ὑπὲρ</span> <span class='ocrx_word' id='word_1_265' title='bbox 901 1099 963 1130; x_wconf 83' lang='grc' dir='ltr'>τοὺς</span> 
     </span>
    </p>
   </div>
   <div class='ocr_carea' id='block_1_36' title="bbox 175 1144 963 1179">
    <p class='ocr_par' dir='ltr' id='par_1_36' title="bbox 175 1144 963 1179">
     <span class='ocr_line' id='line_1_36' title="bbox 175 1144 963 1179; baseline 0 -9"><span class='ocrx_word' id='word_1_266' title='bbox 175 1144 346 1179; x_wconf 81' lang='grc' dir='ltr'>τριακοσίους</span> <span class='ocrx_word' id='word_1_267' title='bbox 363 1144 493 1177; x_wconf 85' lang='grc' dir='ltr'>συνῆλοον</span> <span class='ocrx_word' id='word_1_268' title='bbox 507 1144 681 1176; x_wconf 73' lang='grc' dir='ltr'>ἐπισκόπους,</span> <span class='ocrx_word' id='word_1_269' title='bbox 699 1144 736 1175; x_wconf 79' lang='grc' dir='ltr'>ὥς</span> <span class='ocrx_word' id='word_1_270' title='bbox 756 1152 836 1179; x_wconf 82' lang='grc' dir='ltr'>φησιν</span> <span class='ocrx_word' id='word_1_271' title='bbox 855 1145 869 1170; x_wconf 85' lang='grc' dir='ltr'>ὁ</span> <span class='ocrx_word' id='word_1_272' title='bbox 886 1144 963 1178; x_wconf 81' lang='grc' dir='ltr'>ἆγιος</span> 
     </span>
    </p>
   </div>
   <div class='ocr_carea' id='block_1_37' title="bbox 183 1189 963 1224">
    <p class='ocr_par' dir='ltr' id='par_1_37' title="bbox 183 1189 963 1224">
     <span class='ocr_line' id='line_1_37' title="bbox 183 1189 963 1224; baseline -0.001 -8"><span class='ocrx_word' id='word_1_273' title='bbox 183 1189 339 1221; x_wconf 81' lang='grc' dir='ltr'>Ἀθανάσιος</span> <span class='ocrx_word' id='word_1_274' title='bbox 355 1190 450 1222; x_wconf 76' lang='grc' dir='ltr'>αὑτός·</span> <span class='ocrx_word' id='word_1_275' title='bbox 467 1191 498 1216; x_wconf 75' lang='grc' dir='ltr'><strong>ἐκ</strong></span> <span class='ocrx_word' id='word_1_276' title='bbox 516 1190 544 1216; x_wconf 78' lang='grc' dir='ltr'>δὲ</span> <span class='ocrx_word' id='word_1_277' title='bbox 560 1190 613 1216; x_wconf 87' lang='grc' dir='ltr'>τῶν</span> <span class='ocrx_word' id='word_1_278' title='bbox 633 1189 707 1224; x_wconf 77' lang='grc' dir='ltr'><strong>ἑῴων</strong></span> <span class='ocrx_word' id='word_1_279' title='bbox 729 1189 912 1224; x_wconf 68' lang='grc' dir='ltr'>ἐΰδομήκοντα</span> <span class='ocrx_word' id='word_1_280' title='bbox 934 1189 963 1222; x_wconf 81' lang='grc' dir='ltr'><strong>ἒξ</strong></span> 
     </span>
    </p>
   </div>
   <div class='ocr_carea' id='block_1_38' title="bbox 178 1233 963 1270">
    <p class='ocr_par' dir='ltr' id='par_1_38' title="bbox 178 1233 963 1270">
     <span class='ocr_line' id='line_1_38' title="bbox 178 1233 963 1270; baseline -0.001 -9"><span class='ocrx_word' id='word_1_281' title='bbox 178 1235 270 1270; x_wconf 81' lang='grc' dir='ltr'>μόνον,</span> <span class='ocrx_word' id='word_1_282' title='bbox 281 1234 318 1266; x_wconf 86' lang='grc' dir='ltr'><strong>ὡς</strong></span> <span class='ocrx_word' id='word_1_283' title='bbox 337 1236 350 1261; x_wconf 84' lang='grc' dir='ltr'><strong>ό</strong></span> <span class='ocrx_word' id='word_1_284' title='bbox 365 1235 478 1267; x_wconf 71' lang='grc' dir='ltr'>Σαϐῖνος</span> <span class='ocrx_word' id='word_1_285' title='bbox 494 1244 585 1270; x_wconf 77' lang='grc' dir='ltr'>φησιν,</span> <span class='ocrx_word' id='word_1_286' title='bbox 599 1236 627 1261; x_wconf 83' lang='grc' dir='ltr'><strong>ἐν</strong></span> <span class='ocrx_word' id='word_1_287' title='bbox 639 1233 679 1266; x_wconf 74' lang='grc' dir='ltr'>οἷς</span> <span class='ocrx_word' id='word_1_288' title='bbox 689 1235 736 1261; x_wconf 72' lang='grc' dir='ltr'><strong>καὶ</strong></span> <span class='ocrx_word' id='word_1_289' title='bbox 753 1235 834 1266; x_wconf 82' lang='grc' dir='ltr'>αὐτὸς</span> <span class='ocrx_word' id='word_1_290' title='bbox 850 1234 963 1270; x_wconf 81' lang='grc' dir='ltr'>κατηρί-</span> 
     </span>
    </p>
   </div>
   <div class='ocr_carea' id='block_1_39' title="bbox 177 1280 965 1316">
    <p class='ocr_par' dir='ltr' id='par_1_39' title="bbox 177 1280 965 1316">
     <span class='ocr_line' id='line_1_39' title="bbox 177 1280 965 1316; baseline 0 -10"><span class='ocrx_word' id='word_1_291' title='bbox 177 1280 266 1316; x_wconf 82' lang='grc' dir='ltr'>θμητο</span> <span class='ocrx_word' id='word_1_292' title='bbox 278 1281 324 1306; x_wconf 74' lang='grc' dir='ltr'><strong>καὶ</strong></span> <span class='ocrx_word' id='word_1_293' title='bbox 341 1281 474 1316; x_wconf 75' lang='grc' dir='ltr'>Ὶσχυρᾶς,</span> <span class='ocrx_word' id='word_1_294' title='bbox 488 1281 524 1312; x_wconf 82' lang='grc' dir='ltr'>ὡς</span> <span class='ocrx_word' id='word_1_295' title='bbox 539 1280 584 1307; x_wconf 81' lang='grc' dir='ltr'>τοῦ</span> <span class='ocrx_word' id='word_1_296' title='bbox 599 1281 637 1313; x_wconf 80' lang='lat' dir='ltr'><strong>(d)</strong></span> <span class='ocrx_word' id='word_1_297' title='bbox 652 1281 801 1316; x_wconf 81' lang='grc' dir='ltr'>Μαρεώτου</span> <span class='ocrx_word' id='word_1_298' title='bbox 818 1280 965 1311; x_wconf 78' lang='grc' dir='ltr'>ἐπίσκοπος</span> 
     </span>
    </p>
   </div>
   <div class='ocr_carea' id='block_1_40' title="bbox 177 1324 966 1362">
    <p class='ocr_par' dir='ltr' id='par_1_40' title="bbox 177 1324 966 1362">
     <span class='ocr_line' id='line_1_40' title="bbox 177 1324 966 1362; baseline 0 -10"><span class='ocrx_word' id='word_1_299' title='bbox 177 1325 225 1353; x_wconf 78' lang='grc' dir='ltr'><strong>ὥν.</strong></span> <span class='ocrx_word' id='word_1_300' title='bbox 242 1326 285 1358; x_wconf 84' lang='grc' dir='ltr'>Ὧς</span> <span class='ocrx_word' id='word_1_301' title='bbox 298 1324 343 1353; x_wconf 76' lang='grc' dir='ltr'>οὖν</span> <span class='ocrx_word' id='word_1_302' title='bbox 361 1326 490 1362; x_wconf 77' lang='grc' dir='ltr'>συνῆλθον</span> <span class='ocrx_word' id='word_1_303' title='bbox 505 1327 533 1353; x_wconf 84' lang='grc' dir='ltr'><strong>ἐν</strong></span> <span class='ocrx_word' id='word_1_304' title='bbox 545 1328 577 1361; x_wconf 81' lang='grc' dir='ltr'><strong>τῇ</strong></span> <span class='ocrx_word' id='word_1_305' title='bbox 588 1327 715 1361; x_wconf 80' lang='grc' dir='ltr'>Σαρδικῇ,</span> <span class='ocrx_word' id='word_1_306' title='bbox 733 1327 756 1352; x_wconf 86' lang='grc' dir='ltr'>οἱ</span> <span class='ocrx_word' id='word_1_307' title='bbox 773 1327 821 1361; x_wconf 80' lang='grc' dir='ltr'>μὲν</span> <span class='ocrx_word' id='word_1_308' title='bbox 831 1325 966 1352; x_wconf 84' lang='grc' dir='ltr'>’Λνατολι-</span> 
     </span>
    </p>
   </div>
   <div class='ocr_carea' id='block_1_41' title="bbox 177 1371 966 1408">
    <p class='ocr_par' dir='ltr' id='par_1_41' title="bbox 177 1371 966 1408">
     <span class='ocr_line' id='line_1_41' title="bbox 177 1371 966 1408; baseline 0 -10"><span class='ocrx_word' id='word_1_309' title='bbox 177 1371 220 1398; x_wconf 78' lang='grc' dir='ltr'>κοὶ</span> <span class='ocrx_word' id='word_1_310' title='bbox 234 1373 274 1403; x_wconf 82' lang='grc' dir='ltr'><strong>είς</strong></span> <span class='ocrx_word' id='word_1_311' title='bbox 283 1372 426 1408; x_wconf 70' lang='grc' dir='ltr'>πρόσωπον</span> <span class='ocrx_word' id='word_1_312' title='bbox 440 1372 492 1399; x_wconf 80' lang='grc' dir='ltr'>τῶν</span> <span class='ocrx_word' id='word_1_313' title='bbox 506 1372 654 1407; x_wconf 76' lang='grc' dir='ltr'>Ἐσπερίων</span> <span class='ocrx_word' id='word_1_314' title='bbox 668 1371 753 1398; x_wconf 73' lang='grc' dir='ltr'>ἐλθεῖν</span> <span class='ocrx_word' id='word_1_315' title='bbox 761 1372 811 1398; x_wconf 77' lang='grc' dir='ltr'><strong>οὐκ</strong></span> <span class='ocrx_word' id='word_1_316' title='bbox 823 1372 966 1406; x_wconf 76' lang='grc' dir='ltr'>ἠϐούλοντο</span> 
     </span>
    </p>
   </div>
   <div class='ocr_carea' id='block_1_42' title="bbox 177 1417 966 1453">
    <p class='ocr_par' dir='ltr' id='par_1_42' title="bbox 177 1417 966 1453">
     <span class='ocr_line' id='line_1_42' title="bbox 177 1417 966 1453; baseline 0.001 -10"><span class='ocrx_word' id='word_1_317' title='bbox 177 1417 326 1451; x_wconf 77' lang='grc' dir='ltr'>φάσκοντες</span> <span class='ocrx_word' id='word_1_318' title='bbox 343 1418 380 1453; x_wconf 84' lang='grc' dir='ltr'>μὴ</span> <span class='ocrx_word' id='word_1_319' title='bbox 397 1417 483 1449; x_wconf 86' lang='grc' dir='ltr'>ἄλλως</span> <span class='ocrx_word' id='word_1_320' title='bbox 506 1419 545 1449; x_wconf 80' lang='grc' dir='ltr'><strong>είς</strong></span> <span class='ocrx_word' id='word_1_321' title='bbox 562 1418 657 1451; x_wconf 82' lang='grc' dir='ltr'>λόγους</span> <span class='ocrx_word' id='word_1_322' title='bbox 679 1417 775 1450; x_wconf 77' lang='grc' dir='ltr'>ἐλθεῖν,</span> <span class='ocrx_word' id='word_1_323' title='bbox 800 1419 823 1444; x_wconf 77' lang='grc' dir='ltr'>εἰ</span> <span class='ocrx_word' id='word_1_324' title='bbox 847 1418 884 1452; x_wconf 83' lang='grc' dir='ltr'>μὴ</span> <span class='ocrx_word' id='word_1_325' title='bbox 903 1418 966 1450; x_wconf 79' lang='grc' dir='ltr'>τοὺς</span> 
     </span>
    </p>
   </div>
   <div class='ocr_carea' id='block_1_43' title="bbox 179 1460 964 1496">
    <p class='ocr_par' dir='ltr' id='par_1_43' title="bbox 179 1460 964 1496">
     <span class='ocr_line' id='line_1_43' title="bbox 179 1460 964 1496; baseline 0.004 -9"><span class='ocrx_word' id='word_1_326' title='bbox 179 1460 243 1496; x_wconf 79' lang='grc' dir='ltr'>περὶ</span> <span class='ocrx_word' id='word_1_327' title='bbox 255 1461 360 1488; x_wconf 80' lang='grc' dir='ltr'>Παῦλον</span> <span class='ocrx_word' id='word_1_328' title='bbox 371 1462 418 1489; x_wconf 66' lang='grc' dir='ltr'>καὶ</span> <span class='ocrx_word' id='word_1_329' title='bbox 439 1463 595 1489; x_wconf 77' lang='grc' dir='ltr'>Ἀοαιιάσιον</span> <span class='ocrx_word' id='word_1_330' title='bbox 605 1462 751 1494; x_wconf 75' lang='grc' dir='ltr'>ἐξελάσωσι</span> <span class='ocrx_word' id='word_1_331' title='bbox 765 1462 811 1488; x_wconf 80' lang='grc' dir='ltr'>τοῦ</span> <span class='ocrx_word' id='word_1_332' title='bbox 826 1462 964 1496; x_wconf 81' lang='grc' dir='ltr'>συλλόγου.</span> 
     </span>
    </p>
   </div>
   <div class='ocr_carea' id='block_1_44' title="bbox 182 1507 965 1545">
    <p class='ocr_par' dir='ltr' id='par_1_44' title="bbox 182 1507 965 1545">
     <span class='ocr_line' id='line_1_44' title="bbox 182 1507 965 1545; baseline 0.001 -11"><span class='ocrx_word' id='word_1_333' title='bbox 182 1507 226 1540; x_wconf 81' lang='grc' dir='ltr'>Ὠς</span> <span class='ocrx_word' id='word_1_334' title='bbox 234 1508 262 1540; x_wconf 76' lang='grc' dir='ltr'>δὲ</span> <span class='ocrx_word' id='word_1_335' title='bbox 271 1508 448 1544; x_wconf 79' lang='grc' dir='ltr'>Πρωτογένης</span> <span class='ocrx_word' id='word_1_336' title='bbox 458 1509 472 1534; x_wconf 85' lang='grc'>6</span> <span class='ocrx_word' id='word_1_337' title='bbox 484 1509 617 1545; x_wconf 79' lang='grc' dir='ltr'>Σαρδικῆς</span> <span class='ocrx_word' id='word_1_338' title='bbox 625 1509 783 1541; x_wconf 87' lang='grc' dir='ltr'>ἐπίσκοπος,</span> <span class='ocrx_word' id='word_1_339' title='bbox 793 1509 840 1535; x_wconf 78' lang='grc' dir='ltr'>καὶ</span> <span class='ocrx_word' id='word_1_340' title='bbox 850 1510 864 1535; x_wconf 85' lang='grc' dir='ltr'><strong>ό</strong></span> <span class='ocrx_word' id='word_1_341' title='bbox 875 1509 965 1540; x_wconf 87' lang='grc' dir='ltr'>Ὄσιος</span> 
     </span>
    </p>
   </div>
   <div class='ocr_carea' id='block_1_45' title="bbox 178 1553 966 1591">
    <p class='ocr_par' dir='ltr' id='par_1_45' title="bbox 178 1553 966 1591">
     <span class='ocr_line' id='line_1_45' title="bbox 178 1553 966 1591; baseline 0.003 -12"><span class='ocrx_word' id='word_1_342' title='bbox 178 1553 334 1589; x_wconf 76' lang='grc' dir='ltr'>Κορδούδης</span> <span class='ocrx_word' id='word_1_343' title='bbox 353 1554 388 1589; x_wconf 85' lang='lat' dir='ltr'><strong>(e)</strong></span> <span class='ocrx_word' id='word_1_344' title='bbox 401 1555 450 1580; x_wconf 83' lang='grc' dir='ltr'>οὐκ</span> <span class='ocrx_word' id='word_1_345' title='bbox 469 1554 608 1589; x_wconf 76' lang='grc' dir='ltr'>ἠνείχοντο</span> <span class='ocrx_word' id='word_1_346' title='bbox 623 1555 660 1591; x_wconf 83' lang='grc' dir='ltr'>μὴ</span> <span class='ocrx_word' id='word_1_347' title='bbox 677 1557 804 1590; x_wconf 87' lang='grc' dir='ltr'>παρεῖναι</span> <span class='ocrx_word' id='word_1_348' title='bbox 824 1555 886 1586; x_wconf 80' lang='grc' dir='ltr'>τοὺς</span> <span class='ocrx_word' id='word_1_349' title='bbox 903 1555 966 1590; x_wconf 76' lang='grc' dir='ltr'>περὶ</span> 
     </span>
    </p>
   </div>
   <div class='ocr_carea' id='block_1_46' title="bbox 177 1598 966 1636">
    <p class='ocr_par' dir='ltr' id='par_1_46' title="bbox 177 1598 966 1636">
     <span class='ocr_line' id='line_1_46' title="bbox 177 1598 966 1636; baseline 0.001 -11"><span class='ocrx_word' id='word_1_350' title='bbox 177 1598 222 1625; x_wconf 76' lang='grc' dir='ltr'>τὸν</span> <span class='ocrx_word' id='word_1_351' title='bbox 235 1598 312 1633; x_wconf 83' lang='grc' dir='ltr'>ἇγιον</span> <span class='ocrx_word' id='word_1_352' title='bbox 325 1599 431 1627; x_wconf 83' lang='grc' dir='ltr'>Παῦλον</span> <span class='ocrx_word' id='word_1_353' title='bbox 448 1600 494 1626; x_wconf 75' lang='grc' dir='ltr'>καὶ</span> <span class='ocrx_word' id='word_1_354' title='bbox 516 1600 681 1633; x_wconf 81' lang='grc' dir='ltr'>Ἀϐανάσιον,</span> <span class='ocrx_word' id='word_1_355' title='bbox 694 1601 853 1636; x_wconf 80' lang='grc' dir='ltr'>ἀπεχώρουν</span> <span class='ocrx_word' id='word_1_356' title='bbox 864 1600 966 1632; x_wconf 79' lang='grc' dir='ltr'><strong>εὐθέως</strong></span> 
     </span>
    </p>
   </div>
   <div class='ocr_carea' id='block_1_47' title="bbox 177 1645 965 1681">
    <p class='ocr_par' dir='ltr' id='par_1_47' title="bbox 177 1645 965 1681">
     <span class='ocr_line' id='line_1_47' title="bbox 177 1645 965 1681; baseline 0.001 -10"><span class='ocrx_word' id='word_1_357' title='bbox 177 1645 384 1672; x_wconf 78' lang='grc' dir='ltr'>οἱἊνατολικοί.</span> <span class='ocrx_word' id='word_1_358' title='bbox 408 1646 462 1672; x_wconf 70' lang='grc' dir='ltr'><strong>Καὶ</strong></span> <span class='ocrx_word' id='word_1_359' title='bbox 476 1646 615 1681; x_wconf 77' lang='grc' dir='ltr'>γενόμενοι</span> <span class='ocrx_word' id='word_1_360' title='bbox 637 1648 666 1673; x_wconf 86' lang='grc' dir='ltr'><strong>ἐν</strong></span> <span class='ocrx_word' id='word_1_361' title='bbox 676 1647 807 1673; x_wconf 82' lang='grc' dir='ltr'>Φιλίππου</span> <span class='ocrx_word' id='word_1_362' title='bbox 821 1646 896 1673; x_wconf 86' lang='grc' dir='ltr'>πόλει</span> <span class='ocrx_word' id='word_1_363' title='bbox 917 1646 965 1681; x_wconf 79' lang='grc' dir='ltr'><strong>τῆς</strong></span> 
     </span>
    </p>
   </div>
   <div class='ocr_carea' id='block_1_48' title="bbox 177 1690 966 1727">
    <p class='ocr_par' dir='ltr' id='par_1_48' title="bbox 177 1690 966 1727">
     <span class='ocr_line' id='line_1_48' title="bbox 177 1690 966 1727; baseline 0 -11"><span class='ocrx_word' id='word_1_364' title='bbox 177 1690 299 1726; x_wconf 80' lang='grc' dir='ltr'>Θρᾴκης,</span> <span class='ocrx_word' id='word_1_365' title='bbox 317 1691 416 1723; x_wconf 79' lang='grc' dir='ltr'>ἰδιάζον</span> <span class='ocrx_word' id='word_1_366' title='bbox 441 1691 578 1718; x_wconf 84' lang='grc' dir='ltr'>ποιοῦνται</span> <span class='ocrx_word' id='word_1_367' title='bbox 600 1692 745 1727; x_wconf 84' lang='grc' dir='ltr'>συνέδριον.</span> <span class='ocrx_word' id='word_1_368' title='bbox 766 1692 820 1719; x_wconf 68' lang='grc' dir='ltr'><strong>Καὶ</strong></span> <span class='ocrx_word' id='word_1_369' title='bbox 842 1691 966 1726; x_wconf 83' lang='grc' dir='ltr'>φανερῶς</span> 
     </span>
    </p>
   </div>
   <div class='ocr_carea' id='block_1_49' title="bbox 177 1734 965 1773">
    <p class='ocr_par' dir='ltr' id='par_1_49' title="bbox 177 1734 965 1773">
     <span class='ocr_line' id='line_1_49' title="bbox 177 1734 965 1773; baseline 0.003 -11"><span class='ocrx_word' id='word_1_370' title='bbox 177 1734 269 1762; x_wconf 80' lang='grc' dir='ltr'>λοιπὸν</span> <span class='ocrx_word' id='word_1_371' title='bbox 282 1735 312 1762; x_wconf 82' lang='grc' dir='ltr'>τὸ</span> <span class='ocrx_word' id='word_1_372' title='bbox 328 1736 376 1770; x_wconf 79' lang='grc' dir='ltr'>μὲν</span> <span class='ocrx_word' id='word_1_373' title='bbox 387 1737 528 1772; x_wconf 85' lang='grc' dir='ltr'>ὁμοούσιον</span> <span class='ocrx_word' id='word_1_374' title='bbox 545 1737 787 1773; x_wconf 79' lang='grc' dir='ltr'>ἀναθεματίζουσι·</span> <span class='ocrx_word' id='word_1_375' title='bbox 810 1738 858 1773; x_wconf 81' lang='grc' dir='ltr'>τὴν</span> <span class='ocrx_word' id='word_1_376' title='bbox 875 1737 902 1764; x_wconf 81' lang='grc' dir='ltr'>δὲ</span> <span class='ocrx_word' id='word_1_377' title='bbox 919 1737 965 1763; x_wconf 81' lang='grc' dir='ltr'>τοῦ</span> 
     </span>
    </p>
   </div>
   <div class='ocr_carea' id='block_1_50' title="bbox 177 1783 965 1820">
    <p class='ocr_par' dir='ltr' id='par_1_50' title="bbox 177 1783 965 1820">
     <span class='ocr_line' id='line_1_50' title="bbox 177 1783 965 1820; baseline 0.003 -11"><span class='ocrx_word' id='word_1_378' title='bbox 177 1783 304 1818; x_wconf 81' lang='grc' dir='ltr'>ἀνομοίου</span> <span class='ocrx_word' id='word_1_379' title='bbox 333 1783 411 1815; x_wconf 78' lang='grc' dir='ltr'>δόξαν</span> <span class='ocrx_word' id='word_1_380' title='bbox 429 1784 583 1816; x_wconf 77' lang='grc' dir='ltr'>ἐπιστολαῖς</span> <span class='ocrx_word' id='word_1_381' title='bbox 603 1785 800 1820; x_wconf 67' lang='grc' dir='ltr'>ἐγγράψαντες,</span> <span class='ocrx_word' id='word_1_382' title='bbox 828 1785 965 1819; x_wconf 77' lang='grc' dir='ltr'>πανταχοῦ</span> 
     </span>
    </p>
   </div>
   <div class='ocr_carea' id='block_1_51' title="bbox 175 1828 965 1866">
    <p class='ocr_par' dir='ltr' id='par_1_51' title="bbox 175 1828 965 1866">
     <span class='ocr_line' id='line_1_51' title="bbox 175 1828 965 1866; baseline 0 -11"><span class='ocrx_word' id='word_1_383' title='bbox 175 1828 385 1865; x_wconf 80' lang='grc' dir='ltr'>διαπέμπονται.</span> <span class='ocrx_word' id='word_1_384' title='bbox 399 1830 430 1855; x_wconf 81' lang='grc' dir='ltr'><strong>Οἱ</strong></span> <span class='ocrx_word' id='word_1_385' title='bbox 443 1830 471 1856; x_wconf 88' lang='grc' dir='ltr'><strong>δέ</strong></span> <span class='ocrx_word' id='word_1_386' title='bbox 487 1831 516 1856; x_wconf 82' lang='grc' dir='ltr'><strong>ἐν</strong></span> <span class='ocrx_word' id='word_1_387' title='bbox 533 1832 564 1866; x_wconf 85' lang='grc' dir='ltr'><strong>τῇ</strong></span> <span class='ocrx_word' id='word_1_388' title='bbox 580 1830 695 1866; x_wconf 85' lang='grc' dir='ltr'>Σαρδικῇ</span> <span class='ocrx_word' id='word_1_389' title='bbox 713 1830 820 1866; x_wconf 83' lang='grc' dir='ltr'>πρῶτον</span> <span class='ocrx_word' id='word_1_390' title='bbox 835 1830 883 1865; x_wconf 80' lang='grc' dir='ltr'>μὲν</span> <span class='ocrx_word' id='word_1_391' title='bbox 901 1830 965 1865; x_wconf 83' lang='grc' dir='ltr'>ἐρή-</span> 
     </span>
    </p>
   </div>
   <div class='ocr_carea' id='block_1_52' title="bbox 178 1875 966 1912">
    <p class='ocr_par' dir='ltr' id='par_1_52' title="bbox 178 1875 966 1912">
     <span class='ocr_line' id='line_1_52' title="bbox 178 1875 966 1912; baseline -0.001 -10"><span class='ocrx_word' id='word_1_392' title='bbox 178 1884 232 1910; x_wconf 87' lang='grc' dir='ltr'>μην</span> <span class='ocrx_word' id='word_1_393' title='bbox 259 1875 478 1911; x_wconf 78' lang='grc' dir='ltr'>κατεψηφίσαντο</span> <span class='ocrx_word' id='word_1_394' title='bbox 493 1876 542 1912; x_wconf 82' lang='grc' dir='ltr'>τὴν</span> <span class='ocrx_word' id='word_1_395' title='bbox 560 1876 681 1903; x_wconf 80' lang='grc' dir='ltr'>σύνοδον·</span> <span class='ocrx_word' id='word_1_396' title='bbox 709 1876 804 1902; x_wconf 73' lang='grc' dir='ltr'>ἔπειτα</span> <span class='ocrx_word' id='word_1_397' title='bbox 820 1876 882 1907; x_wconf 78' lang='grc' dir='ltr'>τοὺς</span> <span class='ocrx_word' id='word_1_398' title='bbox 901 1883 966 1902; x_wconf 81' lang='grc' dir='ltr'>κατ-</span> 
     </span>
    </p>
   </div>
   <div class='ocr_carea' id='block_1_53' title="bbox 176 1920 961 1958">
    <p class='ocr_par' dir='ltr' id='par_1_53' title="bbox 176 1920 961 1958">
     <span class='ocr_line' id='line_1_53' title="bbox 176 1920 961 1958; baseline 0 -12"><span class='ocrx_word' id='word_1_399' title='bbox 176 1920 292 1956; x_wconf 88' lang='grc' dir='ltr'>ηγόρους</span> <span class='ocrx_word' id='word_1_400' title='bbox 309 1921 355 1947; x_wconf 79' lang='grc' dir='ltr'>τοῦ</span> <span class='ocrx_word' id='word_1_401' title='bbox 375 1921 452 1955; x_wconf 84' lang='grc' dir='ltr'>ἁγίου</span> <span class='ocrx_word' id='word_1_402' title='bbox 478 1922 636 1949; x_wconf 79' lang='grc' dir='ltr'>Ἀθανασίου</span> <span class='ocrx_word' id='word_1_403' title='bbox 653 1923 702 1958; x_wconf 85' lang='grc' dir='ltr'>τῆς</span> <span class='ocrx_word' id='word_1_404' title='bbox 715 1922 792 1954; x_wconf 75' lang='grc' dir='ltr'>ἀξίας</span> <span class='ocrx_word' id='word_1_405' title='bbox 806 1921 961 1956; x_wconf 67' lang='grc' dir='ltr'>ἀφείλοντο·</span> 
     </span>
    </p>
   </div>
   <div class='ocr_carea' id='block_1_54' title="bbox 176 1965 963 2004">
    <p class='ocr_par' dir='ltr' id='par_1_54' title="bbox 176 1965 963 2004">
     <span class='ocr_line' id='line_1_54' title="bbox 176 1965 963 2004; baseline 0.001 -12"><span class='ocrx_word' id='word_1_406' title='bbox 176 1966 239 2002; x_wconf 81' lang='grc' dir='ltr'>ὅρον</span> <span class='ocrx_word' id='word_1_407' title='bbox 252 1975 281 1992; x_wconf 85' lang='grc' dir='ltr'><strong>τε</strong></span> <span class='ocrx_word' id='word_1_408' title='bbox 294 1968 343 2002; x_wconf 79' lang='grc' dir='ltr'>τῆς</span> <span class='ocrx_word' id='word_1_409' title='bbox 368 1967 483 2000; x_wconf 76' lang='grc' dir='ltr'>πίστεως</span> <span class='ocrx_word' id='word_1_410' title='bbox 503 1968 551 1995; x_wconf 78' lang='grc' dir='ltr'>τὸν.</span> <span class='ocrx_word' id='word_1_411' title='bbox 565 1969 593 1995; x_wconf 87' lang='grc' dir='ltr'><strong>ἐν</strong></span> <span class='ocrx_word' id='word_1_412' title='bbox 613 1969 715 2004; x_wconf 77' lang='grc' dir='ltr'>Νικαίᾳ</span> <span class='ocrx_word' id='word_1_413' title='bbox 726 1967 905 2004; x_wconf 75' lang='grc' dir='ltr'>κρατύναντες</span> <span class='ocrx_word' id='word_1_414' title='bbox 917 1965 963 2002; x_wconf 78' lang='lat' dir='ltr'><strong>(f),</strong></span> 
     </span>
    </p>
   </div>
   <div class='ocr_carea' id='block_1_55' title="bbox 177 2011 963 2048">
    <p class='ocr_par' dir='ltr' id='par_1_55' title="bbox 177 2011 963 2048">
     <span class='ocr_line' id='line_1_55' title="bbox 177 2011 963 2048; baseline -0.004 -8"><span class='ocrx_word' id='word_1_415' title='bbox 177 2011 224 2040; x_wconf 71' lang='grc' dir='ltr'><strong>καὶ</strong></span> <span class='ocrx_word' id='word_1_416' title='bbox 251 2012 282 2038; x_wconf 85' lang='grc' dir='ltr'><strong>τὺ</strong></span> <span class='ocrx_word' id='word_1_417' title='bbox 305 2012 433 2047; x_wconf 85' lang='grc' dir='ltr'>ἀνόμοιον</span> <span class='ocrx_word' id='word_1_418' title='bbox 456 2013 702 2048; x_wconf 82' lang='grc' dir='ltr'>ἀναθεματίσαντες</span> <span class='ocrx_word' id='word_1_419' title='bbox 722 2013 769 2039; x_wconf 78' lang='grc' dir='ltr'><strong>καὶ</strong></span> <span class='ocrx_word' id='word_1_420' title='bbox 793 2012 963 2043; x_wconf 77' lang='grc' dir='ltr'>ἐκϐαλόντες,</span> 
     </span>
    </p>
   </div>
   <div class='ocr_carea' id='block_1_56' title="bbox 177 2056 964 2097">
    <p class='ocr_par' dir='ltr' id='par_1_56' title="bbox 177 2056 964 2097">
     <span class='ocr_line' id='line_1_56' title="bbox 177 2056 964 2097; baseline -0.003 -13"><span class='ocrx_word' id='word_1_421' title='bbox 177 2058 364 2093; x_wconf 82' lang='grc' dir='ltr'>φανερώτερον</span> <span class='ocrx_word' id='word_1_422' title='bbox 386 2059 416 2084; x_wconf 82' lang='grc' dir='ltr'>τὸ</span> <span class='ocrx_word' id='word_1_423' title='bbox 437 2058 577 2094; x_wconf 81' lang='grc' dir='ltr'>όμοούσιον</span> <span class='ocrx_word' id='word_1_424' title='bbox 598 2059 758 2090; x_wconf 72' lang='grc' dir='ltr'>ἐκδιδόασιν,</span> <span class='ocrx_word' id='word_1_425' title='bbox 778 2056 964 2097; x_wconf 76' lang='grc' dir='ltr'>ἐγγράψαντες</span> 
     </span>
    </p>
   </div>
   <div class='ocr_carea' id='block_1_57' title="bbox 176 2100 964 2139">
    <p class='ocr_par' dir='ltr' id='par_1_57' title="bbox 176 2100 964 2139">
     <span class='ocr_line' id='line_1_57' title="bbox 176 2100 964 2139; baseline -0.001 -11"><span class='ocrx_word' id='word_1_426' title='bbox 176 2101 223 2128; x_wconf 73' lang='grc' dir='ltr'><strong>καὶ</strong></span> <span class='ocrx_word' id='word_1_427' title='bbox 237 2103 273 2137; x_wconf 83' lang='lat' dir='ltr'><strong>(g)</strong></span> <span class='ocrx_word' id='word_1_428' title='bbox 289 2103 365 2129; x_wconf 77' lang='grc' dir='ltr'>αὐτοὶ</span> <span class='ocrx_word' id='word_1_429' title='bbox 387 2103 523 2138; x_wconf 81' lang='grc' dir='ltr'>πανταχοῦ</span> <span class='ocrx_word' id='word_1_430' title='bbox 546 2103 753 2139; x_wconf 78' lang='grc' dir='ltr'>διαπέμπονται.</span> <span class='ocrx_word' id='word_1_431' title='bbox 778 2102 854 2129; x_wconf 85' lang='grc' dir='ltr'>Μετά</span> <span class='ocrx_word' id='word_1_432' title='bbox 877 2100 964 2128; x_wconf 77' lang='grc' dir='ltr'>ταῦτα</span> 
     </span>
    </p>
   </div>
   <div class='ocr_carea' id='block_1_58' title="bbox 174 2146 962 2185">
    <p class='ocr_par' dir='ltr' id='par_1_58' title="bbox 174 2146 962 2185">
     <span class='ocr_line' id='line_1_58' title="bbox 174 2146 962 2185; baseline -0.001 -11"><span class='ocrx_word' id='word_1_433' title='bbox 174 2147 204 2173; x_wconf 79' lang='grc' dir='ltr'>δὲ</span> <span class='ocrx_word' id='word_1_434' title='bbox 218 2148 298 2181; x_wconf 85' lang='grc' dir='ltr'>γνοὺς</span> <span class='ocrx_word' id='word_1_435' title='bbox 319 2149 333 2174; x_wconf 86' lang='grc' dir='ltr'>ὁ</span> <span class='ocrx_word' id='word_1_436' title='bbox 352 2148 560 2184; x_wconf 39' lang='grc' dir='ltr'>τῶνπέσπερίων</span> <span class='ocrx_word' id='word_1_437' title='bbox 577 2149 667 2185; x_wconf 84' lang='grc' dir='ltr'>μέρων</span> <span class='ocrx_word' id='word_1_438' title='bbox 687 2147 811 2183; x_wconf 78' lang='grc' dir='ltr'>βασιλεὺς</span> <span class='ocrx_word' id='word_1_439' title='bbox 830 2146 864 2173; x_wconf 80' lang='grc' dir='ltr'><strong>τὰ</strong></span> <span class='ocrx_word' id='word_1_440' title='bbox 884 2146 913 2173; x_wconf 82' lang='grc' dir='ltr'><strong>ἐν</strong></span> <span class='ocrx_word' id='word_1_441' title='bbox 928 2146 962 2180; x_wconf 78' lang='grc' dir='ltr'>τῇ</span> 
     </span>
    </p>
   </div>
   <div class='ocr_carea' id='block_1_59' title="bbox 175 2190 963 2230">
    <p class='ocr_par' dir='ltr' id='par_1_59' title="bbox 175 2190 963 2230">
     <span class='ocr_line' id='line_1_59' title="bbox 175 2190 963 2230; baseline -0.004 -11"><span class='ocrx_word' id='word_1_442' title='bbox 175 2192 294 2228; x_wconf 82' lang='grc' dir='ltr'>Σαρδικῇ</span> <span class='ocrx_word' id='word_1_443' title='bbox 308 2194 408 2229; x_wconf 86' lang='grc' dir='ltr'>συνόδῳ</span> <span class='ocrx_word' id='word_1_444' title='bbox 423 2195 566 2229; x_wconf 83' lang='grc' dir='ltr'>γενόμενα,</span> <span class='ocrx_word' id='word_1_445' title='bbox 580 2194 705 2230; x_wconf 84' lang='grc' dir='ltr'>γνώριμα</span> <span class='ocrx_word' id='word_1_446' title='bbox 719 2193 799 2224; x_wconf 81' lang='grc' dir='ltr'>εὐθὺς</span> <span class='ocrx_word' id='word_1_447' title='bbox 809 2192 847 2227; x_wconf 77' lang='grc' dir='ltr'>τῷ</span> <span class='ocrx_word' id='word_1_448' title='bbox 858 2190 963 2225; x_wconf 83' lang='grc' dir='ltr'>ἀδελφῷ</span> 
     </span>
    </p>
   </div>
   <div class='ocr_carea' id='block_1_60' title="bbox 174 2236 962 2275">
    <p class='ocr_par' dir='ltr' id='par_1_60' title="bbox 174 2236 962 2275">
     <span class='ocr_line' id='line_1_60' title="bbox 174 2236 962 2275; baseline -0.005 -10"><span class='ocrx_word' id='word_1_449' title='bbox 174 2239 354 2274; x_wconf 83' lang='grc' dir='ltr'>Κωνσταντίῳ</span> <span class='ocrx_word' id='word_1_450' title='bbox 382 2240 549 2275; x_wconf 82' lang='grc' dir='ltr'>καθίστησιν,</span> <span class='ocrx_word' id='word_1_451' title='bbox 567 2239 736 2266; x_wconf 83' lang='grc' dir='ltr'>ἀποδιδόσθαι</span> <span class='ocrx_word' id='word_1_452' title='bbox 757 2247 786 2264; x_wconf 83' lang='grc' dir='ltr'><strong>τε</strong></span> <span class='ocrx_word' id='word_1_453' title='bbox 807 2237 845 2272; x_wconf 85' lang='grc' dir='ltr'>τῷ</span> <span class='ocrx_word' id='word_1_454' title='bbox 864 2236 962 2270; x_wconf 85' lang='grc' dir='ltr'>Παύλῳ</span> 
     </span>
    </p>
   </div>
   <div class='ocr_carea' id='block_1_61' title="bbox 175 2281 960 2320">
    <p class='ocr_par' dir='ltr' id='par_1_61' title="bbox 175 2281 960 2320">
     <span class='ocr_line' id='line_1_61' title="bbox 175 2281 960 2320; baseline -0.004 -10"><span class='ocrx_word' id='word_1_455' title='bbox 175 2284 222 2310; x_wconf 81' lang='grc' dir='ltr'>καὶ</span> <span class='ocrx_word' id='word_1_456' title='bbox 245 2284 396 2320; x_wconf 80' lang='grc' dir='ltr'>Ἀθανασίῳ</span> <span class='ocrx_word' id='word_1_457' title='bbox 415 2286 478 2317; x_wconf 85' lang='grc' dir='ltr'>τοὺς</span> <span class='ocrx_word' id='word_1_458' title='bbox 498 2285 614 2317; x_wconf 73' lang='grc' dir='ltr'>οἰκείους</span> <span class='ocrx_word' id='word_1_459' title='bbox 633 2284 732 2316; x_wconf 87' lang='grc' dir='ltr'>τόπους</span> <span class='ocrx_word' id='word_1_460' title='bbox 754 2281 960 2320; x_wconf 84' lang='grc' dir='ltr'>παρεκελεύετο.</span> 
     </span>
    </p>
   </div>
   <div class='ocr_carea' id='block_1_62' title="bbox 1017 1007 1797 1043">
    <p class='ocr_par' dir='ltr' id='par_1_62' title="bbox 1017 1007 1797 1043">
     <span class='ocr_line' id='line_1_62' title="bbox 1017 1007 1797 1043; baseline -0.003 -8"><span class='ocrx_word' id='word_1_461' title='bbox 1017 1009 1225 1042; x_wconf 83' lang='lat' dir='ltr'><strong>imperatorum,</strong></span> <span class='ocrx_word' id='word_1_462' title='bbox 1242 1008 1360 1035; x_wconf 77' lang='lat' dir='ltr'><strong>Sardica:</strong></span> <span class='ocrx_word' id='word_1_463' title='bbox 1373 1008 1490 1043; x_wconf 85' lang='lat' dir='ltr'><strong>synodus</strong></span> <span class='ocrx_word' id='word_1_464' title='bbox 1502 1007 1680 1038; x_wconf 84' lang='lat' dir='ltr'><strong>oecumenica,</strong></span> <span class='ocrx_word' id='word_1_465' title='bbox 1694 1013 1764 1033; x_wconf 90' lang='lat' dir='ltr'><strong>anno</strong></span> <span class='ocrx_word' id='word_1_466' title='bbox 1783 1013 1797 1032; x_wconf 90' lang='lat' dir='ltr'><strong>a</strong></span> 
     </span>
    </p>
   </div>
   <div class='ocr_carea' id='block_1_63' title="bbox 1015 1051 1799 1089">
    <p class='ocr_par' dir='ltr' id='par_1_63' title="bbox 1015 1051 1799 1089">
     <span class='ocr_line' id='line_1_63' title="bbox 1015 1051 1799 1089; baseline 0 -9"><span class='ocrx_word' id='word_1_467' title='bbox 1015 1059 1102 1081; x_wconf 88' lang='lat' dir='ltr'><strong>morte</strong></span> <span class='ocrx_word' id='word_1_468' title='bbox 1123 1054 1207 1089; x_wconf 86' lang='lat' dir='ltr'><strong>patris</strong></span> <span class='ocrx_word' id='word_1_469' title='bbox 1226 1053 1409 1089; x_wconf 79' lang='lat' dir='ltr'><strong>Augustorum</strong></span> <span class='ocrx_word' id='word_1_470' title='bbox 1421 1053 1574 1080; x_wconf 87' lang='lat' dir='ltr'><strong>undecimo.</strong></span> <span class='ocrx_word' id='word_1_471' title='bbox 1587 1052 1622 1080; x_wconf 83' lang='lat' dir='ltr'><strong>Ex</strong></span> <span class='ocrx_word' id='word_1_472' title='bbox 1636 1051 1799 1080; x_wconf 86' lang='lat' dir='ltr'><strong>Occidenta-</strong></span> 
     </span>
    </p>
   </div>
   <div class='ocr_carea' id='block_1_64' title="bbox 1014 1098 1799 1134">
    <p class='ocr_par' dir='ltr' id='par_1_64' title="bbox 1014 1098 1799 1134">
     <span class='ocr_line' id='line_1_64' title="bbox 1014 1098 1799 1134; baseline 0 -8"><span class='ocrx_word' id='word_1_473' title='bbox 1014 1099 1084 1127; x_wconf 89' lang='lat' dir='ltr'><strong>libus</strong></span> <span class='ocrx_word' id='word_1_474' title='bbox 1097 1099 1187 1134; x_wconf 79' lang='lat' dir='ltr'><strong>itaque</strong></span> <span class='ocrx_word' id='word_1_475' title='bbox 1213 1100 1334 1133; x_wconf 89' lang='lat' dir='ltr'><strong>partibus</strong></span> <span class='ocrx_word' id='word_1_476' title='bbox 1352 1099 1470 1134; x_wconf 85' lang='lat' dir='ltr'><strong>episcopi</strong></span> <span class='ocrx_word' id='word_1_477' title='bbox 1495 1099 1554 1132; x_wconf 91' lang='lat' dir='ltr'><strong>plus</strong></span> <span class='ocrx_word' id='word_1_478' title='bbox 1568 1098 1696 1125; x_wconf 87' lang='lat' dir='ltr'><strong>trecentis</strong></span> <span class='ocrx_word' id='word_1_479' title='bbox 1712 1098 1799 1126; x_wconf 83' lang='lat' dir='ltr'><strong>coacti</strong></span> 
     </span>
    </p>
   </div>
   <div class='ocr_carea' id='block_1_65' title="bbox 1015 1141 1798 1178">
    <p class='ocr_par' dir='ltr' id='par_1_65' title="bbox 1015 1141 1798 1178">
     <span class='ocr_line' id='line_1_65' title="bbox 1015 1141 1798 1178; baseline -0.001 -8"><span class='ocrx_word' id='word_1_480' title='bbox 1015 1149 1088 1176; x_wconf 85' lang='lat' dir='ltr'><strong>sunt,</strong></span> <span class='ocrx_word' id='word_1_481' title='bbox 1103 1148 1134 1171; x_wconf 92' lang='lat' dir='ltr'><strong>ut</strong></span> <span class='ocrx_word' id='word_1_482' title='bbox 1156 1144 1194 1171; x_wconf 88' lang='lat' dir='ltr'><strong>ait</strong></span> <span class='ocrx_word' id='word_1_483' title='bbox 1207 1144 1264 1178; x_wconf 88' lang='lat' dir='ltr'><strong>ipse</strong></span> <span class='ocrx_word' id='word_1_484' title='bbox 1287 1144 1589 1176; x_wconf 76' lang='lat' dir='ltr'><strong>sanetus.&#39;Athanasius,</strong></span> <span class='ocrx_word' id='word_1_485' title='bbox 1608 1150 1640 1170; x_wconf 75' lang='lat' dir='ltr'><strong>ex</strong></span> <span class='ocrx_word' id='word_1_486' title='bbox 1653 1141 1798 1170; x_wconf 88' lang='lat' dir='ltr'><strong>Orientali-</strong></span> 
     </span>
    </p>
   </div>
   <div class='ocr_carea' id='block_1_66' title="bbox 1015 1189 1798 1225">
    <p class='ocr_par' dir='ltr' id='par_1_66' title="bbox 1015 1189 1798 1225">
     <span class='ocr_line' id='line_1_66' title="bbox 1015 1189 1798 1225; baseline -0.001 -9"><span class='ocrx_word' id='word_1_487' title='bbox 1015 1189 1065 1217; x_wconf 90' lang='lat' dir='ltr'><strong>bus</strong></span> <span class='ocrx_word' id='word_1_488' title='bbox 1082 1195 1170 1218; x_wconf 87' lang='lat' dir='ltr'><strong>autem</strong></span> <span class='ocrx_word' id='word_1_489' title='bbox 1196 1195 1299 1217; x_wconf 90' lang='lat' dir='ltr'><strong>tantum</strong></span> <span class='ocrx_word' id='word_1_490' title='bbox 1313 1191 1480 1225; x_wconf 78' lang='lat' dir='ltr'><strong>septuaginta</strong></span> <span class='ocrx_word' id='word_1_491' title='bbox 1498 1197 1556 1222; x_wconf 80' lang='lat' dir='ltr'><strong>sex,</strong></span> <span class='ocrx_word' id='word_1_492' title='bbox 1570 1195 1600 1217; x_wconf 91' lang='lat' dir='ltr'><strong>ut</strong></span> <span class='ocrx_word' id='word_1_493' title='bbox 1612 1189 1727 1217; x_wconf 89' lang='lat' dir='ltr'><strong>Sabinus</strong></span> <span class='ocrx_word' id='word_1_494' title='bbox 1741 1189 1798 1222; x_wconf 85' lang='lat' dir='ltr'><strong>ait;</strong></span> 
     </span>
    </p>
   </div>
   <div class='ocr_carea' id='block_1_67' title="bbox 1015 1235 1799 1271">
    <p class='ocr_par' dir='ltr' id='par_1_67' title="bbox 1015 1235 1799 1271">
     <span class='ocr_line' id='line_1_67' title="bbox 1015 1235 1799 1271; baseline 0 -9"><span class='ocrx_word' id='word_1_495' title='bbox 1015 1236 1041 1262; x_wconf 91' lang='lat' dir='ltr'><strong>in</strong></span> <span class='ocrx_word' id='word_1_496' title='bbox 1065 1236 1160 1271; x_wconf 89' lang='lat' dir='ltr'><strong>quibus</strong></span> <span class='ocrx_word' id='word_1_497' title='bbox 1177 1240 1368 1264; x_wconf 85' lang='lat' dir='ltr'><strong>annumeratus</strong></span> <span class='ocrx_word' id='word_1_498' title='bbox 1389 1241 1428 1263; x_wconf 87' lang='lat' dir='ltr'><strong>est</strong></span> <span class='ocrx_word' id='word_1_499' title='bbox 1447 1235 1569 1271; x_wconf 85' lang='lat' dir='ltr'><strong>lschyras</strong></span> <span class='ocrx_word' id='word_1_500' title='bbox 1588 1240 1714 1271; x_wconf 89' lang='lat' dir='ltr'><strong>tanquam</strong></span> <span class='ocrx_word' id='word_1_501' title='bbox 1727 1235 1799 1263; x_wconf 82' lang='lat' dir='ltr'><strong>Mar-</strong></span> 
     </span>
    </p>
   </div>
   <div class='ocr_carea' id='block_1_68' title="bbox 1016 1281 1798 1317">
    <p class='ocr_par' dir='ltr' id='par_1_68' title="bbox 1016 1281 1798 1317">
     <span class='ocr_line' id='line_1_68' title="bbox 1016 1281 1798 1317; baseline -0.001 -9"><span class='ocrx_word' id='word_1_502' title='bbox 1016 1286 1084 1309; x_wconf 77' lang='lat' dir='ltr'><strong>eolte</strong></span> <span class='ocrx_word' id='word_1_503' title='bbox 1105 1281 1256 1316; x_wconf 83' lang='lat' dir='ltr'><strong>episcopus.</strong></span> <span class='ocrx_word' id='word_1_504' title='bbox 1277 1281 1359 1317; x_wconf 80' lang='lat' dir='ltr'><strong>Igitur</strong></span> <span class='ocrx_word' id='word_1_505' title='bbox 1379 1289 1440 1309; x_wconf 92' lang='lat' dir='ltr'><strong>cum</strong></span> <span class='ocrx_word' id='word_1_506' title='bbox 1461 1281 1579 1309; x_wconf 71' lang='lat' dir='ltr'><strong>Sardicae</strong></span> <span class='ocrx_word' id='word_1_507' title='bbox 1600 1281 1798 1314; x_wconf 84' lang='lat' dir='ltr'><strong>convenissent,</strong></span> 
     </span>
    </p>
   </div>
   <div class='ocr_carea' id='block_1_69' title="bbox 1016 1326 1800 1362">
    <p class='ocr_par' dir='ltr' id='par_1_69' title="bbox 1016 1326 1800 1362">
     <span class='ocr_line' id='line_1_69' title="bbox 1016 1326 1800 1362; baseline 0 -8"><span class='ocrx_word' id='word_1_508' title='bbox 1016 1326 1165 1355; x_wconf 85' lang='lat' dir='ltr'><strong>Orientales</strong></span> <span class='ocrx_word' id='word_1_509' title='bbox 1176 1328 1202 1354; x_wconf 89' lang='lat' dir='ltr'><strong>in</strong></span> <span class='ocrx_word' id='word_1_510' title='bbox 1213 1332 1357 1362; x_wconf 84' lang='lat' dir='ltr'><strong>conspectu</strong></span> <span class='ocrx_word' id='word_1_511' title='bbox 1367 1327 1574 1355; x_wconf 88' lang='lat' dir='ltr'><strong>Occidentalium</strong></span> <span class='ocrx_word' id='word_1_512' title='bbox 1587 1327 1714 1355; x_wconf 86' lang='lat' dir='ltr'><strong>accedere</strong></span> <span class='ocrx_word' id='word_1_513' title='bbox 1723 1334 1800 1355; x_wconf 87' lang='lat' dir='ltr'><strong>recu-</strong></span> 
     </span>
    </p>
   </div>
   <div class='ocr_carea' id='block_1_70' title="bbox 1016 1373 1799 1408">
    <p class='ocr_par' dir='ltr' id='par_1_70' title="bbox 1016 1373 1799 1408">
     <span class='ocr_line' id='line_1_70' title="bbox 1016 1373 1799 1408; baseline 0 -8"><span class='ocrx_word' id='word_1_514' title='bbox 1016 1378 1119 1406; x_wconf 82' lang='lat' dir='ltr'><strong>sarunt,</strong></span> <span class='ocrx_word' id='word_1_515' title='bbox 1132 1373 1252 1401; x_wconf 86' lang='lat' dir='ltr'><strong>dicentes</strong></span> <span class='ocrx_word' id='word_1_516' title='bbox 1265 1380 1317 1400; x_wconf 93' lang='lat' dir='ltr'><strong>non</strong></span> <span class='ocrx_word' id='word_1_517' title='bbox 1332 1373 1410 1401; x_wconf 87' lang='lat' dir='ltr'><strong>aliter</strong></span> <span class='ocrx_word' id='word_1_518' title='bbox 1425 1381 1455 1401; x_wconf 89' lang='lat' dir='ltr'><strong>se</strong></span> <span class='ocrx_word' id='word_1_519' title='bbox 1465 1375 1498 1400; x_wconf 89' lang='lat' dir='ltr'><strong>ad</strong></span> <span class='ocrx_word' id='word_1_520' title='bbox 1514 1373 1717 1408; x_wconf 85' lang='lat' dir='ltr'><strong>colloqueudum</strong></span> <span class='ocrx_word' id='word_1_521' title='bbox 1732 1381 1799 1400; x_wconf 48' lang='lat' dir='ltr'><strong>vene</strong></span> 
     </span>
    </p>
   </div>
   <div class='ocr_carea' id='block_1_71' title="bbox 1017 1419 1798 1455">
    <p class='ocr_par' dir='ltr' id='par_1_71' title="bbox 1017 1419 1798 1455">
     <span class='ocr_line' id='line_1_71' title="bbox 1017 1419 1798 1455; baseline 0 -9"><span class='ocrx_word' id='word_1_522' title='bbox 1017 1423 1100 1451; x_wconf 85' lang='lat' dir='ltr'><strong>turos,</strong></span> <span class='ocrx_word' id='word_1_523' title='bbox 1117 1420 1168 1446; x_wconf 87' lang='lat' dir='ltr'><strong>nisi</strong></span> <span class='ocrx_word' id='word_1_524' title='bbox 1193 1419 1304 1446; x_wconf 89' lang='lat' dir='ltr'><strong>Paulum</strong></span> <span class='ocrx_word' id='word_1_525' title='bbox 1330 1424 1356 1446; x_wconf 92' lang='lat' dir='ltr'><strong>et</strong></span> <span class='ocrx_word' id='word_1_526' title='bbox 1369 1419 1546 1447; x_wconf 80' lang='lat' dir='ltr'><strong>Athanasium</strong></span> <span class='ocrx_word' id='word_1_527' title='bbox 1564 1419 1694 1455; x_wconf 88' lang='lat' dir='ltr'><strong>pellerent</strong></span> <span class='ocrx_word' id='word_1_528' title='bbox 1704 1425 1798 1454; x_wconf 67' lang='grc' dir='ltr'><strong>«ξι-εγ-</strong></span> 
     </span>
    </p>
   </div>
   <div class='ocr_carea' id='block_1_72' title="bbox 1017 1464 1800 1506">
    <p class='ocr_par' dir='ltr' id='par_1_72' title="bbox 1017 1464 1800 1506">
     <span class='ocr_line' id='line_1_72' title="bbox 1017 1464 1800 1506; baseline 0.001 -15"><span class='ocrx_word' id='word_1_529' title='bbox 1017 1465 1098 1492; x_wconf 91' lang='lat' dir='ltr'><strong>nodo.</strong></span> <span class='ocrx_word' id='word_1_530' title='bbox 1128 1464 1194 1491; x_wconf 90' lang='lat' dir='ltr'><strong>Cum</strong></span> <span class='ocrx_word' id='word_1_531' title='bbox 1223 1470 1312 1492; x_wconf 89' lang='lat' dir='ltr'><strong>autem</strong></span> <span class='ocrx_word' id='word_1_532' title='bbox 1327 1465 1490 1501; x_wconf 83' lang='lat' dir='ltr'><strong>Protogenes</strong></span> <span class='ocrx_word' id='word_1_533' title='bbox 1515 1465 1640 1493; x_wconf 86' lang='lat' dir='ltr'><strong>Sardices</strong></span> <span class='ocrx_word' id='word_1_534' title='bbox 1664 1464 1800 1506; x_wconf 59' lang='lat' dir='ltr'><strong>et‘Hosius</strong></span> 
     </span>
    </p>
   </div>
   <div class='ocr_carea' id='block_1_73' title="bbox 1016 1509 1801 1545">
    <p class='ocr_par' dir='ltr' id='par_1_73' title="bbox 1016 1509 1801 1545">
     <span class='ocr_line' id='line_1_73' title="bbox 1016 1509 1801 1545; baseline 0.003 -9"><span class='ocrx_word' id='word_1_535' title='bbox 1016 1509 1147 1537; x_wconf 74' lang='lat' dir='ltr'><strong>Cordubae</strong></span> <span class='ocrx_word' id='word_1_536' title='bbox 1168 1518 1221 1537; x_wconf 92' lang='lat' dir='ltr'><strong>non</strong></span> <span class='ocrx_word' id='word_1_537' title='bbox 1244 1515 1402 1545; x_wconf 87' lang='lat' dir='ltr'><strong>paterentur</strong></span> <span class='ocrx_word' id='word_1_538' title='bbox 1421 1512 1515 1538; x_wconf 81' lang='lat' dir='ltr'><strong>abesse</strong></span> <span class='ocrx_word' id='word_1_539' title='bbox 1529 1516 1636 1539; x_wconf 88' lang='lat' dir='ltr'><strong>sanctos</strong></span> <span class='ocrx_word' id='word_1_540' title='bbox 1649 1511 1759 1538; x_wconf 89' lang='lat' dir='ltr'><strong>Paulum</strong></span> <span class='ocrx_word' id='word_1_541' title='bbox 1773 1515 1801 1538; x_wconf 92' lang='lat' dir='ltr'><strong>et</strong></span> 
     </span>
    </p>
   </div>
   <div class='ocr_carea' id='block_1_74' title="bbox 1016 1555 1800 1591">
    <p class='ocr_par' dir='ltr' id='par_1_74' title="bbox 1016 1555 1800 1591">
     <span class='ocr_line' id='line_1_74' title="bbox 1016 1555 1800 1591; baseline 0.004 -10"><span class='ocrx_word' id='word_1_542' title='bbox 1016 1555 1206 1588; x_wconf 86' lang='lat' dir='ltr'><strong>Athanasium,</strong></span> <span class='ocrx_word' id='word_1_543' title='bbox 1221 1556 1310 1582; x_wconf 87' lang='lat' dir='ltr'><strong>statim</strong></span> <span class='ocrx_word' id='word_1_544' title='bbox 1332 1556 1484 1584; x_wconf 87' lang='lat' dir='ltr'><strong>Orientales</strong></span> <span class='ocrx_word' id='word_1_545' title='bbox 1500 1557 1665 1584; x_wconf 87' lang='lat' dir='ltr'><strong>abscessere.</strong></span> <span class='ocrx_word' id='word_1_546' title='bbox 1680 1556 1800 1591; x_wconf 81' lang='lat' dir='ltr'><strong>Cumque</strong></span> 
     </span>
    </p>
   </div>
   <div class='ocr_carea' id='block_1_75' title="bbox 1017 1599 1799 1637">
    <p class='ocr_par' dir='ltr' id='par_1_75' title="bbox 1017 1599 1799 1637">
     <span class='ocr_line' id='line_1_75' title="bbox 1017 1599 1799 1637; baseline 0.005 -11"><span class='ocrx_word' id='word_1_547' title='bbox 1017 1599 1214 1635; x_wconf 86' lang='lat' dir='ltr'><strong>Philippopolin</strong></span> <span class='ocrx_word' id='word_1_548' title='bbox 1229 1601 1255 1628; x_wconf 91' lang='lat' dir='ltr'><strong>in</strong></span> <span class='ocrx_word' id='word_1_549' title='bbox 1271 1601 1385 1629; x_wconf 88' lang='lat' dir='ltr'><strong>Thracia</strong></span> <span class='ocrx_word' id='word_1_550' title='bbox 1398 1602 1591 1636; x_wconf 87' lang='lat' dir='ltr'><strong>pervenissent,</strong></span> <span class='ocrx_word' id='word_1_551' title='bbox 1603 1602 1738 1637; x_wconf 87' lang='lat' dir='ltr'><strong>peculiare</strong></span> <span class='ocrx_word' id='word_1_552' title='bbox 1748 1602 1799 1630; x_wconf 88' lang='lat' dir='ltr'><strong>ha-</strong></span> 
     </span>
    </p>
   </div>
   <div class='ocr_carea' id='block_1_76' title="bbox 980 1635 1800 1682">
    <p class='ocr_par' dir='ltr' id='par_1_76' title="bbox 980 1635 1800 1682">
     <span class='ocr_line' id='line_1_76' title="bbox 980 1635 1800 1682; baseline 0.005 -11"><span class='ocrx_word' id='word_1_553' title='bbox 980 1635 1000 1663; x_wconf 74' lang='lat' dir='ltr'>c</span> <span class='ocrx_word' id='word_1_554' title='bbox 1018 1645 1134 1672; x_wconf 90' lang='lat' dir='ltr'><strong>buerunt</strong></span> <span class='ocrx_word' id='word_1_555' title='bbox 1143 1646 1298 1674; x_wconf 88' lang='lat' dir='ltr'><strong>concilium.</strong></span> <span class='ocrx_word' id='word_1_556' title='bbox 1314 1646 1353 1674; x_wconf 83' lang='lat' dir='ltr'><strong>Ac</strong></span> <span class='ocrx_word' id='word_1_557' title='bbox 1367 1635 1456 1682; x_wconf 83' lang='lat' dir='ltr'><strong>palam</strong></span> <span class='ocrx_word' id='word_1_558' title='bbox 1468 1647 1563 1675; x_wconf 89' lang='lat' dir='ltr'><strong>deinde</strong></span> <span class='ocrx_word' id='word_1_559' title='bbox 1574 1635 1800 1675; x_wconf 74' lang='lat' dir='ltr'><strong>consubstantialc</strong></span> 
     </span>
    </p>
   </div>
   <div class='ocr_carea' id='block_1_77' title="bbox 1016 1690 1800 1725">
    <p class='ocr_par' dir='ltr' id='par_1_77' title="bbox 1016 1690 1800 1725">
     <span class='ocr_line' id='line_1_77' title="bbox 1016 1690 1800 1725; baseline 0.006 -9"><span class='ocrx_word' id='word_1_560' title='bbox 1016 1690 1186 1718; x_wconf 88' lang='lat' dir='ltr'><strong>anathemate</strong></span> <span class='ocrx_word' id='word_1_561' title='bbox 1201 1691 1316 1725; x_wconf 80' lang='lat' dir='ltr'><strong>feriunt;</strong></span> <span class='ocrx_word' id='word_1_562' title='bbox 1331 1700 1363 1720; x_wconf 88' lang='lat' dir='ltr'><strong>ac</strong></span> <span class='ocrx_word' id='word_1_563' title='bbox 1372 1693 1512 1721; x_wconf 83' lang='lat' dir='ltr'><strong>dissimilis</strong></span> <span class='ocrx_word' id='word_1_564' title='bbox 1527 1693 1683 1721; x_wconf 71' lang='lat' dir='ltr'><strong>substantia:</strong></span> <span class='ocrx_word' id='word_1_565' title='bbox 1691 1697 1800 1721; x_wconf 85' lang='lat' dir='ltr'><strong>senten-</strong></span> 
     </span>
    </p>
   </div>
   <div class='ocr_carea' id='block_1_78' title="bbox 1017 1736 1800 1774">
    <p class='ocr_par' dir='ltr' id='par_1_78' title="bbox 1017 1736 1800 1774">
     <span class='ocr_line' id='line_1_78' title="bbox 1017 1736 1800 1774; baseline 0.006 -12"><span class='ocrx_word' id='word_1_566' title='bbox 1017 1736 1081 1762; x_wconf 88' lang='lat' dir='ltr'><strong>tiam</strong></span> <span class='ocrx_word' id='word_1_567' title='bbox 1098 1736 1219 1770; x_wconf 87' lang='lat' dir='ltr'><strong>epistolis</strong></span> <span class='ocrx_word' id='word_1_568' title='bbox 1236 1739 1426 1774; x_wconf 87' lang='lat' dir='ltr'><strong>conscriptam,</strong></span> <span class='ocrx_word' id='word_1_569' title='bbox 1442 1740 1539 1774; x_wconf 89' lang='lat' dir='ltr'><strong>ubique</strong></span> <span class='ocrx_word' id='word_1_570' title='bbox 1550 1739 1734 1768; x_wconf 88' lang='lat' dir='ltr'><strong>transmisere.</strong></span> <span class='ocrx_word' id='word_1_571' title='bbox 1748 1739 1800 1773; x_wconf 83' lang='lat' dir='ltr'><strong>Qui</strong></span> 
     </span>
    </p>
   </div>
   <div class='ocr_carea' id='block_1_79' title="bbox 1015 1780 1800 1820">
    <p class='ocr_par' dir='ltr' id='par_1_79' title="bbox 1015 1780 1800 1820">
     <span class='ocr_line' id='line_1_79' title="bbox 1015 1780 1800 1820; baseline 0.006 -13"><span class='ocrx_word' id='word_1_572' title='bbox 1015 1787 1097 1815; x_wconf 93' lang='lat' dir='ltr'><strong>porro</strong></span> <span class='ocrx_word' id='word_1_573' title='bbox 1110 1780 1229 1808; x_wconf 72' lang='lat' dir='ltr'><strong>Sardicaz</strong></span> <span class='ocrx_word' id='word_1_574' title='bbox 1236 1787 1325 1815; x_wconf 90' lang='lat' dir='ltr'><strong>erant,</strong></span> <span class='ocrx_word' id='word_1_575' title='bbox 1338 1784 1453 1818; x_wconf 88' lang='lat' dir='ltr'><strong>primum</strong></span> <span class='ocrx_word' id='word_1_576' title='bbox 1463 1784 1568 1819; x_wconf 89' lang='lat' dir='ltr'><strong>quidem</strong></span> <span class='ocrx_word' id='word_1_577' title='bbox 1584 1784 1714 1820; x_wconf 86' lang='lat' dir='ltr'><strong>synodum</strong></span> <span class='ocrx_word' id='word_1_578' title='bbox 1728 1784 1800 1812; x_wconf 85' lang='lat' dir='ltr'><strong>illam</strong></span> 
     </span>
    </p>
   </div>
   <div class='ocr_carea' id='block_1_80' title="bbox 1016 1825 1801 1862">
    <p class='ocr_par' dir='ltr' id='par_1_80' title="bbox 1016 1825 1801 1862">
     <span class='ocr_line' id='line_1_80' title="bbox 1016 1825 1801 1862; baseline 0.008 -10"><span class='ocrx_word' id='word_1_579' title='bbox 1016 1825 1127 1853; x_wconf 84' lang='lat' dir='ltr'><strong>desertae</strong></span> <span class='ocrx_word' id='word_1_580' title='bbox 1142 1833 1231 1854; x_wconf 62' lang='lat' dir='ltr'><strong>causas</strong></span> <span class='ocrx_word' id='word_1_581' title='bbox 1260 1828 1433 1862; x_wconf 89' lang='lat' dir='ltr'><strong>damnarunt,</strong></span> <span class='ocrx_word' id='word_1_582' title='bbox 1461 1829 1557 1858; x_wconf 88' lang='lat' dir='ltr'><strong>deinde</strong></span> <span class='ocrx_word' id='word_1_583' title='bbox 1572 1837 1636 1858; x_wconf 90' lang='lat' dir='ltr'><strong>vero</strong></span> <span class='ocrx_word' id='word_1_584' title='bbox 1649 1829 1801 1858; x_wconf 81' lang='lat' dir='ltr'><strong>Athanasii</strong></span> 
     </span>
    </p>
   </div>
   <div class='ocr_carea' id='block_1_81' title="bbox 1016 1873 1801 1909">
    <p class='ocr_par' dir='ltr' id='par_1_81' title="bbox 1016 1873 1801 1909">
     <span class='ocr_line' id='line_1_81' title="bbox 1016 1873 1801 1909; baseline 0.009 -12"><span class='ocrx_word' id='word_1_585' title='bbox 1016 1876 1188 1900; x_wconf 89' lang='lat' dir='ltr'><strong>accusatores</strong></span> <span class='ocrx_word' id='word_1_586' title='bbox 1198 1873 1328 1908; x_wconf 75' lang='lat' dir='ltr'><strong>dignitate</strong></span> <span class='ocrx_word' id='word_1_587' title='bbox 1336 1881 1383 1902; x_wconf 88' lang='lat' dir='ltr'><strong>sua</strong></span> <span class='ocrx_word' id='word_1_588' title='bbox 1394 1875 1543 1909; x_wconf 87' lang='lat' dir='ltr'><strong>privarunt.</strong></span> <span class='ocrx_word' id='word_1_589' title='bbox 1555 1875 1721 1904; x_wconf 82' lang='lat' dir='ltr'><strong>Conﬁrmata</strong></span> <span class='ocrx_word' id='word_1_590' title='bbox 1736 1883 1801 1904; x_wconf 86' lang='lat' dir='ltr'><strong>vero</strong></span> 
     </span>
    </p>
   </div>
   <div class='ocr_carea' id='block_1_82' title="bbox 1015 1916 1799 1952">
    <p class='ocr_par' dir='ltr' id='par_1_82' title="bbox 1015 1916 1799 1952">
     <span class='ocr_line' id='line_1_82' title="bbox 1015 1916 1799 1952; baseline 0.01 -10"><span class='ocrx_word' id='word_1_591' title='bbox 1015 1916 1076 1943; x_wconf 86' lang='lat' dir='ltr'><strong>ﬁdei</strong></span> <span class='ocrx_word' id='word_1_592' title='bbox 1089 1917 1243 1946; x_wconf 84' lang='lat' dir='ltr'><strong>deﬁnitione</strong></span> <span class='ocrx_word' id='word_1_593' title='bbox 1257 1919 1353 1947; x_wconf 67' lang='lat' dir='ltr'><strong>Nicaea:</strong></span> <span class='ocrx_word' id='word_1_594' title='bbox 1370 1920 1449 1952; x_wconf 82' lang='lat' dir='ltr'><strong>facta,</strong></span> <span class='ocrx_word' id='word_1_595' title='bbox 1470 1928 1502 1948; x_wconf 91' lang='lat' dir='ltr'><strong>ac</strong></span> <span class='ocrx_word' id='word_1_596' title='bbox 1515 1921 1799 1950; x_wconf 82' lang='lat' dir='ltr'><strong>dissimilis-substan-</strong></span> 
     </span>
    </p>
   </div>
   <div class='ocr_carea' id='block_1_83' title="bbox 1015 1961 1801 2001">
    <p class='ocr_par' dir='ltr' id='par_1_83' title="bbox 1015 1961 1801 2001">
     <span class='ocr_line' id='line_1_83' title="bbox 1015 1961 1801 2001; baseline 0.009 -14"><span class='ocrx_word' id='word_1_597' title='bbox 1015 1961 1058 1988; x_wconf 66' lang='lat' dir='ltr'><strong>tia:</strong></span> <span class='ocrx_word' id='word_1_598' title='bbox 1073 1969 1140 1989; x_wconf 83' lang='lat' dir='ltr'><strong>voce</strong></span> <span class='ocrx_word' id='word_1_599' title='bbox 1156 1965 1330 1991; x_wconf 86' lang='lat' dir='ltr'><strong>anathemate</strong></span> <span class='ocrx_word' id='word_1_600' title='bbox 1353 1964 1478 1993; x_wconf 86' lang='lat' dir='ltr'><strong>damnata</strong></span> <span class='ocrx_word' id='word_1_601' title='bbox 1505 1971 1586 2001; x_wconf 85' lang='lat' dir='ltr'><strong>atque</strong></span> <span class='ocrx_word' id='word_1_602' title='bbox 1601 1965 1711 2000; x_wconf 78' lang='lat' dir='ltr'><strong>reiecta,</strong></span> <span class='ocrx_word' id='word_1_603' title='bbox 1737 1974 1801 1994; x_wconf 68' lang='lat' dir='ltr'><strong>con-</strong></span> 
     </span>
    </p>
   </div>
   <div class='ocr_carea' id='block_1_84' title="bbox 1014 2007 1800 2047">
    <p class='ocr_par' dir='ltr' id='par_1_84' title="bbox 1014 2007 1800 2047">
     <span class='ocr_line' id='line_1_84' title="bbox 1014 2007 1800 2047; baseline 0.008 -13"><span class='ocrx_word' id='word_1_604' title='bbox 1014 2007 1191 2037; x_wconf 88' lang='lat' dir='ltr'><strong>substantiale</strong></span> <span class='ocrx_word' id='word_1_605' title='bbox 1215 2010 1351 2045; x_wconf 82' lang='lat' dir='ltr'><strong>explicant</strong></span> <span class='ocrx_word' id='word_1_606' title='bbox 1364 2011 1525 2045; x_wconf 87' lang='lat' dir='ltr'><strong>evidentius,</strong></span> <span class='ocrx_word' id='word_1_607' title='bbox 1546 2019 1578 2039; x_wconf 88' lang='lat' dir='ltr'><strong>ac</strong></span> <span class='ocrx_word' id='word_1_608' title='bbox 1594 2012 1800 2047; x_wconf 63' lang='lat' dir='ltr'><strong>ubique&#39;transc</strong></span> 
     </span>
    </p>
   </div>
   <div class='ocr_carea' id='block_1_85' title="bbox 1014 2052 1801 2086">
    <p class='ocr_par' dir='ltr' id='par_1_85' title="bbox 1014 2052 1801 2086">
     <span class='ocr_line' id='line_1_85' title="bbox 1014 2052 1801 2086; baseline 0.01 -8"><span class='ocrx_word' id='word_1_609' title='bbox 1014 2052 1124 2080; x_wconf 91' lang='lat' dir='ltr'><strong>mittunt</strong></span> <span class='ocrx_word' id='word_1_610' title='bbox 1139 2054 1236 2082; x_wconf 92' lang='lat' dir='ltr'><strong>litteris</strong></span> <span class='ocrx_word' id='word_1_611' title='bbox 1251 2056 1318 2083; x_wconf 88' lang='lat' dir='ltr'><strong>suis.</strong></span> <span class='ocrx_word' id='word_1_612' title='bbox 1339 2056 1402 2083; x_wconf 86' lang='lat' dir='ltr'><strong>Post</strong></span> <span class='ocrx_word' id='word_1_613' title='bbox 1415 2056 1472 2084; x_wconf 63' lang='lat' dir='ltr'><strong>haec</strong></span> <span class='ocrx_word' id='word_1_614' title='bbox 1486 2064 1545 2084; x_wconf 89' lang='lat' dir='ltr'><strong>cum</strong></span> <span class='ocrx_word' id='word_1_615' title='bbox 1565 2063 1655 2085; x_wconf 88' lang='lat' dir='ltr'><strong>nosset</strong></span> <span class='ocrx_word' id='word_1_616' title='bbox 1669 2058 1801 2086; x_wconf 87' lang='lat' dir='ltr'><strong>Occiden-</strong></span> 
     </span>
    </p>
   </div>
   <div class='ocr_carea' id='block_1_86' title="bbox 1013 2097 1800 2138">
    <p class='ocr_par' dir='ltr' id='par_1_86' title="bbox 1013 2097 1800 2138">
     <span class='ocr_line' id='line_1_86' title="bbox 1013 2097 1800 2138; baseline 0.009 -14"><span class='ocrx_word' id='word_1_617' title='bbox 1013 2097 1106 2124; x_wconf 91' lang='lat' dir='ltr'><strong>talium</strong></span> <span class='ocrx_word' id='word_1_618' title='bbox 1120 2099 1235 2133; x_wconf 91' lang='lat' dir='ltr'><strong>partium</strong></span> <span class='ocrx_word' id='word_1_619' title='bbox 1259 2101 1405 2136; x_wconf 86' lang='lat' dir='ltr'><strong>imperator</strong></span> <span class='ocrx_word' id='word_1_620' title='bbox 1418 2109 1460 2130; x_wconf 91' lang='lat' dir='ltr'><strong>res</strong></span> <span class='ocrx_word' id='word_1_621' title='bbox 1478 2103 1503 2129; x_wconf 93' lang='lat' dir='ltr'><strong>in</strong></span> <span class='ocrx_word' id='word_1_622' title='bbox 1523 2103 1676 2131; x_wconf 85' lang='lat' dir='ltr'><strong>Sardicensi</strong></span> <span class='ocrx_word' id='word_1_623' title='bbox 1697 2103 1800 2138; x_wconf 87' lang='lat' dir='ltr'><strong>synodo</strong></span> 
     </span>
    </p>
   </div>
   <div class='ocr_carea' id='block_1_87' title="bbox 1012 2146 1801 2183">
    <p class='ocr_par' dir='ltr' id='par_1_87' title="bbox 1012 2146 1801 2183">
     <span class='ocr_line' id='line_1_87' title="bbox 1012 2146 1801 2183; baseline 0.005 -13"><span class='ocrx_word' id='word_1_624' title='bbox 1012 2148 1112 2177; x_wconf 82' lang='lat' dir='ltr'><strong>gestas,</strong></span> <span class='ocrx_word' id='word_1_625' title='bbox 1129 2152 1175 2172; x_wconf 90' lang='lat' dir='ltr'><strong>eas</strong></span> <span class='ocrx_word' id='word_1_626' title='bbox 1192 2147 1283 2174; x_wconf 84' lang='lat' dir='ltr'><strong>statim</strong></span> <span class='ocrx_word' id='word_1_627' title='bbox 1292 2146 1539 2175; x_wconf 70' lang='lat' dir='ltr'><strong>fratritionstantio</strong></span> <span class='ocrx_word' id='word_1_628' title='bbox 1553 2148 1697 2183; x_wconf 77' lang='lat' dir='ltr'><strong>signiﬁcat,</strong></span> <span class='ocrx_word' id='word_1_629' title='bbox 1712 2147 1801 2182; x_wconf 80' lang='lat' dir='ltr'><strong>jubet-</strong></span> 
     </span>
    </p>
   </div>
   <div class='ocr_carea' id='block_1_88' title="bbox 1012 2189 1800 2224">
    <p class='ocr_par' dir='ltr' id='par_1_88' title="bbox 1012 2189 1800 2224">
     <span class='ocr_line' id='line_1_88' title="bbox 1012 2189 1800 2224; baseline 0.006 -9"><span class='ocrx_word' id='word_1_630' title='bbox 1012 2196 1064 2224; x_wconf 91' lang='lat' dir='ltr'><strong>que</strong></span> <span class='ocrx_word' id='word_1_631' title='bbox 1090 2189 1172 2218; x_wconf 82' lang='lat' dir='ltr'><strong>Paulo</strong></span> <span class='ocrx_word' id='word_1_632' title='bbox 1199 2196 1226 2218; x_wconf 89' lang='lat' dir='ltr'><strong>et</strong></span> <span class='ocrx_word' id='word_1_633' title='bbox 1245 2192 1393 2220; x_wconf 83' lang='lat' dir='ltr'><strong>Athanasio</strong></span> <span class='ocrx_word' id='word_1_634' title='bbox 1418 2193 1497 2221; x_wconf 86' lang='lat' dir='ltr'><strong>sedes</strong></span> <span class='ocrx_word' id='word_1_635' title='bbox 1522 2193 1626 2221; x_wconf 89' lang='lat' dir='ltr'><strong>restitui</strong></span> <span class='ocrx_word' id='word_1_636' title='bbox 1644 2200 1716 2220; x_wconf 88' lang='lat' dir='ltr'><strong>suas.</strong></span> <span class='ocrx_word' id='word_1_637' title='bbox 1732 2193 1800 2220; x_wconf 89' lang='lat' dir='ltr'><strong>Cum</strong></span> 
     </span>
    </p>
   </div>
   <div class='ocr_carea' id='block_1_89' title="bbox 1012 2236 1799 2273">
    <p class='ocr_par' dir='ltr' id='par_1_89' title="bbox 1012 2236 1799 2273">
     <span class='ocr_line' id='line_1_89' title="bbox 1012 2236 1799 2273; baseline 0.005 -12"><span class='ocrx_word' id='word_1_638' title='bbox 1012 2242 1092 2268; x_wconf 90' lang='lat' dir='ltr'><strong>porro</strong></span> <span class='ocrx_word' id='word_1_639' title='bbox 1100 2236 1261 2265; x_wconf 84' lang='lat' dir='ltr'><strong>Athanasius</strong></span> <span class='ocrx_word' id='word_1_640' title='bbox 1272 2238 1358 2265; x_wconf 86' lang='lat' dir='ltr'><strong>adhuc</strong></span> <span class='ocrx_word' id='word_1_641' title='bbox 1368 2242 1506 2273; x_wconf 89' lang='lat' dir='ltr'><strong>peteretur</strong></span> <span class='ocrx_word' id='word_1_642' title='bbox 1517 2238 1621 2266; x_wconf 88' lang='lat' dir='ltr'><strong>insidiis</strong></span> <span class='ocrx_word' id='word_1_643' title='bbox 1629 2238 1799 2272; x_wconf 89' lang='lat' dir='ltr'><strong>Arianorum,</strong></span> 
     </span>
    </p>
   </div>
   <div class='ocr_carea' id='block_1_90' title="bbox 1013 2284 1690 2319">
    <p class='ocr_par' dir='ltr' id='par_1_90' title="bbox 1013 2284 1690 2319">
     <span class='ocr_line' id='line_1_90' title="bbox 1013 2284 1690 2319; baseline 0.009 -12"><span class='ocrx_word' id='word_1_644' title='bbox 1013 2288 1041 2307; x_wconf 94' lang='lat' dir='ltr'><strong>re</strong></span> <span class='ocrx_word' id='word_1_645' title='bbox 1054 2287 1189 2316; x_wconf 90' lang='lat' dir='ltr'><strong>comperta</strong></span> <span class='ocrx_word' id='word_1_646' title='bbox 1204 2284 1360 2319; x_wconf 86' lang='lat' dir='ltr'><strong>imperat0r,</strong></span> <span class='ocrx_word' id='word_1_647' title='bbox 1379 2286 1436 2313; x_wconf 85' lang='lat' dir='ltr'><strong>haec</strong></span> <span class='ocrx_word' id='word_1_648' title='bbox 1449 2285 1526 2313; x_wconf 88' lang='lat' dir='ltr'><strong>t‘ratri</strong></span> <span class='ocrx_word' id='word_1_649' title='bbox 1541 2286 1666 2313; x_wconf 89' lang='lat' dir='ltr'><strong>rescribit</strong></span> <span class='ocrx_word' id='word_1_650' title='bbox 1685 2293 1690 2309; x_wconf 85' lang='lat'><strong>:</strong></span> 
     </span>
    </p>
   </div>
   <div class='ocr_carea' id='block_1_91' title="bbox 173 2326 1799 2367">
    <p class='ocr_par' dir='ltr' id='par_1_91' title="bbox 173 2326 1799 2367">
     <span class='ocr_line' id='line_1_91' title="bbox 173 2326 1799 2367; baseline 0.002 -11"><span class='ocrx_word' id='word_1_651' title='bbox 173 2329 228 2357; x_wconf 82' lang='grc' dir='ltr'><strong>Τοῦ</strong></span> <span class='ocrx_word' id='word_1_652' title='bbox 242 2331 270 2357; x_wconf 89' lang='grc' dir='ltr'>δὲ</span> <span class='ocrx_word' id='word_1_653' title='bbox 285 2331 363 2365; x_wconf 88' lang='grc' dir='ltr'>ἀγίου</span> <span class='ocrx_word' id='word_1_654' title='bbox 381 2331 539 2358; x_wconf 85' lang='grc' dir='ltr'>Ἀθανασίου</span> <span class='ocrx_word' id='word_1_655' title='bbox 550 2331 590 2358; x_wconf 78' lang='grc' dir='ltr'><strong>ἐτι</strong></span> <span class='ocrx_word' id='word_1_656' title='bbox 614 2330 842 2366; x_wconf 81' lang='grc' dir='ltr'>ὑποστελλομένου</span> <span class='ocrx_word' id='word_1_657' title='bbox 873 2328 924 2359; x_wconf 81' lang='grc' dir='ltr'><strong>τὰς</strong></span> <span class='ocrx_word' id='word_1_658' title='bbox 957 2326 1106 2360; x_wconf 79' lang='grc' dir='ltr'>ἐπιϐουλὰς</span> <span class='ocrx_word' id='word_1_659' title='bbox 1132 2329 1186 2356; x_wconf 83' lang='grc' dir='ltr'><strong>τῶν</strong></span> <span class='ocrx_word' id='word_1_660' title='bbox 1208 2330 1438 2366; x_wconf 75' lang='grc' dir='ltr'>Ἀρειανιζόντων,</span> <span class='ocrx_word' id='word_1_661' title='bbox 1460 2331 1497 2363; x_wconf 86' lang='grc' dir='ltr'>ὼς</span> <span class='ocrx_word' id='word_1_662' title='bbox 1513 2331 1613 2366; x_wconf 71' lang='grc' dir='ltr'>ἔμαθεν</span> <span class='ocrx_word' id='word_1_663' title='bbox 1630 2332 1645 2357; x_wconf 82' lang='grc' dir='ltr'>ὁ</span> <span class='ocrx_word' id='word_1_664' title='bbox 1662 2331 1799 2367; x_wconf 53' lang='grc' dir='ltr'>βασιλεὺς,</span> 
     </span>
    </p>
   </div>
   <div class='ocr_carea' id='block_1_92' title="bbox 176 2377 513 2414">
    <p class='ocr_par' dir='ltr' id='par_1_92' title="bbox 176 2377 513 2414">
     <span class='ocr_line' id='line_1_92' title="bbox 176 2377 513 2414; baseline 0.006 -10"><span class='ocrx_word' id='word_1_665' title='bbox 176 2377 276 2413; x_wconf 84' lang='grc' dir='ltr'>γράφει</span> <span class='ocrx_word' id='word_1_666' title='bbox 292 2378 331 2413; x_wconf 83' lang='grc' dir='ltr'>τῷ</span> <span class='ocrx_word' id='word_1_667' title='bbox 346 2379 451 2414; x_wconf 79' lang='grc' dir='ltr'>ἀδελφῷ</span> <span class='ocrx_word' id='word_1_668' title='bbox 465 2380 513 2414; x_wconf 78' lang='lat' dir='ltr'><strong>(h).</strong></span> 
     </span>
    </p>
   </div>
   <div class='ocr_carea' id='block_1_93' title="bbox 208 2420 963 2462">
    <p class='ocr_par' dir='ltr' id='par_1_93' title="bbox 208 2420 962 2462">
     <span class='ocr_line' id='line_1_93' title="bbox 208 2420 962 2462; baseline 0.001 -12"><span class='ocrx_word' id='word_1_669' title='bbox 208 2420 272 2451; x_wconf 84' lang='grc' dir='ltr'>’Ὧδε</span> <span class='ocrx_word' id='word_1_670' title='bbox 287 2425 336 2460; x_wconf 83' lang='grc' dir='ltr'>μὲν</span> <span class='ocrx_word' id='word_1_671' title='bbox 351 2425 424 2452; x_wconf 75' lang='grc' dir='ltr'>ἐστιν</span> <span class='ocrx_word' id='word_1_672' title='bbox 438 2427 502 2462; x_wconf 79' lang='grc' dir='ltr'>παρ’</span> <span class='ocrx_word' id='word_1_673' title='bbox 517 2427 579 2462; x_wconf 75' lang='grc' dir='ltr'>ἐμοὶ</span> <span class='ocrx_word' id='word_1_674' title='bbox 593 2425 751 2457; x_wconf 75' lang='grc' dir='ltr'>Ἀθανάσιος</span> <span class='ocrx_word' id='word_1_675' title='bbox 762 2434 768 2440; x_wconf 89' lang='grc'>·</span> <span class='ocrx_word' id='word_1_676' title='bbox 781 2425 848 2452; x_wconf 80' lang='grc' dir='ltr'>ἀλλὰ</span> <span class='ocrx_word' id='word_1_677' title='bbox 862 2423 962 2451; x_wconf 84' lang='grc' dir='ltr'>πυνθα-</span> 
     </span>
    </p>
   </div>
   <div class='ocr_carea' id='block_1_94' title="bbox 1014 2420 1801 2462">
    <p class='ocr_par' dir='ltr' id='par_1_94' title="bbox 1050 2421 1801 2460">
     <span class='ocr_line' id='line_1_94' title="bbox 1050 2421 1801 2460; baseline 0.007 -12"><span class='ocrx_word' id='word_1_678' title='bbox 1050 2421 1098 2449; x_wconf 88' lang='lat' dir='ltr'><strong>Hic</strong></span> <span class='ocrx_word' id='word_1_679' title='bbox 1113 2422 1220 2457; x_wconf 88' lang='lat' dir='ltr'><strong>quidem</strong></span> <span class='ocrx_word' id='word_1_680' title='bbox 1232 2424 1301 2458; x_wconf 90' lang='lat' dir='ltr'><strong>apud</strong></span> <span class='ocrx_word' id='word_1_681' title='bbox 1315 2432 1358 2451; x_wconf 91' lang='lat' dir='ltr'><strong>me</strong></span> <span class='ocrx_word' id='word_1_682' title='bbox 1372 2425 1444 2460; x_wconf 79' lang='lat' dir='ltr'><strong>degit</strong></span> <span class='ocrx_word' id='word_1_683' title='bbox 1456 2426 1636 2459; x_wconf 81' lang='lat' dir='ltr'><strong>Athanasius;</strong></span> <span class='ocrx_word' id='word_1_684' title='bbox 1652 2425 1698 2453; x_wconf 90' lang='lat' dir='ltr'><strong>sed</strong></span> <span class='ocrx_word' id='word_1_685' title='bbox 1709 2425 1801 2453; x_wconf 82' lang='lat' dir='ltr'><strong>scisci-</strong></span> 
     </span>
    </p>
   </div>
   <div class='ocr_carea' id='block_1_95' title="bbox 172 2469 960 2506">
    <p class='ocr_par' dir='ltr' id='par_1_95' title="bbox 172 2469 960 2506">
     <span class='ocr_line' id='line_1_95' title="bbox 172 2469 960 2506; baseline -0.003 -10"><span class='ocrx_word' id='word_1_686' title='bbox 172 2470 284 2504; x_wconf 85' lang='grc' dir='ltr'>νόμενος</span> <span class='ocrx_word' id='word_1_687' title='bbox 292 2470 405 2501; x_wconf 78' lang='grc' dir='ltr'>διέγνων</span> <span class='ocrx_word' id='word_1_688' title='bbox 419 2470 558 2502; x_wconf 77' lang='grc' dir='ltr'>εὐσεϐείας</span> <span class='ocrx_word' id='word_1_689' title='bbox 573 2471 654 2498; x_wconf 80' lang='grc' dir='ltr'>αὑτὸν</span> <span class='ocrx_word' id='word_1_690' title='bbox 668 2471 748 2506; x_wconf 84' lang='grc' dir='ltr'>χάριν</span> <span class='ocrx_word' id='word_1_691' title='bbox 761 2469 914 2496; x_wconf 77' lang='grc' dir='ltr'>διώκεσθαι.</span> <span class='ocrx_word' id='word_1_692' title='bbox 928 2469 960 2495; x_wconf 87' lang='lat' dir='ltr'><strong>El</strong></span> 
     </span>
    </p>
   </div>
   <div class='ocr_carea' id='block_1_96' title="bbox 175 2513 958 2551">
    <p class='ocr_par' dir='ltr' id='par_1_96' title="bbox 175 2513 958 2551">
     <span class='ocr_line' id='line_1_96' title="bbox 175 2513 958 2551; baseline 0 -10"><span class='ocrx_word' id='word_1_693' title='bbox 175 2515 224 2550; x_wconf 89' lang='grc' dir='ltr'>μὲν</span> <span class='ocrx_word' id='word_1_694' title='bbox 238 2513 288 2542; x_wconf 82' lang='grc' dir='ltr'>οὖν</span> <span class='ocrx_word' id='word_1_695' title='bbox 300 2515 330 2550; x_wconf 89' lang='lat' dir='ltr'><strong>(i)</strong></span> <span class='ocrx_word' id='word_1_696' title='bbox 348 2516 524 2551; x_wconf 79' lang='grc' dir='ltr'>ἐπαγγέλλεις</span> <span class='ocrx_word' id='word_1_697' title='bbox 534 2517 687 2544; x_wconf 84' lang='grc' dir='ltr'>ἀποδιδόναι</span> <span class='ocrx_word' id='word_1_698' title='bbox 701 2517 788 2551; x_wconf 87' lang='grc' dir='ltr'>τούτῳ</span> <span class='ocrx_word' id='word_1_699' title='bbox 798 2516 843 2542; x_wconf 87' lang='grc' dir='ltr'>τὸν</span> <span class='ocrx_word' id='word_1_700' title='bbox 856 2516 958 2551; x_wconf 84' lang='grc' dir='ltr'>θρόνον,</span> 
     </span>
    </p>
   </div>
   <div class='ocr_carea' id='block_1_97' title="bbox 173 2560 960 2598">
    <p class='ocr_par' dir='ltr' id='par_1_97' title="bbox 173 2560 960 2598">
     <span class='ocr_line' id='line_1_97' title="bbox 173 2560 960 2598; baseline 0.003 -12"><span class='ocrx_word' id='word_1_701' title='bbox 173 2560 342 2596; x_wconf 74' lang='grc' dir='ltr'>ἀμυνόμενος</span> <span class='ocrx_word' id='word_1_702' title='bbox 355 2562 418 2593; x_wconf 77' lang='grc' dir='ltr'>τοὺς</span> <span class='ocrx_word' id='word_1_703' title='bbox 431 2563 518 2597; x_wconf 80' lang='grc' dir='ltr'>μάτην</span> <span class='ocrx_word' id='word_1_704' title='bbox 529 2563 609 2590; x_wconf 81' lang='grc' dir='ltr'>αὐτὸν</span> <span class='ocrx_word' id='word_1_705' title='bbox 623 2562 830 2598; x_wconf 79' lang='grc' dir='ltr'>ἐπιφυομένους,</span> <span class='ocrx_word' id='word_1_706' title='bbox 846 2563 960 2589; x_wconf 84' lang='grc' dir='ltr'>ἀποστε-</span> 
     </span>
    </p>
   </div>
   <div class='ocr_carea' id='block_1_98' title="bbox 173 2605 959 2644">
    <p class='ocr_par' dir='ltr' id='par_1_98' title="bbox 173 2605 959 2644">
     <span class='ocr_line' id='line_1_98' title="bbox 173 2605 959 2644; baseline 0.003 -12"><span class='ocrx_word' id='word_1_707' title='bbox 173 2605 211 2632; x_wconf 86' lang='grc' dir='ltr'><strong>λῶ</strong></span> <span class='ocrx_word' id='word_1_708' title='bbox 232 2607 300 2642; x_wconf 78' lang='grc' dir='ltr'>πρὸς</span> <span class='ocrx_word' id='word_1_709' title='bbox 325 2607 355 2633; x_wconf 86' lang='grc' dir='ltr'>σὲ</span> <span class='ocrx_word' id='word_1_710' title='bbox 379 2608 424 2634; x_wconf 83' lang='grc' dir='ltr'><strong>τὸν</strong></span> <span class='ocrx_word' id='word_1_711' title='bbox 445 2608 545 2644; x_wconf 81' lang='grc' dir='ltr'>ἄνδρα·</span> <span class='ocrx_word' id='word_1_712' title='bbox 564 2609 588 2635; x_wconf 87' lang='grc' dir='ltr'><strong>εί</strong></span> <span class='ocrx_word' id='word_1_713' title='bbox 609 2608 636 2635; x_wconf 81' lang='grc' dir='ltr'>δὲ</span> <span class='ocrx_word' id='word_1_714' title='bbox 659 2609 798 2641; x_wconf 83' lang='grc' dir='ltr'>ἁνανευοις</span> <span class='ocrx_word' id='word_1_715' title='bbox 810 2608 895 2635; x_wconf 83' lang='grc' dir='ltr'>ταῦτα</span> <span class='ocrx_word' id='word_1_716' title='bbox 912 2608 959 2634; x_wconf 82' lang='grc' dir='ltr'><strong>οὕ-</strong></span> 
     </span>
    </p>
   </div>
   <div class='ocr_carea' id='block_1_99' title="bbox 171 2673 963 2735">
    <p class='ocr_par' dir='ltr' id='par_1_99' title="bbox 171 2673 963 2735">
     <span class='ocr_line' id='line_1_99' title="bbox 171 2673 963 2735; baseline 0.005 -33"><span class='ocrx_word' id='word_1_717' title='bbox 171 2673 246 2735; x_wconf 50' lang='grc' dir='ltr'><strong>λιέει)</strong></span> <span class='ocrx_word' id='word_1_718' title='bbox 268 2676 398 2712; x_wconf 86' lang='grc' dir='ltr'>Ἔρχεται</span> <span class='ocrx_word' id='word_1_719' title='bbox 415 2677 464 2704; x_wconf 86' lang='grc' dir='ltr'>σὺν</span> <span class='ocrx_word' id='word_1_720' title='bbox 486 2677 560 2713; x_wconf 84' lang='grc' dir='ltr'><strong>αὐτῷ</strong></span> <span class='ocrx_word' id='word_1_721' title='bbox 577 2678 645 2714; x_wconf 83' lang='grc' dir='ltr'>πρὸς</span> <span class='ocrx_word' id='word_1_722' title='bbox 666 2678 712 2705; x_wconf 79' lang='grc' dir='ltr'>τὸν</span> <span class='ocrx_word' id='word_1_723' title='bbox 742 2679 876 2714; x_wconf 86' lang='grc' dir='ltr'>μακάριον</span> <span class='ocrx_word' id='word_1_724' title='bbox 898 2680 963 2706; x_wconf 83' lang='grc' dir='ltr'>Ἰού-</span> 
     </span>
    </p>
   </div>
   <div class='ocr_carea' id='block_1_100' title="bbox 208 2744 961 2789">
    <p class='ocr_par' dir='ltr' id='par_1_100' title="bbox 208 2744 961 2789">
     <span class='ocr_line' id='line_1_100' title="bbox 208 2744 961 2789; baseline 0.008 -19"><span class='ocrx_word' id='word_1_725' title='bbox 208 2744 352 2789; x_wconf 39' lang='grc' dir='ltr'>(ὸὶᾘιιιιιικ</span> <span class='ocrx_word' id='word_1_726' title='bbox 362 2746 400 2789; x_wconf 68' lang='grc' dir='ltr'>τῷ</span> <span class='ocrx_word' id='word_1_727' title='bbox 416 2747 523 2789; x_wconf 50' lang='grc' dir='ltr'>ἀδελφῷ</span> <span class='ocrx_word' id='word_1_728' title='bbox 535 2747 569 2789; x_wconf 55' lang='grc' dir='ltr'><strong>τρι</strong></span> <span class='ocrx_word' id='word_1_729' title='bbox 582 2747 652 2789; x_wconf 30' lang='grc' dir='ltr'>κλατὰ</span> <span class='ocrx_word' id='word_1_730' title='bbox 668 2748 827 2775; x_wconf 81' lang='grc' dir='ltr'>Ἀθανασίου</span> <span class='ocrx_word' id='word_1_731' title='bbox 838 2749 961 2785; x_wconf 78' lang='grc' dir='ltr'>ἐσδεχθῆ-</span> 
     </span>
    </p>
   </div>
   <div class='ocr_carea' id='block_1_101' title="bbox 172 2779 646 2816">
    <p class='ocr_par' dir='ltr' id='par_1_101' title="bbox 172 2779 646 2816">
     <span class='ocr_line' id='line_1_101' title="bbox 172 2779 646 2816; baseline 0.006 -10"><span class='ocrx_word' id='word_1_732' title='bbox 172 2779 326 2816; x_wconf 44' lang='grc' dir='ltr'>ναιηίρειη,</span> <span class='ocrx_word' id='word_1_733' title='bbox 342 2779 439 2816; x_wconf 78' lang='grc' dir='ltr'>ἠνύετο</span> <span class='ocrx_word' id='word_1_734' title='bbox 453 2779 514 2809; x_wconf 69' lang='grc' dir='ltr'>ὅθεν</span> <span class='ocrx_word' id='word_1_735' title='bbox 528 2783 646 2809; x_wconf 88' lang='grc' dir='ltr'>σύνοδον.</span> 
     </span>
    </p>
   </div>
   <div class='ocr_carea' id='block_1_102' title="bbox 207 2814 959 2855">
    <p class='ocr_par' dir='ltr' id='par_1_102' title="bbox 207 2814 959 2855">
     <span class='ocr_line' id='line_1_102' title="bbox 207 2814 959 2855; baseline 0.009 -14"><span class='ocrx_word' id='word_1_736' title='bbox 207 2814 243 2855; x_wconf 56' lang='lat' dir='ltr'><strong>te)</strong></span> <span class='ocrx_word' id='word_1_737' title='bbox 255 2814 340 2855; x_wconf 69' lang='lat' dir='ltr'><strong>Palat.</strong></span> <span class='ocrx_word' id='word_1_738' title='bbox 352 2814 402 2848; x_wconf 77' lang='grc' dir='ltr'><strong>τὰς</strong></span> <span class='ocrx_word' id='word_1_739' title='bbox 416 2817 590 2854; x_wconf 76' lang='grc' dir='ltr'>καθαιρέσεις</span> <span class='ocrx_word' id='word_1_740' title='bbox 608 2817 698 2844; x_wconf 77' lang='grc' dir='ltr'>αὐτῶν</span> <span class='ocrx_word' id='word_1_741' title='bbox 713 2819 882 2852; x_wconf 72' lang='grc' dir='ltr'>γεγενεὶσθαι</span> <span class='ocrx_word' id='word_1_742' title='bbox 899 2820 959 2855; x_wconf 86' lang='lat' dir='ltr'><strong>(sic)</strong></span> 
     </span>
    </p>
   </div>
   <div class='ocr_carea' id='block_1_103' title="bbox 173 2847 327 2877">
    <p class='ocr_par' dir='ltr' id='par_1_103' title="bbox 173 2847 327 2877">
     <span class='ocr_line' id='line_1_103' title="bbox 173 2847 327 2877; baseline 0.006 -1"><span class='ocrx_word' id='word_1_743' title='bbox 173 2847 220 2876; x_wconf 66' lang='grc' dir='ltr'>ἐπὶ</span> <span class='ocrx_word' id='word_1_744' title='bbox 231 2847 327 2877; x_wconf 65' lang='grc' dir='ltr'>καταλ.</span> 
     </span>
    </p>
   </div>
   <div class='ocr_carea' id='block_1_104' title="bbox 210 2883 678 2920">
    <p class='ocr_par' dir='ltr' id='par_1_104' title="bbox 210 2883 678 2920">
     <span class='ocr_line' id='line_1_104' title="bbox 210 2883 678 2920; baseline 0.006 -9"><span class='ocrx_word' id='word_1_745' title='bbox 210 2883 249 2918; x_wconf 89' lang='lat' dir='ltr'><strong>(d)</strong></span> <span class='ocrx_word' id='word_1_746' title='bbox 266 2885 304 2913; x_wconf 92' lang='lat' dir='ltr'><strong>lta</strong></span> <span class='ocrx_word' id='word_1_747' title='bbox 318 2885 404 2914; x_wconf 84' lang='lat' dir='ltr'><strong>Palat.</strong></span> <span class='ocrx_word' id='word_1_748' title='bbox 420 2887 491 2916; x_wconf 79' lang='lat' dir='ltr'><strong>Etlili</strong></span> <span class='ocrx_word' id='word_1_749' title='bbox 509 2895 581 2920; x_wconf 81' lang='lat' dir='ltr'><strong>vero,</strong></span> <span class='ocrx_word' id='word_1_750' title='bbox 597 2888 610 2914; x_wconf 81' lang='grc' dir='ltr'><strong>ὁ</strong></span> <span class='ocrx_word' id='word_1_751' title='bbox 622 2887 678 2915; x_wconf 71' lang='grc' dir='ltr'>τοῦ.</span> 
     </span>
    </p>
   </div>
   <div class='ocr_carea' id='block_1_105' title="bbox 1016 2469 1801 2507">
    <p class='ocr_par' dir='ltr' id='par_1_105' title="bbox 1016 2469 1801 2507">
     <span class='ocr_line' id='line_1_105' title="bbox 1016 2469 1801 2507; baseline 0.008 -13"><span class='ocrx_word' id='word_1_752' title='bbox 1016 2472 1085 2495; x_wconf 87' lang='lat' dir='ltr'><strong>tatus</strong></span> <span class='ocrx_word' id='word_1_753' title='bbox 1098 2469 1158 2495; x_wconf 88' lang='lat' dir='ltr'><strong>novi</strong></span> <span class='ocrx_word' id='word_1_754' title='bbox 1180 2469 1289 2503; x_wconf 80' lang='lat' dir='ltr'><strong>pietatis</strong></span> <span class='ocrx_word' id='word_1_755' title='bbox 1305 2477 1366 2497; x_wconf 89' lang='lat' dir='ltr'><strong>eum</strong></span> <span class='ocrx_word' id='word_1_756' title='bbox 1389 2478 1470 2499; x_wconf 87' lang='lat' dir='ltr'><strong>causa</strong></span> <span class='ocrx_word' id='word_1_757' title='bbox 1485 2473 1700 2507; x_wconf 87' lang='lat' dir='ltr'><strong>persecutionem</strong></span> <span class='ocrx_word' id='word_1_758' title='bbox 1719 2474 1801 2500; x_wconf 88' lang='lat' dir='ltr'><strong>susti-</strong></span> 
     </span>
    </p>
   </div>
   <div class='ocr_carea' id='block_1_106' title="bbox 1014 2513 1799 2550">
    <p class='ocr_par' dir='ltr' id='par_1_106' title="bbox 1014 2513 1799 2550">
     <span class='ocr_line' id='line_1_106' title="bbox 1014 2513 1799 2550; baseline 0.01 -11"><span class='ocrx_word' id='word_1_759' title='bbox 1014 2520 1087 2540; x_wconf 88' lang='lat' dir='ltr'><strong>nere.</strong></span> <span class='ocrx_word' id='word_1_760' title='bbox 1117 2513 1144 2540; x_wconf 93' lang='lat' dir='ltr'><strong>Si</strong></span> <span class='ocrx_word' id='word_1_761' title='bbox 1160 2514 1269 2549; x_wconf 88' lang='lat' dir='ltr'><strong>quidem</strong></span> <span class='ocrx_word' id='word_1_762' title='bbox 1298 2516 1439 2550; x_wconf 83' lang='lat' dir='ltr'><strong>promittas</strong></span> <span class='ocrx_word' id='word_1_763' title='bbox 1461 2517 1615 2545; x_wconf 64' lang='lat' dir='ltr'><strong>illi-sedem</strong></span> <span class='ocrx_word' id='word_1_764' title='bbox 1643 2518 1799 2547; x_wconf 87' lang='lat' dir='ltr'><strong>restituere.</strong></span> 
     </span>
    </p>
   </div>
   <div class='ocr_carea' id='block_1_107' title="bbox 1012 2558 1801 2597">
    <p class='ocr_par' dir='ltr' id='par_1_107' title="bbox 1012 2558 1801 2597">
     <span class='ocr_line' id='line_1_107' title="bbox 1012 2558 1801 2597; baseline 0.009 -13"><span class='ocrx_word' id='word_1_765' title='bbox 1012 2558 1084 2586; x_wconf 90' lang='lat' dir='ltr'><strong>ultus</strong></span> <span class='ocrx_word' id='word_1_766' title='bbox 1100 2566 1146 2587; x_wconf 87' lang='lat' dir='ltr'><strong>eos</strong></span> <span class='ocrx_word' id='word_1_767' title='bbox 1161 2560 1206 2594; x_wconf 89' lang='lat' dir='ltr'><strong>qui</strong></span> <span class='ocrx_word' id='word_1_768' title='bbox 1217 2560 1370 2590; x_wconf 86' lang='lat' dir='ltr'><strong>sine.causa</strong></span> <span class='ocrx_word' id='word_1_769' title='bbox 1381 2567 1479 2589; x_wconf 79' lang='lat' dir='ltr'><strong>vexant</strong></span> <span class='ocrx_word' id='word_1_770' title='bbox 1493 2563 1589 2597; x_wconf 90' lang='lat' dir='ltr'><strong>ipsum,</strong></span> <span class='ocrx_word' id='word_1_771' title='bbox 1605 2563 1710 2590; x_wconf 90' lang='lat' dir='ltr'><strong>mittam</strong></span> <span class='ocrx_word' id='word_1_772' title='bbox 1725 2564 1758 2591; x_wconf 88' lang='lat' dir='ltr'><strong>ad</strong></span> <span class='ocrx_word' id='word_1_773' title='bbox 1775 2569 1801 2591; x_wconf 88' lang='lat' dir='ltr'><strong>lc</strong></span> 
     </span>
    </p>
   </div>
   <div class='ocr_carea' id='block_1_108' title="bbox 1012 2605 1800 2642">
    <p class='ocr_par' dir='ltr' id='par_1_108' title="bbox 1012 2605 1800 2642">
     <span class='ocr_line' id='line_1_108' title="bbox 1012 2605 1800 2642; baseline 0.008 -11"><span class='ocrx_word' id='word_1_774' title='bbox 1012 2605 1118 2637; x_wconf 86' lang='lat' dir='ltr'><strong>virum;</strong></span> <span class='ocrx_word' id='word_1_775' title='bbox 1147 2605 1189 2632; x_wconf 91' lang='lat' dir='ltr'><strong>sin</strong></span> <span class='ocrx_word' id='word_1_776' title='bbox 1207 2605 1333 2633; x_wconf 79' lang='lat' dir='ltr'><strong>abnueris</strong></span> <span class='ocrx_word' id='word_1_777' title='bbox 1359 2607 1415 2634; x_wconf 71' lang='lat' dir='ltr'><strong>htec</strong></span> <span class='ocrx_word' id='word_1_778' title='bbox 1430 2615 1520 2642; x_wconf 80' lang='lat' dir='ltr'><strong>agere,</strong></span> <span class='ocrx_word' id='word_1_779' title='bbox 1544 2614 1619 2635; x_wconf 88' lang='lat' dir='ltr'><strong>certo</strong></span> <span class='ocrx_word' id='word_1_780' title='bbox 1646 2610 1716 2637; x_wconf 88' lang='lat' dir='ltr'><strong>scias</strong></span> <span class='ocrx_word' id='word_1_781' title='bbox 1747 2617 1800 2638; x_wconf 85' lang='lat' dir='ltr'><strong>nte-</strong></span> 
     </span>
    </p>
   </div>
   <div class='ocr_carea' id='block_1_109' title="bbox 1050 2674 1797 2714">
    <p class='ocr_par' dir='ltr' id='par_1_109' title="bbox 1050 2674 1797 2714">
     <span class='ocr_line' id='line_1_109' title="bbox 1050 2674 1797 2714; baseline 0.005 -13"><span class='ocrx_word' id='word_1_782' title='bbox 1050 2678 1086 2711; x_wconf 83' lang='lat' dir='ltr'><strong>(e)</strong></span> <span class='ocrx_word' id='word_1_783' title='bbox 1103 2674 1248 2714; x_wconf 72' lang='lat' dir='ltr'><strong>btc_Palat.</strong></span> <span class='ocrx_word' id='word_1_784' title='bbox 1264 2675 1334 2702; x_wconf 80' lang='lat' dir='ltr'><strong>Editi</strong></span> <span class='ocrx_word' id='word_1_785' title='bbox 1353 2683 1425 2707; x_wconf 90' lang='lat' dir='ltr'><strong>vero,</strong></span> <span class='ocrx_word' id='word_1_786' title='bbox 1445 2675 1697 2712; x_wconf 69' lang='grc' dir='ltr'>Κουρδούϐης.Μοκ</span> <span class='ocrx_word' id='word_1_787' title='bbox 1711 2676 1797 2706; x_wconf 83' lang='lat' dir='ltr'><strong>Palat.</strong></span> 
     </span>
    </p>
   </div>
   <div class='ocr_carea' id='block_1_110' title="bbox 1014 2713 1211 2745">
    <p class='ocr_par' dir='ltr' id='par_1_110' title="bbox 1014 2713 1211 2745">
     <span class='ocr_line' id='line_1_110' title="bbox 1014 2713 1211 2745; baseline -0.015 -7"><span class='ocrx_word' id='word_1_788' title='bbox 1014 2713 1211 2745; x_wconf 80' lang='grc' dir='ltr'>ἀποχωροῦσιν.</span> 
     </span>
    </p>
   </div>
   <div class='ocr_carea' id='block_1_111' title="bbox 1050 2720 1387 2780">
    <p class='ocr_par' dir='ltr' id='par_1_111' title="bbox 1050 2720 1387 2780">
     <span class='ocr_line' id='line_1_111' title="bbox 1050 2720 1211 2745; baseline -0.012 -8"><span class='ocrx_word' id='word_1_789' title='bbox 1050 2720 1066 2737; x_wconf 62' lang='grc' dir='ltr'>ῃ</span> <span class='ocrx_word' id='word_1_790' title='bbox 1079 2720 1211 2745; x_wconf 84' lang='grc' dir='ltr'>’ωρουσιν.</span> 
     </span>
     <span class='ocr_line' id='line_1_112' title="bbox 1050 2720 1387 2780; baseline 0.003 -10"><span class='ocrx_word' id='word_1_791' title='bbox 1050 2720 1084 2779; x_wconf 53' lang='lat'><strong>([2;</strong></span> <span class='ocrx_word' id='word_1_792' title='bbox 1100 2745 1186 2771; x_wconf 84' lang='lat' dir='ltr'><strong>Palat.</strong></span> <span class='ocrx_word' id='word_1_793' title='bbox 1201 2744 1387 2780; x_wconf 78' lang='grc' dir='ltr'>κρατύνοντες.</span> 
     </span>
    </p>
   </div>
   <div class='ocr_carea' id='block_1_112' title="bbox 1049 2780 1628 2816">
    <p class='ocr_par' dir='ltr' id='par_1_112' title="bbox 1049 2780 1628 2816">
     <span class='ocr_line' id='line_1_113' title="bbox 1049 2780 1628 2816; baseline 0.01 -11"><span class='ocrx_word' id='word_1_794' title='bbox 1049 2782 1085 2815; x_wconf 84' lang='lat' dir='ltr'><strong>(g)</strong></span> <span class='ocrx_word' id='word_1_795' title='bbox 1100 2780 1186 2816; x_wconf 62' lang='lat' dir='ltr'><strong>Palat.</strong></span> <span class='ocrx_word' id='word_1_796' title='bbox 1201 2780 1353 2816; x_wconf 55' lang='grc' dir='ltr'>γράψαντες</span> <span class='ocrx_word' id='word_1_797' title='bbox 1371 2781 1399 2807; x_wconf 76' lang='grc' dir='ltr'>δὲ</span> <span class='ocrx_word' id='word_1_798' title='bbox 1412 2781 1554 2815; x_wconf 80' lang='grc' dir='ltr'>ἐπιστολὰς</span> <span class='ocrx_word' id='word_1_799' title='bbox 1572 2784 1628 2811; x_wconf 85' lang='grc' dir='ltr'>καί.</span> 
     </span>
    </p>
   </div>
   <div class='ocr_carea' id='block_1_113' title="bbox 1051 2815 1601 2853">
    <p class='ocr_par' dir='ltr' id='par_1_113' title="bbox 1051 2815 1601 2853">
     <span class='ocr_line' id='line_1_114' title="bbox 1051 2815 1601 2853; baseline 0.007 -12"><span class='ocrx_word' id='word_1_800' title='bbox 1051 2815 1248 2853; x_wconf 31' lang='grc' dir='ltr'><strong>υι)λΡυΙυι..ύ)ς</strong></span> <span class='ocrx_word' id='word_1_801' title='bbox 1266 2815 1350 2853; x_wconf 41' lang='lat' dir='ltr'><strong>Egisti):</strong></span> <span class='ocrx_word' id='word_1_802' title='bbox 1367 2816 1497 2853; x_wconf 60' lang='grc' dir='ltr'>Ιςώνστας</span> <span class='ocrx_word' id='word_1_803' title='bbox 1511 2819 1524 2844; x_wconf 84' lang='grc' dir='ltr'>ὁ</span> <span class='ocrx_word' id='word_1_804' title='bbox 1541 2818 1601 2853; x_wconf 80' lang='grc' dir='ltr'>βασ.</span> 
     </span>
    </p>
   </div>
   <div class='ocr_carea' id='block_1_114' title="bbox 1048 2849 1798 2891">
    <p class='ocr_par' dir='ltr' id='par_1_114' title="bbox 1048 2849 1798 2891">
     <span class='ocr_line' id='line_1_115' title="bbox 1048 2849 1798 2891; baseline -0.003 -15"><span class='ocrx_word' id='word_1_805' title='bbox 1048 2849 1078 2891; x_wconf 69' lang='grc' dir='ltr'><strong>(ἱ)</strong></span> <span class='ocrx_word' id='word_1_806' title='bbox 1093 2849 1179 2876; x_wconf 82' lang='lat' dir='ltr'><strong>Palat.</strong></span> <span class='ocrx_word' id='word_1_807' title='bbox 1194 2850 1360 2891; x_wconf 58' lang='grc' dir='ltr'>ἐπαγγέλλῃ.</span> <span class='ocrx_word' id='word_1_808' title='bbox 1377 2851 1528 2891; x_wconf 55' lang='grc' dir='ltr'>ξιιιιιοροει</span> <span class='ocrx_word' id='word_1_809' title='bbox 1541 2849 1630 2889; x_wconf 75' lang='lat' dir='ltr'><strong>idem,</strong></span> <span class='ocrx_word' id='word_1_810' title='bbox 1648 2855 1734 2891; x_wconf 77' lang='grc' dir='ltr'>μάτην</span> <span class='ocrx_word' id='word_1_811' title='bbox 1747 2853 1798 2881; x_wconf 69' lang='grc' dir='ltr'><strong>αὖ-</strong></span> 
     </span>
    </p>
   </div>
   <div class='ocr_carea' id='block_1_115' title="bbox 1013 2885 1453 2921">
    <p class='ocr_par' dir='ltr' id='par_1_115' title="bbox 1013 2885 1453 2921">
     <span class='ocr_line' id='line_1_116' title="bbox 1013 2885 1453 2921; baseline 0.005 -9"><span class='ocrx_word' id='word_1_812' title='bbox 1013 2886 1051 2921; x_wconf 73' lang='grc' dir='ltr'><strong>τῷ</strong></span> <span class='ocrx_word' id='word_1_813' title='bbox 1067 2886 1272 2920; x_wconf 64' lang='grc' dir='ltr'>ἐπιφυομένους,</span> <span class='ocrx_word' id='word_1_814' title='bbox 1290 2885 1453 2914; x_wconf 78' lang='grc' dir='ltr'>ἀποστέλλω.</span> 
     </span>
    </p>
   </div>
  </div>
