  <div class='ocr_page' id='page_1' title='image "/cluster/home/n/w/nwhite01/storage/ocr_20150623/25/njp.32101010944591/241.png"; bbox 0 0 2027 3042; ppageno 0'>
   <div class='ocr_carea' id='block_1_1' title="bbox 250 151 364 172">
    <p class='ocr_par' dir='ltr' id='par_1_1' title="bbox 250 151 364 172">
     <span class='ocr_line' id='line_1_1' title="bbox 250 151 364 172; baseline -0.009 0"><span class='ocrx_word' id='word_1_1' title='bbox 250 151 364 172; x_wconf 72' lang='lat' dir='ltr'><strong>CCXIX&quot;</strong></span> 
     </span>
    </p>
   </div>
   <div class='ocr_carea' id='block_1_2' title="bbox 924 142 1189 172">
    <p class='ocr_par' dir='ltr' id='par_1_2' title="bbox 924 142 1189 172">
     <span class='ocr_line' id='line_1_2' title="bbox 924 142 1189 172; baseline -0.008 0"><span class='ocrx_word' id='word_1_2' title='bbox 924 142 1189 172; x_wconf 70' lang='lat' dir='ltr'><strong>PBOLEGOMENA.</strong></span> 
     </span>
    </p>
   </div>
   <div class='ocr_carea' id='block_1_3' title="bbox 248 199 1024 238">
    <p class='ocr_par' dir='ltr' id='par_1_3' title="bbox 248 201 1024 238">
     <span class='ocr_line' id='line_1_3' title="bbox 248 201 1024 238; baseline 0.003 -9"><span class='ocrx_word' id='word_1_3' title='bbox 248 201 338 238; x_wconf 79' lang='lat' dir='ltr'><strong>ipsum</strong></span> <span class='ocrx_word' id='word_1_4' title='bbox 355 201 442 233; x_wconf 79' lang='lat' dir='ltr'><strong>isthuc</strong></span> <span class='ocrx_word' id='word_1_5' title='bbox 457 208 516 230; x_wconf 84' lang='lat' dir='ltr'><strong>esse</strong></span> <span class='ocrx_word' id='word_1_6' title='bbox 528 207 679 235; x_wconf 86' lang='lat' dir='ltr'><strong>venturum,</strong></span> <span class='ocrx_word' id='word_1_7' title='bbox 698 207 725 230; x_wconf 86' lang='lat' dir='ltr'><strong>et</strong></span> <span class='ocrx_word' id='word_1_8' title='bbox 747 203 790 231; x_wconf 83' lang='lat' dir='ltr'><strong>vel</strong></span> <span class='ocrx_word' id='word_1_9' title='bbox 806 207 832 231; x_wconf 91' lang='lat' dir='ltr'><strong>te</strong></span> <span class='ocrx_word' id='word_1_10' title='bbox 849 203 932 231; x_wconf 83' lang='lat' dir='ltr'><strong>invito</strong></span> <span class='ocrx_word' id='word_1_11' title='bbox 949 204 1024 233; x_wconf 86' lang='lat' dir='ltr'><strong>virun</strong></span> 
     </span>
    </p>
   </div>
   <div class='ocr_carea' id='block_1_4' title="bbox 1076 199 1867 238">
    <p class='ocr_par' dir='ltr' id='par_1_4' title="bbox 1086 199 1867 237">
     <span class='ocr_line' id='line_1_4' title="bbox 1086 199 1867 237; baseline 0.001 -10"><span class='ocrx_word' id='word_1_12' title='bbox 1086 210 1124 228; x_wconf 86' lang='grc' dir='ltr'><strong>τω</strong></span> <span class='ocrx_word' id='word_1_13' title='bbox 1147 203 1242 234; x_wconf 80' lang='grc' dir='ltr'>ποιείν,</span> <span class='ocrx_word' id='word_1_14' title='bbox 1263 199 1291 229; x_wconf 83' lang='grc' dir='ltr'>εὖ</span> <span class='ocrx_word' id='word_1_15' title='bbox 1314 201 1378 233; x_wconf 75' lang='grc' dir='ltr'>ἴσθι,</span> <span class='ocrx_word' id='word_1_16' title='bbox 1394 201 1435 228; x_wconf 78' lang='grc' dir='ltr'>ὅτι</span> <span class='ocrx_word' id='word_1_17' title='bbox 1451 200 1531 232; x_wconf 78' lang='grc' dir='ltr'>αὐτὸς</span> <span class='ocrx_word' id='word_1_18' title='bbox 1546 199 1600 234; x_wconf 78' lang='grc' dir='ltr'><strong>ἐγὼ</strong></span> <span class='ocrx_word' id='word_1_19' title='bbox 1614 200 1706 228; x_wconf 73' lang='grc' dir='ltr'>αὐτόθι</span> <span class='ocrx_word' id='word_1_20' title='bbox 1718 201 1867 237; x_wconf 64' lang='grc' dir='ltr'>γινόμενος,</span> 
     </span>
    </p>
   </div>
   <div class='ocr_carea' id='block_1_5' title="bbox 251 248 717 284">
    <p class='ocr_par' dir='ltr' id='par_1_5' title="bbox 251 248 717 284">
     <span class='ocr_line' id='line_1_5' title="bbox 251 248 717 284; baseline 0.002 -9"><span class='ocrx_word' id='word_1_21' title='bbox 251 248 366 284; x_wconf 70' lang='lat' dir='ltr'><strong>propria:</strong></span> <span class='ocrx_word' id='word_1_22' title='bbox 379 248 435 276; x_wconf 83' lang='lat' dir='ltr'><strong>sedi</strong></span> <span class='ocrx_word' id='word_1_23' title='bbox 450 255 509 276; x_wconf 84' lang='lat' dir='ltr'><strong>esse</strong></span> <span class='ocrx_word' id='word_1_24' title='bbox 523 248 717 276; x_wconf 90' lang='lat' dir='ltr'><strong>restituturum.</strong></span> 
     </span>
    </p>
   </div>
   <div class='ocr_carea' id='block_1_6' title="bbox 285 335 1030 375">
    <p class='ocr_par' dir='ltr' id='par_1_6' title="bbox 285 335 1030 375">
     <span class='ocr_line' id='line_1_6' title="bbox 285 335 1030 375; baseline 0.007 -13"><span class='ocrx_word' id='word_1_25' title='bbox 285 335 351 363; x_wconf 90' lang='lat' dir='ltr'><strong>Cum</strong></span> <span class='ocrx_word' id='word_1_26' title='bbox 364 341 455 363; x_wconf 89' lang='lat' dir='ltr'><strong>nosset</strong></span> <span class='ocrx_word' id='word_1_27' title='bbox 470 336 550 371; x_wconf 78' lang='lat' dir='ltr'><strong>igitur</strong></span> <span class='ocrx_word' id='word_1_28' title='bbox 565 335 739 365; x_wconf 75' lang='lat' dir='ltr'><strong>Constantius</strong></span> <span class='ocrx_word' id='word_1_29' title='bbox 751 337 842 366; x_wconf 75' lang='lat' dir='ltr'><strong>fratris</strong></span> <span class='ocrx_word' id='word_1_30' title='bbox 854 340 1030 375; x_wconf 87' lang='lat' dir='ltr'><strong>propositum,</strong></span> 
     </span>
    </p>
   </div>
   <div class='ocr_carea' id='block_1_7' title="bbox 251 380 1030 420">
    <p class='ocr_par' dir='ltr' id='par_1_7' title="bbox 251 380 1030 420">
     <span class='ocr_line' id='line_1_7' title="bbox 251 380 1030 420; baseline 0.006 -12"><span class='ocrx_word' id='word_1_31' title='bbox 251 380 394 409; x_wconf 83' lang='lat' dir='ltr'><strong>formidine</strong></span> <span class='ocrx_word' id='word_1_32' title='bbox 406 381 486 415; x_wconf 89' lang='lat' dir='ltr'><strong>illius,</strong></span> <span class='ocrx_word' id='word_1_33' title='bbox 507 388 629 411; x_wconf 87' lang='lat' dir='ltr'><strong>sanctum</strong></span> <span class='ocrx_word' id='word_1_34' title='bbox 649 383 826 412; x_wconf 77' lang='lat' dir='ltr'><strong>Athanasium</strong></span> <span class='ocrx_word' id='word_1_35' title='bbox 847 385 963 420; x_wconf 79' lang='lat' dir='ltr'><strong>propriis</strong></span> <span class='ocrx_word' id='word_1_36' title='bbox 984 393 1030 412; x_wconf 90' lang='lat' dir='ltr'><strong>ar-</strong></span> 
     </span>
    </p>
   </div>
   <div class='ocr_carea' id='block_1_8' title="bbox 249 425 1027 464">
    <p class='ocr_par' dir='ltr' id='par_1_8' title="bbox 249 425 1027 464">
     <span class='ocr_line' id='line_1_8' title="bbox 249 425 1027 464; baseline 0.01 -13"><span class='ocrx_word' id='word_1_37' title='bbox 249 425 331 452; x_wconf 88' lang='lat' dir='ltr'><strong>cessit</strong></span> <span class='ocrx_word' id='word_1_38' title='bbox 343 425 449 460; x_wconf 78' lang='lat' dir='ltr'><strong>litteris,</strong></span> <span class='ocrx_word' id='word_1_39' title='bbox 466 434 518 454; x_wconf 91' lang='lat' dir='ltr'><strong>non</strong></span> <span class='ocrx_word' id='word_1_40' title='bbox 534 429 616 456; x_wconf 85' lang='lat' dir='ltr'><strong>semel</strong></span> <span class='ocrx_word' id='word_1_41' title='bbox 636 436 722 464; x_wconf 90' lang='lat' dir='ltr'><strong>neque</strong></span> <span class='ocrx_word' id='word_1_42' title='bbox 735 429 776 458; x_wconf 87' lang='lat' dir='ltr'><strong>bis</strong></span> <span class='ocrx_word' id='word_1_43' title='bbox 789 434 904 463; x_wconf 84' lang='lat' dir='ltr'><strong>tantum,</strong></span> <span class='ocrx_word' id='word_1_44' title='bbox 923 431 970 458; x_wconf 89' lang='lat' dir='ltr'><strong>sed</strong></span> <span class='ocrx_word' id='word_1_45' title='bbox 986 439 1027 459; x_wconf 89' lang='lat' dir='ltr'><strong>us-</strong></span> 
     </span>
    </p>
   </div>
   <div class='ocr_carea' id='block_1_9' title="bbox 249 472 939 506">
    <p class='ocr_par' dir='ltr' id='par_1_9' title="bbox 249 472 939 506">
     <span class='ocr_line' id='line_1_9' title="bbox 249 472 939 506; baseline 0.012 -9"><span class='ocrx_word' id='word_1_46' title='bbox 249 478 302 506; x_wconf 89' lang='lat' dir='ltr'><strong>que</strong></span> <span class='ocrx_word' id='word_1_47' title='bbox 317 472 395 499; x_wconf 88' lang='lat' dir='ltr'><strong>tertio</strong></span> <span class='ocrx_word' id='word_1_48' title='bbox 412 473 564 501; x_wconf 85' lang='lat' dir='ltr'><strong>rescribens</strong></span> <span class='ocrx_word' id='word_1_49' title='bbox 581 474 728 504; x_wconf 81' lang='lat' dir='ltr'><strong>Athanasio</strong></span> <span class='ocrx_word' id='word_1_50' title='bbox 741 476 816 504; x_wconf 88' lang='lat' dir='ltr'><strong>hisce</strong></span> <span class='ocrx_word' id='word_1_51' title='bbox 829 477 917 505; x_wconf 86' lang='lat' dir='ltr'><strong>verbis</strong></span> <span class='ocrx_word' id='word_1_52' title='bbox 933 486 939 505; x_wconf 91' lang='lat'>:</span> 
     </span>
    </p>
   </div>
   <div class='ocr_carea' id='block_1_10' title="bbox 388 570 887 602">
    <p class='ocr_par' dir='ltr' id='par_1_10' title="bbox 388 570 887 602">
     <span class='ocr_line' id='line_1_10' title="bbox 388 570 887 602; baseline 0.01 -5"><span class='ocrx_word' id='word_1_53' title='bbox 388 570 663 601; x_wconf 77' lang='lat' dir='ltr'><strong>INTERPRETATIO</strong></span> <span class='ocrx_word' id='word_1_54' title='bbox 677 573 854 602; x_wconf 74' lang='lat' dir='ltr'><strong>EPISTOL/E</strong></span> <span class='ocrx_word' id='word_1_55' title='bbox 867 575 887 602; x_wconf 89' lang='lat' dir='ltr'><strong>l.</strong></span> 
     </span>
    </p>
   </div>
   <div class='ocr_carea' id='block_1_11' title="bbox 335 625 940 665">
    <p class='ocr_par' dir='ltr' id='par_1_11' title="bbox 335 625 940 665">
     <span class='ocr_line' id='line_1_11' title="bbox 335 625 940 665; baseline 0.012 -12"><span class='ocrx_word' id='word_1_56' title='bbox 335 625 504 655; x_wconf 71' lang='lat' dir='ltr'><strong>Constantius</strong></span> <span class='ocrx_word' id='word_1_57' title='bbox 530 628 616 656; x_wconf 81' lang='lat' dir='ltr'><strong>Victor</strong></span> <span class='ocrx_word' id='word_1_58' title='bbox 629 629 762 665; x_wconf 76' lang='lat' dir='ltr'><strong>Augustus</strong></span> <span class='ocrx_word' id='word_1_59' title='bbox 785 631 940 661; x_wconf 64' lang='lat' dir='ltr'><strong>Athanasio.</strong></span> 
     </span>
    </p>
   </div>
   <div class='ocr_carea' id='block_1_12' title="bbox 284 681 1028 724">
    <p class='ocr_par' dir='ltr' id='par_1_12' title="bbox 284 681 1028 724">
     <span class='ocr_line' id='line_1_12' title="bbox 284 681 1028 724; baseline 0.011 -15"><span class='ocrx_word' id='word_1_60' title='bbox 284 681 389 710; x_wconf 88' lang='lat' dir='ltr'><strong>Diutius</strong></span> <span class='ocrx_word' id='word_1_61' title='bbox 404 687 430 710; x_wconf 89' lang='lat' dir='ltr'><strong>te</strong></span> <span class='ocrx_word' id='word_1_62' title='bbox 443 684 604 713; x_wconf 80' lang='lat' dir='ltr'><strong>immanibus</strong></span> <span class='ocrx_word' id='word_1_63' title='bbox 616 687 698 714; x_wconf 91' lang='lat' dir='ltr'><strong>maris</strong></span> <span class='ocrx_word' id='word_1_64' title='bbox 709 686 833 715; x_wconf 81' lang='lat' dir='ltr'><strong>ﬂuctibus</strong></span> <span class='ocrx_word' id='word_1_65' title='bbox 849 689 1028 724; x_wconf 83' lang='lat' dir='ltr'><strong>procellisque</strong></span> 
     </span>
    </p>
   </div>
   <div class='ocr_carea' id='block_1_13' title="bbox 246 727 1025 769">
    <p class='ocr_par' dir='ltr' id='par_1_13' title="bbox 246 727 1025 769">
     <span class='ocr_line' id='line_1_13' title="bbox 246 727 1025 769; baseline 0.01 -15"><span class='ocrx_word' id='word_1_66' title='bbox 246 727 354 763; x_wconf 81' lang='lat' dir='ltr'><strong>jactari,</strong></span> <span class='ocrx_word' id='word_1_67' title='bbox 372 733 470 756; x_wconf 79' lang='lat' dir='ltr'><strong>nostrae</strong></span> <span class='ocrx_word' id='word_1_68' title='bbox 488 730 638 759; x_wconf 76' lang='lat' dir='ltr'><strong>clementiae</strong></span> <span class='ocrx_word' id='word_1_69' title='bbox 651 732 805 760; x_wconf 81' lang='lat' dir='ltr'><strong>humanitas</strong></span> <span class='ocrx_word' id='word_1_70' title='bbox 822 741 873 761; x_wconf 90' lang='lat' dir='ltr'><strong>non</strong></span> <span class='ocrx_word' id='word_1_71' title='bbox 887 735 1025 769; x_wconf 86' lang='lat' dir='ltr'><strong>permisit;</strong></span> 
     </span>
    </p>
   </div>
   <div class='ocr_carea' id='block_1_14' title="bbox 247 773 1026 815">
    <p class='ocr_par' dir='ltr' id='par_1_14' title="bbox 247 773 1026 815">
     <span class='ocr_line' id='line_1_14' title="bbox 247 773 1026 815; baseline 0.01 -15"><span class='ocrx_word' id='word_1_72' title='bbox 247 778 275 800; x_wconf 87' lang='lat' dir='ltr'><strong>te</strong></span> <span class='ocrx_word' id='word_1_73' title='bbox 290 773 392 802; x_wconf 89' lang='lat' dir='ltr'><strong>scilicet</strong></span> <span class='ocrx_word' id='word_1_74' title='bbox 410 775 505 809; x_wconf 87' lang='lat' dir='ltr'><strong>patriis</strong></span> <span class='ocrx_word' id='word_1_75' title='bbox 518 777 659 810; x_wconf 82' lang='lat' dir='ltr'><strong>penatibus</strong></span> <span class='ocrx_word' id='word_1_76' title='bbox 679 779 807 806; x_wconf 88' lang='lat' dir='ltr'><strong>nudatum</strong></span> <span class='ocrx_word' id='word_1_77' title='bbox 818 799 826 812; x_wconf 82' lang='lat'><strong>,</strong></span> <span class='ocrx_word' id='word_1_78' title='bbox 841 779 947 814; x_wconf 88' lang='lat' dir='ltr'><strong>tuisque</strong></span> <span class='ocrx_word' id='word_1_79' title='bbox 963 787 1026 815; x_wconf 87' lang='lat' dir='ltr'><strong>spo-</strong></span> 
     </span>
    </p>
   </div>
   <div class='ocr_carea' id='block_1_15' title="bbox 248 817 1027 861">
    <p class='ocr_par' dir='ltr' id='par_1_15' title="bbox 248 817 1027 861">
     <span class='ocr_line' id='line_1_15' title="bbox 248 817 1027 861; baseline 0.012 -16"><span class='ocrx_word' id='word_1_80' title='bbox 248 817 351 852; x_wconf 81' lang='lat' dir='ltr'><strong>liatum,</strong></span> <span class='ocrx_word' id='word_1_81' title='bbox 369 819 396 847; x_wconf 90' lang='lat' dir='ltr'><strong>in</strong></span> <span class='ocrx_word' id='word_1_82' title='bbox 410 820 489 849; x_wconf 86' lang='lat' dir='ltr'><strong>inviis</strong></span> <span class='ocrx_word' id='word_1_83' title='bbox 504 821 621 850; x_wconf 83' lang='lat' dir='ltr'><strong>ferarum</strong></span> <span class='ocrx_word' id='word_1_84' title='bbox 637 823 702 851; x_wconf 89' lang='lat' dir='ltr'><strong>locis</strong></span> <span class='ocrx_word' id='word_1_85' title='bbox 719 830 854 852; x_wconf 84' lang='lat' dir='ltr'><strong>errantem</strong></span> <span class='ocrx_word' id='word_1_86' title='bbox 868 833 920 853; x_wconf 89' lang='lat' dir='ltr'><strong>non</strong></span> <span class='ocrx_word' id='word_1_87' title='bbox 938 827 1027 861; x_wconf 74' lang='lat' dir='ltr'><strong>negle-</strong></span> 
     </span>
    </p>
   </div>
   <div class='ocr_carea' id='block_1_16' title="bbox 1083 245 1867 284">
    <p class='ocr_par' dir='ltr' id='par_1_16' title="bbox 1083 245 1867 284">
     <span class='ocr_line' id='line_1_16' title="bbox 1083 245 1867 284; baseline 0.001 -10"><span class='ocrx_word' id='word_1_88' title='bbox 1083 247 1130 274; x_wconf 75' lang='grc' dir='ltr'><strong>καὶ</strong></span> <span class='ocrx_word' id='word_1_89' title='bbox 1157 247 1269 279; x_wconf 74' lang='grc' dir='ltr'>ἀκοντός</span> <span class='ocrx_word' id='word_1_90' title='bbox 1294 255 1340 273; x_wconf 87' lang='grc' dir='ltr'><strong>σου</strong></span> <span class='ocrx_word' id='word_1_91' title='bbox 1365 247 1410 274; x_wconf 80' lang='grc' dir='ltr'>τὸν</span> <span class='ocrx_word' id='word_1_92' title='bbox 1440 245 1522 282; x_wconf 77' lang='grc' dir='ltr'>ἄνδρα</span> <span class='ocrx_word' id='word_1_93' title='bbox 1547 245 1586 281; x_wconf 82' lang='grc' dir='ltr'>τῷ</span> <span class='ocrx_word' id='word_1_94' title='bbox 1603 246 1695 282; x_wconf 74' lang='grc' dir='ltr'>οἰκείῳ</span> <span class='ocrx_word' id='word_1_95' title='bbox 1719 247 1867 284; x_wconf 85' lang='grc' dir='ltr'>ἀποδίδωμι</span> 
     </span>
    </p>
   </div>
   <div class='ocr_carea' id='block_1_17' title="bbox 1081 293 1178 330">
    <p class='ocr_par' dir='ltr' id='par_1_17' title="bbox 1081 293 1178 330">
     <span class='ocr_line' id='line_1_17' title="bbox 1081 293 1178 330; baseline 0 -10"><span class='ocrx_word' id='word_1_96' title='bbox 1081 293 1178 330; x_wconf 82' lang='grc' dir='ltr'>θρόνῳ.</span> 
     </span>
    </p>
   </div>
   <div class='ocr_carea' id='block_1_18' title="bbox 1115 336 1866 375">
    <p class='ocr_par' dir='ltr' id='par_1_18' title="bbox 1115 336 1866 375">
     <span class='ocr_line' id='line_1_18' title="bbox 1115 336 1866 375; baseline 0 -9"><span class='ocrx_word' id='word_1_97' title='bbox 1115 340 1196 372; x_wconf 82' lang='grc' dir='ltr'><strong>Γνοὺς</strong></span> <span class='ocrx_word' id='word_1_98' title='bbox 1217 336 1263 366; x_wconf 77' lang='grc' dir='ltr'><strong>οὖν</strong></span> <span class='ocrx_word' id='word_1_99' title='bbox 1284 339 1298 366; x_wconf 82' lang='grc' dir='ltr'>ὁ</span> <span class='ocrx_word' id='word_1_100' title='bbox 1313 338 1500 370; x_wconf 83' lang='grc' dir='ltr'>Κωνστάντιος</span> <span class='ocrx_word' id='word_1_101' title='bbox 1515 338 1561 365; x_wconf 79' lang='grc' dir='ltr'><strong>τοῦ</strong></span> <span class='ocrx_word' id='word_1_102' title='bbox 1579 338 1692 373; x_wconf 77' lang='grc' dir='ltr'>ἀδελφοῦ</span> <span class='ocrx_word' id='word_1_103' title='bbox 1706 339 1756 375; x_wconf 86' lang='grc' dir='ltr'>τὴν</span> <span class='ocrx_word' id='word_1_104' title='bbox 1770 339 1866 366; x_wconf 79' lang='grc' dir='ltr'>ἔνο-τα-</span> 
     </span>
    </p>
   </div>
   <div class='ocr_carea' id='block_1_19' title="bbox 1081 385 1868 419">
    <p class='ocr_par' dir='ltr' id='par_1_19' title="bbox 1081 385 1868 419">
     <span class='ocr_line' id='line_1_19' title="bbox 1081 385 1868 419; baseline 0.001 -7"><span class='ocrx_word' id='word_1_105' title='bbox 1081 393 1134 417; x_wconf 84' lang='grc' dir='ltr'>σιν,</span> <span class='ocrx_word' id='word_1_106' title='bbox 1149 386 1195 412; x_wconf 78' lang='grc' dir='ltr'><strong>καὶ</strong></span> <span class='ocrx_word' id='word_1_107' title='bbox 1208 385 1344 417; x_wconf 84' lang='grc' dir='ltr'>δειλιάσας</span> <span class='ocrx_word' id='word_1_108' title='bbox 1354 385 1444 417; x_wconf 82' lang='grc' dir='ltr'>αὐτὸν,</span> <span class='ocrx_word' id='word_1_109' title='bbox 1456 385 1533 411; x_wconf 86' lang='grc' dir='ltr'>καλεῖ</span> <span class='ocrx_word' id='word_1_110' title='bbox 1545 385 1590 411; x_wconf 81' lang='grc' dir='ltr'><strong>τὸν</strong></span> <span class='ocrx_word' id='word_1_111' title='bbox 1606 385 1682 419; x_wconf 82' lang='grc' dir='ltr'>ἆγιον</span> <span class='ocrx_word' id='word_1_112' title='bbox 1699 385 1868 419; x_wconf 75' lang='grc' dir='ltr'>Ἀθανάσιον,</span> 
     </span>
    </p>
   </div>
   <div class='ocr_carea' id='block_1_20' title="bbox 1079 429 1869 466">
    <p class='ocr_par' dir='ltr' id='par_1_20' title="bbox 1079 429 1869 466">
     <span class='ocr_line' id='line_1_20' title="bbox 1079 429 1869 466; baseline 0 -9"><span class='ocrx_word' id='word_1_113' title='bbox 1079 431 1112 457; x_wconf 85' lang='grc' dir='ltr'><strong>δι’</strong></span> <span class='ocrx_word' id='word_1_114' title='bbox 1120 431 1226 457; x_wconf 83' lang='grc' dir='ltr'><strong>οἰκείων</strong></span> <span class='ocrx_word' id='word_1_115' title='bbox 1237 430 1407 466; x_wconf 79' lang='grc' dir='ltr'><strong>γραμμάτων</strong></span> <span class='ocrx_word' id='word_1_116' title='bbox 1420 430 1504 456; x_wconf 80' lang='grc' dir='ltr'>ἐλθεῖν</span> <span class='ocrx_word' id='word_1_117' title='bbox 1515 430 1581 465; x_wconf 82' lang='grc' dir='ltr'>πρὸς</span> <span class='ocrx_word' id='word_1_118' title='bbox 1591 429 1670 456; x_wconf 80' lang='grc' dir='ltr'>αὑτὸν</span> <span class='ocrx_word' id='word_1_119' title='bbox 1679 430 1727 465; x_wconf 88' lang='lat' dir='ltr'><strong>(a),</strong></span> <span class='ocrx_word' id='word_1_120' title='bbox 1736 431 1784 466; x_wconf 81' lang='grc' dir='ltr'><strong>οὐχ</strong></span> <span class='ocrx_word' id='word_1_121' title='bbox 1795 430 1869 463; x_wconf 72' lang='grc' dir='ltr'>ἅπαξ</span> 
     </span>
    </p>
   </div>
   <div class='ocr_carea' id='block_1_21' title="bbox 1080 475 1868 513">
    <p class='ocr_par' dir='ltr' id='par_1_21' title="bbox 1080 475 1868 513">
     <span class='ocr_line' id='line_1_21' title="bbox 1080 475 1868 513; baseline 0.003 -11"><span class='ocrx_word' id='word_1_122' title='bbox 1080 475 1140 503; x_wconf 79' lang='grc' dir='ltr'>οὔτε</span> <span class='ocrx_word' id='word_1_123' title='bbox 1153 476 1203 508; x_wconf 76' lang='grc' dir='ltr'>δὶς,</span> <span class='ocrx_word' id='word_1_124' title='bbox 1218 476 1275 503; x_wconf 85' lang='grc' dir='ltr'>ἀλλ’</span> <span class='ocrx_word' id='word_1_125' title='bbox 1291 477 1341 512; x_wconf 74' lang='grc' dir='ltr'>ἤδη</span> <span class='ocrx_word' id='word_1_126' title='bbox 1357 476 1403 503; x_wconf 75' lang='grc' dir='ltr'>καὶ</span> <span class='ocrx_word' id='word_1_127' title='bbox 1419 476 1510 511; x_wconf 86' lang='grc' dir='ltr'>τρίτον</span> <span class='ocrx_word' id='word_1_128' title='bbox 1527 475 1635 511; x_wconf 67' lang='grc' dir='ltr'>γράψας</span> <span class='ocrx_word' id='word_1_129' title='bbox 1657 476 1696 511; x_wconf 83' lang='grc' dir='ltr'>τῷ</span> <span class='ocrx_word' id='word_1_130' title='bbox 1717 476 1868 513; x_wconf 84' lang='grc' dir='ltr'>Ἀθανασίῳ</span> 
     </span>
    </p>
   </div>
   <div class='ocr_carea' id='block_1_22' title="bbox 1079 521 1435 557">
    <p class='ocr_par' dir='ltr' id='par_1_22' title="bbox 1079 521 1435 557">
     <span class='ocr_line' id='line_1_22' title="bbox 1079 521 1435 557; baseline -0.003 -9"><span class='ocrx_word' id='word_1_131' title='bbox 1079 522 1109 548; x_wconf 82' lang='grc' dir='ltr'>ὲν</span> <span class='ocrx_word' id='word_1_132' title='bbox 1118 521 1225 553; x_wconf 76' lang='grc' dir='ltr'>τούτοις</span> <span class='ocrx_word' id='word_1_133' title='bbox 1232 523 1288 553; x_wconf 83' lang='grc' dir='ltr'>τοῖς</span> <span class='ocrx_word' id='word_1_134' title='bbox 1307 523 1339 556; x_wconf 84' lang='grc' dir='ltr'><strong>ρή</strong></span> <span class='ocrx_word' id='word_1_135' title='bbox 1344 530 1435 557; x_wconf 88' lang='grc' dir='ltr'>μασιν·</span> 
     </span>
    </p>
   </div>
   <div class='ocr_carea' id='block_1_23' title="bbox 1254 578 1701 608">
    <p class='ocr_par' dir='ltr' id='par_1_23' title="bbox 1254 578 1701 608">
     <span class='ocr_line' id='line_1_23' title="bbox 1254 578 1701 608; baseline 0.002 -4"><span class='ocrx_word' id='word_1_136' title='bbox 1254 578 1435 608; x_wconf 75' lang='lat' dir='ltr'><strong>EPMHNEIA</strong></span> <span class='ocrx_word' id='word_1_137' title='bbox 1454 578 1648 605; x_wconf 76' lang='grc' dir='ltr'><strong>ΕΠΙΣΤΟΛΗΣ</strong></span> <span class='ocrx_word' id='word_1_138' title='bbox 1662 579 1701 605; x_wconf 86' lang='grc' dir='ltr'><strong>Δ’.</strong></span> 
     </span>
    </p>
   </div>
   <div class='ocr_carea' id='block_1_24' title="bbox 1077 635 1864 670">
    <p class='ocr_par' dir='ltr' id='par_1_24' title="bbox 1077 635 1864 670">
     <span class='ocr_line' id='line_1_24' title="bbox 1077 635 1864 670; baseline 0.001 -9"><span class='ocrx_word' id='word_1_139' title='bbox 1077 635 1282 668; x_wconf 79' lang='grc' dir='ltr'>Κωνστάντιος</span> <span class='ocrx_word' id='word_1_140' title='bbox 1316 635 1447 669; x_wconf 76' lang='grc' dir='ltr'>Νικητὴς</span> <span class='ocrx_word' id='word_1_141' title='bbox 1483 635 1658 670; x_wconf 78' lang='grc' dir='ltr'><strong>Αὔγουστος</strong></span> <span class='ocrx_word' id='word_1_142' title='bbox 1689 635 1864 669; x_wconf 78' lang='grc' dir='ltr'>Ἅθανασίῳ.</span> 
     </span>
    </p>
   </div>
   <div class='ocr_carea' id='block_1_25' title="bbox 1104 690 1869 727">
    <p class='ocr_par' dir='ltr' id='par_1_25' title="bbox 1104 690 1869 727">
     <span class='ocr_line' id='line_1_25' title="bbox 1104 690 1869 727; baseline 0.001 -10"><span class='ocrx_word' id='word_1_143' title='bbox 1104 690 1180 717; x_wconf 76' lang='grc' dir='ltr'>’Ἐπὶ</span> <span class='ocrx_word' id='word_1_144' title='bbox 1199 691 1265 718; x_wconf 86' lang='grc' dir='ltr'>πολύ</span> <span class='ocrx_word' id='word_1_145' title='bbox 1284 699 1313 717; x_wconf 88' lang='grc' dir='ltr'><strong>σε</strong></span> <span class='ocrx_word' id='word_1_146' title='bbox 1337 690 1546 724; x_wconf 82' lang='grc' dir='ltr'>κλυδωνίζεσθαι</span> <span class='ocrx_word' id='word_1_147' title='bbox 1561 692 1607 718; x_wconf 78' lang='grc' dir='ltr'><strong>καὶ</strong></span> <span class='ocrx_word' id='word_1_148' title='bbox 1620 691 1797 727; x_wconf 80' lang='grc' dir='ltr'><strong>χειμάζεσθαι</strong></span> <span class='ocrx_word' id='word_1_149' title='bbox 1811 694 1869 725; x_wconf 73' lang='grc' dir='ltr'>τοῖς</span> 
     </span>
    </p>
   </div>
   <div class='ocr_carea' id='block_1_26' title="bbox 1078 736 1869 773">
    <p class='ocr_par' dir='ltr' id='par_1_26' title="bbox 1078 736 1869 773">
     <span class='ocr_line' id='line_1_26' title="bbox 1078 736 1869 773; baseline 0 -10"><span class='ocrx_word' id='word_1_150' title='bbox 1078 737 1128 772; x_wconf 81' lang='grc' dir='ltr'>τῆς</span> <span class='ocrx_word' id='word_1_151' title='bbox 1154 736 1290 772; x_wconf 83' lang='grc' dir='ltr'><strong>θαλάττης</strong></span> <span class='ocrx_word' id='word_1_152' title='bbox 1316 737 1422 772; x_wconf 81' lang='grc' dir='ltr'><strong>ἀγρίοις</strong></span> <span class='ocrx_word' id='word_1_153' title='bbox 1454 737 1572 772; x_wconf 76' lang='grc' dir='ltr'><strong>κύμασιν</strong></span> <span class='ocrx_word' id='word_1_154' title='bbox 1596 738 1646 764; x_wconf 80' lang='grc' dir='ltr'><strong>οὐκ</strong></span> <span class='ocrx_word' id='word_1_155' title='bbox 1666 738 1769 773; x_wconf 80' lang='grc' dir='ltr'>ἀφῆκεν</span> <span class='ocrx_word' id='word_1_156' title='bbox 1787 738 1804 773; x_wconf 82' lang='grc' dir='ltr'><strong>ὴ</strong></span> <span class='ocrx_word' id='word_1_157' title='bbox 1819 737 1869 773; x_wconf 85' lang='grc' dir='ltr'>τῆς</span> 
     </span>
    </p>
   </div>
   <div class='ocr_carea' id='block_1_27' title="bbox 1077 782 1868 819">
    <p class='ocr_par' dir='ltr' id='par_1_27' title="bbox 1077 782 1868 819">
     <span class='ocr_line' id='line_1_27' title="bbox 1077 782 1868 819; baseline 0 -10"><span class='ocrx_word' id='word_1_158' title='bbox 1077 783 1213 818; x_wconf 82' lang='grc' dir='ltr'>ἡμετέρας</span> <span class='ocrx_word' id='word_1_159' title='bbox 1227 782 1394 818; x_wconf 79' lang='grc' dir='ltr'><strong>ἡμερότητος</strong></span> <span class='ocrx_word' id='word_1_160' title='bbox 1412 782 1614 819; x_wconf 77' lang='grc' dir='ltr'>φιλανθρωπία·</span> <span class='ocrx_word' id='word_1_161' title='bbox 1639 783 1815 819; x_wconf 83' lang='grc' dir='ltr'><strong>γυμνωθέντα</strong></span> <span class='ocrx_word' id='word_1_162' title='bbox 1837 791 1868 809; x_wconf 89' lang='grc' dir='ltr'><strong>σε</strong></span> 
     </span>
    </p>
   </div>
   <div class='ocr_carea' id='block_1_28' title="bbox 1076 827 1868 864">
    <p class='ocr_par' dir='ltr' id='par_1_28' title="bbox 1076 827 1868 864">
     <span class='ocr_line' id='line_1_28' title="bbox 1076 827 1868 864; baseline 0 -10"><span class='ocrx_word' id='word_1_163' title='bbox 1076 828 1126 863; x_wconf 88' lang='grc' dir='ltr'><strong>τῆς</strong></span> <span class='ocrx_word' id='word_1_164' title='bbox 1142 827 1271 863; x_wconf 82' lang='grc' dir='ltr'><strong>πατρῴας</strong></span> <span class='ocrx_word' id='word_1_165' title='bbox 1287 828 1388 859; x_wconf 82' lang='grc' dir='ltr'>ἑστίας,</span> <span class='ocrx_word' id='word_1_166' title='bbox 1404 828 1451 854; x_wconf 82' lang='grc' dir='ltr'><strong>καὶ</strong></span> <span class='ocrx_word' id='word_1_167' title='bbox 1466 828 1630 864; x_wconf 80' lang='grc' dir='ltr'><strong>στερηθέντα</strong></span> <span class='ocrx_word' id='word_1_168' title='bbox 1651 827 1705 855; x_wconf 87' lang='grc' dir='ltr'>τῶν</span> <span class='ocrx_word' id='word_1_169' title='bbox 1722 828 1804 860; x_wconf 85' lang='grc' dir='ltr'>ίδίων,</span> <span class='ocrx_word' id='word_1_170' title='bbox 1819 829 1868 854; x_wconf 79' lang='grc' dir='ltr'><strong>καὶ</strong></span> 
     </span>
    </p>
   </div>
   <div class='ocr_carea' id='block_1_29' title="bbox 246 863 1024 909">
    <p class='ocr_par' dir='ltr' id='par_1_29' title="bbox 246 863 1024 902">
     <span class='ocr_line' id='line_1_29' title="bbox 246 863 1024 902; baseline 0.012 -12"><span class='ocrx_word' id='word_1_171' title='bbox 246 863 287 890; x_wconf 75' lang='lat' dir='ltr'><strong>xit</strong></span> <span class='ocrx_word' id='word_1_172' title='bbox 306 864 439 893; x_wconf 85' lang='lat' dir='ltr'><strong>indefessa</strong></span> <span class='ocrx_word' id='word_1_173' title='bbox 462 871 553 894; x_wconf 89' lang='lat' dir='ltr'><strong>nostra</strong></span> <span class='ocrx_word' id='word_1_174' title='bbox 578 869 672 902; x_wconf 87' lang='lat' dir='ltr'><strong>pietas.</strong></span> <span class='ocrx_word' id='word_1_175' title='bbox 698 868 764 896; x_wconf 78' lang='lat' dir='ltr'><strong>Nam</strong></span> <span class='ocrx_word' id='word_1_176' title='bbox 787 870 837 898; x_wconf 87' lang='lat' dir='ltr'><strong>etsi</strong></span> <span class='ocrx_word' id='word_1_177' title='bbox 864 871 908 898; x_wconf 90' lang='lat' dir='ltr'><strong>diu</strong></span> <span class='ocrx_word' id='word_1_178' title='bbox 935 870 1024 899; x_wconf 84' lang='lat' dir='ltr'><strong>distuli</strong></span> 
     </span>
    </p>
   </div>
   <div class='ocr_carea' id='block_1_30' title="bbox 1076 863 1868 909">
    <p class='ocr_par' dir='ltr' id='par_1_30' title="bbox 1078 872 1868 909">
     <span class='ocr_line' id='line_1_30' title="bbox 1078 872 1868 909; baseline 0 -9"><span class='ocrx_word' id='word_1_179' title='bbox 1078 873 1253 909; x_wconf 81' lang='grc' dir='ltr'><strong>πλανώμενον</strong></span> <span class='ocrx_word' id='word_1_180' title='bbox 1277 874 1305 899; x_wconf 79' lang='grc' dir='ltr'>ὲν</span> <span class='ocrx_word' id='word_1_181' title='bbox 1321 873 1480 909; x_wconf 84' lang='grc' dir='ltr'>θηριώδεσιν</span> <span class='ocrx_word' id='word_1_182' title='bbox 1499 873 1625 906; x_wconf 85' lang='grc' dir='ltr'><strong>ἀνοδίαις,</strong></span> <span class='ocrx_word' id='word_1_183' title='bbox 1647 872 1678 900; x_wconf 81' lang='grc' dir='ltr'><strong>οὐ</strong></span> <span class='ocrx_word' id='word_1_184' title='bbox 1704 873 1830 909; x_wconf 82' lang='grc' dir='ltr'>παρεῖδεν</span> <span class='ocrx_word' id='word_1_185' title='bbox 1850 875 1868 909; x_wconf 77' lang='grc' dir='ltr'><strong>ἡ</strong></span> 
     </span>
    </p>
   </div>
   <div class='ocr_carea' id='block_1_31' title="bbox 247 907 1026 951">
    <p class='ocr_par' dir='ltr' id='par_1_31' title="bbox 247 907 1026 951">
     <span class='ocr_line' id='line_1_31' title="bbox 247 907 1026 951; baseline 0.014 -18"><span class='ocrx_word' id='word_1_186' title='bbox 247 907 346 934; x_wconf 87' lang='lat' dir='ltr'><strong>mentis</strong></span> <span class='ocrx_word' id='word_1_187' title='bbox 365 916 431 936; x_wconf 73' lang='lat' dir='ltr'><strong>meae</strong></span> <span class='ocrx_word' id='word_1_188' title='bbox 449 912 614 946; x_wconf 87' lang='lat' dir='ltr'><strong>propositum</strong></span> <span class='ocrx_word' id='word_1_189' title='bbox 630 913 725 941; x_wconf 87' lang='lat' dir='ltr'><strong>litteris</strong></span> <span class='ocrx_word' id='word_1_190' title='bbox 741 914 788 941; x_wconf 91' lang='lat' dir='ltr'><strong>tibi</strong></span> <span class='ocrx_word' id='word_1_191' title='bbox 812 915 963 951; x_wconf 79' lang='lat' dir='ltr'><strong>signiﬁcare</strong></span> <span class='ocrx_word' id='word_1_192' title='bbox 976 937 983 948; x_wconf 87' lang='lat'>.</span> <span class='ocrx_word' id='word_1_193' title='bbox 999 921 1026 944; x_wconf 90' lang='lat' dir='ltr'><strong>te</strong></span> 
     </span>
    </p>
   </div>
   <div class='ocr_carea' id='block_1_32' title="bbox 246 952 1027 994">
    <p class='ocr_par' dir='ltr' id='par_1_32' title="bbox 246 952 1027 994">
     <span class='ocr_line' id='line_1_32' title="bbox 246 952 1027 994; baseline 0.015 -15"><span class='ocrx_word' id='word_1_194' title='bbox 246 952 319 980; x_wconf 88' lang='lat' dir='ltr'><strong>ultro</strong></span> <span class='ocrx_word' id='word_1_195' title='bbox 336 961 521 989; x_wconf 80' lang='lat' dir='ltr'><strong>accessurum,</strong></span> <span class='ocrx_word' id='word_1_196' title='bbox 538 957 726 994; x_wconf 75' lang='lat' dir='ltr'><strong>laboribusque</strong></span> <span class='ocrx_word' id='word_1_197' title='bbox 748 961 801 988; x_wconf 88' lang='lat' dir='ltr'><strong>tuis</strong></span> <span class='ocrx_word' id='word_1_198' title='bbox 822 962 970 990; x_wconf 88' lang='lat' dir='ltr'><strong>remedium</strong></span> <span class='ocrx_word' id='word_1_199' title='bbox 983 970 1027 991; x_wconf 82' lang='lat' dir='ltr'><strong>ro-</strong></span> 
     </span>
    </p>
   </div>
   <div class='ocr_carea' id='block_1_33' title="bbox 247 1000 1028 1040">
    <p class='ocr_par' dir='ltr' id='par_1_33' title="bbox 247 1000 1028 1040">
     <span class='ocr_line' id='line_1_33' title="bbox 247 1000 1028 1040; baseline 0.015 -15"><span class='ocrx_word' id='word_1_200' title='bbox 247 1003 372 1033; x_wconf 62' lang='lat' dir='ltr'><strong>saturum</strong></span> <span class='ocrx_word' id='word_1_201' title='bbox 388 1000 528 1036; x_wconf 82' lang='lat' dir='ltr'><strong>exspecto;</strong></span> <span class='ocrx_word' id='word_1_202' title='bbox 549 1008 635 1032; x_wconf 90' lang='lat' dir='ltr'><strong>tamen</strong></span> <span class='ocrx_word' id='word_1_203' title='bbox 649 1006 710 1040; x_wconf 85' lang='lat' dir='ltr'><strong>quia</strong></span> <span class='ocrx_word' id='word_1_204' title='bbox 732 1006 847 1035; x_wconf 79' lang='lat' dir='ltr'><strong>fortasse</strong></span> <span class='ocrx_word' id='word_1_205' title='bbox 866 1013 953 1036; x_wconf 85' lang='lat' dir='ltr'><strong>metus</strong></span> <span class='ocrx_word' id='word_1_206' title='bbox 975 1010 1028 1037; x_wconf 89' lang='lat' dir='ltr'><strong>im-</strong></span> 
     </span>
    </p>
   </div>
   <div class='ocr_carea' id='block_1_34' title="bbox 245 1045 1026 1089">
    <p class='ocr_par' dir='ltr' id='par_1_34' title="bbox 245 1045 1026 1089">
     <span class='ocr_line' id='line_1_34' title="bbox 245 1045 1026 1089; baseline 0.015 -17"><span class='ocrx_word' id='word_1_207' title='bbox 245 1045 399 1079; x_wconf 83' lang='lat' dir='ltr'><strong>pedimento</strong></span> <span class='ocrx_word' id='word_1_208' title='bbox 408 1047 456 1075; x_wconf 80' lang='lat' dir='ltr'><strong>fuit</strong></span> <span class='ocrx_word' id='word_1_209' title='bbox 469 1057 502 1076; x_wconf 86' lang='lat' dir='ltr'><strong>ne</strong></span> <span class='ocrx_word' id='word_1_210' title='bbox 511 1052 675 1086; x_wconf 80' lang='lat' dir='ltr'><strong>propositum</strong></span> <span class='ocrx_word' id='word_1_211' title='bbox 685 1060 862 1088; x_wconf 81' lang='lat' dir='ltr'><strong>exsequerere</strong></span> <span class='ocrx_word' id='word_1_212' title='bbox 875 1060 958 1089; x_wconf 87' lang='lat' dir='ltr'><strong>tuum,</strong></span> <span class='ocrx_word' id='word_1_213' title='bbox 967 1056 1026 1085; x_wconf 88' lang='lat' dir='ltr'><strong>ideo</strong></span> 
     </span>
    </p>
   </div>
   <div class='ocr_carea' id='block_1_35' title="bbox 246 1089 1026 1133">
    <p class='ocr_par' dir='ltr' id='par_1_35' title="bbox 246 1089 1026 1133">
     <span class='ocr_line' id='line_1_35' title="bbox 246 1089 1026 1133; baseline 0.018 -16"><span class='ocrx_word' id='word_1_214' title='bbox 246 1089 355 1120; x_wconf 82' lang='lat' dir='ltr'><strong>litteras</strong></span> <span class='ocrx_word' id='word_1_215' title='bbox 371 1094 562 1124; x_wconf 76' lang='lat' dir='ltr'><strong>munificentia:</strong></span> <span class='ocrx_word' id='word_1_216' title='bbox 581 1102 680 1126; x_wconf 73' lang='lat' dir='ltr'><strong>nostra:</strong></span> <span class='ocrx_word' id='word_1_217' title='bbox 704 1099 872 1133; x_wconf 85' lang='lat' dir='ltr'><strong>plenissimas</strong></span> <span class='ocrx_word' id='word_1_218' title='bbox 895 1103 928 1129; x_wconf 87' lang='lat' dir='ltr'><strong>ad</strong></span> <span class='ocrx_word' id='word_1_219' title='bbox 953 1107 1026 1131; x_wconf 78' lang='lat' dir='ltr'><strong>tuam</strong></span> 
     </span>
    </p>
   </div>
   <div class='ocr_carea' id='block_1_36' title="bbox 245 1138 1024 1183">
    <p class='ocr_par' dir='ltr' id='par_1_36' title="bbox 245 1138 1024 1183">
     <span class='ocr_line' id='line_1_36' title="bbox 245 1138 1024 1183; baseline 0.019 -21"><span class='ocrx_word' id='word_1_220' title='bbox 245 1138 425 1166; x_wconf 82' lang='lat' dir='ltr'><strong>constantiam</strong></span> <span class='ocrx_word' id='word_1_221' title='bbox 439 1141 576 1175; x_wconf 87' lang='lat' dir='ltr'><strong>misimus,</strong></span> <span class='ocrx_word' id='word_1_222' title='bbox 587 1149 616 1171; x_wconf 92' lang='lat' dir='ltr'><strong>ut</strong></span> <span class='ocrx_word' id='word_1_223' title='bbox 626 1144 727 1180; x_wconf 89' lang='lat' dir='ltr'><strong>absque</strong></span> <span class='ocrx_word' id='word_1_224' title='bbox 741 1151 812 1174; x_wconf 88' lang='lat' dir='ltr'><strong>metu</strong></span> <span class='ocrx_word' id='word_1_225' title='bbox 828 1149 1024 1183; x_wconf 86' lang='lat' dir='ltr'><strong>quamprimum</strong></span> 
     </span>
    </p>
   </div>
   <div class='ocr_carea' id='block_1_37' title="bbox 246 1184 1026 1230">
    <p class='ocr_par' dir='ltr' id='par_1_37' title="bbox 246 1184 1026 1230">
     <span class='ocr_line' id='line_1_37' title="bbox 246 1184 1026 1230; baseline 0.021 -23"><span class='ocrx_word' id='word_1_226' title='bbox 246 1184 403 1216; x_wconf 87' lang='lat' dir='ltr'><strong>conspectui</strong></span> <span class='ocrx_word' id='word_1_227' title='bbox 413 1190 507 1214; x_wconf 86' lang='lat' dir='ltr'><strong>nostro</strong></span> <span class='ocrx_word' id='word_1_228' title='bbox 520 1191 544 1214; x_wconf 94' lang='lat' dir='ltr'><strong>te</strong></span> <span class='ocrx_word' id='word_1_229' title='bbox 560 1196 718 1223; x_wconf 73' lang='lat' dir='ltr'><strong>praesentem</strong></span> <span class='ocrx_word' id='word_1_230' title='bbox 739 1192 835 1220; x_wconf 88' lang='lat' dir='ltr'><strong>sistere</strong></span> <span class='ocrx_word' id='word_1_231' title='bbox 861 1201 951 1227; x_wconf 85' lang='lat' dir='ltr'><strong>cures,</strong></span> <span class='ocrx_word' id='word_1_232' title='bbox 973 1203 1026 1230; x_wconf 91' lang='lat' dir='ltr'><strong>quo</strong></span> 
     </span>
    </p>
   </div>
   <div class='ocr_carea' id='block_1_38' title="bbox 244 1228 1025 1272">
    <p class='ocr_par' dir='ltr' id='par_1_38' title="bbox 244 1228 1025 1272">
     <span class='ocr_line' id='line_1_38' title="bbox 244 1228 1025 1272; baseline 0.018 -18"><span class='ocrx_word' id='word_1_233' title='bbox 244 1228 301 1255; x_wconf 87' lang='lat' dir='ltr'><strong>voti</strong></span> <span class='ocrx_word' id='word_1_234' title='bbox 315 1229 352 1256; x_wconf 87' lang='lat' dir='ltr'><strong>tui</strong></span> <span class='ocrx_word' id='word_1_235' title='bbox 366 1238 474 1265; x_wconf 83' lang='lat' dir='ltr'><strong>compos</strong></span> <span class='ocrx_word' id='word_1_236' title='bbox 489 1232 611 1266; x_wconf 79' lang='lat' dir='ltr'><strong>eﬁ‘ectus.</strong></span> <span class='ocrx_word' id='word_1_237' title='bbox 637 1240 813 1272; x_wconf 87' lang='lat' dir='ltr'><strong>nostramque</strong></span> <span class='ocrx_word' id='word_1_238' title='bbox 830 1228 1025 1268; x_wconf 68' lang='lat' dir='ltr'><strong>humanitatem</strong></span> 
     </span>
    </p>
   </div>
   <div class='ocr_carea' id='block_1_39' title="bbox 245 1277 1024 1314">
    <p class='ocr_par' dir='ltr' id='par_1_39' title="bbox 245 1277 1024 1314">
     <span class='ocr_line' id='line_1_39' title="bbox 245 1277 1024 1314; baseline 0.019 -15"><span class='ocrx_word' id='word_1_239' title='bbox 245 1279 387 1309; x_wconf 77' lang='lat' dir='ltr'><strong>expertus,</strong></span> <span class='ocrx_word' id='word_1_240' title='bbox 407 1277 459 1304; x_wconf 86' lang='lat' dir='ltr'><strong>tuis</strong></span> <span class='ocrx_word' id='word_1_241' title='bbox 478 1279 639 1307; x_wconf 82' lang='lat' dir='ltr'><strong>restituaris.</strong></span> <span class='ocrx_word' id='word_1_242' title='bbox 659 1281 714 1309; x_wconf 80' lang='lat' dir='ltr'><strong>Hac</strong></span> <span class='ocrx_word' id='word_1_243' title='bbox 729 1284 801 1311; x_wconf 90' lang='lat' dir='ltr'><strong>enim</strong></span> <span class='ocrx_word' id='word_1_244' title='bbox 827 1285 860 1312; x_wconf 87' lang='lat' dir='ltr'><strong>de</strong></span> <span class='ocrx_word' id='word_1_245' title='bbox 876 1293 957 1313; x_wconf 78' lang='lat' dir='ltr'><strong>causa</strong></span> <span class='ocrx_word' id='word_1_246' title='bbox 976 1287 1024 1314; x_wconf 92' lang='lat' dir='ltr'><strong>do-</strong></span> 
     </span>
    </p>
   </div>
   <div class='ocr_carea' id='block_1_40' title="bbox 245 1318 1023 1358">
    <p class='ocr_par' dir='ltr' id='par_1_40' title="bbox 245 1318 1023 1358">
     <span class='ocr_line' id='line_1_40' title="bbox 245 1318 1023 1358; baseline 0.018 -14"><span class='ocrx_word' id='word_1_247' title='bbox 245 1318 349 1346; x_wconf 84' lang='lat' dir='ltr'><strong>minum</strong></span> <span class='ocrx_word' id='word_1_248' title='bbox 362 1327 451 1348; x_wconf 87' lang='lat' dir='ltr'><strong>meum</strong></span> <span class='ocrx_word' id='word_1_249' title='bbox 470 1328 497 1349; x_wconf 90' lang='lat' dir='ltr'><strong>et</strong></span> <span class='ocrx_word' id='word_1_250' title='bbox 507 1322 618 1352; x_wconf 80' lang='lat' dir='ltr'><strong>fratrem</strong></span> <span class='ocrx_word' id='word_1_251' title='bbox 634 1325 806 1355; x_wconf 85' lang='lat' dir='ltr'><strong>Constantem</strong></span> <span class='ocrx_word' id='word_1_252' title='bbox 821 1327 956 1357; x_wconf 83' lang='lat' dir='ltr'><strong>Victorem</strong></span> <span class='ocrx_word' id='word_1_253' title='bbox 970 1332 1023 1358; x_wconf 88' lang='lat' dir='ltr'><strong>Au-</strong></span> 
     </span>
    </p>
   </div>
   <div class='ocr_carea' id='block_1_41' title="bbox 243 1368 1024 1403">
    <p class='ocr_par' dir='ltr' id='par_1_41' title="bbox 243 1368 1024 1403">
     <span class='ocr_line' id='line_1_41' title="bbox 243 1368 1024 1403; baseline 0.02 -15"><span class='ocrx_word' id='word_1_254' title='bbox 243 1368 352 1396; x_wconf 76' lang='lat' dir='ltr'><strong>gustum</strong></span> <span class='ocrx_word' id='word_1_255' title='bbox 372 1372 420 1400; x_wconf 87' lang='lat' dir='ltr'><strong>pro</strong></span> <span class='ocrx_word' id='word_1_256' title='bbox 434 1371 459 1393; x_wconf 88' lang='lat' dir='ltr'><strong>te</strong></span> <span class='ocrx_word' id='word_1_257' title='bbox 477 1369 578 1402; x_wconf 79' lang='lat' dir='ltr'><strong>rogavi,</strong></span> <span class='ocrx_word' id='word_1_258' title='bbox 590 1373 620 1397; x_wconf 90' lang='lat' dir='ltr'><strong>ut</strong></span> <span class='ocrx_word' id='word_1_259' title='bbox 634 1370 680 1398; x_wconf 86' lang='lat' dir='ltr'><strong>tibi</strong></span> <span class='ocrx_word' id='word_1_260' title='bbox 699 1371 821 1400; x_wconf 84' lang='lat' dir='ltr'><strong>veniendi</strong></span> <span class='ocrx_word' id='word_1_261' title='bbox 844 1374 921 1402; x_wconf 89' lang='lat' dir='ltr'><strong>daret</strong></span> <span class='ocrx_word' id='word_1_262' title='bbox 939 1375 1024 1403; x_wconf 89' lang='lat' dir='ltr'><strong>facul-</strong></span> 
     </span>
    </p>
   </div>
   <div class='ocr_carea' id='block_1_42' title="bbox 246 1412 1023 1454">
    <p class='ocr_par' dir='ltr' id='par_1_42' title="bbox 246 1412 1023 1454">
     <span class='ocr_line' id='line_1_42' title="bbox 246 1412 1023 1454; baseline 0.021 -20"><span class='ocrx_word' id='word_1_263' title='bbox 246 1412 341 1442; x_wconf 82' lang='lat' dir='ltr'><strong>tatem,</strong></span> <span class='ocrx_word' id='word_1_264' title='bbox 354 1418 410 1445; x_wconf 90' lang='lat' dir='ltr'><strong>quo</strong></span> <span class='ocrx_word' id='word_1_265' title='bbox 422 1413 562 1450; x_wconf 66' lang='lat' dir='ltr'><strong>utriusque</strong></span> <span class='ocrx_word' id='word_1_266' title='bbox 574 1420 693 1444; x_wconf 89' lang='lat' dir='ltr'><strong>nostrum</strong></span> <span class='ocrx_word' id='word_1_267' title='bbox 710 1423 775 1445; x_wconf 86' lang='lat' dir='ltr'><strong>nutu</strong></span> <span class='ocrx_word' id='word_1_268' title='bbox 788 1420 882 1454; x_wconf 83' lang='lat' dir='ltr'><strong>patriae</strong></span> <span class='ocrx_word' id='word_1_269' title='bbox 896 1421 1023 1449; x_wconf 80' lang='lat' dir='ltr'><strong>restitua~</strong></span> 
     </span>
    </p>
   </div>
   <div class='ocr_carea' id='block_1_43' title="bbox 244 1454 801 1498">
    <p class='ocr_par' dir='ltr' id='par_1_43' title="bbox 244 1454 801 1498">
     <span class='ocr_line' id='line_1_43' title="bbox 244 1454 801 1498; baseline 0.022 -18"><span class='ocrx_word' id='word_1_270' title='bbox 244 1454 293 1488; x_wconf 85' lang='lat' dir='ltr'><strong>ris,</strong></span> <span class='ocrx_word' id='word_1_271' title='bbox 307 1455 411 1490; x_wconf 88' lang='lat' dir='ltr'><strong>hocque</strong></span> <span class='ocrx_word' id='word_1_272' title='bbox 426 1460 522 1493; x_wconf 61' lang='lat' dir='ltr'><strong>gratiae</strong></span> <span class='ocrx_word' id='word_1_273' title='bbox 539 1461 634 1496; x_wconf 79' lang='lat' dir='ltr'><strong>pignus</strong></span> <span class='ocrx_word' id='word_1_274' title='bbox 648 1470 801 1498; x_wconf 85' lang='lat' dir='ltr'><strong>assequare.</strong></span> 
     </span>
    </p>
   </div>
   <div class='ocr_carea' id='block_1_44' title="bbox 1080 920 1870 956">
    <p class='ocr_par' dir='ltr' id='par_1_44' title="bbox 1080 920 1870 956">
     <span class='ocr_line' id='line_1_44' title="bbox 1080 920 1870 956; baseline -0.001 -9"><span class='ocrx_word' id='word_1_275' title='bbox 1080 921 1203 956; x_wconf 80' lang='grc' dir='ltr'>ἡμετέρα</span> <span class='ocrx_word' id='word_1_276' title='bbox 1213 920 1348 947; x_wconf 84' lang='grc' dir='ltr'>εὐσέϐεια.</span> <span class='ocrx_word' id='word_1_277' title='bbox 1362 921 1393 947; x_wconf 79' lang='lat' dir='ltr'><strong>Et</strong></span> <span class='ocrx_word' id='word_1_278' title='bbox 1405 921 1453 946; x_wconf 80' lang='grc' dir='ltr'><strong>καὶ</strong></span> <span class='ocrx_word' id='word_1_279' title='bbox 1466 920 1501 947; x_wconf 87' lang='grc' dir='ltr'><strong>τὰ</strong></span> <span class='ocrx_word' id='word_1_280' title='bbox 1513 920 1628 956; x_wconf 80' lang='grc' dir='ltr'>μάλιστα</span> <span class='ocrx_word' id='word_1_281' title='bbox 1641 921 1687 947; x_wconf 79' lang='grc' dir='ltr'>ἐπὶ</span> <span class='ocrx_word' id='word_1_282' title='bbox 1703 920 1770 947; x_wconf 84' lang='grc' dir='ltr'>πολὺ</span> <span class='ocrx_word' id='word_1_283' title='bbox 1784 921 1870 956; x_wconf 79' lang='grc' dir='ltr'>ὑπερ-</span> 
     </span>
    </p>
   </div>
   <div class='ocr_carea' id='block_1_45' title="bbox 1079 966 1868 1003">
    <p class='ocr_par' dir='ltr' id='par_1_45' title="bbox 1079 966 1868 1003">
     <span class='ocr_line' id='line_1_45' title="bbox 1079 966 1868 1003; baseline -0.001 -10"><span class='ocrx_word' id='word_1_284' title='bbox 1079 966 1179 1002; x_wconf 86' lang='grc' dir='ltr'>εθέμην</span> <span class='ocrx_word' id='word_1_285' title='bbox 1191 966 1294 1002; x_wconf 76' lang='grc' dir='ltr'>γράψαι</span> <span class='ocrx_word' id='word_1_286' title='bbox 1305 966 1353 1002; x_wconf 82' lang='grc' dir='ltr'>τὴν</span> <span class='ocrx_word' id='word_1_287' title='bbox 1367 966 1494 1003; x_wconf 82' lang='grc' dir='ltr'>πρόθεσιν</span> <span class='ocrx_word' id='word_1_288' title='bbox 1506 967 1555 1002; x_wconf 83' lang='grc' dir='ltr'>τῆς</span> <span class='ocrx_word' id='word_1_289' title='bbox 1567 967 1635 1002; x_wconf 80' lang='grc' dir='ltr'>ἐμῆς</span> <span class='ocrx_word' id='word_1_290' title='bbox 1649 966 1768 998; x_wconf 79' lang='grc' dir='ltr'>διανοίας</span> <span class='ocrx_word' id='word_1_291' title='bbox 1785 975 1868 1002; x_wconf 88' lang='grc' dir='ltr'>προσ-</span> 
     </span>
    </p>
   </div>
   <div class='ocr_carea' id='block_1_46' title="bbox 1078 1011 1868 1048">
    <p class='ocr_par' dir='ltr' id='par_1_46' title="bbox 1078 1011 1868 1048">
     <span class='ocr_line' id='line_1_46' title="bbox 1078 1011 1868 1048; baseline 0 -10"><span class='ocrx_word' id='word_1_292' title='bbox 1078 1011 1163 1039; x_wconf 82' lang='grc' dir='ltr'><strong>δοκῶν</strong></span> <span class='ocrx_word' id='word_1_293' title='bbox 1181 1011 1217 1047; x_wconf 82' lang='lat' dir='ltr'><strong>(b)</strong></span> <span class='ocrx_word' id='word_1_294' title='bbox 1232 1011 1392 1047; x_wconf 75' lang='grc' dir='ltr'>αὐθαίρετόν</span> <span class='ocrx_word' id='word_1_295' title='bbox 1414 1020 1443 1038; x_wconf 83' lang='grc' dir='ltr'><strong>σε</strong></span> <span class='ocrx_word' id='word_1_296' title='bbox 1467 1012 1667 1048; x_wconf 81' lang='grc' dir='ltr'>παραγενέσθαι</span> <span class='ocrx_word' id='word_1_297' title='bbox 1692 1011 1761 1048; x_wconf 83' lang='grc' dir='ltr'>πρὸς</span> <span class='ocrx_word' id='word_1_298' title='bbox 1776 1012 1868 1047; x_wconf 80' lang='grc' dir='ltr'>ἡμᾶς,</span> 
     </span>
    </p>
   </div>
   <div class='ocr_carea' id='block_1_47' title="bbox 1079 1057 1866 1094">
    <p class='ocr_par' dir='ltr' id='par_1_47' title="bbox 1079 1057 1866 1094">
     <span class='ocr_line' id='line_1_47' title="bbox 1079 1057 1866 1094; baseline -0.001 -10"><span class='ocrx_word' id='word_1_299' title='bbox 1079 1058 1125 1084; x_wconf 74' lang='grc' dir='ltr'><strong>καὶ</strong></span> <span class='ocrx_word' id='word_1_300' title='bbox 1149 1057 1203 1084; x_wconf 86' lang='grc' dir='ltr'><strong>τῶν</strong></span> <span class='ocrx_word' id='word_1_301' title='bbox 1216 1058 1346 1093; x_wconf 78' lang='grc' dir='ltr'>καμάτων</span> <span class='ocrx_word' id='word_1_302' title='bbox 1367 1058 1452 1084; x_wconf 76' lang='grc' dir='ltr'>αίτετν</span> <span class='ocrx_word' id='word_1_303' title='bbox 1470 1066 1500 1084; x_wconf 87' lang='grc' dir='ltr'><strong>σε</strong></span> <span class='ocrx_word' id='word_1_304' title='bbox 1521 1058 1572 1094; x_wconf 85' lang='grc' dir='ltr'>τὴν</span> <span class='ocrx_word' id='word_1_305' title='bbox 1595 1057 1740 1092; x_wconf 83' lang='grc' dir='ltr'>θεραπείαν</span> <span class='ocrx_word' id='word_1_306' title='bbox 1753 1066 1759 1072; x_wconf 90' lang='grc'><strong>·</strong></span> <span class='ocrx_word' id='word_1_307' title='bbox 1780 1058 1866 1092; x_wconf 77' lang='grc' dir='ltr'>ὅμως,</span> 
     </span>
    </p>
   </div>
   <div class='ocr_carea' id='block_1_48' title="bbox 1079 1102 1867 1139">
    <p class='ocr_par' dir='ltr' id='par_1_48' title="bbox 1079 1102 1867 1139">
     <span class='ocr_line' id='line_1_48' title="bbox 1079 1102 1867 1139; baseline -0.001 -9"><span class='ocrx_word' id='word_1_308' title='bbox 1079 1103 1173 1139; x_wconf 82' lang='grc' dir='ltr'>ἐπειδὴ</span> <span class='ocrx_word' id='word_1_309' title='bbox 1194 1103 1259 1133; x_wconf 87' lang='grc' dir='ltr'>ῐσως</span> <span class='ocrx_word' id='word_1_310' title='bbox 1278 1104 1292 1129; x_wconf 86' lang='grc' dir='ltr'><strong>ό</strong></span> <span class='ocrx_word' id='word_1_311' title='bbox 1310 1102 1391 1137; x_wconf 72' lang='grc' dir='ltr'>φόϐος</span> <span class='ocrx_word' id='word_1_312' title='bbox 1403 1103 1451 1138; x_wconf 81' lang='grc' dir='ltr'>τὴν</span> <span class='ocrx_word' id='word_1_313' title='bbox 1469 1103 1626 1139; x_wconf 86' lang='grc' dir='ltr'>προαίρεσιν</span> <span class='ocrx_word' id='word_1_314' title='bbox 1640 1103 1688 1138; x_wconf 85' lang='grc' dir='ltr'>τῆς</span> <span class='ocrx_word' id='word_1_315' title='bbox 1706 1103 1754 1138; x_wconf 75' lang='grc' dir='ltr'>σῆς</span> <span class='ocrx_word' id='word_1_316' title='bbox 1767 1102 1867 1138; x_wconf 86' lang='grc' dir='ltr'>προθέ-</span> 
     </span>
    </p>
   </div>
   <div class='ocr_carea' id='block_1_49' title="bbox 1080 1147 1868 1184">
    <p class='ocr_par' dir='ltr' id='par_1_49' title="bbox 1080 1147 1868 1184">
     <span class='ocr_line' id='line_1_49' title="bbox 1080 1147 1868 1184; baseline -0.001 -9"><span class='ocrx_word' id='word_1_317' title='bbox 1080 1157 1148 1180; x_wconf 86' lang='grc' dir='ltr'>σεως</span> <span class='ocrx_word' id='word_1_318' title='bbox 1172 1147 1318 1179; x_wconf 76' lang='grc' dir='ltr'>ἐνεπόδιζέ,</span> <span class='ocrx_word' id='word_1_319' title='bbox 1345 1147 1389 1174; x_wconf 88' lang='grc' dir='ltr'><strong>διὰ</strong></span> <span class='ocrx_word' id='word_1_320' title='bbox 1415 1147 1494 1174; x_wconf 84' lang='grc' dir='ltr'>τοῦτο</span> <span class='ocrx_word' id='word_1_321' title='bbox 1526 1148 1642 1183; x_wconf 82' lang='grc' dir='ltr'>δωρεαῖς</span> <span class='ocrx_word' id='word_1_322' title='bbox 1666 1148 1868 1184; x_wconf 73' lang='grc' dir='ltr'>πλῃρεστάταις</span> 
     </span>
    </p>
   </div>
   <div class='ocr_carea' id='block_1_50' title="bbox 1077 1192 1864 1228">
    <p class='ocr_par' dir='ltr' id='par_1_50' title="bbox 1077 1192 1864 1228">
     <span class='ocr_line' id='line_1_50' title="bbox 1077 1192 1864 1228; baseline 0.001 -9"><span class='ocrx_word' id='word_1_323' title='bbox 1077 1192 1229 1228; x_wconf 82' lang='grc' dir='ltr'>γράμματα</span> <span class='ocrx_word' id='word_1_324' title='bbox 1242 1192 1310 1227; x_wconf 78' lang='grc' dir='ltr'>πρὸς</span> <span class='ocrx_word' id='word_1_325' title='bbox 1326 1192 1375 1226; x_wconf 82' lang='grc' dir='ltr'>τὴν</span> <span class='ocrx_word' id='word_1_326' title='bbox 1396 1192 1445 1227; x_wconf 84' lang='grc' dir='ltr'>σὴν</span> <span class='ocrx_word' id='word_1_327' title='bbox 1459 1192 1625 1228; x_wconf 75' lang='grc' dir='ltr'>στερρότητα</span> <span class='ocrx_word' id='word_1_328' title='bbox 1641 1193 1864 1228; x_wconf 72' lang='grc' dir='ltr'>διεπεμψάμεθα·</span> 
     </span>
    </p>
   </div>
   <div class='ocr_carea' id='block_1_51' title="bbox 1078 1238 1865 1275">
    <p class='ocr_par' dir='ltr' id='par_1_51' title="bbox 1078 1238 1865 1275">
     <span class='ocr_line' id='line_1_51' title="bbox 1078 1238 1865 1275; baseline 0.001 -10"><span class='ocrx_word' id='word_1_329' title='bbox 1078 1238 1121 1265; x_wconf 87' lang='grc' dir='ltr'><strong>ῐνα</strong></span> <span class='ocrx_word' id='word_1_330' title='bbox 1141 1238 1250 1272; x_wconf 76' lang='grc' dir='ltr'>ἀφόϐως</span> <span class='ocrx_word' id='word_1_331' title='bbox 1273 1239 1333 1270; x_wconf 85' lang='grc' dir='ltr'>ταῖς</span> <span class='ocrx_word' id='word_1_332' title='bbox 1349 1238 1496 1273; x_wconf 81' lang='grc' dir='ltr'>ἡμετέραις</span> <span class='ocrx_word' id='word_1_333' title='bbox 1521 1239 1668 1274; x_wconf 72' lang='grc' dir='ltr'>προσόψεσι</span> <span class='ocrx_word' id='word_1_334' title='bbox 1689 1241 1800 1274; x_wconf 85' lang='grc' dir='ltr'>ταχεῖαν</span> <span class='ocrx_word' id='word_1_335' title='bbox 1815 1239 1865 1275; x_wconf 81' lang='grc' dir='ltr'>τὴν</span> 
     </span>
    </p>
   </div>
   <div class='ocr_carea' id='block_1_52' title="bbox 1077 1283 1869 1320">
    <p class='ocr_par' dir='ltr' id='par_1_52' title="bbox 1077 1283 1869 1320">
     <span class='ocr_line' id='line_1_52' title="bbox 1077 1283 1869 1320; baseline 0.004 -11"><span class='ocrx_word' id='word_1_336' title='bbox 1077 1283 1159 1310; x_wconf 77' lang='grc' dir='ltr'>αὑτοῦ</span> <span class='ocrx_word' id='word_1_337' title='bbox 1174 1283 1325 1318; x_wconf 77' lang='grc' dir='ltr'>παρουσίαν</span> <span class='ocrx_word' id='word_1_338' title='bbox 1341 1285 1491 1318; x_wconf 82' lang='grc' dir='ltr'>παρασχεῖν</span> <span class='ocrx_word' id='word_1_339' title='bbox 1520 1284 1683 1320; x_wconf 77' lang='grc' dir='ltr'>σπουδάσῃς,</span> <span class='ocrx_word' id='word_1_340' title='bbox 1710 1285 1756 1311; x_wconf 62' lang='grc' dir='ltr'><strong>ἐπὶ¹</strong></span> <span class='ocrx_word' id='word_1_341' title='bbox 1770 1285 1800 1312; x_wconf 85' lang='grc' dir='ltr'><strong>τὺ</strong></span> <span class='ocrx_word' id='word_1_342' title='bbox 1815 1286 1869 1320; x_wconf 84' lang='grc' dir='ltr'>τῆς·</span> 
     </span>
    </p>
   </div>
   <div class='ocr_carea' id='block_1_53' title="bbox 1076 1329 1865 1366">
    <p class='ocr_par' dir='ltr' id='par_1_53' title="bbox 1076 1329 1865 1366">
     <span class='ocr_line' id='line_1_53' title="bbox 1076 1329 1865 1366; baseline 0.001 -9"><span class='ocrx_word' id='word_1_343' title='bbox 1076 1329 1172 1357; x_wconf 79' lang='grc' dir='ltr'>ἑαυτοῦ</span> <span class='ocrx_word' id='word_1_344' title='bbox 1190 1329 1335 1364; x_wconf 80' lang='grc' dir='ltr'>ἐπιθυμίας</span> <span class='ocrx_word' id='word_1_345' title='bbox 1352 1329 1505 1357; x_wconf 84' lang='grc' dir='ltr'>ἀπολαῦσαι</span> <span class='ocrx_word' id='word_1_346' title='bbox 1519 1331 1566 1357; x_wconf 80' lang='grc' dir='ltr'><strong>καὶ</strong></span> <span class='ocrx_word' id='word_1_347' title='bbox 1580 1330 1719 1366; x_wconf 79' lang='grc' dir='ltr'>πειραθεὶς</span> <span class='ocrx_word' id='word_1_348' title='bbox 1733 1330 1768 1366; x_wconf 86' lang='lat' dir='ltr'><strong>(c)</strong></span> <span class='ocrx_word' id='word_1_349' title='bbox 1785 1331 1865 1366; x_wconf 79' lang='grc' dir='ltr'>ἡμῶν</span> 
     </span>
    </p>
   </div>
   <div class='ocr_carea' id='block_1_54' title="bbox 1075 1375 1866 1413">
    <p class='ocr_par' dir='ltr' id='par_1_54' title="bbox 1075 1375 1866 1413">
     <span class='ocr_line' id='line_1_54' title="bbox 1075 1375 1866 1413; baseline 0 -9"><span class='ocrx_word' id='word_1_350' title='bbox 1075 1378 1126 1413; x_wconf 80' lang='grc' dir='ltr'>τῆς</span> <span class='ocrx_word' id='word_1_351' title='bbox 1141 1375 1355 1411; x_wconf 85' lang='grc' dir='ltr'>φιλανθρωπίας,</span> <span class='ocrx_word' id='word_1_352' title='bbox 1371 1377 1427 1408; x_wconf 82' lang='grc' dir='ltr'>τοῖς</span> <span class='ocrx_word' id='word_1_353' title='bbox 1445 1376 1519 1407; x_wconf 80' lang='grc' dir='ltr'>ἰδίοις</span> <span class='ocrx_word' id='word_1_354' title='bbox 1536 1377 1771 1413; x_wconf 80' lang='grc' dir='ltr'>ἁποκατασταθῇς.</span> <span class='ocrx_word' id='word_1_355' title='bbox 1796 1377 1866 1404; x_wconf 79' lang='grc' dir='ltr'><strong>Τού-.</strong></span> 
     </span>
    </p>
   </div>
   <div class='ocr_carea' id='block_1_55' title="bbox 1075 1421 1867 1458">
    <p class='ocr_par' dir='ltr' id='par_1_55' title="bbox 1075 1421 1867 1458">
     <span class='ocr_line' id='line_1_55' title="bbox 1075 1421 1867 1458; baseline 0 -9"><span class='ocrx_word' id='word_1_356' title='bbox 1075 1431 1122 1449; x_wconf 83' lang='grc' dir='ltr'><strong>του</strong></span> <span class='ocrx_word' id='word_1_357' title='bbox 1138 1422 1191 1458; x_wconf 80' lang='grc' dir='ltr'>γὰρ</span> <span class='ocrx_word' id='word_1_358' title='bbox 1205 1421 1297 1448; x_wconf 71' lang='grc' dir='ltr'>ἕνεκεν</span> <span class='ocrx_word' id='word_1_359' title='bbox 1322 1421 1370 1447; x_wconf 72' lang='grc' dir='ltr'>καὶ</span> <span class='ocrx_word' id='word_1_360' title='bbox 1392 1421 1437 1448; x_wconf 79' lang='grc' dir='ltr'>τὸν</span> <span class='ocrx_word' id='word_1_361' title='bbox 1458 1421 1591 1457; x_wconf 85' lang='grc' dir='ltr'>δεσπότην</span> <span class='ocrx_word' id='word_1_362' title='bbox 1609 1422 1656 1449; x_wconf 74' lang='grc' dir='ltr'><strong>καὶ</strong></span> <span class='ocrx_word' id='word_1_363' title='bbox 1681 1423 1793 1457; x_wconf 83' lang='grc' dir='ltr'>ἀδελφόν</span> <span class='ocrx_word' id='word_1_364' title='bbox 1813 1431 1867 1458; x_wconf 77' lang='grc' dir='ltr'><strong>μου</strong></span> 
     </span>
    </p>
   </div>
   <div class='ocr_carea' id='block_1_56' title="bbox 1076 1466 1865 1504">
    <p class='ocr_par' dir='ltr' id='par_1_56' title="bbox 1076 1466 1865 1504">
     <span class='ocr_line' id='line_1_56' title="bbox 1076 1466 1865 1504; baseline -0.001 -9"><span class='ocrx_word' id='word_1_365' title='bbox 1076 1468 1243 1495; x_wconf 80' lang='grc' dir='ltr'>Κώνσταντα</span> <span class='ocrx_word' id='word_1_366' title='bbox 1257 1467 1302 1493; x_wconf 77' lang='grc' dir='ltr'>τὸν</span> <span class='ocrx_word' id='word_1_367' title='bbox 1315 1467 1427 1502; x_wconf 82' lang='grc' dir='ltr'>νικητὴν</span> <span class='ocrx_word' id='word_1_368' title='bbox 1440 1466 1592 1501; x_wconf 74' lang='grc' dir='ltr'>Αὔγουστον</span> <span class='ocrx_word' id='word_1_369' title='bbox 1604 1468 1674 1503; x_wconf 81' lang='grc' dir='ltr'>ὑπὲρ</span> <span class='ocrx_word' id='word_1_370' title='bbox 1686 1467 1732 1494; x_wconf 83' lang='grc' dir='ltr'>σοῦ</span> <span class='ocrx_word' id='word_1_371' title='bbox 1746 1468 1865 1504; x_wconf 83' lang='grc' dir='ltr'>παρεκά-</span> 
     </span>
    </p>
   </div>
   <div class='ocr_carea' id='block_1_57' title="bbox 243 1500 1867 1552">
    <p class='ocr_par' dir='ltr' id='par_1_57' title="bbox 243 1500 1867 1552">
     <span class='ocr_line' id='line_1_57' title="bbox 243 1500 1867 1552; baseline 0.009 -25"><span class='ocrx_word' id='word_1_372' title='bbox 243 1500 319 1534; x_wconf 85' lang='grc' dir='ltr'>λεσα,</span> <span class='ocrx_word' id='word_1_373' title='bbox 358 1503 401 1530; x_wconf 81' lang='grc' dir='ltr'>ἵνα</span> <span class='ocrx_word' id='word_1_374' title='bbox 435 1505 481 1532; x_wconf 78' lang='grc' dir='ltr'>τοῦ</span> <span class='ocrx_word' id='word_1_375' title='bbox 508 1507 594 1536; x_wconf 82' lang='grc' dir='ltr'>ἐλθεῖν</span> <span class='ocrx_word' id='word_1_376' title='bbox 618 1510 741 1543; x_wconf 80' lang='grc' dir='ltr'>ἐξουσίαν</span> <span class='ocrx_word' id='word_1_377' title='bbox 769 1521 810 1540; x_wconf 90' lang='grc' dir='ltr'><strong>σοι</strong></span> <span class='ocrx_word' id='word_1_378' title='bbox 835 1513 881 1550; x_wconf 80' lang='grc' dir='ltr'>δῷ,</span> <span class='ocrx_word' id='word_1_379' title='bbox 905 1515 958 1548; x_wconf 78' lang='grc' dir='ltr'>ἵνα,</span> <span class='ocrx_word' id='word_1_380' title='bbox 995 1517 1159 1552; x_wconf 78' lang='grc' dir='ltr'>ἀμφοτέρων</span> <span class='ocrx_word' id='word_1_381' title='bbox 1188 1515 1226 1550; x_wconf 87' lang='lat' dir='ltr'><strong>(d)</strong></span> <span class='ocrx_word' id='word_1_382' title='bbox 1257 1514 1336 1550; x_wconf 80' lang='grc' dir='ltr'>ἡμῶν</span> <span class='ocrx_word' id='word_1_383' title='bbox 1362 1500 1550 1547; x_wconf 74' lang='grc' dir='ltr'>ἐπινευόντων,</span> <span class='ocrx_word' id='word_1_384' title='bbox 1572 1516 1605 1551; x_wconf 85' lang='grc' dir='ltr'><strong>τῇ</strong></span> <span class='ocrx_word' id='word_1_385' title='bbox 1628 1500 1736 1551; x_wconf 81' lang='grc' dir='ltr'>πατρίδι</span> <span class='ocrx_word' id='word_1_386' title='bbox 1760 1500 1867 1543; x_wconf 75' lang='grc' dir='ltr'>ἀποκα-.</span> 
     </span>
    </p>
   </div>
   <div class='ocr_carea' id='block_1_58' title="bbox 242 1549 1071 1598">
    <p class='ocr_par' dir='ltr' id='par_1_58' title="bbox 242 1549 1071 1598">
     <span class='ocr_line' id='line_1_58' title="bbox 242 1549 1071 1598; baseline 0.021 -25"><span class='ocrx_word' id='word_1_387' title='bbox 242 1549 389 1585; x_wconf 80' lang='grc' dir='ltr'>τασταθῇς,</span> <span class='ocrx_word' id='word_1_388' title='bbox 419 1551 488 1587; x_wconf 82' lang='grc' dir='ltr'>ἔχων</span> <span class='ocrx_word' id='word_1_389' title='bbox 515 1554 593 1581; x_wconf 82' lang='grc' dir='ltr'>τοῦτο</span> <span class='ocrx_word' id='word_1_390' title='bbox 619 1556 668 1592; x_wconf 84' lang='grc' dir='ltr'>τῆς</span> <span class='ocrx_word' id='word_1_391' title='bbox 694 1558 772 1593; x_wconf 83' lang='grc' dir='ltr'>ἡμῶν</span> <span class='ocrx_word' id='word_1_392' title='bbox 796 1549 907 1596; x_wconf 85' lang='grc' dir='ltr'>χάριτος</span> <span class='ocrx_word' id='word_1_393' title='bbox 933 1549 1071 1598; x_wconf 73' lang='grc' dir='ltr'>ἐνέχυρον.</span> 
     </span>
    </p>
   </div>
   <div class='ocr_carea' id='block_1_59' title="bbox 367 1617 897 1655">
    <p class='ocr_par' dir='ltr' id='par_1_59' title="bbox 367 1617 897 1655">
     <span class='ocr_line' id='line_1_59' title="bbox 367 1617 897 1655; baseline 0.021 -11"><span class='ocrx_word' id='word_1_394' title='bbox 367 1617 642 1650; x_wconf 77' lang='lat' dir='ltr'><strong>INTERPRETATIO</strong></span> <span class='ocrx_word' id='word_1_395' title='bbox 666 1623 844 1654; x_wconf 67' lang='lat' dir='ltr'><strong>EPISTOLE</strong></span> <span class='ocrx_word' id='word_1_396' title='bbox 866 1627 897 1655; x_wconf 85' lang='lat' dir='ltr'><strong>ll.</strong></span> 
     </span>
    </p>
   </div>
   <div class='ocr_carea' id='block_1_60' title="bbox 338 1674 924 1716">
    <p class='ocr_par' dir='ltr' id='par_1_60' title="bbox 338 1674 924 1716">
     <span class='ocr_line' id='line_1_60' title="bbox 338 1674 924 1716; baseline 0.017 -14"><span class='ocrx_word' id='word_1_397' title='bbox 338 1674 507 1704; x_wconf 73' lang='lat' dir='ltr'><strong>Constantina</strong></span> <span class='ocrx_word' id='word_1_398' title='bbox 526 1677 615 1706; x_wconf 71' lang='lat' dir='ltr'><strong>Victor</strong></span> <span class='ocrx_word' id='word_1_399' title='bbox 626 1681 759 1716; x_wconf 74' lang='lat' dir='ltr'><strong>Augustus</strong></span> <span class='ocrx_word' id='word_1_400' title='bbox 771 1683 924 1713; x_wconf 68' lang='lat' dir='ltr'><strong>Athanasio.</strong></span> 
     </span>
    </p>
   </div>
   <div class='ocr_carea' id='block_1_61' title="bbox 277 1729 1023 1777">
    <p class='ocr_par' dir='ltr' id='par_1_61' title="bbox 277 1729 1023 1777">
     <span class='ocr_line' id='line_1_61' title="bbox 277 1729 1023 1777; baseline 0.021 -20"><span class='ocrx_word' id='word_1_401' title='bbox 277 1729 334 1758; x_wconf 86' lang='lat' dir='ltr'><strong>Etsi</strong></span> <span class='ocrx_word' id='word_1_402' title='bbox 354 1731 380 1759; x_wconf 91' lang='lat' dir='ltr'><strong>id</strong></span> <span class='ocrx_word' id='word_1_403' title='bbox 396 1733 422 1760; x_wconf 88' lang='lat' dir='ltr'><strong>in</strong></span> <span class='ocrx_word' id='word_1_404' title='bbox 438 1734 533 1768; x_wconf 87' lang='lat' dir='ltr'><strong>primis</strong></span> <span class='ocrx_word' id='word_1_405' title='bbox 549 1737 733 1770; x_wconf 88' lang='lat' dir='ltr'><strong>superioribus</strong></span> <span class='ocrx_word' id='word_1_406' title='bbox 748 1739 845 1768; x_wconf 87' lang='lat' dir='ltr'><strong>litteris</strong></span> <span class='ocrx_word' id='word_1_407' title='bbox 859 1741 1023 1777; x_wconf 78' lang='lat' dir='ltr'><strong>signiﬁcavi-</strong></span> 
     </span>
    </p>
   </div>
   <div class='ocr_carea' id='block_1_62' title="bbox 241 1777 1024 1815">
    <p class='ocr_par' dir='ltr' id='par_1_62' title="bbox 241 1777 1024 1815">
     <span class='ocr_line' id='line_1_62' title="bbox 241 1777 1024 1815; baseline 0.019 -14"><span class='ocrx_word' id='word_1_408' title='bbox 241 1782 312 1808; x_wconf 85' lang='lat' dir='ltr'><strong>mus,</strong></span> <span class='ocrx_word' id='word_1_409' title='bbox 325 1781 354 1803; x_wconf 91' lang='lat' dir='ltr'><strong>ut</strong></span> <span class='ocrx_word' id='word_1_410' title='bbox 366 1777 466 1813; x_wconf 85' lang='lat' dir='ltr'><strong>absque</strong></span> <span class='ocrx_word' id='word_1_411' title='bbox 482 1785 553 1807; x_wconf 85' lang='lat' dir='ltr'><strong>metu</strong></span> <span class='ocrx_word' id='word_1_412' title='bbox 570 1781 603 1808; x_wconf 88' lang='lat' dir='ltr'><strong>ad</strong></span> <span class='ocrx_word' id='word_1_413' title='bbox 623 1787 742 1811; x_wconf 92' lang='lat' dir='ltr'><strong>nostrum</strong></span> <span class='ocrx_word' id='word_1_414' title='bbox 757 1785 915 1813; x_wconf 84' lang='lat' dir='ltr'><strong>comitatum</strong></span> <span class='ocrx_word' id='word_1_415' title='bbox 928 1792 953 1815; x_wconf 85' lang='lat' dir='ltr'><strong>te</strong></span> <span class='ocrx_word' id='word_1_416' title='bbox 963 1796 1024 1815; x_wconf 89' lang='lat' dir='ltr'><strong>con-</strong></span> 
     </span>
    </p>
   </div>
   <div class='ocr_carea' id='block_1_63' title="bbox 241 1819 1022 1867">
    <p class='ocr_par' dir='ltr' id='par_1_63' title="bbox 241 1819 1022 1867">
     <span class='ocr_line' id='line_1_63' title="bbox 241 1819 1022 1867; baseline 0.019 -21"><span class='ocrx_word' id='word_1_417' title='bbox 241 1819 344 1854; x_wconf 82' lang='lat' dir='ltr'><strong>ferres;</strong></span> <span class='ocrx_word' id='word_1_418' title='bbox 366 1823 437 1856; x_wconf 89' lang='lat' dir='ltr'><strong>quod</strong></span> <span class='ocrx_word' id='word_1_419' title='bbox 465 1831 636 1860; x_wconf 86' lang='lat' dir='ltr'><strong>summopere</strong></span> <span class='ocrx_word' id='word_1_420' title='bbox 657 1829 797 1862; x_wconf 86' lang='lat' dir='ltr'><strong>cupiamus</strong></span> <span class='ocrx_word' id='word_1_421' title='bbox 820 1835 845 1858; x_wconf 87' lang='lat' dir='ltr'><strong>te</strong></span> <span class='ocrx_word' id='word_1_422' title='bbox 868 1832 901 1859; x_wconf 82' lang='lat' dir='ltr'><strong>ad</strong></span> <span class='ocrx_word' id='word_1_423' title='bbox 914 1833 1022 1867; x_wconf 87' lang='lat' dir='ltr'><strong>propria</strong></span> 
     </span>
    </p>
   </div>
   <div class='ocr_carea' id='block_1_64' title="bbox 241 1865 1022 1905">
    <p class='ocr_par' dir='ltr' id='par_1_64' title="bbox 241 1865 1022 1905">
     <span class='ocr_line' id='line_1_64' title="bbox 241 1865 1022 1905; baseline 0.02 -15"><span class='ocrx_word' id='word_1_424' title='bbox 241 1865 390 1900; x_wconf 85' lang='lat' dir='ltr'><strong>remittere,</strong></span> <span class='ocrx_word' id='word_1_425' title='bbox 407 1873 494 1895; x_wconf 84' lang='lat' dir='ltr'><strong>tamen</strong></span> <span class='ocrx_word' id='word_1_426' title='bbox 506 1869 586 1896; x_wconf 88' lang='lat' dir='ltr'><strong>etiam</strong></span> <span class='ocrx_word' id='word_1_427' title='bbox 606 1878 676 1899; x_wconf 91' lang='lat' dir='ltr'><strong>nunc</strong></span> <span class='ocrx_word' id='word_1_428' title='bbox 693 1874 773 1901; x_wconf 84' lang='lat' dir='ltr'><strong>hasce</strong></span> <span class='ocrx_word' id='word_1_429' title='bbox 786 1874 888 1904; x_wconf 86' lang='lat' dir='ltr'><strong>litteras</strong></span> <span class='ocrx_word' id='word_1_430' title='bbox 903 1865 936 1904; x_wconf 74' lang='lat' dir='ltr'><strong>ad</strong></span> <span class='ocrx_word' id='word_1_431' title='bbox 950 1865 1022 1905; x_wconf 83' lang='lat' dir='ltr'><strong>tuam</strong></span> 
     </span>
    </p>
   </div>
   <div class='ocr_carea' id='block_1_65' title="bbox 240 1913 1022 1955">
    <p class='ocr_par' dir='ltr' id='par_1_65' title="bbox 240 1913 1022 1955">
     <span class='ocr_line' id='line_1_65' title="bbox 240 1913 1022 1955; baseline 0.019 -19"><span class='ocrx_word' id='word_1_432' title='bbox 240 1913 420 1940; x_wconf 82' lang='lat' dir='ltr'><strong>constantiam</strong></span> <span class='ocrx_word' id='word_1_433' title='bbox 440 1914 561 1942; x_wconf 85' lang='lat' dir='ltr'><strong>misimus</strong></span> <span class='ocrx_word' id='word_1_434' title='bbox 571 1936 577 1948; x_wconf 87' lang='lat'><strong>,</strong></span> <span class='ocrx_word' id='word_1_435' title='bbox 593 1917 691 1951; x_wconf 90' lang='lat' dir='ltr'><strong>quibus</strong></span> <span class='ocrx_word' id='word_1_436' title='bbox 705 1920 891 1955; x_wconf 84' lang='lat' dir='ltr'><strong>adhortamur,</strong></span> <span class='ocrx_word' id='word_1_437' title='bbox 906 1928 935 1950; x_wconf 90' lang='lat' dir='ltr'><strong>ut</strong></span> <span class='ocrx_word' id='word_1_438' title='bbox 948 1924 1022 1952; x_wconf 90' lang='lat' dir='ltr'><strong>circa</strong></span> 
     </span>
    </p>
   </div>
   <div class='ocr_carea' id='block_1_66' title="bbox 240 1955 1021 2002">
    <p class='ocr_par' dir='ltr' id='par_1_66' title="bbox 240 1955 1021 2002">
     <span class='ocr_line' id='line_1_66' title="bbox 240 1955 1021 2002; baseline 0.02 -21"><span class='ocrx_word' id='word_1_439' title='bbox 240 1955 415 1984; x_wconf 73' lang='lat' dir='ltr'><strong>diﬁidentiam</strong></span> <span class='ocrx_word' id='word_1_440' title='bbox 427 1963 475 1986; x_wconf 80' lang='lat' dir='ltr'><strong>aut</strong></span> <span class='ocrx_word' id='word_1_441' title='bbox 491 1965 590 1988; x_wconf 92' lang='lat' dir='ltr'><strong>metum</strong></span> <span class='ocrx_word' id='word_1_442' title='bbox 604 1963 709 1996; x_wconf 91' lang='lat' dir='ltr'><strong>publica</strong></span> <span class='ocrx_word' id='word_1_443' title='bbox 725 1965 848 1993; x_wconf 85' lang='lat' dir='ltr'><strong>vehicula</strong></span> <span class='ocrx_word' id='word_1_444' title='bbox 865 1967 1021 2002; x_wconf 83' lang='lat' dir='ltr'><strong>inscendas,</strong></span> 
     </span>
    </p>
   </div>
   <div class='ocr_carea' id='block_1_67' title="bbox 241 2001 882 2044">
    <p class='ocr_par' dir='ltr' id='par_1_67' title="bbox 241 2001 882 2044">
     <span class='ocr_line' id='line_1_67' title="bbox 241 2001 882 2044; baseline 0.02 -17"><span class='ocrx_word' id='word_1_445' title='bbox 241 2005 268 2028; x_wconf 90' lang='lat' dir='ltr'><strong>et</strong></span> <span class='ocrx_word' id='word_1_446' title='bbox 284 2001 317 2028; x_wconf 90' lang='lat' dir='ltr'><strong>ad</strong></span> <span class='ocrx_word' id='word_1_447' title='bbox 332 2009 380 2030; x_wconf 90' lang='lat' dir='ltr'><strong>nos</strong></span> <span class='ocrx_word' id='word_1_448' title='bbox 395 2010 535 2039; x_wconf 85' lang='lat' dir='ltr'><strong>properes,</strong></span> <span class='ocrx_word' id='word_1_449' title='bbox 553 2011 583 2034; x_wconf 91' lang='lat' dir='ltr'><strong>ut</strong></span> <span class='ocrx_word' id='word_1_450' title='bbox 597 2009 697 2043; x_wconf 88' lang='lat' dir='ltr'><strong>optatis</strong></span> <span class='ocrx_word' id='word_1_451' title='bbox 712 2010 763 2037; x_wconf 88' lang='lat' dir='ltr'><strong>frui</strong></span> <span class='ocrx_word' id='word_1_452' title='bbox 779 2011 882 2044; x_wconf 56' lang='lat' dir='ltr'><strong>valeas.</strong></span> 
     </span>
    </p>
   </div>
   <div class='ocr_carea' id='block_1_68' title="bbox 362 2147 897 2183">
    <p class='ocr_par' dir='ltr' id='par_1_68' title="bbox 362 2147 897 2183">
     <span class='ocr_line' id='line_1_68' title="bbox 362 2147 897 2183; baseline 0.017 -9"><span class='ocrx_word' id='word_1_453' title='bbox 362 2147 640 2180; x_wconf 80' lang='lat' dir='ltr'><strong>INTERPRETATIO</strong></span> <span class='ocrx_word' id='word_1_454' title='bbox 658 2153 837 2182; x_wconf 62' lang='lat' dir='ltr'><strong>EPISTOLIE</strong></span> <span class='ocrx_word' id='word_1_455' title='bbox 855 2156 897 2183; x_wconf 84' lang='lat' dir='ltr'><strong>Ill.</strong></span> 
     </span>
    </p>
   </div>
   <div class='ocr_carea' id='block_1_69' title="bbox 337 2201 925 2244">
    <p class='ocr_par' dir='ltr' id='par_1_69' title="bbox 337 2201 925 2244">
     <span class='ocr_line' id='line_1_69' title="bbox 337 2201 925 2244; baseline 0.017 -14"><span class='ocrx_word' id='word_1_456' title='bbox 337 2201 506 2233; x_wconf 70' lang='lat' dir='ltr'><strong>Constantius</strong></span> <span class='ocrx_word' id='word_1_457' title='bbox 521 2206 610 2234; x_wconf 80' lang='lat' dir='ltr'><strong>Victor</strong></span> <span class='ocrx_word' id='word_1_458' title='bbox 623 2209 758 2244; x_wconf 67' lang='lat' dir='ltr'><strong>Augustus</strong></span> <span class='ocrx_word' id='word_1_459' title='bbox 769 2211 925 2240; x_wconf 72' lang='lat' dir='ltr'><strong>Athanasio.</strong></span> 
     </span>
    </p>
   </div>
   <div class='ocr_carea' id='block_1_70' title="bbox 272 2259 1018 2305">
    <p class='ocr_par' dir='ltr' id='par_1_70' title="bbox 272 2259 1018 2305">
     <span class='ocr_line' id='line_1_70' title="bbox 272 2259 1018 2305; baseline 0.016 -20"><span class='ocrx_word' id='word_1_460' title='bbox 272 2259 338 2287; x_wconf 89' lang='lat' dir='ltr'><strong>Cum</strong></span> <span class='ocrx_word' id='word_1_461' title='bbox 354 2261 460 2290; x_wconf 64' lang='lat' dir='ltr'><strong>Edessa</strong></span> <span class='ocrx_word' id='word_1_462' title='bbox 470 2262 638 2298; x_wconf 76' lang='lat' dir='ltr'><strong>degeremus,</strong></span> <span class='ocrx_word' id='word_1_463' title='bbox 652 2267 830 2300; x_wconf 76' lang='lat' dir='ltr'><strong>praesentibus</strong></span> <span class='ocrx_word' id='word_1_464' title='bbox 838 2268 893 2296; x_wconf 86' lang='lat' dir='ltr'><strong>tuis</strong></span> <span class='ocrx_word' id='word_1_465' title='bbox 908 2270 1018 2305; x_wconf 85' lang='lat' dir='ltr'><strong>presby-</strong></span> 
     </span>
    </p>
   </div>
   <div class='ocr_carea' id='block_1_71' title="bbox 1233 1626 1702 1654">
    <p class='ocr_par' dir='ltr' id='par_1_71' title="bbox 1233 1626 1702 1654">
     <span class='ocr_line' id='line_1_71' title="bbox 1233 1626 1702 1654; baseline 0.002 -1"><span class='ocrx_word' id='word_1_466' title='bbox 1233 1626 1413 1654; x_wconf 84' lang='grc' dir='ltr'><strong>ΕΡΜΗΝΕΙΔ</strong></span> <span class='ocrx_word' id='word_1_467' title='bbox 1449 1626 1642 1654; x_wconf 82' lang='grc' dir='ltr'><strong>ΕΠΙΣΤΟΛΗΣ</strong></span> <span class='ocrx_word' id='word_1_468' title='bbox 1665 1627 1702 1654; x_wconf 87' lang='grc' dir='ltr'><strong>Β’.</strong></span> 
     </span>
    </p>
   </div>
   <div class='ocr_carea' id='block_1_72' title="bbox 1075 1683 1859 1719">
    <p class='ocr_par' dir='ltr' id='par_1_72' title="bbox 1075 1683 1859 1719">
     <span class='ocr_line' id='line_1_72' title="bbox 1075 1683 1859 1719; baseline 0 -7"><span class='ocrx_word' id='word_1_469' title='bbox 1075 1684 1283 1718; x_wconf 78' lang='grc' dir='ltr'>Κωνστάντιος</span> <span class='ocrx_word' id='word_1_470' title='bbox 1317 1683 1449 1718; x_wconf 83' lang='grc' dir='ltr'>Νικητὴς</span> <span class='ocrx_word' id='word_1_471' title='bbox 1483 1684 1656 1719; x_wconf 78' lang='grc' dir='ltr'>Αὔγουστος</span> <span class='ocrx_word' id='word_1_472' title='bbox 1690 1685 1859 1718; x_wconf 75' lang='grc' dir='ltr'>Ἀθανασίῳ.</span> 
     </span>
    </p>
   </div>
   <div class='ocr_carea' id='block_1_73' title="bbox 1108 1740 1862 1777">
    <p class='ocr_par' dir='ltr' id='par_1_73' title="bbox 1108 1740 1862 1777">
     <span class='ocr_line' id='line_1_73' title="bbox 1108 1740 1862 1777; baseline 0.001 -10"><span class='ocrx_word' id='word_1_473' title='bbox 1108 1741 1140 1768; x_wconf 80' lang='grc' dir='ltr'>Εἰ</span> <span class='ocrx_word' id='word_1_474' title='bbox 1157 1741 1203 1768; x_wconf 80' lang='grc' dir='ltr'><strong>καὶ</strong></span> <span class='ocrx_word' id='word_1_475' title='bbox 1218 1741 1336 1776; x_wconf 83' lang='grc' dir='ltr'>μάλιστα</span> <span class='ocrx_word' id='word_1_476' title='bbox 1356 1740 1400 1768; x_wconf 86' lang='grc' dir='ltr'><strong>διὰ</strong></span> <span class='ocrx_word' id='word_1_477' title='bbox 1420 1741 1561 1777; x_wconf 74' lang='grc' dir='ltr'>προτέρων</span> <span class='ocrx_word' id='word_1_478' title='bbox 1577 1741 1751 1777; x_wconf 80' lang='grc' dir='ltr'>ἐδηλώσαμεν</span> <span class='ocrx_word' id='word_1_479' title='bbox 1769 1750 1862 1777; x_wconf 89' lang='grc' dir='ltr'>γραμ-.</span> 
     </span>
    </p>
   </div>
   <div class='ocr_carea' id='block_1_74' title="bbox 1075 1786 1859 1823">
    <p class='ocr_par' dir='ltr' id='par_1_74' title="bbox 1075 1786 1859 1823">
     <span class='ocr_line' id='line_1_74' title="bbox 1075 1786 1859 1823; baseline 0.001 -10"><span class='ocrx_word' id='word_1_480' title='bbox 1075 1787 1178 1823; x_wconf 81' lang='grc' dir='ltr'>μάτων,</span> <span class='ocrx_word' id='word_1_481' title='bbox 1193 1787 1267 1819; x_wconf 83' lang='grc' dir='ltr'>ὅπως</span> <span class='ocrx_word' id='word_1_482' title='bbox 1280 1786 1438 1822; x_wconf 82' lang='grc' dir='ltr'>ἀμερίμνως</span> <span class='ocrx_word' id='word_1_483' title='bbox 1459 1787 1498 1817; x_wconf 81' lang='grc' dir='ltr'><strong>είς</strong></span> <span class='ocrx_word' id='word_1_484' title='bbox 1521 1786 1550 1812; x_wconf 83' lang='grc' dir='ltr'>τὸ</span> <span class='ocrx_word' id='word_1_485' title='bbox 1566 1787 1697 1822; x_wconf 80' lang='grc' dir='ltr'>ἡμέτερον</span> <span class='ocrx_word' id='word_1_486' title='bbox 1714 1788 1859 1822; x_wconf 85' lang='grc' dir='ltr'>κομιτᾶτον</span> 
     </span>
    </p>
   </div>
   <div class='ocr_carea' id='block_1_75' title="bbox 1075 1831 1859 1867">
    <p class='ocr_par' dir='ltr' id='par_1_75' title="bbox 1075 1831 1859 1867">
     <span class='ocr_line' id='line_1_75' title="bbox 1075 1831 1859 1867; baseline 0 -9"><span class='ocrx_word' id='word_1_487' title='bbox 1075 1831 1110 1867; x_wconf 79' lang='grc' dir='ltr'><strong>(ι)</strong></span> <span class='ocrx_word' id='word_1_488' title='bbox 1125 1831 1276 1867; x_wconf 83' lang='grc' dir='ltr'>παραγένῃ,</span> <span class='ocrx_word' id='word_1_489' title='bbox 1293 1831 1336 1858; x_wconf 79' lang='grc' dir='ltr'><strong>διὰ</strong></span> <span class='ocrx_word' id='word_1_490' title='bbox 1355 1831 1386 1858; x_wconf 82' lang='grc' dir='ltr'>τὸ</span> <span class='ocrx_word' id='word_1_491' title='bbox 1405 1831 1520 1867; x_wconf 82' lang='grc' dir='ltr'>μάλιστα</span> <span class='ocrx_word' id='word_1_492' title='bbox 1542 1831 1683 1866; x_wconf 83' lang='grc' dir='ltr'>βούλεσθαι</span> <span class='ocrx_word' id='word_1_493' title='bbox 1703 1832 1775 1867; x_wconf 83' lang='grc' dir='ltr'>ἡμᾶς</span> <span class='ocrx_word' id='word_1_494' title='bbox 1789 1833 1859 1859; x_wconf 84' lang='grc' dir='ltr'>ἀπο-</span> 
     </span>
    </p>
   </div>
   <div class='ocr_carea' id='block_1_76' title="bbox 1074 1876 1859 1912">
    <p class='ocr_par' dir='ltr' id='par_1_76' title="bbox 1074 1876 1859 1912">
     <span class='ocr_line' id='line_1_76' title="bbox 1074 1876 1859 1912; baseline 0.001 -8"><span class='ocrx_word' id='word_1_495' title='bbox 1074 1877 1176 1904; x_wconf 83' lang='grc' dir='ltr'>στεῖλαί</span> <span class='ocrx_word' id='word_1_496' title='bbox 1191 1885 1220 1903; x_wconf 85' lang='grc' dir='ltr'><strong>σε</strong></span> <span class='ocrx_word' id='word_1_497' title='bbox 1235 1878 1274 1908; x_wconf 80' lang='grc' dir='ltr'><strong>είς</strong></span> <span class='ocrx_word' id='word_1_498' title='bbox 1285 1876 1318 1903; x_wconf 79' lang='grc' dir='ltr'>τὰ</span> <span class='ocrx_word' id='word_1_499' title='bbox 1333 1876 1401 1903; x_wconf 81' lang='grc' dir='ltr'>ἴδια·</span> <span class='ocrx_word' id='word_1_500' title='bbox 1423 1877 1497 1912; x_wconf 77' lang='grc' dir='ltr'>ὅμως</span> <span class='ocrx_word' id='word_1_501' title='bbox 1512 1877 1560 1903; x_wconf 72' lang='grc' dir='ltr'><strong>καὶ</strong></span> <span class='ocrx_word' id='word_1_502' title='bbox 1575 1876 1622 1903; x_wconf 75' lang='grc' dir='ltr'>νῦν</span> <span class='ocrx_word' id='word_1_503' title='bbox 1638 1876 1723 1903; x_wconf 82' lang='grc' dir='ltr'>ταῦτα</span> <span class='ocrx_word' id='word_1_504' title='bbox 1740 1877 1810 1904; x_wconf 83' lang='grc' dir='ltr'>αὐτὰ</span> <span class='ocrx_word' id='word_1_505' title='bbox 1824 1877 1859 1905; x_wconf 75' lang='grc' dir='ltr'>τὰ</span> 
     </span>
    </p>
   </div>
   <div class='ocr_carea' id='block_1_77' title="bbox 1072 1922 1860 1959">
    <p class='ocr_par' dir='ltr' id='par_1_77' title="bbox 1072 1922 1860 1959">
     <span class='ocr_line' id='line_1_77' title="bbox 1072 1922 1860 1959; baseline 0 -9"><span class='ocrx_word' id='word_1_506' title='bbox 1072 1923 1223 1959; x_wconf 81' lang='grc' dir='ltr'>γράμματα</span> <span class='ocrx_word' id='word_1_507' title='bbox 1245 1923 1313 1958; x_wconf 82' lang='grc' dir='ltr'>πρὸς</span> <span class='ocrx_word' id='word_1_508' title='bbox 1333 1922 1381 1958; x_wconf 88' lang='grc' dir='ltr'>τὴν</span> <span class='ocrx_word' id='word_1_509' title='bbox 1398 1922 1447 1958; x_wconf 85' lang='grc' dir='ltr'>σὴν</span> <span class='ocrx_word' id='word_1_510' title='bbox 1461 1922 1625 1958; x_wconf 75' lang='grc' dir='ltr'>στερρότητα</span> <span class='ocrx_word' id='word_1_511' title='bbox 1640 1922 1804 1958; x_wconf 84' lang='grc' dir='ltr'>δεδώκαμεν,</span> <span class='ocrx_word' id='word_1_512' title='bbox 1825 1923 1860 1950; x_wconf 75' lang='grc' dir='ltr'>δι’</span> 
     </span>
    </p>
   </div>
   <div class='ocr_carea' id='block_1_78' title="bbox 1071 1966 1857 2006">
    <p class='ocr_par' dir='ltr' id='par_1_78' title="bbox 1071 1966 1857 2006">
     <span class='ocr_line' id='line_1_78' title="bbox 1071 1966 1857 2006; baseline 0 -11"><span class='ocrx_word' id='word_1_513' title='bbox 1071 1966 1108 1996; x_wconf 84' lang='grc' dir='ltr'>ὧν</span> <span class='ocrx_word' id='word_1_514' title='bbox 1125 1968 1333 2006; x_wconf 79' lang='grc' dir='ltr'>προτρεπόμεθα</span> <span class='ocrx_word' id='word_1_515' title='bbox 1355 1970 1439 2004; x_wconf 87' lang='grc' dir='ltr'>χωρίς</span> <span class='ocrx_word' id='word_1_516' title='bbox 1468 1978 1539 2001; x_wconf 83' lang='grc' dir='ltr'>τινος</span> <span class='ocrx_word' id='word_1_517' title='bbox 1559 1969 1686 2001; x_wconf 83' lang='grc' dir='ltr'>ἀπιστίας</span> <span class='ocrx_word' id='word_1_518' title='bbox 1708 1969 1755 1996; x_wconf 68' lang='grc' dir='ltr'><strong>καὶ</strong></span> <span class='ocrx_word' id='word_1_519' title='bbox 1775 1969 1857 2004; x_wconf 80' lang='grc' dir='ltr'>φόϐου</span> 
     </span>
    </p>
   </div>
   <div class='ocr_carea' id='block_1_79' title="bbox 1072 2015 1857 2052">
    <p class='ocr_par' dir='ltr' id='par_1_79' title="bbox 1072 2015 1857 2052">
     <span class='ocr_line' id='line_1_79' title="bbox 1072 2015 1857 2052; baseline 0.003 -11"><span class='ocrx_word' id='word_1_520' title='bbox 1072 2015 1197 2051; x_wconf 72' lang='grc' dir='ltr'>ἐπιϐῆναι</span> <span class='ocrx_word' id='word_1_521' title='bbox 1231 2023 1260 2042; x_wconf 87' lang='grc' dir='ltr'><strong>σε</strong></span> <span class='ocrx_word' id='word_1_522' title='bbox 1289 2016 1428 2051; x_wconf 86' lang='grc' dir='ltr'>δημοσίοις</span> <span class='ocrx_word' id='word_1_523' title='bbox 1455 2016 1600 2052; x_wconf 81' lang='grc' dir='ltr'>ὀχήμασιν,</span> <span class='ocrx_word' id='word_1_524' title='bbox 1634 2017 1681 2042; x_wconf 78' lang='grc' dir='ltr'>καὶ</span> <span class='ocrx_word' id='word_1_525' title='bbox 1710 2016 1857 2044; x_wconf 83' lang='grc' dir='ltr'>σπουδάσαι</span> 
     </span>
    </p>
   </div>
   <div class='ocr_carea' id='block_1_80' title="bbox 1073 2057 1857 2097">
    <p class='ocr_par' dir='ltr' id='par_1_80' title="bbox 1073 2057 1857 2097">
     <span class='ocr_line' id='line_1_80' title="bbox 1073 2057 1857 2097; baseline 0 -10"><span class='ocrx_word' id='word_1_526' title='bbox 1073 2061 1141 2097; x_wconf 64' lang='grc' dir='ltr'>πρὸς</span> <span class='ocrx_word' id='word_1_527' title='bbox 1169 2061 1251 2096; x_wconf 77' lang='grc' dir='ltr'>ἡμᾶς,</span> <span class='ocrx_word' id='word_1_528' title='bbox 1282 2061 1324 2087; x_wconf 85' lang='grc' dir='ltr'>ἵνα</span> <span class='ocrx_word' id='word_1_529' title='bbox 1353 2057 1390 2087; x_wconf 80' lang='grc' dir='ltr'>ὧν</span> <span class='ocrx_word' id='word_1_530' title='bbox 1419 2061 1565 2096; x_wconf 76' lang='grc' dir='ltr'>ἐπιθυμῇς,</span> <span class='ocrx_word' id='word_1_531' title='bbox 1593 2061 1744 2088; x_wconf 81' lang='grc' dir='ltr'>ἀπολαῦσαι</span> <span class='ocrx_word' id='word_1_532' title='bbox 1776 2061 1857 2096; x_wconf 87' lang='grc' dir='ltr'>δυνη-</span> 
     </span>
    </p>
   </div>
   <div class='ocr_carea' id='block_1_81' title="bbox 1074 2106 1132 2142">
    <p class='ocr_par' dir='ltr' id='par_1_81' title="bbox 1074 2106 1132 2142">
     <span class='ocr_line' id='line_1_81' title="bbox 1074 2106 1132 2142; baseline 0 -10"><span class='ocrx_word' id='word_1_533' title='bbox 1074 2106 1132 2142; x_wconf 53' lang='lat' dir='ltr'><strong>om.</strong></span> 
     </span>
    </p>
   </div>
   <div class='ocr_carea' id='block_1_82' title="bbox 1248 2162 1685 2190">
    <p class='ocr_par' dir='ltr' id='par_1_82' title="bbox 1248 2162 1685 2190">
     <span class='ocr_line' id='line_1_82' title="bbox 1248 2162 1685 2190; baseline -0.002 0"><span class='ocrx_word' id='word_1_534' title='bbox 1248 2163 1426 2190; x_wconf 81' lang='lat' dir='ltr'><strong>EPMHNEIA</strong></span> <span class='ocrx_word' id='word_1_535' title='bbox 1440 2163 1633 2189; x_wconf 80' lang='grc' dir='ltr'><strong>ΕΠΙΣΤΟΛΗΣ</strong></span> <span class='ocrx_word' id='word_1_536' title='bbox 1647 2162 1685 2189; x_wconf 88' lang='grc' dir='ltr'><strong>Γ’.</strong></span> 
     </span>
    </p>
   </div>
   <div class='ocr_carea' id='block_1_83' title="bbox 1069 2219 1854 2254">
    <p class='ocr_par' dir='ltr' id='par_1_83' title="bbox 1069 2219 1854 2254">
     <span class='ocr_line' id='line_1_83' title="bbox 1069 2219 1854 2254; baseline 0.001 -8"><span class='ocrx_word' id='word_1_537' title='bbox 1069 2221 1276 2253; x_wconf 68' lang='grc' dir='ltr'>Κωνστάντιος</span> <span class='ocrx_word' id='word_1_538' title='bbox 1308 2219 1438 2254; x_wconf 79' lang='grc' dir='ltr'>Νικητὴς</span> <span class='ocrx_word' id='word_1_539' title='bbox 1474 2221 1650 2253; x_wconf 74' lang='grc' dir='ltr'>Αὔγουστος</span> <span class='ocrx_word' id='word_1_540' title='bbox 1684 2219 1854 2253; x_wconf 81' lang='grc' dir='ltr'>Ἆθανασίῳ.</span> 
     </span>
    </p>
   </div>
   <div class='ocr_carea' id='block_1_84' title="bbox 1110 2276 1859 2313">
    <p class='ocr_par' dir='ltr' id='par_1_84' title="bbox 1110 2276 1859 2313">
     <span class='ocr_line' id='line_1_84' title="bbox 1110 2276 1859 2313; baseline 0.001 -11"><span class='ocrx_word' id='word_1_541' title='bbox 1110 2276 1206 2303; x_wconf 80' lang='grc' dir='ltr'>Ὴνίκα</span> <span class='ocrx_word' id='word_1_542' title='bbox 1233 2277 1262 2302; x_wconf 80' lang='grc' dir='ltr'><strong>ἐν</strong></span> <span class='ocrx_word' id='word_1_543' title='bbox 1278 2278 1310 2312; x_wconf 80' lang='grc' dir='ltr'><strong>τῇ</strong></span> <span class='ocrx_word' id='word_1_544' title='bbox 1332 2277 1442 2313; x_wconf 79' lang='grc' dir='ltr'>Ἐδέσσῃ</span> <span class='ocrx_word' id='word_1_545' title='bbox 1459 2277 1497 2311; x_wconf 79' lang='grc' dir='ltr'><strong>(Ῑ)</strong></span> <span class='ocrx_word' id='word_1_546' title='bbox 1520 2277 1699 2312; x_wconf 83' lang='grc' dir='ltr'>διετρίϐομεν,</span> <span class='ocrx_word' id='word_1_547' title='bbox 1716 2276 1859 2312; x_wconf 77' lang='grc' dir='ltr'>παρόντων</span> 
     </span>
    </p>
   </div>
   <div class='ocr_carea' id='block_1_85' title="bbox 237 2306 1024 2358">
    <p class='ocr_par' dir='ltr' id='par_1_85' title="bbox 237 2306 1016 2348">
     <span class='ocr_line' id='line_1_85' title="bbox 237 2306 1016 2348; baseline 0.017 -17"><span class='ocrx_word' id='word_1_548' title='bbox 237 2306 312 2337; x_wconf 78' lang='lat' dir='ltr'><strong>teris,</strong></span> <span class='ocrx_word' id='word_1_549' title='bbox 331 2307 431 2340; x_wconf 85' lang='lat' dir='ltr'><strong>placuit</strong></span> <span class='ocrx_word' id='word_1_550' title='bbox 445 2314 474 2335; x_wconf 90' lang='lat' dir='ltr'><strong>ut</strong></span> <span class='ocrx_word' id='word_1_551' title='bbox 488 2310 571 2337; x_wconf 88' lang='lat' dir='ltr'><strong>misso</strong></span> <span class='ocrx_word' id='word_1_552' title='bbox 583 2311 616 2337; x_wconf 91' lang='lat' dir='ltr'><strong>ad</strong></span> <span class='ocrx_word' id='word_1_553' title='bbox 630 2315 656 2338; x_wconf 89' lang='lat' dir='ltr'><strong>te</strong></span> <span class='ocrx_word' id='word_1_554' title='bbox 669 2313 834 2348; x_wconf 87' lang='lat' dir='ltr'><strong>presbytero,</strong></span> <span class='ocrx_word' id='word_1_555' title='bbox 849 2317 882 2341; x_wconf 78' lang='lat' dir='ltr'><strong>att</strong></span> <span class='ocrx_word' id='word_1_556' title='bbox 895 2321 1016 2344; x_wconf 87' lang='lat' dir='ltr'><strong>nostrum</strong></span> 
     </span>
    </p>
   </div>
   <div class='ocr_carea' id='block_1_86' title="bbox 1076 2306 1856 2358">
    <p class='ocr_par' dir='ltr' id='par_1_86' title="bbox 1076 2306 1856 2358">
     <span class='ocr_line' id='line_1_86' title="bbox 1076 2306 1856 2358; baseline 0 -9"><span class='ocrx_word' id='word_1_557' title='bbox 1076 2322 1122 2349; x_wconf 75' lang='grc' dir='ltr'>τῶν</span> <span class='ocrx_word' id='word_1_558' title='bbox 1138 2322 1191 2350; x_wconf 85' lang='grc' dir='ltr'>σῶν</span> <span class='ocrx_word' id='word_1_559' title='bbox 1211 2306 1412 2358; x_wconf 57' lang='grc' dir='ltr'>πρεσϐθτέρων,</span> <span class='ocrx_word' id='word_1_560' title='bbox 1428 2306 1533 2357; x_wconf 43' lang='grc' dir='ltr'>’ἧρεσεν</span> <span class='ocrx_word' id='word_1_561' title='bbox 1551 2306 1645 2354; x_wconf 48' lang='grc' dir='ltr'>ὅπως..</span> <span class='ocrx_word' id='word_1_562' title='bbox 1658 2306 1856 2354; x_wconf 75' lang='grc' dir='ltr'>ἀποσταλέντος</span> 
     </span>
    </p>
   </div>
   <div class='ocr_carea' id='block_1_87' title="bbox 238 2351 1017 2390">
    <p class='ocr_par' dir='ltr' id='par_1_87' title="bbox 238 2351 1017 2390">
     <span class='ocr_line' id='line_1_87' title="bbox 238 2351 1017 2390; baseline 0.018 -14"><span class='ocrx_word' id='word_1_563' title='bbox 238 2351 393 2379; x_wconf 86' lang='lat' dir='ltr'><strong>comitatum</strong></span> <span class='ocrx_word' id='word_1_564' title='bbox 409 2361 580 2389; x_wconf 82' lang='lat' dir='ltr'><strong>properares,</strong></span> <span class='ocrx_word' id='word_1_565' title='bbox 595 2362 624 2383; x_wconf 89' lang='lat' dir='ltr'><strong>ut</strong></span> <span class='ocrx_word' id='word_1_566' title='bbox 639 2357 682 2385; x_wconf 90' lang='lat' dir='ltr'><strong>ubi</strong></span> <span class='ocrx_word' id='word_1_567' title='bbox 696 2359 800 2386; x_wconf 89' lang='lat' dir='ltr'><strong>vultum</strong></span> <span class='ocrx_word' id='word_1_568' title='bbox 813 2366 936 2388; x_wconf 84' lang='lat' dir='ltr'><strong>nostrum</strong></span> <span class='ocrx_word' id='word_1_569' title='bbox 951 2369 1017 2390; x_wconf 88' lang='lat' dir='ltr'><strong>con-</strong></span> 
     </span>
    </p>
   </div>
   <div class='ocr_carea' id='block_1_88' title="bbox 235 2397 1014 2440">
    <p class='ocr_par' dir='ltr' id='par_1_88' title="bbox 235 2397 1014 2440">
     <span class='ocr_line' id='line_1_88' title="bbox 235 2397 1014 2440; baseline 0.018 -18"><span class='ocrx_word' id='word_1_570' title='bbox 235 2397 380 2432; x_wconf 75' lang='lat' dir='ltr'><strong>spexisses,</strong></span> <span class='ocrx_word' id='word_1_571' title='bbox 390 2401 588 2434; x_wconf 88' lang='lat' dir='ltr'><strong>quamprimum</strong></span> <span class='ocrx_word' id='word_1_572' title='bbox 597 2403 787 2432; x_wconf 78' lang='lat' dir='ltr'><strong>Alexandriam</strong></span> <span class='ocrx_word' id='word_1_573' title='bbox 796 2406 1014 2440; x_wconf 80' lang='lat' dir='ltr'><strong>proﬁciscerere:</strong></span> 
     </span>
    </p>
   </div>
   <div class='ocr_carea' id='block_1_89' title="bbox 236 2442 1017 2489">
    <p class='ocr_par' dir='ltr' id='par_1_89' title="bbox 236 2442 1017 2489">
     <span class='ocr_line' id='line_1_89' title="bbox 236 2442 1017 2489; baseline 0.019 -21"><span class='ocrx_word' id='word_1_574' title='bbox 236 2442 283 2469; x_wconf 83' lang='lat' dir='ltr'><strong>sed</strong></span> <span class='ocrx_word' id='word_1_575' title='bbox 309 2444 370 2477; x_wconf 86' lang='lat' dir='ltr'><strong>quia</strong></span> <span class='ocrx_word' id='word_1_576' title='bbox 397 2446 509 2474; x_wconf 91' lang='lat' dir='ltr'><strong>multum</strong></span> <span class='ocrx_word' id='word_1_577' title='bbox 536 2450 663 2483; x_wconf 84' lang='lat' dir='ltr'><strong>lemporis</strong></span> <span class='ocrx_word' id='word_1_578' title='bbox 678 2450 780 2480; x_wconf 75' lang='lat' dir='ltr'><strong>eiﬂuxit</strong></span> <span class='ocrx_word' id='word_1_579' title='bbox 801 2459 834 2479; x_wconf 82' lang='lat' dir='ltr'><strong>ex</strong></span> <span class='ocrx_word' id='word_1_580' title='bbox 848 2461 901 2489; x_wconf 88' lang='lat' dir='ltr'><strong>quo</strong></span> <span class='ocrx_word' id='word_1_581' title='bbox 919 2455 1017 2483; x_wconf 87' lang='lat' dir='ltr'><strong>litteris</strong></span> 
     </span>
    </p>
   </div>
   <div class='ocr_carea' id='block_1_90' title="bbox 236 2490 1017 2536">
    <p class='ocr_par' dir='ltr' id='par_1_90' title="bbox 236 2490 1017 2536">
     <span class='ocr_line' id='line_1_90' title="bbox 236 2490 1017 2536; baseline 0.019 -21"><span class='ocrx_word' id='word_1_582' title='bbox 236 2490 337 2517; x_wconf 86' lang='lat' dir='ltr'><strong>nostris</strong></span> <span class='ocrx_word' id='word_1_583' title='bbox 354 2492 473 2526; x_wconf 87' lang='lat' dir='ltr'><strong>acceptis</strong></span> <span class='ocrx_word' id='word_1_584' title='bbox 488 2501 540 2520; x_wconf 91' lang='lat' dir='ltr'><strong>non</strong></span> <span class='ocrx_word' id='word_1_585' title='bbox 556 2495 664 2529; x_wconf 85' lang='lat' dir='ltr'><strong>venisti,</strong></span> <span class='ocrx_word' id='word_1_586' title='bbox 683 2502 829 2532; x_wconf 87' lang='lat' dir='ltr'><strong>eapropter</strong></span> <span class='ocrx_word' id='word_1_587' title='bbox 842 2504 868 2528; x_wconf 91' lang='lat' dir='ltr'><strong>te</strong></span> <span class='ocrx_word' id='word_1_588' title='bbox 880 2499 936 2534; x_wconf 84' lang='lat' dir='ltr'><strong>jam</strong></span> <span class='ocrx_word' id='word_1_589' title='bbox 950 2508 1017 2536; x_wconf 92' lang='lat' dir='ltr'><strong>quo-</strong></span> 
     </span>
    </p>
   </div>
   <div class='ocr_carea' id='block_1_91' title="bbox 235 2535 1015 2582">
    <p class='ocr_par' dir='ltr' id='par_1_91' title="bbox 235 2535 1015 2582">
     <span class='ocr_line' id='line_1_91' title="bbox 235 2535 1015 2582; baseline 0.018 -21"><span class='ocrx_word' id='word_1_590' title='bbox 235 2542 288 2569; x_wconf 89' lang='lat' dir='ltr'><strong>que</strong></span> <span class='ocrx_word' id='word_1_591' title='bbox 304 2535 426 2571; x_wconf 83' lang='lat' dir='ltr'><strong>impense</strong></span> <span class='ocrx_word' id='word_1_592' title='bbox 439 2537 592 2573; x_wconf 81' lang='lat' dir='ltr'><strong>hortamur,</strong></span> <span class='ocrx_word' id='word_1_593' title='bbox 609 2546 638 2568; x_wconf 86' lang='lat' dir='ltr'><strong>ut</strong></span> <span class='ocrx_word' id='word_1_594' title='bbox 656 2542 698 2570; x_wconf 88' lang='lat' dir='ltr'><strong>vel</strong></span> <span class='ocrx_word' id='word_1_595' title='bbox 722 2551 794 2572; x_wconf 86' lang='lat' dir='ltr'><strong>nunc</strong></span> <span class='ocrx_word' id='word_1_596' title='bbox 816 2545 912 2573; x_wconf 85' lang='lat' dir='ltr'><strong>saltem</strong></span> <span class='ocrx_word' id='word_1_597' title='bbox 935 2535 1015 2582; x_wconf 83' lang='lat' dir='ltr'><strong>quam</strong></span> 
     </span>
    </p>
   </div>
   <div class='ocr_carea' id='block_1_92' title="bbox 265 2681 1015 2719">
    <p class='ocr_par' dir='ltr' id='par_1_92' title="bbox 265 2681 1015 2719">
     <span class='ocr_line' id='line_1_92' title="bbox 265 2681 1015 2719; baseline 0.009 -11"><span class='ocrx_word' id='word_1_598' title='bbox 265 2681 306 2719; x_wconf 63' lang='lat' dir='ltr'><strong>(tt)</strong></span> <span class='ocrx_word' id='word_1_599' title='bbox 319 2681 406 2719; x_wconf 66' lang='lat' dir='ltr'><strong>Palat.</strong></span> <span class='ocrx_word' id='word_1_600' title='bbox 420 2684 467 2710; x_wconf 79' lang='grc' dir='ltr'>καὶ</span> <span class='ocrx_word' id='word_1_601' title='bbox 479 2684 569 2716; x_wconf 83' lang='grc' dir='ltr'>δείσας</span> <span class='ocrx_word' id='word_1_602' title='bbox 590 2686 670 2712; x_wconf 76' lang='grc' dir='ltr'>αὑτὸν</span> <span class='ocrx_word' id='word_1_603' title='bbox 680 2707 686 2719; x_wconf 89' lang='lat'><strong>,</strong></span> <span class='ocrx_word' id='word_1_604' title='bbox 702 2687 778 2714; x_wconf 86' lang='grc' dir='ltr'>καλεῖ</span> <span class='ocrx_word' id='word_1_605' title='bbox 793 2687 906 2715; x_wconf 87' lang='grc' dir='ltr'><strong>Ἀθ......</strong></span> <span class='ocrx_word' id='word_1_606' title='bbox 929 2688 1015 2715; x_wconf 82' lang='grc' dir='ltr'>ἐλθεῖν</span> 
     </span>
    </p>
   </div>
   <div class='ocr_carea' id='block_1_93' title="bbox 234 2717 697 2755">
    <p class='ocr_par' dir='ltr' id='par_1_93' title="bbox 234 2717 697 2755">
     <span class='ocr_line' id='line_1_93' title="bbox 234 2717 697 2755; baseline 0.013 -13"><span class='ocrx_word' id='word_1_607' title='bbox 234 2717 298 2755; x_wconf 68' lang='grc' dir='ltr'>παρ’</span> <span class='ocrx_word' id='word_1_608' title='bbox 315 2717 458 2755; x_wconf 50' lang='lat' dir='ltr'><strong>egoeg)...”</strong></span> <span class='ocrx_word' id='word_1_609' title='bbox 472 2718 509 2755; x_wconf 57' lang='grc' dir='ltr'>τῷ</span> <span class='ocrx_word' id='word_1_610' title='bbox 524 2721 592 2755; x_wconf 83' lang='grc' dir='ltr'>ἁγίῳ</span> <span class='ocrx_word' id='word_1_611' title='bbox 607 2717 697 2748; x_wconf 80' lang='grc' dir='ltr'>Ἀθαν.</span> 
     </span>
    </p>
   </div>
   <div class='ocr_carea' id='block_1_94' title="bbox 269 2744 1012 2791">
    <p class='ocr_par' dir='ltr' id='par_1_94' title="bbox 269 2744 1012 2791">
     <span class='ocr_line' id='line_1_94' title="bbox 269 2744 1012 2791; baseline 0.011 -14"><span class='ocrx_word' id='word_1_612' title='bbox 269 2744 306 2786; x_wconf 67' lang='grc' dir='ltr'><strong>(ὁ)</strong></span> <span class='ocrx_word' id='word_1_613' title='bbox 323 2752 366 2779; x_wconf 86' lang='lat' dir='ltr'><strong>Sic</strong></span> <span class='ocrx_word' id='word_1_614' title='bbox 378 2744 790 2791; x_wconf 35' lang='grc' dir='ltr'><strong>ρξιάι⁷εΕὲιίῇ’νὶἔτόξῆῥὸσδοκῶ</strong></span> <span class='ocrx_word' id='word_1_615' title='bbox 806 2756 862 2785; x_wconf 65' lang='grc' dir='ltr'>οὖν.</span> <span class='ocrx_word' id='word_1_616' title='bbox 887 2758 944 2784; x_wconf 81' lang='lat' dir='ltr'><strong>Mox</strong></span> <span class='ocrx_word' id='word_1_617' title='bbox 960 2758 1012 2785; x_wconf 87' lang='lat' dir='ltr'><strong>Pa-</strong></span> 
     </span>
    </p>
   </div>
   <div class='ocr_carea' id='block_1_95' title="bbox 233 2785 1012 2826">
    <p class='ocr_par' dir='ltr' id='par_1_95' title="bbox 233 2785 1012 2826">
     <span class='ocr_line' id='line_1_95' title="bbox 233 2785 1012 2826; baseline 0.012 -15"><span class='ocrx_word' id='word_1_618' title='bbox 233 2785 268 2826; x_wconf 69' lang='lat' dir='ltr'><strong>lat</strong></span> <span class='ocrx_word' id='word_1_619' title='bbox 274 2785 303 2826; x_wconf 37' lang='grc' dir='ltr'><strong>,ί</strong></span> <span class='ocrx_word' id='word_1_620' title='bbox 309 2788 515 2826; x_wconf 58' lang='grc' dir='ltr'>παραγίνεσθαι.</span> <span class='ocrx_word' id='word_1_621' title='bbox 526 2789 590 2826; x_wconf 75' lang='lat' dir='ltr'><strong>Ibid.</strong></span> <span class='ocrx_word' id='word_1_622' title='bbox 603 2785 681 2826; x_wconf 56' lang='lat' dir='ltr'><strong>editi,</strong></span> <span class='ocrx_word' id='word_1_623' title='bbox 698 2792 851 2820; x_wconf 81' lang='grc' dir='ltr'>ἀπολαϐεῖν.</span> <span class='ocrx_word' id='word_1_624' title='bbox 863 2794 906 2820; x_wconf 80' lang='lat' dir='ltr'><strong>ubi</strong></span> <span class='ocrx_word' id='word_1_625' title='bbox 916 2793 1012 2826; x_wconf 78' lang='lat' dir='ltr'><strong>Palat.,</strong></span> 
     </span>
    </p>
   </div>
   <div class='ocr_carea' id='block_1_96' title="bbox 233 2822 905 2860">
    <p class='ocr_par' dir='ltr' id='par_1_96' title="bbox 233 2822 905 2860">
     <span class='ocr_line' id='line_1_96' title="bbox 233 2822 905 2860; baseline 0.012 -13"><span class='ocrx_word' id='word_1_626' title='bbox 233 2822 402 2860; x_wconf 42' lang='lat' dir='ltr'><strong>GETS§V.AM0X</strong></span> <span class='ocrx_word' id='word_1_627' title='bbox 414 2822 512 2860; x_wconf 46' lang='lat' dir='ltr'><strong>Palat,</strong></span> <span class='ocrx_word' id='word_1_628' title='bbox 530 2822 683 2860; x_wconf 62' lang='grc' dir='ltr'>ἐνεπόδησε,</span> <span class='ocrx_word' id='word_1_629' title='bbox 700 2835 748 2859; x_wconf 84' lang='lat' dir='ltr'><strong>pro</strong></span> <span class='ocrx_word' id='word_1_630' title='bbox 761 2828 905 2854; x_wconf 78' lang='grc' dir='ltr'>ἐνεπόδισε.</span> 
     </span>
    </p>
   </div>
   <div class='ocr_carea' id='block_1_97' title="bbox 270 2855 1012 2897">
    <p class='ocr_par' dir='ltr' id='par_1_97' title="bbox 270 2855 1012 2897">
     <span class='ocr_line' id='line_1_97' title="bbox 270 2855 1012 2897; baseline 0.012 -16"><span class='ocrx_word' id='word_1_631' title='bbox 270 2857 304 2889; x_wconf 80' lang='lat' dir='ltr'><strong>(c)</strong></span> <span class='ocrx_word' id='word_1_632' title='bbox 324 2855 369 2883; x_wconf 88' lang='lat' dir='ltr'><strong>Sic</strong></span> <span class='ocrx_word' id='word_1_633' title='bbox 386 2865 449 2884; x_wconf 82' lang='lat' dir='ltr'><strong>mss.</strong></span> <span class='ocrx_word' id='word_1_634' title='bbox 470 2857 539 2886; x_wconf 78' lang='lat' dir='ltr'><strong>Editi</strong></span> <span class='ocrx_word' id='word_1_635' title='bbox 559 2855 640 2893; x_wconf 60' lang='lat' dir='ltr'><strong>tero,</strong></span> <span class='ocrx_word' id='word_1_636' title='bbox 661 2855 707 2888; x_wconf 64' lang='grc' dir='ltr'><strong>καὶ</strong></span> <span class='ocrx_word' id='word_1_637' title='bbox 732 2862 892 2897; x_wconf 75' lang='grc' dir='ltr'>πραθήσῃ...</span> <span class='ocrx_word' id='word_1_638' title='bbox 910 2864 1012 2890; x_wconf 77' lang='grc' dir='ltr'>ἀποκα-</span> 
     </span>
    </p>
   </div>
   <div class='ocr_carea' id='block_1_98' title="bbox 1069 2367 1856 2404">
    <p class='ocr_par' dir='ltr' id='par_1_98' title="bbox 1069 2367 1856 2404">
     <span class='ocr_line' id='line_1_98' title="bbox 1069 2367 1856 2404; baseline 0.001 -10"><span class='ocrx_word' id='word_1_639' title='bbox 1069 2367 1253 2404; x_wconf 87' lang='grc' dir='ltr'>πρεσϐυτέρου</span> <span class='ocrx_word' id='word_1_640' title='bbox 1268 2368 1335 2403; x_wconf 80' lang='grc' dir='ltr'>πρὸς</span> <span class='ocrx_word' id='word_1_641' title='bbox 1348 2367 1388 2399; x_wconf 85' lang='grc' dir='ltr'>σὲ,</span> <span class='ocrx_word' id='word_1_642' title='bbox 1402 2368 1554 2404; x_wconf 82' lang='grc' dir='ltr'>σπουδάσῃς</span> <span class='ocrx_word' id='word_1_643' title='bbox 1564 2367 1650 2394; x_wconf 85' lang='grc' dir='ltr'>ὲλθεῖν</span> <span class='ocrx_word' id='word_1_644' title='bbox 1662 2369 1702 2400; x_wconf 82' lang='grc' dir='ltr'><strong>είς</strong></span> <span class='ocrx_word' id='word_1_645' title='bbox 1716 2368 1746 2395; x_wconf 79' lang='grc' dir='ltr'>τὸ</span> <span class='ocrx_word' id='word_1_646' title='bbox 1755 2368 1856 2403; x_wconf 79' lang='grc' dir='ltr'>ἡμέτε-</span> 
     </span>
    </p>
   </div>
   <div class='ocr_carea' id='block_1_99' title="bbox 1070 2414 1858 2451">
    <p class='ocr_par' dir='ltr' id='par_1_99' title="bbox 1070 2414 1858 2451">
     <span class='ocr_line' id='line_1_99' title="bbox 1070 2414 1858 2451; baseline 0 -10"><span class='ocrx_word' id='word_1_647' title='bbox 1070 2423 1116 2451; x_wconf 90' lang='grc' dir='ltr'><strong>ρον</strong></span> <span class='ocrx_word' id='word_1_648' title='bbox 1130 2415 1285 2450; x_wconf 84' lang='grc' dir='ltr'>κομιτᾶτον,</span> <span class='ocrx_word' id='word_1_649' title='bbox 1308 2414 1354 2441; x_wconf 76' lang='grc' dir='ltr'><strong>ἐπὶ</strong></span> <span class='ocrx_word' id='word_1_650' title='bbox 1376 2414 1417 2446; x_wconf 84' lang='grc' dir='ltr'><strong>τὸ,</strong></span> <span class='ocrx_word' id='word_1_651' title='bbox 1436 2414 1523 2441; x_wconf 81' lang='grc' dir='ltr'>ἰδόντα</span> <span class='ocrx_word' id='word_1_652' title='bbox 1545 2414 1581 2449; x_wconf 80' lang='lat' dir='ltr'><strong>(g)</strong></span> <span class='ocrx_word' id='word_1_653' title='bbox 1603 2423 1632 2440; x_wconf 86' lang='grc' dir='ltr'><strong>σε</strong></span> <span class='ocrx_word' id='word_1_654' title='bbox 1651 2414 1701 2449; x_wconf 83' lang='grc' dir='ltr'>τὴν</span> <span class='ocrx_word' id='word_1_655' title='bbox 1719 2414 1858 2450; x_wconf 76' lang='grc' dir='ltr'>ἡμετέραν</span> 
     </span>
    </p>
   </div>
   <div class='ocr_carea' id='block_1_100' title="bbox 1071 2459 1852 2496">
    <p class='ocr_par' dir='ltr' id='par_1_100' title="bbox 1071 2459 1852 2496">
     <span class='ocr_line' id='line_1_100' title="bbox 1071 2459 1852 2496; baseline -0.001 -9"><span class='ocrx_word' id='word_1_656' title='bbox 1071 2460 1211 2496; x_wconf 80' lang='grc' dir='ltr'>πρόσοψιν,</span> <span class='ocrx_word' id='word_1_657' title='bbox 1239 2459 1340 2491; x_wconf 75' lang='grc' dir='ltr'>εὐθέως</span> <span class='ocrx_word' id='word_1_658' title='bbox 1363 2460 1404 2491; x_wconf 77' lang='grc' dir='ltr'>εἰς</span> <span class='ocrx_word' id='word_1_659' title='bbox 1426 2460 1476 2495; x_wconf 80' lang='grc' dir='ltr'>τὴν</span> <span class='ocrx_word' id='word_1_660' title='bbox 1505 2460 1705 2495; x_wconf 81' lang='grc' dir='ltr'>’Δλεξάνδρειαν</span> <span class='ocrx_word' id='word_1_661' title='bbox 1735 2459 1852 2487; x_wconf 80' lang='grc' dir='ltr'>ὁδεῦσαι.</span> 
     </span>
    </p>
   </div>
   <div class='ocr_carea' id='block_1_101' title="bbox 1076 2503 1854 2541">
    <p class='ocr_par' dir='ltr' id='par_1_101' title="bbox 1076 2503 1854 2541">
     <span class='ocr_line' id='line_1_101' title="bbox 1076 2503 1854 2541; baseline -0.001 -9"><span class='ocrx_word' id='word_1_662' title='bbox 1076 2506 1145 2532; x_wconf 78' lang='grc' dir='ltr'>Ἀλλ’</span> <span class='ocrx_word' id='word_1_663' title='bbox 1172 2505 1266 2541; x_wconf 84' lang='grc' dir='ltr'>ἐπειδὴ</span> <span class='ocrx_word' id='word_1_664' title='bbox 1289 2505 1383 2540; x_wconf 88' lang='grc' dir='ltr'>χρόνος</span> <span class='ocrx_word' id='word_1_665' title='bbox 1408 2505 1555 2540; x_wconf 81' lang='grc' dir='ltr'><strong>παρῆλθεν⁹</strong></span> <span class='ocrx_word' id='word_1_666' title='bbox 1575 2506 1622 2541; x_wconf 84' lang='grc' dir='ltr'><strong>ἀφ’</strong></span> <span class='ocrx_word' id='word_1_667' title='bbox 1648 2503 1679 2533; x_wconf 79' lang='grc' dir='ltr'>οὗ</span> <span class='ocrx_word' id='word_1_668' title='bbox 1704 2506 1854 2541; x_wconf 82' lang='grc' dir='ltr'>γράμματα</span> 
     </span>
    </p>
   </div>
   <div class='ocr_carea' id='block_1_102' title="bbox 1070 2549 1852 2587">
    <p class='ocr_par' dir='ltr' id='par_1_102' title="bbox 1070 2549 1852 2587">
     <span class='ocr_line' id='line_1_102' title="bbox 1070 2549 1852 2587; baseline 0.001 -11"><span class='ocrx_word' id='word_1_669' title='bbox 1070 2549 1212 2585; x_wconf 80' lang='grc' dir='ltr'>δεξάμενος</span> <span class='ocrx_word' id='word_1_670' title='bbox 1226 2552 1291 2586; x_wconf 83' lang='grc' dir='ltr'>παρ’</span> <span class='ocrx_word' id='word_1_671' title='bbox 1303 2550 1381 2585; x_wconf 83' lang='grc' dir='ltr'>ἡμῶν</span> <span class='ocrx_word' id='word_1_672' title='bbox 1397 2552 1446 2578; x_wconf 82' lang='grc' dir='ltr'><strong>οὐκ</strong></span> <span class='ocrx_word' id='word_1_673' title='bbox 1463 2551 1631 2587; x_wconf 74' lang='grc' dir='ltr'>ἀπηντήσας,</span> <span class='ocrx_word' id='word_1_674' title='bbox 1652 2550 1696 2577; x_wconf 83' lang='grc' dir='ltr'><strong>διὰ</strong></span> <span class='ocrx_word' id='word_1_675' title='bbox 1713 2550 1791 2577; x_wconf 80' lang='grc' dir='ltr'>τοῦτο</span> <span class='ocrx_word' id='word_1_676' title='bbox 1807 2551 1852 2577; x_wconf 75' lang='grc' dir='ltr'><strong>καὶ</strong></span> 
     </span>
    </p>
   </div>
   <div class='ocr_carea' id='block_1_103' title="bbox 1067 2691 1219 2723">
    <p class='ocr_par' dir='ltr' id='par_1_103' title="bbox 1067 2691 1219 2723">
     <span class='ocr_line' id='line_1_103' title="bbox 1067 2691 1219 2723; baseline 0.02 -7"><span class='ocrx_word' id='word_1_677' title='bbox 1067 2691 1182 2718; x_wconf 86' lang='grc' dir='ltr'>τασταθε</span> <span class='ocrx_word' id='word_1_678' title='bbox 1187 2692 1219 2723; x_wconf 86' lang='grc' dir='ltr'>ίς.</span> 
     </span>
    </p>
   </div>
   <div class='ocr_carea' id='block_1_104' title="bbox 1114 2725 1674 2765">
    <p class='ocr_par' dir='ltr' id='par_1_104' title="bbox 1114 2725 1674 2765">
     <span class='ocr_line' id='line_1_104' title="bbox 1114 2725 1674 2765; baseline 0.007 -13"><span class='ocrx_word' id='word_1_679' title='bbox 1114 2727 1141 2765; x_wconf 68' lang='lat' dir='ltr'><strong>it}</strong></span> <span class='ocrx_word' id='word_1_680' title='bbox 1156 2725 1197 2765; x_wconf 59' lang='lat' dir='ltr'><strong>ita</strong></span> <span class='ocrx_word' id='word_1_681' title='bbox 1210 2726 1296 2765; x_wconf 57' lang='lat' dir='ltr'><strong>Palat.</strong></span> <span class='ocrx_word' id='word_1_682' title='bbox 1310 2727 1379 2765; x_wconf 58' lang='lat' dir='ltr'><strong>Editi</strong></span> <span class='ocrx_word' id='word_1_683' title='bbox 1396 2735 1471 2762; x_wconf 75' lang='lat' dir='ltr'><strong>vero,</strong></span> <span class='ocrx_word' id='word_1_684' title='bbox 1485 2729 1594 2756; x_wconf 77' lang='grc' dir='ltr'>ἐπὶτῶν</span> <span class='ocrx_word' id='word_1_685' title='bbox 1604 2729 1674 2765; x_wconf 65' lang='grc' dir='ltr'>ἀμφ.</span> 
     </span>
    </p>
   </div>
   <div class='ocr_carea' id='block_1_105' title="bbox 1115 2761 1847 2800">
    <p class='ocr_par' dir='ltr' id='par_1_105' title="bbox 1115 2761 1847 2800">
     <span class='ocr_line' id='line_1_105' title="bbox 1115 2761 1847 2800; baseline 0.004 -13"><span class='ocrx_word' id='word_1_686' title='bbox 1115 2761 1198 2800; x_wconf 39' lang='grc' dir='ltr'>εχδίρ</span> <span class='ocrx_word' id='word_1_687' title='bbox 1210 2761 1294 2800; x_wconf 78' lang='lat' dir='ltr'><strong>Palat.</strong></span> <span class='ocrx_word' id='word_1_688' title='bbox 1309 2762 1385 2800; x_wconf 58' lang='lat' dir='ltr'><strong>Editi</strong></span> <span class='ocrx_word' id='word_1_689' title='bbox 1397 2761 1656 2800; x_wconf 30' lang='grc' dir='ltr'>νει-οξκομητᾶτόνξ</span> <span class='ocrx_word' id='word_1_690' title='bbox 1672 2764 1716 2797; x_wconf 82' lang='lat' dir='ltr'><strong>hic</strong></span> <span class='ocrx_word' id='word_1_691' title='bbox 1730 2768 1758 2791; x_wconf 88' lang='lat' dir='ltr'><strong>et</strong></span> <span class='ocrx_word' id='word_1_692' title='bbox 1768 2763 1847 2791; x_wconf 85' lang='lat' dir='ltr'><strong>infra.</strong></span> 
     </span>
    </p>
   </div>
   <div class='ocr_carea' id='block_1_106' title="bbox 1101 2795 1785 2840">
    <p class='ocr_par' dir='ltr' id='par_1_106' title="bbox 1101 2795 1785 2840">
     <span class='ocr_line' id='line_1_106' title="bbox 1101 2795 1785 2840; baseline 0 0"><span class='ocrx_word' id='word_1_693' title='bbox 1101 2795 1283 2840; x_wconf 50' lang='lat' dir='ltr'><strong>(“ﬂeat-ni?</strong></span> <span class='ocrx_word' id='word_1_694' title='bbox 1555 2795 1589 2840; x_wconf 88' lang='lat'><strong>&#39;.</strong></span> <span class='ocrx_word' id='word_1_695' title='bbox 1612 2834 1622 2840; x_wconf 85' lang='lat'><strong>.</strong></span> <span class='ocrx_word' id='word_1_696' title='bbox 1664 2795 1710 2840; x_wconf 57' lang='grc' dir='ltr'>ς.</span> <span class='ocrx_word' id='word_1_697' title='bbox 1731 2837 1737 2840; x_wconf 78' lang='grc'><strong>.</strong></span> <span class='ocrx_word' id='word_1_698' title='bbox 1779 2833 1785 2840; x_wconf 90' lang='grc'><strong>.</strong></span> 
     </span>
    </p>
   </div>
   <div class='ocr_carea' id='block_1_107' title="bbox 1103 2825 1847 2867">
    <p class='ocr_par' dir='ltr' id='par_1_107' title="bbox 1103 2825 1847 2867">
     <span class='ocr_line' id='line_1_107' title="bbox 1103 2825 1847 2867; baseline 0.001 -10"><span class='ocrx_word' id='word_1_699' title='bbox 1154 2831 1198 2858; x_wconf 88' lang='lat' dir='ltr'><strong>Sic</strong></span> <span class='ocrx_word' id='word_1_700' title='bbox 1208 2825 1370 2860; x_wconf 51' lang='lat' dir='ltr'><strong>Palatiiliti</strong></span> <span class='ocrx_word' id='word_1_701' title='bbox 1383 2825 1563 2867; x_wconf 64' lang='grc' dir='ltr'>γεῐο,εἱδότα.</span> <span class='ocrx_word' id='word_1_702' title='bbox 1579 2834 1649 2862; x_wconf 84' lang='lat' dir='ltr'><strong>Infra</strong></span> <span class='ocrx_word' id='word_1_703' title='bbox 1664 2833 1762 2866; x_wconf 85' lang='lat' dir='ltr'><strong>Palat.,</strong></span> <span class='ocrx_word' id='word_1_704' title='bbox 1777 2833 1847 2859; x_wconf 72' lang='grc' dir='ltr'>ἐπει-</span> 
     </span>
    </p>
   </div>
   <div class='ocr_carea' id='block_1_108' title="bbox 1065 2865 1352 2901">
    <p class='ocr_par' dir='ltr' id='par_1_108' title="bbox 1065 2865 1352 2901">
     <span class='ocr_line' id='line_1_108' title="bbox 1065 2865 1352 2901; baseline 0.01 -9"><span class='ocrx_word' id='word_1_705' title='bbox 1065 2865 1097 2899; x_wconf 80' lang='grc' dir='ltr'>δὴ</span> <span class='ocrx_word' id='word_1_706' title='bbox 1112 2866 1234 2898; x_wconf 83' lang='grc' dir='ltr'>πλεῖστος</span> <span class='ocrx_word' id='word_1_707' title='bbox 1248 2867 1352 2901; x_wconf 77' lang='grc' dir='ltr'>γρόνος.</span> 
     </span>
    </p>
   </div>
  </div>
