2027 3042
615 156 698 184 VITA
715 155 744 184 S.
763 155 950 184 ATHANASU
969 156 1015 186 EX
1033 157 1298 186 METAPHRASTE.
1666 164 1786 186 ccxuvu

155 216 204 242 νῦν
217 214 375 250 ὑπομνῆσαι
389 222 417 241 σε
428 214 647 250 ἐσπουδάσαμεν,
660 215 704 242 ῐνα
719 216 766 243 καὶ
778 215 826 243 νῦν
839 215 888 251 τὴν
904 216 952 252 σὴν

1004 216 1146 244 celerrime
1162 217 1241 245 nobis
1255 221 1282 245 te
1296 217 1388 250 sistas,
1406 223 1460 251 quo
1474 221 1501 244 et
1514 217 1610 252 patrias
1626 217 1747 249 restitui,
1762 223 1787 244 et

96 262 101 267 ”
157 261 309 297 παρουσίαν
318 262 430 295 ταχεῖαν
443 260 549 296 ἀποδῷς
562 261 612 297 (a),
624 261 671 288 καὶ
686 261 757 288 οὕτω
765 261 910 298 δυνηθείης
919 263 951 297 τῇ

1005 264 1060 292 νοιί
1079 271 1190 300 compos
1205 264 1274 292 eﬂici
1290 271 1385 299 queas.
1406 263 1442 292 Ut
1459 268 1548 292 autem
1566 271 1611 292 res
1632 263 1679 291 tibi
1704 263 1787 291 fusius

160 307 269 343 πατρίδι
289 316 336 334 σου
356 306 588 342 ἀποκατασθῆναι,
609 307 717 343 καὶτῆς
733 307 818 343 εὐχῆς
833 315 881 334 σου
895 308 954 334 ἐπι-

157 355 259 389 τυχεῖν.
286 353 358 388 Πρὸς
377 353 406 380 δὲ
419 352 609 389 πληρεστάτην
626 353 752 389 διήγησιν
773 350 888 389 Ἀλήταν
908 353 954 380 τὸν

158 400 282 426 διάκονον
298 399 498 434 ἀπεστείλαμεν
507 400 573 434 παρ’
587 396 618 426 οὖ
632 399 734 436 δυνήσῃ
751 398 847 434 μαθεῖν
860 399 910 435 τῆς
923 408 954 426 τε

159 445 296 481 ἡμετέρας
308 445 398 480 ψυχῆς
412 445 460 480 τὴν
474 445 643 482 προαίρεσιν,
659 445 706 472 καὶ
721 445 763 471 ὅτι
782 444 896 478 τούτων,
916 442 954 473 ὧν

158 490 239 526 εὔχῃ,
255 490 423 527 τυχεῖν.δυνή
428 499 472 526 σῃ.

196 536 239 564 Η.
251 536 359 568 Ταύτας
369 536 417 568 τὰς
432 536 577 568 ἐπιστολὰς
590 535 736 572 δεξάμενος
750 537 764 564 6
778 536 855 572 ἅγιος
873 537 953 563 Ἀθα-

160 582 268 615 νάσιος,
290 582 427 616 ἐπιδείξας
446 591 475 609 τε
498 582 537 619 τῷ
557 582 661 618 βασιλεῖ
683 583 730 610 καὶ
752 582 792 618 τῷ
812 582 953 618 ἐπισκόπῳ

165 628 277 663 Ἰουλίῳ,
295 629 324 655 ἐν
343 628 458 664 μεγίστῃ
472 629 544 666 χαρᾷ
557 629 607 665 τὴν
623 629 767 664 Ῥωμαίων
789 629 953 665 Ἐκκλησίαν

159 673 318 708 κατέστησε.
338 674 512 710 Παραχρῆμα
527 674 555 701 δὲ
578 675 592 701 6
616 674 742 710 βασιλεὺς
767 675 835 711 μετὰ
851 675 953 711 πολλῆς

158 718 321 755 δορυφορίας
346 720 483 756 ἐκπέμπει
505 720 551 747 τὸν
577 720 662 756 μέγαν
691 721 851 748 Ἀθανάσιον
884 721 953 757 πρὸς

159 765 348 792 Κωνστάντιον
363 766 409 792 τὸν
419 766 515 793 ἑαυτοῦ
533 766 656 802 ἀδελφόν.
677 767 732 794 Καὶ
747 767 761 793 6
777 767 912 803 μακάριος
924 767 952 794 δὲ

165 809 273 842 Ἰούλιος
289 812 345 842 τοῖς
362 812 390 837 ἐν
399 810 589 848 Ἀλεξανδρείᾳ
602 812 650 838 καὶ
660 812 750 848 πάσης
760 812 897 847 Αἰγύπτου
906 812 953 839 καὶ

158 855 263 891 Λιϐύης
283 856 319 891 (b)
342 856 482 892 κληρικοῖς
499 867 528 884 τε
545 858 592 884 καὶ
607 858 682 890 λαοῖς
699 857 803 893 χαίρων
822 859 886 894 περὶ
905 858 952 885 τοῦ

160 902 238 936 ἁγίου
262 902 420 930 Ἀθανασίου
435 903 590 931 ἐπέστειλεν
674 904 801 931 Ἐλθόντα
813 904 879 939 γοῦν
897 913 951 931 πα-

160 947 304 982 ραδέχεται
320 949 365 975 τὸν
385 949 544 976 Ἀθανάσιον
567 950 582 976 6
606 949 732 985 βασιλεὺς
750 951 950 983 Κωνστάντιος,

159 992 206 1019 καὶ
221 993 255 1028 τῇ
271 993 341 1019 κατὰ
367 992 571 1030 Ἀλεξάνδρειαν
591 993 740 1030 Ἐκκλησία
765 995 951 1031 ἀποκαθίστη-

160 1047 211 1071 σιν,
223 1039 389 1075 ἐπιτιμήσας
401 1039 476 1075 αὑτῷ
487 1040 650 1076 ὑφειμένως.
665 1041 735 1077 Πρὸς
749 1041 803 1077 γὰρ
818 1041 951 1077 λοιδορίαν

159 1093 221 1121 μω,
237 1086 329 1121 φησὶν,
349 1085 462 1121 τοιούτῳ
475 1087 582 1122 ἐχρήσω
595 1086 633 1122 (d)
650 1086 774 1122 δρασμῷ,
795 1087 863 1122 ἐμοῦ
881 1087 950 1113 ἑτοί-

161 1139 218 1166 μως
237 1130 343 1165 ἔχοντος
370 1131 623 1168 φιλανθρωπότερον
642 1132 710 1168 πρὸς
736 1133 765 1159 σε
783 1132 948 1167 διατεθῆναι.

160 1176 215 1202 Καὶ
237 1176 268 1212 δὴ
284 1176 354 1203 κατὰ
371 1177 497 1204 ὑπόθεσιν
514 1177 568 1204 τῶν
584 1177 712 1204 ἐναντίων
729 1179 743 1205 ὸ
763 1178 950 1209 Κωνστάντιος

159 1221 235 1256 λέγει
255 1222 322 1257 προς
333 1222 378 1249 τὸν
397 1222 554 1250 Ἀθανάσιον
565 1232 572 1238 '
590 1224 663 1250 Μίαν
677 1232 721 1259 μοι
731 1224 802 1250 δίδου
817 1224 896 1259 χάριν
909 1225 951 1251 αι-

158 1268 249 1294 τοῦντξ
265 1277 314 1295 σοι.
339 1269 368 1295 '0
384 1268 412 1295 δὲ
431 1269 499 1303 πρὸς
513 1269 609 1296 αὐτόν’
634 1270 772 1306 Ἀσμένως
787 1271 949 1306 παρέξομαι,

161 1313 283 1351 βασιλεῦ,
300 1315 369 1342 κατὰ
383 1315 497 1351 δύναμιν
520 1315 642 1352 αἰτηθείς
661 1316 706 1353 (ιι).
729 1317 759 1343 '0
777 1317 806 1343 δὲ
826 1317 951 1352 βασιλεὺς

160 1360 313 1396 Eam-Min
341 1361 488 1397 ἐκκλησίαν
510 1362 542 1388 ἐκ
569 1362 623 1389 τῶν
649 1362 720 1390 κατὰ
746 1363 949 1399 Ἀλεξάνδρειαν

158 1408 215 1438 τοῖς
237 1401 341 1443 ’Ᾰρείου
360 1410 501 1444 φοιτηταῖς
524 1409 592 1444 πρὸς
606 1409 640 1436 τὰ
655 1409 715 1436 κατ’
737 1409 797 1442 ἔθος
823 1410 952 1446 παραχώ-

162 1461 253 1489 ρησον.
270 1454 299 1480 Ὀ
309 1454 338 1480 δέ
353 1454 426 1488 λέγει
439 1463 444 1469 ·
459 1455 576 1490 Ποιήσω,
593 1455 714 1490 βασιλεῦ,
733 1456 824 1488 καθὼς
840 1457 951 1484 ἐκέλευ-

161 1506 219 1530 σας,
238 1498 271 1533 ἢν
291 1499 337 1525 καὶ
355 1499 386 1525 σύ
408 1507 452 1534 μοι
474 1500 603 1535 παρέξεις
621 1500 713 1527 ἐνθάδε
739 1501 887 1537 ἐκκλησίαν
911 1503 951 1534 εἰς

161 1544 316 1571 συνέλευσιν
336 1544 390 1571 τῶν
412 1545 499 1581 ὀρθῶς
517 1546 557 1577 είς
570 1546 687 1582 Χριστὸν
704 1548 894 1575 πιστευόντων.
920 1549 949 1576 ’0
965 1567 986 1596 C

160 1591 189 1617 δὲ
203 1592 390 1623 Κωνστὰντιος
405 1592 557 1628 προχείρως
570 1592 760 1627 ἐπηγγείλατο.
794 1594 904 1621 Ἐλύπει
920 1595 948 1622 δὲ

159 1636 238 1663 τοῦτο
250 1637 313 1669 τοὺς
326 1637 472 1669 ἐναντίους.
487 1636 580 1669 Οὕτως
591 1635 637 1664 οὖν
652 1639 666 1664 6
681 1638 807 1673 βασιλεὺς
818 1639 951 1666 κατεπλά-

160 1691 196 1718 γη
213 1682 259 1709 τοῦ
273 1683 368 1719 ἄνδρος
380 1683 429 1719 τὴν
444 1683 585 1719 φρόνησιν,
598 1683 636 1716 ὡς
650 1684 697 1711 καὶ
711 1685 817 1720 νοῆσαι,
828 1686 868 1712 ὅτι
882 1686 951 1722 πρὸς

160 1729 244 1765 ἄνδρα
264 1729 370 1764 ἔχουσιν
382 1730 406 1755 οι
421 1729 454 1755 ἐκ
468 1729 517 1764 τῆς
533 1729 637 1765 Ἀρείου
649 1730 781 1766 αἱρέσεως
791 1740 798 1746 ·
820 1733 866 1759 καὶ
883 1732 950 1759 ἀπο-

160 1777 219 1803 λύει
234 1775 314 1802 αὑτὸν
329 1774 398 1811 μετὰ
415 1774 505 1810 πάσης
516 1775 608 1810 τιμῆς,
622 1773 731 1812 γράψας
749 1777 910 1811 ἐπισκόποις
919 1788 949 1806 τε

161 1822 299 1858 κληρικοίς
315 1821 362 1848 καὶ
382 1821 455 1853 λαοῖς
472 1822 536 1857 περὶ
556 1821 603 1848 τοῦ
617 1822 743 1858 ἀσμένως
757 1823 838 1851 αὑτὸν
854 1824 949 1851 ὐποδέ-

1008 314 1035 337 et
1052 310 1156 345 plenius
1168 316 1322 343 enarretur,
1333 310 1440 338 Aletam
1454 310 1595 338 diaconum
1609 309 1742 342 misimus,
1754 316 1787 337 ex

1005 363 1058 391 quo
1073 357 1120 384 tibi
1137 356 1259 384 ediscere
1274 356 1377 390 licebit,
1392 361 1420 384 et
1444 357 1543 385 mentis
1567 361 1667 384 nostra:
1690 363 1787 392 propo-

1004 402 1097 436 situm,
1113 406 1139 430 et
1158 406 1183 430 te
1200 410 1259 438 qua:
1271 407 1349 438 optas
1368 402 1476 437 assequi
1496 409 1585 437 posse.

1039 539 1083 566 11.
1098 538 1152 566 Has
1164 537 1295 573 epistolas
1306 545 1367 565 cum
1381 537 1530 572 accepisset
1541 540 1653 564 sanctus
1667 536 1788 564 Athana-

1004 584 1072 618 sius,
1086 589 1114 612 et
1133 587 1313 611 monstrasset
1332 582 1489 617 imperatori
1514 586 1542 609 et
1563 581 1690 617 episcopo
1706 580 1787 613 Julia,

1003 630 1121 658 maxima
1138 629 1229 657 laetitia
1242 629 1392 657 Romanam
1412 627 1502 656 affecit
1517 627 1675 655 Ecclesiam.
1693 626 1789 655 Confe-

1003 675 1065 703 stim
1084 679 1173 703 autem
1188 675 1335 710 imperator
1351 681 1411 702 cum
1428 674 1519 702 multis
1541 673 1711 706 satellitibus,
1725 674 1789 703 mit-

1004 721 1037 748 tit
1061 728 1188 755 magnum
1213 719 1394 747 Athanasium
1414 719 1446 746 ad
1467 718 1657 746 Constantium
1677 719 1788 746 fratrem

1003 773 1091 793 suum.
1115 765 1149 793 Et
1172 765 1266 793 beatus
1300 764 1386 792 Julius
1404 764 1574 792 Alexandriae
1604 769 1632 791 et
1656 764 1788 791 universa:

1003 811 1113 848 Egypti
1136 817 1163 839 et
1185 811 1277 847 Libyae
1296 811 1402 839 clericis
1422 815 1449 838 et
1464 810 1569 846 populis
1588 810 1726 844 gratulans
1752 811 1785 837 de

1003 863 1098 886 sancto
1117 858 1265 886 Athanasio
1281 857 1386 885 litteras
1410 857 1493 884 misit.
1518 856 1676 884 Venientem
1705 855 1787 890 igitur

1002 904 1180 932 Athanasium
1195 904 1295 938 excipit
1309 903 1456 938 imperator
1471 902 1657 934 Constantius,
1671 901 1788 929 Alexan-

1002 951 1085 978 drinae
1102 950 1220 977 restituit
1243 949 1382 982 Ecclesia),
1413 957 1474 977 cum
1497 949 1596 976 leniter
1619 948 1788 982 objurgasset

1001 997 1098 1024 virum.
1115 996 1182 1024 Nam
1201 997 1228 1024 in
1246 996 1450 1028 contumeliam,
1466 997 1521 1029 ait,
1540 1000 1640 1029 meam,
1655 995 1787 1029 ejusmodi

1001 1042 1062 1078 iuga
1083 1051 1147 1070 usus
1164 1050 1211 1075 es,
1227 1051 1287 1070 cnm
1302 1047 1413 1075 paratus
1427 1050 1477 1077 ego
1489 1049 1577 1070 essent
1592 1042 1626 1069 ad
1643 1047 1668 1069 te
1685 1041 1787 1077 perhu-

1002 1088 1115 1115 maniter
1140 1087 1366 1122 amplectendum.
1388 1087 1428 1115 Ac
1464 1087 1671 1122 suggerentibus
1694 1086 1788 1114 adver-

1001 1134 1081 1161 sariis
1108 1134 1173 1162 dicit
1186 1133 1359 1161 Constantius
1368 1133 1516 1160 Athanasio
1533 1142 1539 1160 :
1557 1132 1644 1160 Unam
1659 1132 1726 1160 mihi
1742 1140 1788 1165 pe-

1002 1179 1066 1205 tenti
1088 1178 1205 1206 concede
1218 1179 1344 1214 gratiam.
1366 1177 1434 1204 'l‘um
1450 1177 1494 1204 ille
1511 1186 1517 1205 :
1534 1177 1671 1209 Libenter,
1689 1177 1788 1212 inquit,

1001 1224 1157 1259 itnperator,
1179 1232 1228 1259 pro
1243 1223 1372 1251 facultate
1395 1228 1515 1258 optatum
1544 1224 1686 1258 przestabo.
1701 1223 1788 1257 Impe-

1001 1276 1074 1298 rator
1089 1275 1177 1297 autem
1194 1278 1200 1296 :
1217 1269 1319 1302 Unam,
1347 1269 1445 1304 inquit,
1471 1269 1718 1297 Alexandrinarum
1741 1277 1788 1296 ec—

1005 1317 1148 1345 clesiarum
1163 1317 1274 1344 Arianis
1289 1317 1315 1344 in
1333 1324 1410 1344 usum
1427 1316 1578 1343 conccdito.
1591 1315 1707 1350 Reponit
1720 1315 1764 1342 ille
1777 1323 1787 1342 :

1000 1363 1121 1395 Faciam,
1148 1369 1165 1390 ο
1191 1362 1348 1397 imperator,
1366 1361 1436 1397 quod
1463 1361 1563 1397 jubes;
1583 1361 1604 1389 si
1624 1366 1651 1388 tu
1663 1361 1728 1388 mihi
1744 1360 1789 1388 hic

1002 1409 1145 1437 ecclesiam
1162 1409 1306 1442 concedas,
1322 1409 1354 1436 ad
1369 1412 1530 1436 conventum
1546 1415 1639 1435 eorum
1651 1407 1696 1442 qui
1716 1411 1789 1434 recte

1004 1456 1031 1483 in
1048 1456 1186 1484 Christum
1201 1455 1325 1483 credunt.
1340 1455 1514 1483 Constantius
1540 1455 1565 1481 id
1592 1460 1703 1489 repente
1724 1460 1789 1488 pro-

1002 1503 1101 1531 misit:
1122 1503 1169 1530 sed
1194 1503 1247 1530 hoc
1275 1502 1410 1537 pungebat
1433 1501 1612 1529 adversarios.
1640 1499 1678 1527 lta
1704 1499 1787 1534 igitur

1003 1548 1150 1583 imperator
1178 1548 1228 1575 viri
1257 1547 1424 1582 prudentiam
1461 1547 1627 1578 admiratus,
1654 1544 1788 1573 intellexit

1001 1595 1118 1622 Arianos
1136 1602 1197 1622 cum
1215 1598 1326 1621 strenuo
1340 1594 1398 1621 viro
1414 1593 1550 1629 negotium
1564 1593 1672 1623 habere,
1683 1599 1714 1620 ac
1726 1599 1787 1618 cum

1002 1647 1101 1675 magno
1126 1640 1229 1667 dimisit
1251 1639 1372 1672 honore,
1391 1638 1543 1672 litterisque
1567 1637 1622 1665 suis
1637 1637 1718 1671 jussit
1731 1636 1788 1671 epi-

1002 1686 1101 1722 scopis,
1117 1686 1224 1713 clericis
1237 1691 1264 1713 et
1287 1685 1393 1720 populis
1417 1690 1445 1712 ut
1467 1684 1582 1712 libenter
1597 1691 1657 1711 eum
1685 1684 1789 1718 recipe-

1004 1736 1074 1764 rent,
1092 1732 1210 1766 itemque
1226 1731 1324 1766 populo
1346 1730 1541 1757 Alexandrino.
1568 1729 1684 1764 Scripsit
1707 1729 1786 1756 etiam

1003 1779 1037 1806 ad
1052 1778 1227 1813 Augustaletn
1249 1781 1275 1804 et
1294 1776 1326 1802 ad
1342 1775 1482 1811 prtel'eclos
1495 1782 1542 1809 per
1556 1774 1710 1810 Egyptum.
1732 1773 1789 1800 Lil-

1003 1831 1067 1854 terae
1080 1832 1160 1859 porro
1174 1825 1206 1851 ad
1222 1823 1394 1858 Augustalem
1419 1822 1458 1849 sic
1475 1822 1596 1850 habent:

161 1867 267 1902 ξασθαι,
285 1867 332 1895 καὶ
352 1867 392 1903 τῷ
407 1867 485 1903 δήμῳ
514 1867 552 1904 (f)
578 1867 631 1895 τῶν
653 1868 859 1905 Ἀλεξανδρέων.
881 1871 983 1908 Γράφει
1001 1872 1030 1900 δέ
1048 1874 1096 1898 καὶ
1114 1870 1182 1907 πρὸς
1202 1870 1247 1897 τὸν
1264 1869 1458 1904 Αὑγουστάλιον
1483 1868 1601 1900 καὶτοὺς
1618 1870 1646 1895 ἐν
1660 1867 1791 1904 Αἰγύπτῳ

161 1914 292 1950 ἄρχοντας
314 1914 362 1950 (g).
382 1914 458 1950 Ἔχει
478 1914 506 1941 δὲ
529 1914 563 1941 τὰ
587 1915 656 1951 πρὸς
683 1915 728 1942 τὸν
743 1916 942 1951 Αὐγουοτάλιον
961 1918 1114 1955 γράμματα
1125 1916 1211 1948 οὕτως
1223 1923 1231 1932 ο

196 1960 404 1995 Κωνστάντιος
426 1962 557 2000 Νινςητὴς
573 1963 747 2000 Αὔγουστος
763 1965 914 2000 Νεστορίῳ

437 1998 665 2032 Αὐγουσταλίφ.

197 2042 231 2068 Et
244 2051 270 2068 τι
284 2042 384 2078 δήποτε
399 2042 451 2079 πρὸ
463 2043 557 2070 τούτου
569 2044 615 2070 ἐπὶ
631 2043 716 2080 βλάϐῃ
733 2045 780 2072 καὶ
802 2044 880 2082 ὕϐρει
895 2046 949 2073 τῶν

163 2088 363 2114 κοινωνούντων
390 2088 541 2125 Ἀθανασίῳ
564 2089 603 2125 τῷ
623 2090 765 2127 ἐπισκόπῳ
782 2092 951 2128 προσταχθὲν

163 2133 330 2169 εὑρίσκεται,
343 2133 428 2161 ταῦτα
444 2134 491 2161 νῦν
508 2135 707 2172 ἀπαλειφθῆναι
727 2137 764 2172 (It)
783 2137 949 2174 βουλόμεθα”

164 2179 211 2206 καὶ
220 2179 269 2215 τὴν
288 2178 521 2215 ἀλειτουργησίαν,
543 2181 576 2216 ἣν
591 2181 668 2217 ἔσχον
684 2183 709 2209 οἱ
724 2183 805 2210 αὑτοῦ
817 2184 950 2220 κληρικοὶ,

163 2225 228 2257 τοὺς
247 2225 345 2257 αὐτοὺς
360 2225 440 2253 πάλιν
453 2226 502 2262 τὴν
517 2224 601 2262 αὐτῆν
615 2227 728 2263 θέλομεν
740 2227 821 2264 ἔχειν.
843 2229 951 2265 Ταύτην

163 2270 192 2297 δὲ
205 2271 254 2306 τὴν
268 2271 405 2306 ἡμετέραν
423 2271 570 2306 πρόσταξιν
587 2272 755 2308 φυλαχθῆναι
781 2274 932 2310 βουλόμεθα
943 2283 950 2290 ·

163 2315 245 2349 ὥστε,
260 2316 435 2349 ἀποδοθέντος
456 2317 614 2345 Ἀθανασίου
627 2318 674 2345 τοῦ
686 2319 835 2346 ἐπισκόπου
845 2322 878 2356 τῇ
896 2321 954 2348 Ἑκ-

164 2362 281 2398 κλησίᾳ,
299 2363 375 2395 -τοὺς
410 2363 605 2396 κοινωνοῦντας
627 2364 657 2401 (i)
690 2364 763 2400 αὐτῷ
799 2364 870 2400 ἔχειν
902 2365 954 2402 τὴν

163 2408 398 2444 ἀλειτουργησίαν,
420 2411 453 2445 ῆν
476 2410 520 2437 ἀεὶ
538 2410 616 2446 ἔσχον
629 2419 636 2426 ⁸
663 2411 695 2438 ἶν’
708 2411 795 2443 οὕτως
814 2411 861 2438 καὶ
878 2412 955 2439 αὐτοὶ

165 2453 290 2488 χαίρωσι.

201 2499 246 2535 Τῷ
258 2499 332 2535 αὐτῷ
345 2500 423 2536 τύπῳ
448 2501 496 2527 καὶ
518 2502 575 2534 τοῖς
588 2502 616 2528 ἐν
628 2502 661 2537 (j)
678 2503 814 2539 Ταμνικῇ,
836 2504 883 2530 καὶ
898 2503 953 2540 Θη-

167 2545 247 2577 εαῒδι,
264 2546 311 2572 καὶ
321 2545 408 2581 Λιϐύῃ
427 2545 555 2581 ἡγέμοσι,
572 2548 632 2579 ταῖς
642 2547 781 2580 τοιαύταις
798 2548 833 2584 (It)
845 2549 953 2576 ἐπιστο-

202 2632 239 2671 (ᾳ)
254 2633 304 2671 _Sie
317 2634 405 2663 Palat.
421 2635 488 2662 Editi
501 2643 576 2666 vero,
588 2635 742 2671 ἀποδώσῃς.

357 2671 405 2698 καὶ
423 2671 498 2707 πάσῃ
519 2665 651 2706 Αἰγύπτῳ
673 2665 772 2709 Argon.
788 2671 849 2700 Mox
871 2673 953 2705 idem,

167 2703 213 2730 καὶ
227 2703 338 2736 λαῐκοῖς.

203 2737 238 2772 (ε)
250 2739 294 2766 Sic
307 2739 392 2767 Palat.
410 2739 480 2767 Editi
492 2748 569 2772 vero,
584 2740 751 2768 ἀπέστειλεν.

200 2773 240 2835 ad)
255 2773 340 2815 Palat.
363 2775 508 2811 ὲκέχρησο.
528 2775 588 2809 Mox
607 2776 688 2809 editi,
705 2775 775 2803 κατὰ
802 2776 954 2813 ὑποθήκην.

200 2813 253 2835 lat.
272 2813 300 2835 ul
315 2817 342 2835 In
359 2815 443 2835 lexlu.

166 2807 253 2836 Palat.
272 2813 300 2836 ut
315 2809 342 2836 in
359 2807 443 2838 text'ti'.

201 2843 238 2882 ξς)
250 2842 337 2882 ξεξοι.
352 2845 575 2882 αίτοῦντι.....λ”0
592 2845 620 2872 δὲ
636 2843 722 2882 εἶπεν·
733 2846 852 2882 Ποιήσω,
869 2847 935 2873 Bac.

203 2878 243 2913 υ)
255 2878 342 2910 Palat.
357 2880 496 2914 λαῐκοϊς...ε
514 2880 575 2908 σθαι
591 2881 690 2916 ὁμοίως
704 2881 732 2908 δὲ
744 2878 799 2908 και
811 2882 850 2917 τῷ
866 2882 953 2916 δήμῳ.

1027 1965 1197 1994 Constantius
1215 1963 1306 1991 Victor
1324 1963 1458 1998 Angustus
1483 1962 1606 1990 Nestorio
1626 1962 1775 1998 Augustali.

1039 2045 1067 2072 Si
1091 2045 1154 2080 quid
1182 2044 1314 2072 hactenus
1341 2044 1373 2071 ad
1401 2043 1530 2071 damnum
1563 2044 1790 2071 contumeliamve

1003 2099 1097 2120 eorum
1115 2091 1159 2126 qui
1178 2099 1239 2118 cum
1257 2090 1406 2118 Athanasio
1425 2090 1552 2124 episcopo
1574 2091 1791 2118 communicave-

1005 2142 1080 2172 runt,
1098 2139 1237 2166 decretum
1265 2141 1403 2172 repertum
1427 2137 1520 2169 fuerit,
1539 2136 1564 2163 id
1587 2136 1642 2172 jam
1667 2136 1790 2163 volumus

1006 2183 1098 2211 deleri.
1128 2183 1221 2210 Placet
1248 2181 1320 2208 enim
1345 2189 1426 2216 quam
1450 2180 1646 2208 immunitatem
1675 2178 1791 2206 antehac

1002 2228 1060 2263 ejus
1074 2227 1167 2256 clerici
1183 2226 1348 2260 habuerunt,
1369 2230 1398 2253 ut
1416 2226 1510 2254 cadent
1535 2226 1633 2253 iterum
1654 2225 1789 2253 fruantur.

1004 2274 1061 2301 Hoc
1079 2277 1169 2301 autem
1191 2276 1314 2299 nostrum
1330 2271 1469 2298 decretum
1495 2271 1632 2299 observari
1645 2269 1789 2303 iubemus,

1003 2325 1034 2346 ut
1049 2319 1197 2346 Athanasio
1211 2317 1341 2345 Ecclesiae
1360 2325 1416 2345 suae
1448 2317 1583 2349 restituto,
1597 2315 1652 2350 ,qui
1673 2323 1735 2343 cum
1757 2323 1791 2343 eo

1003 2365 1207 2393 communicant
1235 2365 1330 2391 eadem
1357 2364 1491 2398 gaudeant
1517 2362 1686 2389 immunitate
1709 2369 1790 2396 quam

1005 2418 1113 2445 semper
1126 2410 1257 2441 habuere,
1281 2413 1309 2436 et
1338 2416 1391 2444 qua
1419 2408 1511 2436 caeteri
1534 2407 1662 2435 fruuntur
1678 2406 1791 2439 clerici;

1006 2461 1036 2484 ut
1048 2456 1165 2492 idipsum
1184 2455 1321 2483 consecuti
1335 2455 1480 2489 gaudeant.

1040 2501 1141 2530 Eadem
1158 2501 1245 2529 forma
1261 2501 1295 2529 iis
1311 2501 1358 2536 qui
1380 2501 1406 2528 in
1431 2500 1571 2532 Tamnice,
1601 2499 1750 2532 Thebaide,
1766 2503 1793 2525 et

1004 2548 1090 2585 Libya
1105 2551 1182 2576 erant
1197 2547 1345 2582 rescripsit.
1373 2547 1512 2583 Ejusmodi
1531 2546 1653 2581 epistolis
1670 2545 1794 2573 munitus

1055 2637 1080 2671 9)
1092 2636 1179 2672 Palat.
1191 2637 1239 2663 καὶ
1254 2636 1403 2672 πρδςντοὺς
1419 2635 1562 2671 ἄρχοντας.

1053 2671 1081 2707 Ιι)
1089 2671 1185 2707 ῨΡιιΙθι.
1203 2671 1378 2706 ἀπηλεῖφθαι.

1051 2704 1076 2743 ἰ)’
1087 2706 1174 2743 Palat,
1193 2704 1263 2734 ὥστε
1277 2704 1439 2743 ἀποδοθῆναι
1459 2705 1616 2733 Ἀθανάσιον
1629 2705 1673 2732 τὸν
1686 2704 1793 2732 ἐπίσκο-

1008 2742 1058 2769 πον
1071 2744 1105 2778 τῇ
1118 2742 1261 2778 ἐκκλησίᾳ,
1276 2742 1324 2768 καὶ
1333 2742 1396 2773 τοὺς
1408 2749 1476 2769 κοιν.

1045 2764 1330 2813 σ>ᾌ5ᾷὸἶιὲξάῖὲλὶἐιῇζ

1045 2811 1081 2848 (It)
1094 2812 1180 2849 Palat.
1197 2811 1244 2839 xui
1257 2811 1354 2849 τοίςλὲν
1368 2812 1498 2849 Αἰγύπτῳ
1510 2812 1556 2849 καὶ
1569 2811 1682 2849 Θηϐαΐδι
1693 2811 1740 2839 καὶ
1747 2811 1792 2838 Λι-

1010 2848 1062 2884 ϐύῃ
1075 2848 1205 2884 ἡγεμόσιν
1220 2847 1390 2881 ἐπέστελλεν,
1407 2847 1453 2875 καὶ
1469 2847 1573 2875 τοιαύτ.
