2027 3042
306 178 444 199 (ΣΕΧΙΧἺΙΙΙ

988 173 1123 203 Ριιοιῑίι
1127 174 1244 203 OMENA
1249 195 1255 203 .

308 231 418 254 sanctus
436 226 610 262 Athanasius,
628 235 676 264 per
688 229 794 265 Syriam
809 230 957 265 proiectus,
969 223 1086 260 Palaesti-

1139 231 1206 264 λαῖς,
1231 232 1379 268 ὀχυρωθεὶς
1400 233 1414 259 ὸ
1428 231 1504 267 ᾶγιος
1525 232 1680 265 Ἀθανάσιος
1699 232 1742 260 διὰ
1757 233 1804 269 τῆς
1820 234 1907 270 Συρίας

308 280 370 299 nam
383 274 526 308 pervenit;
549 282 666 310 cumque
691 277 856 310 pervenisset
880 277 1088 313 Jerosolymam,

307 317 432 352 episcopo
448 318 563 347 Maximo
579 328 677 356 magno
698 327 726 349 et
740 322 898 355 confessori,
919 323 966 358 qui
988 329 1016 352 et
1032 325 1090 359 ipse

307 362 390 389 multa
405 368 516 398 propter
542 365 686 394 Dominum
711 367 802 396 Jesum
827 369 966 398 Christum
991 378 1088 411 passus

306 414 377 441 erat,
394 415 457 437 nota
473 409 536 438 facit
551 417 610 439 acta
629 412 799 442 Sardicensis
821 416 939 450 synodi;
966 421 994 444 et
1018 409 1088 452 quod

306 453 453 489 imperator
465 455 639 486 Constantius
651 466 744 486 eorum
753 460 856 494 judicio
870 462 1029 497 astipulatus
1039 471 1084 491 es-

305 503 365 532 set,
377 506 507 536 curatque
518 504 648 538 synodum
663 506 722 540 cogi
744 507 930 542 episcoporum
955 509 1032 537 istius
1043 517 1088 537 re-

305 545 402 580 gionis.
418 546 550 576 Maximus
563 549 662 585 quippe
681 551 749 579 nihil
771 558 924 586 cunctatus,
945 562 1006 582 cum
1023 563 1088 584 con-

305 596 429 618 vocasset
445 599 540 620 omnes
554 594 675 622 Orientis
693 596 845 631 episcopos,
860 594 887 625 ét
900 599 1031 633 synodum
1046 608 1088 628 ce-

306 636 449 668 lebrasset,
463 643 558 666 sancto
573 639 722 668 Athanasio
736 649 811 669 suam
828 643 945 671 restituit
961 652 1089 672 commu—

306 681 413 710 nionem
427 687 454 710 et
466 683 635 719 dignitatem.
649 686 765 722 Scripsit
780 693 808 715 et
823 689 879 724 ipsa
895 691 1014 726 synodus
1026 693 1088 720 Ale-

305 729 456 762 xandrinis,
483 731 661 774 omnibusque
688 742 735 769 per
756 734 903 771 [Egyptum
925 742 952 765 et
974 738 1086 774 Libyam

306 774 439 810 episcopis
454 771 560 805 clericis
575 783 601 804 et
617 780 723 814 populis
733 800 740 812 ,
768 789 935 818 quiecunque
956 784 988 811 de
1003 771 1086 812 Aiba-

306 820 384 846 nasio
411 820 518 849 decreta
541 828 642 850 essent.
670 825 835 854 Athanasius
861 834 950 856 autem
976 837 1088 865 magnus

306 866 342 892 ita
356 866 544 896 Alexandriam
560 876 620 896 cum
633 872 811 905 pervenisset.
826 874 1013 909 [Egyptiorum
1029 878 1087 910 epi—

305 919 447 946 scoporum
460 914 577 948 synodos
588 917 685 950 coegit,
701 924 760 951 qua:
782 920 932 947 consimilia
957 921 1085 949 decreve-

305 957 415 984 runtiis
428 965 488 993 qum
507 959 540 986 ab
560 961 692 996 episcopis
718 963 836 992 Sardich
862 966 963 994 coactis
986 973 1085 995 statuta

304 1001 424 1034 fuerant,
441 1011 545 1032 necnon
559 1013 574 1032 a
590 1006 706 1034 Maximo
720 1008 746 1035 in
767 1010 869 1044 synodo
885 1010 1086 1048 Jcrosolymita-

305 1054 349 1073 na.
379 1048 411 1074 At
436 1056 496 1075 cum
519 1049 691 1085 Magnentius
717 1054 858 1088 imperium
887 1057 1037 1091 invasisset,
1060 1065 1087 1087 et

305 1092 449 1121 occidisset
462 1095 650 1131 Constantem,
672 1107 778 1127 rursum
793 1101 849 1128 Arii
868 1108 1016 1132 sectatores
1039 1106 1086 1133 do-

305 1138 362 1166 lose
389 1141 519 1169 adversus
538 1143 716 1172 Athanasium
751 1147 866 1175 incitant
890 1149 1084 1180 Constantium.

304 1183 421 1211 Rursum
437 1186 536 1219 edicta,
549 1195 656 1215 rursum
669 1191 755 1222 minae,
771 1199 876 1219 rursum
889 1193 963 1229 luga,
979 1203 1084 1223 rursum

305 1230 464 1264 perquisitio
482 1233 580 1267 ubique
607 1239 738 1262 terrarum
764 1241 791 1263 et
816 1238 942 1266 marium.
966 1240 1086 1276 Cumque

303 1277 467 1306 Athanasius
481 1279 630 1307 Ecclesium
651 1282 824 1317 deseruisset,
853 1284 997 1321 Georgium
1023 1287 1084 1314 mit-

305 1326 375 1355 tnnt,
399 1323 507 1351 Arianae
532 1330 613 1353 secta:
636 1327 783 1361 hominem,
806 1331 1033 1363 quemadmodum
1059 1338 1086 1359 et

303 1373 367 1395 ante
382 1368 541 1404 Gregorium
561 1373 716 1406 quemdam.
734 1375 849 1402 Aeacius
872 1380 960 1404 autem
984 1383 1011 1404 et
1034 1377 1086 1405 Pa-

305 1415 437 1448 trophilus
458 1422 608 1446 sectatores
621 1419 694 1452 Arii,
711 1426 835 1448 sanctum
849 1421 994 1450 Maximum
1007 1424 1085 1452 Jero—

302 1460 414 1497 solymis
430 1470 490 1490 cum
504 1465 680 1500 expulissent,
693 1467 821 1502 Cyrillum
838 1469 861 1496 ei
877 1470 1082 1499 substituerunt.

302 1506 399 1539 Qualia
416 1513 506 1536 autem
526 1510 696 1539 Alexandria:
708 1512 838 1548 Georgius
854 1516 947 1543 eodem
964 1521 1084 1551 tempore

295 1555 472 1588 'perpetrarit,
485 1563 519 1582 ex
534 1557 591 1592 ipsa
608 1558 679 1586 beati
694 1559 834 1588 Athanasii
849 1569 914 1590 voce
930 1563 976 1597 qui
992 1563 1084 1591 isthmc
1098 1580 1120 1610 ο

301 1605 397 1631 passus
410 1605 461 1632 est,
478 1602 579 1637 quique
590 1611 708 1638 praesens
723 1609 777 1632 tum
793 1611 861 1638 erat,
880 1608 953 1637 audi.
968 1608 1034 1636 Nam
1055 1610 1081 1636 in

302 1643 470 1679 Apologetico
487 1647 518 1674 de
541 1647 605 1683 fuga
628 1657 687 1682 sua,
706 1650 763 1677 hinc
787 1651 820 1678 ad
844 1653 954 1680 verbum
972 1653 1004 1681 de
1015 1654 1083 1681 actis

301 1689 399 1716 ibidem
415 1691 470 1719 ait:

1139 279 1273 314 ὁρμήσας,
1287 279 1336 313 τῆς
1352 279 1532 314 Παλαιστίνης
1547 279 1632 314 ὲπέόη
1643 287 1649 294 ·
1664 279 1817 307 καταλαὸὡν
1833 289 1859 307 τε
1875 281 1903 309 τὰ

1145 323 1316 359 Ἱεροσόλυμα
1336 325 1382 351 καὶ
1401 324 1440 359 τῷ
1454 324 1594 360 ὲπισκόπῳ
1615 324 1731 360 Μαξίμῳ
1753 325 1790 361 τῷ
1809 325 1903 362 μεγάλῳ

1139 371 1185 396 καὶ
1207 370 1371 406 ὁμολογητῇ,
1401 371 1448 398 καὶ
1469 370 1543 406 αὐτῷ
1568 371 1612 398 διὰ
1631 371 1677 398 τὸν
1697 371 1796 407 Κύριον
1814 371 1902 407 Ἰησοῦν

1139 416 1254 452 Χριστὸν
1277 416 1361 444 πολλὰ
1376 416 1529 450 πεπονθότι,
1551 417 1694 452 καταφανῆ
1720 418 1829 454 ποιήσας
1840 418 1869 445 τά
1878 427 1902 444 τε

1139 463 1191 490 ὑπὸ
1201 465 1250 498 τῆς
1264 463 1397 499 Σαρδικῆς
1411 463 1517 491 συνόδου
1530 464 1754 516 πραχθέντα,.καὶ
1764 464 1799 497 ὡς
1812 465 1903 516 declat-

1138 508 1201 540 λεὺς
1213 509 1400 540 Κωνστάντιος
1416 511 1448 545 τῇ
1465 510 1575 536 ἐκείνων
1593 509 1680 545 κρίσει
1693 509 1797 544 ἐγένετο
1809 508 1901 545 σύμψη-

1138 563 1197 589 φος,
1208 554 1409 590 παρασκευάζει
1426 555 1532 582 σύνοδον
1558 555 1612 582 τῶν
1631 556 1689 582 ἐκεῖ
1707 555 1745 591 (α)
1767 555 1902 582 ἐπισκόπων

1138 600 1272 635 γενέσθαι.
1304 600 1334 628 Ὀ
1354 601 1407 636 γὰρ
1427 601 1502 636 ἆγιος
1522 601 1655 636 Μάξιμος,
1674 601 1755 637 μηδὲν
1775 600 1901 637 μελλήσας,

1139 647 1327 682 μετεπέμπετο
1347 647 1450 678 πάντας
1462 648 1525 679 τοὺς
1535 647 1583 682 τῆς
1594 647 1739 682 Ἀνατολῆς
1747 647 1902 679 ἐπισκόπους,

1139 693 1185 718 καὶ
1209 692 1322 724 καθίσας
1332 693 1374 727 Δ(1))
1393 693 1539 729 συνέδριον,
1557 693 1701 720 ἀποδίδωσι
1724 694 1769 720 καὶ
1784 693 1857 724 αὐτὸς
1872 691 1903 727 τῷ

1139 739 1208 773 ἁγίῳ
1225 738 1376 774 Ἀθανασίῳ
1390 739 1437 774 τὴν
1450 739 1589 766 κοινωνίαν
1601 739 1647 766 καὶ
1659 739 1709 774 τὴν
1720 739 1802 772 ἀξίαν.
1816 739 1901 773 Ἔγρα-

1139 786 1170 819 φὲ
1187 793 1216 811 τε
1228 784 1273 811 καὶ
1287 785 1356 819 αὑτὴ
1370 786 1387 820 ἡ
1403 784 1510 816 σύνοδος
1522 786 1577 816 τοῖς
1587 793 1616 811 τε
1630 786 1658 811 ὲν
1677 784 1854 820 Ἀλεξανδρείᾳ
1865 784 1904 810 καὶ

1139 831 1204 857 πᾶσι
1220 832 1276 862 τοῖς
1288 831 1317 856 ὲν
1332 830 1462 866 Αἰγύπτῳ
1478 830 1526 857 καὶ
1542 831 1629 867 Λιϐύῃ
1641 831 1796 862 ἐπισκόποις
1810 839 1851 862 τε,
1865 831 1904 856 καὶ

1139 876 1286 912 κληρικοῖς,
1305 877 1350 902 καὶ
1364 876 1437 908 λαοῖς
1452 876 1486 903 τὰ
1498 877 1656 912 ἐγνωσμένα
1671 878 1735 912 περὶ
1750 877 1784 912 (c)
1805 876 1903 903 Ἀθανα-

1138 924 1206 949 σίου.
1226 923 1381 954 Ἀθανάσιος
1394 923 1422 949 δὲ
1436 924 1451 949 ὁ
1469 923 1554 958 μέγας
1573 924 1602 949 ὲν
1614 925 1742 958 τοσούτῳ,
1761 921 1904 950 καταλαϐὼν

1137 969 1186 1004 τὴν
1206 968 1418 1003 Ἀλεξάνδρειαν,
1434 969 1558 1001 συνόδους
1567 969 1620 996 τῶν
1630 970 1658 995 ἐν
1673 969 1800 1004 Αἰγύπτῳ
1813 967 1906 995 ἐπισκό-

1137 1024 1194 1042 πων
1210 1015 1394 1050 συνήθροισεν,
1403 1015 1430 1041 αἳ
1441 1015 1569 1050 ὁμόφωνα
1582 1015 1620 1050 (d)
1634 1015 1798 1050 ἐψηφίσαντο
1811 1015 1861 1045 τοῖς
1870 1013 1906 1040 τό·

1136 1069 1165 1086 τε
1178 1062 1206 1087 ὲν
1223 1061 1341 1096 Σαρδικῇ
1361 1060 1515 1087 συνελθοῦσι
1530 1061 1577 1088 καὶ
1588 1062 1620 1096 τῇ
1640 1061 1717 1097 παρὰ
1731 1061 1769 1096 τῷ
1780 1061 1844 1096 ἁγίῳ
1855 1061 1906 1086 Μα-

1138 1107 1207 1142 ξίμῳ
1222 1109 1250 1134 ἐν
1266 1109 1321 1139 τοῖς
1341 1107 1534 1143 Ἱεροσολύμοις
1556 1108 1689 1145 γενομένῃ
1711 1108 1817 1143 συνόδῳ.
1838 1106 1906 1133 Ἀλλά

1136 1154 1304 1187 Μαγνεντίου
1319 1156 1351 1189 τῇ
1375 1154 1497 1190 βασιλείᾳ
1510 1155 1680 1190 ἐπιθεμένου,
1711 1156 1756 1182 καὶ
1783 1154 1906 1184 ἀνελόντος

1137 1198 1312 1230 Κώνσταν-τα,
1328 1198 1409 1225 πάλιν
1421 1200 1446 1225 oi
1464 1199 1567 1235 Ἀρείου
1584 1200 1710 1235 φοιτηταὶ
1726 1200 1792 1236 πρὸς
1808 1198 1907 1225 Ἀθανά-

1140 1252 1194 1269 σιον
1209 1243 1372 1276 ἐξαπατοῦσι
1386 1244 1420 1279 (ιι)
1435 1245 1480 1271 τὸν
1504 1245 1700 1274 Κωνστάντιον,
1730 1246 1811 1273 Πάλιν
1830 1244 1907 1271 διατά-

1136 1299 1246 1325 γματα’
1265 1290 1345 1317 πάλιν
1360 1291 1482 1318 ἀπειλαί·
1503 1291 1583 1318 πάλιν
1608 1291 1679 1327 φυγὴ
1699 1292 1816 1323 ἔντονος·
1839 1290 1906 1317 πάλιν

1137 1336 1301 1371 ἁναζήτησις
1318 1336 1360 1363 διὰ
1376 1336 1466 1371 πάσης
1481 1336 1531 1371 γῆς
1550 1337 1597 1363 καὶ
1616 1336 1760 1373 θαλάττης.
1777 1337 1829 1364 Καὶ
1841 1335 1906 1362 ἐκλε-

1136 1380 1258 1412 λοιπότος
1275 1381 1325 1416 τὴν
1351 1381 1513 1416 Ἐκκλησίαν
1529 1380 1577 1407 τοῦ
1593 1382 1729 1418 μακαρίου
1753 1380 1906 1412 Ἀθανασίου,

1136 1426 1268 1461 Γεώργιον
1276 1426 1445 1461 ἐκπέμπουσι
1456 1427 1505 1462 τῆς
1514 1427 1646 1463 φρατρίας
1655 1428 1770 1464 Ἀρείου,
1780 1427 1863 1458 καθὼς
1870 1426 1908 1453 καὶ

1136 1472 1289 1508 ἔμπροσθέν
1308 1482 1368 1500 τινα
1387 1474 1545 1509 Γρηγόριον.
1569 1474 1694 1506 ’Λκάκιος
1716 1475 1743 1501 δὲ
1759 1475 1804 1501 καὶ
1819 1472 1908 1507 Πατρὸ-

1135 1517 1221 1550 φιλος,
1235 1518 1359 1552 φοιτηταὶ
1369 1518 1445 1550 ὄντες
1466 1518 1580 1554 Ἀρείου,
1594 1519 1639 1545 τὸν
1652 1519 1730 1553 ἅγιον
1740 1519 1859 1554 Μάξιμον
1870 1518 1909 1544 τὸν

1141 1564 1331 1600 Ἰεροσολύμων
1355 1565 1388 1599 (Ι)
1409 1565 1605 1602 ὲξωθήσαντες,
1628 1568 1762 1603 Κύριλλον
1797 1568 1908 1594 ἀντικατ-

1136 1610 1264 1646 έστησαν.
1283 1609 1333 1638 οἷα
1355 1612 1384 1638 δὲ
1410 1613 1439 1638 ὲν
1459 1614 1492 1648 τῇ
1511 1613 1706 1649 Ἀλεξανδρέων
1722 1614 1850 1649 Γεώργιος
1865 1611 1909 1638 ὑπὸ

1135 1657 1179 1683 τὸν
1193 1657 1275 1684 αὖτὸν
1293 1657 1387 1693 χρόνον
1407 1659 1558 1694 εἰργάζετο,
1580 1660 1629 1695 τῆς
1657 1661 1752 1696 φωνῆς
1777 1659 1854 1687 αὐτοῦ
1869 1657 1908 1684 τοῦ

1139 1703 1274 1737 μακαρίου
1295 1703 1464 1736 ἈΟανασίου,
1481 1705 1526 1732 τοῦ
1547 1706 1710 1738 πεπονθότος
1727 1707 1773 1734 καὶ
1791 1706 1909 1742 παρόντος

299 1735 356 1766 τοῖς
384 1738 538 1773 γενομένοις
553 1761 560 1773 ,
588 1741 749 1769 ἐπάκουσον.
784 1744 827 1769 Ἐν
857 1742 913 1780 γάρ
939 1745 978 1780 τῷ
993 1746 1213 1781 Ἀπολογητικῷ
1245 1748 1325 1775 αὑτοῦ
1343 1749 1381 1784 τῷ
1410 1750 1474 1785 περὶ
1499 1751 1550 1786 τῆς
1580 1752 1677 1779 ἑαυτοῦ
1719 1753 1805 1788 φυγῆς
1838 1750 1909 1784 λόγῳ,

299 1782 362 1810 τάδε
396 1787 467 1813 κατὰ
488 1788 559 1821 λέξιν
585 1791 649 1826 περὶ
675 1791 728 1818 τῶν
752 1793 810 1818 ἐκεῖ
830 1793 1019 1828 γεγενημένων
1038 1794 1129 1829 φησίν.

428 1833 470 1859 l2.
490 1832 642 1868 Exemplum
655 1837 770 1870 epistola:
791 1838 940 1866 Athanasii.

335 1875 415 1908 Nam,
431 1877 528 1911 inquit,
545 1879 738 1908 Alexandriam
752 1890 846 1909 rursus
865 1883 1005 1916 invadunt,
1021 1891 1084 1911 nos-

299 1929 353 1956 que
366 1923 399 1949 ad
411 1930 504 1950 necem
517 1924 606 1952 denuo
619 1928 790 1961 perquirunt,
802 1928 927 1964 factaque
938 1935 1000 1957 sunt
1013 1938 1084 1964 pra:-

301 1967 388 1994 sentia
408 1968 500 2002 pejora
525 1971 671 2005 prioribus.
697 1973 797 2002 Milites
820 1976 919 2010 quippe
941 1977 1084 2011 derepente

301 2013 444 2040 ecclesiam
454 2015 584 2043 obsedere
599 2025 605 2042 :
622 2017 789 2054 bellicusque
803 2022 933 2049 tumultus
944 2022 1003 2049 vice
1020 2030 1082 2056 pre-

300 2065 363 2085 cum
379 2064 492 2087 exortus
504 2065 555 2088 est.
577 2061 645 2089 llinc
661 2063 686 2089 in
701 2070 794 2091 sancta
809 2060 1022 2101 Quadragesima
1043 2067 1084 2094 in-

301 2111 422 2138 gressus,
438 2106 482 2139 qui
501 2114 516 2132 a
533 2106 689 2136 Macedonio
707 2115 734 2137 et
746 2110 855 2138 Arianis
868 2112 964 2139 missus
983 2111 1083 2146 fuerat,

299 2149 444 2186 Georgius,
459 2151 529 2179 mala
543 2160 602 2187 quae
617 2153 651 2180 ab
667 2154 720 2182 illis
735 2155 846 2182 edoctus
859 2156 947 2184 fuerat
963 2157 1082 2185 adauxit.

300 2195 406 2224 Etenim
433 2202 495 2232 post
513 2199 708 2228 hebdomadam
742 2201 882 2230 Paschalis
908 2203 999 2231 videre
1024 2209 1083 2231 erat

299 2243 420 2278 virgines
435 2245 461 2270 in
475 2252 612 2273 carcerem
630 2247 738 2282 conjici,
761 2248 902 2283 episcopos
917 2257 932 2276 a
952 2249 1082 2278 militibus

298 2288 404 2317 vinctos
422 2291 534 2324 abduci,
559 2293 742 2327 orplianorum
772 2295 967 2330 viduarnmque
988 2297 1082 2323 domos

297 2335 389 2370 diripi,
402 2336 565 2372 irruptiones
583 2339 609 2365 in
630 2339 724 2367 domos
739 2341 808 2372 ﬁeri,
823 2346 902 2367 noctu
914 2341 1082 2369 Christianos

298 2381 395 2416 dejici,
426 2383 520 2412 domos
543 2385 696 2420 obsignari,
721 2386 818 2414 fratres
848 2387 1007 2415 clericorum
1033 2395 1082 2423 pro

297 2428 427 2456 fratribus
464 2431 621 2464 periclitari.
651 2433 712 2460 Haec
741 2435 850 2468 quidem
885 2435 1004 2468 atrocia,
1035 2436 1081 2463 sed

297 2477 435 2504 atrociora
455 2477 553 2506 deinde
573 2485 718 2508 consecuta
741 2487 804 2508 sunt
823 2482 953 2510 facinora.
977 2483 1080 2510 Etenim
1097 2477 1119 2505 Ῑ)

299 2521 469 2551 hebdomade
480 2529 539 2559 post
550 2532 670 2553 sanctam
683 2527 871 2559 Pentecosten,
883 2535 943 2555 cum
956 2527 1078 2562 populus,

297 2568 405 2603 expleto
414 2569 526 2603 jejunio,
537 2572 569 2597 ad
580 2573 766 2599 cmmelerium
777 2574 863 2600 sancti
875 2574 947 2600 Petri
963 2574 1079 2608 episcopi

297 2617 324 2640 et
349 2615 494 2650 martyris,
519 2617 613 2644 orandi
641 2625 721 2645 causa
749 2626 873 2654 egressus
901 2624 989 2651 esset,
1010 2620 1080 2654 quod

295 2666 390 2688 omnes
413 2669 428 2687 a
458 2661 569 2697 Georgii
607 2664 797 2691 communione
827 2665 1021 2698 abhorrerent;
1052 2672 1081 2692 re

332 2736 370 2775 (ᾳ)
387 2738 462 2775 ξΕκεῖ
473 2739 548 2766 deest
562 2740 588 2766 in
605 2740 690 2767 Palat.
707 2740 767 2767 Mox
784 2742 862 2769 idem.
885 2741 913 2767 '0
928 2741 955 2767 δὲ
969 2741 1055 2775 ἅγιος,

332 2772 484 2812 (b)mPalal.‘
497 2775 715 2812 xatBhicag.iEdili
728 2797 735 2808 ,
754 2777 884 2812 καθήσας.
911 2776 972 2803 Mox
993 2772 1081 2804 Palal.

297 2805 444 2846 ἀπορίδωσι
459 2808 507 2844 τὴν
521 2805 609 2846 λάξίανξ
626 2805 781 2846 Γράφείτε.

333 2842 370 2883 (ελ
385 2842 471 2883 ξέιιρι.
486 2842 532 2883 θαι
543 2842 695 2883 λαϊκοίς’τᾰ’
706 2847 877 2883 ξψηφισμένα
893 2848 966 2883 περί.

334 2875 372 2913 μί)
391 2876 475 2905 Palat.
489 2879 534 2906 καὶ
548 2875 694 2916 ὁμόφρονα.
708 2875 789 2909 Paulo
805 2875 861 2916 post
877 2875 957 2917 idem,
967 2882 1082 2917 “7&6!!le

1242 1841 1284 1868 12.
1302 1842 1383 1869 Ἴσον
1396 1843 1563 1879 ἐπιστολῆς
1580 1845 1759 1873 Ἀθανασίου
1776 1845 1822 1880 (g).

1170 1887 1225 1912 Καὶ
1239 1887 1294 1923 γὰρ
1310 1888 1350 1918 είς
1367 1888 1415 1923 τὴν
1438 1889 1641 1925 Ἀλεξάνδρειαν
1659 1891 1742 1917 πάλιν
1765 1889 1909 1924 ὲπεφύησαν

1134 1931 1277 1966 ζητοῦντες
1291 1932 1372 1959 πάλιν
1381 1934 1455 1969 ἡμᾶς
1467 1935 1634 1967 ἀποκτεῖναι,
1645 1936 1692 1962 καὶ
1706 1936 1800 1970 γέγονε
1813 1934 1909 1971 χείρονα

1133 1977 1168 2004 τὰ
1184 1979 1232 2005 νῦν
1248 1978 1302 2005 τῶν
1318 1980 1467 2016 προτέρων.
1483 1981 1652 2016 Στρατιῶται
1664 1982 1719 2018 γὰρ
1733 1981 1855 2016 ἐξαίφνης
1868 1979 1910 2015 τὴν

1134 2024 1281 2059 ἐκκλησίαν
1295 2025 1464 2057 ἐκύκλωσαν,
1485 2027 1531 2052 καὶ
1545 2027 1580 2053 τὰ
1593 2027 1719 2062 πολέμων
1733 2027 1770 2063 (Ιι)
1789 2027 1848 2055 ἀντὶ
1863 2025 1910 2052 τῶν

1134 2070 1220 2105 εὐχῶν
1241 2070 1356 2104 ἐγίνετο.
1378 2069 1444 2098 Εἶτα
1463 2072 1590 2111 εἰσελθὼν
1612 2074 1645 2108 τῇ
1674 2073 1878 2109 Τεσσαρακοστῇ
1898 2070 1910 2096 6

1134 2115 1209 2151 παρὰ
1221 2116 1385 2144 Μακεδονίου
1394 2118 1441 2144 καὶ
1455 2117 1509 2144 τῶν
1524 2118 1551 2144 ’Λ
1558 2118 1745 2153 ρειανιζόντων
1760 2116 1910 2146 ἀποσταλεὶς

1133 2161 1165 2187 ὲκ
1192 2161 1390 2193 Καππαδοκίας
1410 2161 1546 2198 Γεώργιος
1575 2162 1691 2198 ηὔξησεν
1712 2163 1730 2190 ἂ
1751 2163 1816 2199 παρ’
1830 2159 1909 2189 αὐτῶν

1135 2205 1278 2242 μεμάθηκε
1299 2207 1380 2234 κακά.
1405 2207 1482 2235 Μετὰ
1498 2208 1552 2242 γὰρ
1573 2208 1608 2234 τὰ
1630 2208 1733 2244 ’ἐϐδομα
1756 2208 1803 2235 τοῦ
1824 2207 1910 2240 Πάσχα

1133 2252 1262 2288 παρθένοι
1271 2254 1311 2284 εἰς
1322 2253 1496 2290 δεσμωτήρια
1509 2254 1661 2287 ἐϐάλλοντο,
1670 2255 1813 2282 ἐπίσκοποι
1824 2254 1909 2289 ἤγοντο

1133 2298 1185 2324 ὑπὸ
1209 2298 1384 2334 στρατιωτῶν
1415 2299 1571 2334 δεδεμένοι,
1599 2300 1726 2336 ὀρφανῶν
1753 2301 1800 2328 καὶ
1828 2297 1909 2334 χηρῶν

1131 2343 1286 2378 ἡρπάζοντο
1300 2345 1394 2377 οίκίαι,
1410 2346 1457 2373 καὶ
1471 2346 1605 2381 ἁρπαγαὶ,
1615 2346 1662 2374 καὶ⁴
1674 2346 1764 2381 ἔφοδοι
1784 2345 1851 2372 κατὰ
1860 2343 1908 2370 τῶν

1131 2391 1224 2417 οίκιῶν
1240 2391 1376 2427 ἐγίνοντο,
1401 2393 1449 2419 καὶ
1464 2393 1561 2424 νυκτὸς
1579 2394 1603 2419 οἱ
1622 2393 1782 2428 Χριστιανοὶ
1804 2389 1908 2424 κατεφέ-

1132 2444 1219 2472 ροντο,
1236 2438 1494 2474 ἑπεσφραγίσθησαν
1515 2439 1616 2472 οἰκίαι,
1641 2440 1687 2466 καὶ
1704 2439 1812 2474 ἀδελφοὶ
1825 2437 1908 2471 χληρι-

1134 2482 1190 2509 κῶν
1208 2483 1277 2519 ὑπὲρ
1293 2483 1348 2510 τῶν
1361 2483 1483 2518 ἀδελφῶν
1497 2484 1675 2511 ἐκινδύνευον.
1702 2485 1758 2511 Καὶ
1777 2482 1847 2511 δεινὰ
1865 2480 1907 2521 μὲν

1133 2528 1230 2560 ταῦτα,
1244 2530 1382 2566 δεινότερα
1403 2529 1431 2556 δὲ
1447 2529 1480 2557 τὰ
1499 2530 1670 2566 μετὰ’ταῦτα
1686 2531 1854 2566 τολμήματα.
1872 2526 1906 2561 Τῇ

1134 2573 1188 2609 γὰρ
1204 2574 1331 2609 ὲὸδομάδι
1353 2574 1420 2610 μετὰ
1440 2575 1490 2609 τὴν
1506 2576 1590 2609 ἁγίαν
1604 2575 1793 2611 Πεντηκοστὴν
1805 2575 1819 2600 ὁ
1837 2572 1905 2619 hoc:

1133 2619 1294 2654 νηστεύσας,
1308 2619 1402 2655 ἐξῆλθε
1416 2621 1479 2656 περὶ
1491 2621 1521 2647 τὸ
1534 2622 1712 2657 κοιμητήριον
1724 2619 1849 2654 εὔξασθαι
1865 2625 1905 2642 του

1135 2665 1213 2699 ἁγίου
1227 2666 1332 2701 Πέτρου
1353 2666 1401 2693 τοῦ
1425 2667 1574 2694 ἐπισκόπου
1590 2668 1636 2694 καὶ
1665 2668 1810 2703 μάρτυρος,
1830 2661 1906 2691 διὰτὸ

1135 2742 1207 2775 Μαξ.

1172 2778 1206 2813 (e)
1222 2779 1308 2806 Palat.
1325 2778 1481 2811 ἐξάπτουσι.
1676 2799 1682 2803 «

1173 2813 1204 2847 (f)
1224 2814 1308 2851 gelat.
1327 2815 1359 2840 ἐκ
1373 2815 1426 2841 τῶν
1445 2815 1569 2850 Ἱεροσολ.
1585 2815 1720 2851 Editi,:bv
1737 2813 1856 2851 Ἱεροσολ.

1170 2850 1208 2883 (g)
1222 2849 1271 2876 llic
1283 2849 1375 2877 titnlns
1393 2850 1467 2876 abest
1481 2849 1494 2876 ι
1506 2851 1590 2877 Palat.

1172 2884 1208 2919 (ll)
1226 2884 1309 2912 Palat.
1331 2885 1363 2911 τὰ
1380 2885 1432 2913 τῶν
1448 2885 1591 2920 πολεμίων.
