2027 3042
619 182 698 210 νιΤΑ
718 183 749 212 S.
768 182 959 211 ATHANASII
976 183 1021 212 EX
1043 183 1312 211 METAPHRASTE.

1666 191 1782 211 οεκιιχιχ

154 238 259 270 πάντας
273 239 476 276 ἀποτρέπεσθαι
490 241 540 277 τὴν
558 241 625 277 πρὸς
640 241 776 278 Γεώργιον
792 242 943 268 κοινωνίαν.

997 248 1134 276 comperta
1153 242 1380 270 sceleratissimus
1401 243 1445 269 ille
1466 241 1655 270 Sebastianum
1674 244 1780 274 ducem,

161 285 239 312 Ἀλλὰ
259 285 338 312 τοῦτο
356 286 450 321 μαθὼν
463 288 478 313 ὸ
494 287 671 325 παμπόνηρος
694 285 780 320 οὗτος,
802 287 942 324 παρώξυνε

153 331 199 358 τὸν
227 331 415 368 στρατηλάτην
444 332 635 365 Σεϐαστιανὺν,
653 334 804 368 Μανιχαῖον
822 333 897 364 δντα,
913 332 943 364 ὃς

156 377 225 412 μετά
239 377 358 413 πλήθους
371 378 545 413 στρατιωτῶν
557 379 628 406 ὅπλα
641 380 688 405 καὶ
699 379 763 415 ξίφη
778 380 880 414 γυμνὰ,
896 378 942 405 καὶ

154 422 227 456 τόξα,
246 423 294 450 καὶ
309 423 372 458 βέλη
390 423 542 459 φερόντων,
561 423 689 460 ὥρμησεν
702 425 731 450 ὲν
747 425 816 459 αὐτῇ
831 425 865 460 τῇ
885 424 942 450 Κυ-

155 469 236 504 ριακῇ
248 468 318 495 κατὰ
333 469 379 496 τὸν
395 469 468 497 λαόν.
483 470 539 496 Καὶ
553 469 659 504 ὀλίγους
678 469 764 506 εὑρὼν
781 470 942 505 εὐχομένους

154 515 190 547 (οἱ
206 514 261 550 γὰρ
276 514 397 542 πλεῖστοι
413 515 495 542 πάλιν
509 515 552 542 διὰ
565 516 614 552 τὴν
625 516 701 552 ὥραν
714 517 942 552 ἀναχωρήσαντες

152 558 234 595 ἦσαν)
245 569 252 575 θ
269 561 381 587 τοιαῦτα
394 561 449 597 γάρ
461 562 619 597 εἰργάσατο,
637 560 682 589 οἷα
696 562 798 599 ἔπρεπε
819 563 884 598 παρ’
899 563 943 589 αὺ-

153 605 200 632 τοῦ
220 606 390 638 ἀκούσαντας
404 606 517 642 πρᾶξαι.
534 607 674 644 Πυρκαῖὰν
691 608 744 644 γὰρ
764 607 880 642 ἀνάψας,
896 608 942 635 καὶ

155 652 257 687 στήσας
276 652 428 688 παρθένους
456 653 532 689 παρὰ
553 654 584 680 τὸ
604 654 675 690 πῦρ,
697 654 835 689 ἠνάγκαζε
852 653 942 688 λέγειν

153 697 254 729 ἑαυτὰς
271 698 321 733 τῆς
350 699 455 734 Ἀρείου
472 700 590 731 πίστεως
612 697 690 726 εἷναι.
715 700 758 732 Ὠς
777 700 805 726 δὲ
824 699 942 732 νικώσας

154 742 239 775 αὐτὰς
255 742 365 774 ἔϐλεπε,
381 743 428 770 καὶ
454 744 491 779 μὴ
510 743 705 779 φροντιζούσας
719 743 766 770 τοῦ
783 743 879 778 πυρὸς,
894 751 942 776 γυ-

155 787 264 823 μνώσας
274 789 369 821 αὑτὰς,
381 789 462 815 «οὕτω
483 789 617 824 κατέκοψε
628 790 675 816 καὶ
691 790 822 825 πρόσωπα
841 789 940 820 αὐτῶν,

153 834 191 866 ὼς
207 835 278 870 μετὰ
293 835 388 870 χρόνον
402 834 477 870 μόλις
494 835 580 867 αὑτάς
591 835 802 870 ἐπιγνωσθῆναι.
825 835 941 870 Ἀνδρας

152 887 182 905 τε
204 880 344 915 κρατήσας
354 879 564 915 τεσσαράκοντα,
590 879 739 914 καινοτέρῳ
759 878 851 914 τρόπῳ
878 887 942 904 κατ-

996 286 1172 314 Manichmum
1196 287 1343 318 hominem.
1368 287 1486 314 concitat
1512 295 1519 313 :
1547 287 1593 322 qui
1615 295 1675 314 cum
1692 292 1780 314 turnia

996 333 1120 366 militum,
1133 341 1219 366 arma,
1234 333 1344 360 strictos
1357 333 1475 367 gladios,
1491 340 1571 359 arcus
1586 337 1614 360 et
1627 333 1677 360 tela
1695 334 1782 360 l‘eren-

997 380 1073 412 tium,
1090 380 1116 406 in
1132 380 1189 414 ipsa
1212 379 1349 406 Dominica
1364 379 1493 414 impetum
1516 379 1580 406 fecit
1596 379 1623 406 in
1643 379 1780 414 populum.

996 426 1030 453 Et
1041 434 1100 453 cum
1118 433 1217 461 paucos
1232 425 1379 452 invenisset
1392 431 1503 452 orantes
1523 423 1641 459 (plurimi
1667 432 1781 459 namque

995 472 1155 500 adveniente
1176 472 1242 499 hora
1261 471 1452 503 recesserant),
1469 477 1501 497 ea
1517 463 1624 498 admisit
1647 470 1779 503 facinora,

995 525 1055 552 quae
1069 517 1181 544 decebat
1196 516 1286 543 facere
1299 515 1372 542 viros
1398 515 1431 542 ab
1450 515 1495 541 illo
1515 515 1634 542 edoctos.
1654 514 1721 542 Nam
1735 523 1780 542 ac-

995 570 1076 590 censo
1100 570 1182 598 rogo.
1197 562 1314 596 virgines
1331 561 1385 596 igni
1401 561 1523 588 admotas
1547 560 1671 595 adigebat
1690 561 1780 589 dicere

995 616 1025 636 se
1041 608 1149 635 Arianae
1172 615 1232 634 esse
1257 607 1318 634 ﬁdei
1335 615 1341 633 :
1359 611 1388 633 ut
1402 611 1490 633 autem
1512 613 1558 633 eas
1573 606 1626 632 vim
1639 613 1779 641 superare,

995 654 1138 690 ignemque
1159 653 1226 680 nihil
1249 660 1344 680 curare
1364 652 1573 683 animadvertit.
1592 651 1707 679 nudatas
1730 652 1780 679 ite-

993 708 1055 728 rum
1068 699 1103 726 ita
1119 699 1146 726 in
1167 699 1262 726 faciem
1279 697 1367 730 caedit,
1384 702 1411 723 ut
1431 702 1491 731 post
1515 696 1628 723 multum
1653 697 1780 731 temporis

996 747 1038 772 vix
1056 754 1070 772 a
1084 745 1140 772 suis
1156 744 1276 779 dignosci
1305 749 1424 777 possent.
1443 743 1521 770 Viros
1548 748 1636 770 autem
1660 743 1779 777 quadra-

995 791 1067 826 ginta
1083 790 1295 824 comprehensos
1311 789 1485 815 insolentiore
1502 789 1581 816 modo
1602 789 1754 816 verberavit
1770 798 1776 815 :

995 845 1056 864 nam
1071 837 1155 871 virgis
1169 837 1317 871 palmarum
1331 843 1424 863 recens
1445 836 1605 868 amputatis,
1619 836 1715 869 quibus
1733 837 1779 862 ad—

996 883 1049 910 huc
1066 882 1151 910 aculei
1170 882 1319 913 haerebant,
1333 881 1372 908 sic
1385 888 1477 908 eorum
1496 886 1568 915 terga
1595 881 1732 914 laceravit,
1749 886 1779 908 ut

153 924 248 959 ἑκοψε’
265 925 378 960 ῥάϐδους
397 925 451 961 γὰρ
466 925 516 957 τὰς
527 925 581 952 ἀπὸ
597 925 651 951 τῶν
674 924 802 959 φοινίκων
816 923 943 958 5000;01)

997 927 1118 955 nonnulli
1145 927 1179 955 ob
1205 927 1305 954 inlixos
1325 927 1433 953 aculeos
1456 926 1551 953 medici
1574 933 1654 960 opera
1683 926 1779 960 saepius

152 971 261 1006 τεμὼν,
275 972 303 998 ἐν
317 972 425 1002 ἑαυταῖς
445 972 559 1006 ἑκούσας
582 970 622 997 ἔτι
647 971 709 1002 τοὺς
734 970 868 1001 σκόλοπας
881 989 888 1001 ,
909 969 943 996 τά

152 1016 226 1043 νῶτα
241 1016 343 1043 τούτων
359 1016 445 1049 οὕτως
458 1017 601 1052 ἐξέδειρεν,
617 1016 654 1048 ὥς
662 1024 738 1047 τινας
757 1017 805 1051 μὲν
816 1016 943 1047 πολλάκις

152 1063 382 1098 χειρουργηθῆναι
393 1063 436 1090 διὰ
450 1063 514 1094 τοὺς
524 1063 715 1096 ἀποπαγὲντας
730 1063 758 1088 ὲν
772 1063 862 1093 αὐτοῖς
879 1062 942 1088 σκὸ·

152 1108 253 1139 λοπας·
267 1107 342 1138 τινὰς
354 1108 383 1134 δὲ
396 1109 444 1134 καὶ
459 1107 495 1143 μὴ
516 1108 647 1144 φέροντας
663 1107 819 1134 ἀποθανεῖν.
836 1107 943 1139 Πάντας

153 1152 203 1188 μὲν
216 1151 262 1179 οὖν
277 1154 341 1185 τοὺς
356 1153 582 1188 περιλειφθέντας
598 1152 715 1188 ἁθρόως,
735 1153 780 1179 καὶ
805 1152 854 1183 τὰς
872 1161 942 1187 παρ-

155 1197 250 1230 θένους
267 1198 398 1234 ἐξώρισεν
416 1199 456 1230 εἰς
470 1199 520 1233 τὴν
536 1199 657 1233 μεγάλην
674 1199 768 1225 ὅασιν’
786 1198 821 1225 τὰ
841 1199 870 1225 δὲ
892 1198 943 1224 σώ-

155 1253 228 1279 ματα.
241 1244 296 1270 τῶν
303 1244 471 1280 τεθνηκότων
481 1245 541 1271 οὐδὲ
553 1246 608 1276 τοῖς
624 1245 698 1277 ἰδίοις
715 1245 786 1271 κατὰ
798 1245 847 1280 τὴν
857 1245 943 1280 ἀρχὴν

153 1289 319 1325 ἀποδοθῆναι
331 1291 480 1324 πεποίηκεν
490 1299 496 1305 -
514 1290 572 1316 ἀλλ’
588 1290 723 1326 ἔκρυψαν,
738 1291 776 1322 ὡς
795 1291 941 1326 ἠθέλησαν,

153 1336 255 1371 ἄταφα,
273 1337 342 1372 ὑπὲρ
369 1337 416 1363 τοῦ
441 1337 528 1363 δοκεῖν
545 1337 644 1369 αὐτοὺς
663 1337 803 1364 λανθάνειν
824 1337 872 1372 τὴν
886 1345 942 1363 τοσ-

153 1381 239 1418 αύτην
262 1381 300 1417 (b)
325 1383 465 1418 ὡμότητα.
483 1383 634 1418 Πράττουσι
653 1383 681 1410 δὲ
694 1384 894 1419 πεπλανημένοι
909 1386 941 1419 τῇ

152 1429 267 1464 διανοίᾳ,
280 1429 466 1464 παράφρονες.
485 1429 544 1456 Τῶν
558 1429 613 1464 γὰρ
628 1429 736 1456 οἰκείων
747 1430 800 1456 τῶν
820 1430 942 1456 τετελευ-

154 1475 275 1510 τηκέτων
292 1474 441 1510 χαιρόντων
462 1474 512 1509 μὲν
522 1474 566 1500 διὰ
578 1474 626 1509 τὴν
642 1475 797 1510 ὁμολογίαν,
813 1474 943 1510 θρηνούν-

154 1530 207 1548 των
221 1520 250 1547 δὲ
257 1520 301 1546 διὰ
315 1519 349 1546 τὰ
366 1520 494 1555 σώματα,
505 1518 596 1555 μεῖζον
609 1521 698 1556 ὲξήχει
713 1520 746 1547 τὰ
761 1520 916 1547 κατάὑτῶν
928 1522 942 1547 ὁ

153 1567 203 1602 τῆς
212 1566 337 1597 ἀσεϐείας
345 1567 392 1593 καὶ
399 1566 539 1602 ὠμότητος
545 1566 662 1602 ἔλεγχος.
673 1567 728 1593 Καὶ
738 1567 791 1602 γὰρ
802 1567 941 1599 εὐθὺςάπὺ

994 974 1136 1008 eguerint;
1154 974 1207 999 imo
1224 973 1345 1006 quidam,
1364 972 1416 998 vim
1430 971 1568 1006 plagarum
1583 979 1634 998 non
1650 971 1777 1005 ferentes,

994 1019 1121 1046 exstincli
1135 1018 1201 1045 sint.
1223 1017 1309 1044 Porro
1320 1024 1414 1044 omnes
1434 1022 1566 1051 quotquot
1581 1017 1682 1044 residui
1700 1023 1779 1044 erant

994 1072 1045 1091 una
1076 1072 1136 1091 cum
1160 1063 1310 1097 virginibus
1343 1063 1369 1089 in
1396 1070 1519 1097 tuaguatn
1544 1062 1670 1097 relegavit
1690 1063 1776 1090 oasin.

994 1108 1085 1143 Neque
1111 1108 1188 1135 initio
1210 1107 1360 1140 concessit,
1389 1112 1418 1133 ut
1449 1107 1636 1134 defunctorum
1665 1115 1777 1142 corpora

993 1153 1115 1187 cognatis
1135 1153 1191 1179 suis
1207 1152 1394 1185 traderentur;
1412 1153 1458 1179 sed
1470 1160 1501 1179 ea
1519 1153 1649 1180 arbitratu
1662 1160 1712 1181 suo
1731 1161 1777 1180 oc-

993 1199 1140 1231 cultarum,
1159 1198 1368 1232 abjeceruntque
1385 1198 1535 1232 insepulta;
1563 1199 1612 1225 rati
1639 1199 1679 1226 sic
1701 1207 1776 1226 suam

994 1245 1077 1272 latere
1091 1252 1168 1279 posse
1184 1244 1378 1271 crudelitatem.
1399 1244 1456 1277 Qua
1483 1245 1508 1271 in
1532 1252 1561 1271 re
1585 1246 1715 1272 vecordes
1739 1246 1776 1272 illi

994 1299 1091 1326 magno
1106 1291 1205 1318 mentis
1216 1298 1308 1318 errore
1322 1291 1491 1318 tenebantur.
1518 1290 1584 1318 Nam
1602 1299 1663 1318 cum
1679 1291 1774 1319 defun-

993 1342 1095 1364 ctorutn
1121 1337 1228 1372 cognati
1255 1337 1288 1363 de
1313 1344 1424 1364 suorum
1459 1337 1566 1370 quidem
1603 1338 1775 1366 confessione

993 1383 1152 1416 gauderent,
1169 1383 1344 1418 lugerenlque
1356 1387 1444 1410 tamen
1455 1383 1490 1410 ob
1505 1383 1633 1411 subducta
1646 1393 1777 1420 corpora;

994 1429 1052 1455 haec
1070 1436 1136 1456 sane
1148 1437 1229 1456 causa
1246 1429 1312 1461 fuit,
1329 1434 1358 1456 ut
1373 1430 1458 1463 magis
1472 1431 1610 1465 magisque
1636 1432 1777 1467 vulgaren-

994 1477 1036 1500 tur
1059 1481 1152 1501 eorum
1178 1474 1324 1509 impietatis
1352 1475 1572 1510 crudelitatisque
1609 1484 1776 1513 argumenta.

994 1518 1091 1547 Verum
1104 1520 1140 1547 illi
1155 1528 1216 1547 mox
1230 1529 1263 1548 ex
1278 1521 1395 1556 Egypto
1409 1527 1435 1549 et
1445 1530 1476 1549 ex
1491 1522 1582 1557 Libyis
1597 1524 1623 1550 in
1650 1524 1776 1553 exsilium

995 1565 1126 1592 miserunt
1151 1567 1311 1601 episcopos,
1336 1568 1518 1600 Ammonium,
1544 1568 1641 1600 Muim,
1667 1570 1775 1603 Gaium,

153 1600 347 1648 τῆςΑὶγύπτου
361 1613 409 1640 καὶ
425 1600 748 1648 τῶννΛιϐυῶνΠεξώρισαν
761 1600 810 1648 μὲν
831 1613 943 1640 ἐπισκό-

994 1611 1151 1645 Philonem,
1173 1612 1288 1640 llennen
1300 1633 1306 1645 ,
1322 1613 1440 1640 Plcnium
1455 1634 1462 1645 ,
1479 1613 1636 1641 Psenosiriu
1650 1635 1657 1648 ,
1676 1615 1778 1643 Nilam-

154 1669 220 1692 πους
239 1659 403 1696 Ἀμμώνιον,
421 1659 514 1694 Μοῦῐμ
533 1659 579 1694 (c),
591 1660 686 1690 Γάϊον,
706 1659 941 1695 Φίλωνα,Ἐρμῆν,

156 1705 286 1741 Πλήνιον,
300 1705 456 1740 Ψενόσιριν,
474 1705 656 1740 Νιλάμμωνα,
680 1705 829 1739 Ἀγάθωνα,
839 1706 943 1740 Ἂγαμ-

155 1761 216 1786 φον,
230 1752 358 1787 Μάρκον,
382 1752 476 1787 ἕτερον
499 1751 654 1787 Ἀμμώνιον
672 1752 717 1778 καὶ
740 1751 862 1787 Μάρκον,
879 1752 944 1786 Δρα-

156 1799 268 1832 κόντιον,
291 1799 444 1833 ’Λδέλφιον,
462 1798 653 1834 ’Λοηνὸδωρον,
670 1799 717 1825 καὶ
743 1798 943 1833 πρεσϐυτέρους

160 1844 267 1881 Ἱέρακά
274 1844 321 1872 καὶ
331 1845 483 1881 Διόσκορον.
506 1845 560 1871 Καὶ
568 1844 638 1871 οὓτω
653 1844 758 1879 πικρῶς
775 1844 878 1878 ἤλασαν
893 1844 943 1869 αὺ-

154 1893 226 1924 τοὺς,
234 1891 272 1924 ὥς
282 1900 357 1924 τινας
365 1891 453 1919 αὐτῶν
468 1892 496 1918 ὲν
505 1892 566 1923 ταῖς
574 1891 652 1922 ὁδοῖς,
661 1890 735 1922 τινὰς
745 1890 773 1916 δὲ
784 1891 812 1916 ὲν
825 1890 898 1924 αὑτῷ
905 1889 942 1925 (d)

156 1937 196 1973 *ᾧ
221 1937 360 1973 ὲξορισμῷ
389 1937 545 1965 ἀποθανεῖν.
568 1937 753 1972 Ἐφυγάδευσε
777 1936 806 1962 δὲ
833 1935 943 1962 ἐπισκό-

156 1991 223 2014 πους
233 1983 345 2014 ’πλείους
358 1983 514 2018 τριάκοντα.
533 1982 638 2017 Σπουδὴ
656 1981 710 2016 γὰρ
725 1979 759 2016 ἦν
771 1981 862 2012 αὐτοῖς
874 1979 944 2006 κατὰ

155 2028 201 2055 τὸν
218 2028 330 2064 Ἀχαὰό,
346 2029 370 2054 εἰ
380 2028 503 2060 δυνατὸν,
519 2027 613 2063 ἐξᾶραι
629 2027 679 2062 τὴν
698 2027 837 2060 ἀλήθειαν.

192 2074 236 2101 15.
254 2074 371 2101 Τοιαῦτα
385 2074 435 2109 μὲν
448 2074 462 2100 ὁ
478 2074 554 2108 ἅγιος
572 2073 729 2105 ’Λοανάσιος
745 2073 808 2108 περὶ
822 2072 876 2098 τῶν
893 2073 944 2098 ὑπὸ

155 2120 292 2154 Γεωργιω
306 2120 376 2146 κατά
387 2119 436 2157 τὴν
455 2119 657 2155 Ἀλεξάνδρειαν
666 2119 818 2154 γενομένων
831 2118 944 2150 οἰκείαις

156 2165 276 2201 διεξῆλθε
293 2167 405 2200 φωναῖς.
425 2166 454 2193 '0
471 2165 499 2192 δὲ
518 2166 716 2197 Κωνστάντιος,
733 2165 770 2197 ὡς
790 2164 862 2200 ἑώρα
880 2165 943 2190 ἐαυ-

156 2212 203 2239 τὸν
223 2211 431 2247 κοσμοκράτορα
442 2226 460 2243 ,ι
470 2210 564 2247 ἀρθεὶς
585 2211 626 2242 εἰς
641 2210 801 2246 ὑπεροψίαν,
820 2211 867 2236 καὶ
882 2210 944 2241 τοὺς

156 2259 186 2284 ὲν
196 2258 230 2293 τῇ
243 2257 316 2283 δύσει
332 2257 496 2288 ἐπισκόπους
519 2256 696 2292 ἐπεχείρησεν
709 2257 749 2287 εἰς
766 2255 813 2291 τὴν
840 2254 943 2290 ’Λρείου

157 2303 261 2339 αἵρεσιν
276 2303 366 2329 ’ἐλκειν
382 2302 426 2338 (ε),
442 2303 472 2328 ἐν
484 2301 602 2337 πρώτοις
614 2302 664 2336 τὴν
685 2300 844 2328 Ἀθανασίου
861 2299 943 2326 κατά-

157 2356 246 2383 κρισιν
262 2347 384 2383 ὲρεῖσθαι
394 2346 561 2383 παρεγγυῶν
578 2346 696 2381 ὑποϐολῇ
710 2345 764 2372 τῶν
778 2343 944 2372 ἀνατολικῶν

156 2395 323 2422 ὲπισκῦπων.
344 2395 400 2421 Καὶ
418 2395 450 2429 δὴ
467 2394 531 2429 περὶ
553 2394 648 2420 τούτου
668 2393 776 2420 σύνοδον
796 2393 945 2428 ἐπεκρότη-

157 2449 205 2474 ce,
224 2440 295 2467 κατά
314 2440 488 2471 Μεδιολάνον,
506 2440 582 2466 πόλιν
598 2440 648 2475 τῆς
670 2440 794 2471 Ἰταλίας,
817 2440 864 2466 καὶ
880 2439 945 2466 πολ-

157 2485 219 2517 λοὺς
236 2485 348 2521 ἔτρεψεν
360 2486 400 2517 εἰς
408 2485 439 2511 τὸ
453 2486 553 2511 οἰκεῖον
572 2484 686 2520 θέλημα.
704 2484 841 2515 Διονύσιος
857 2483 885 2510 δὲ
900 2484 947 2510 καὶ

158 2531 295 2563 Εὐσέϐιος,
312 2532 359 2558 καὶ
383 2531 515 2563 Ῥόδανος,
533 2531 663 2562 Παυλῖνός
685 2539 714 2557 τε
732 2531 779 2557 καὶ
799 2530 946 2566 Λουκίφερ,

158 2577 210 2604 ὑπὸ
231 2578 279 2612 τῆς
302 2577 479 2612 ἐπικειμένης
502 2576 624 2611 ἀνάγκης
649 2576 698 2610 οὐχ
713 2575 948 2611 ἡττήθησανμὩς

157 2622 211 2658 γάρ
234 2620 303 2648 εἶδον
327 2622 373 2649 ἐπὶ
389 2621 548 2658 καθαιρέσει
561 2621 610 2656 τῆς
630 2621 749 2652 πίστεως
766 2621 796 2646 τὸ
809 2620 879 2647 κατὰ
897 2620 944 2646 τοῦ

157 2667 234 2700 ἀγίου
253 2666 412 2693 Ἀθανασίου
429 2666 558 2702 ψήφισμα
575 2665 707 2700 κυρωθὲν,
727 2665 818 2700 ἔλεγον
835 2666 880 2691 ἐπὶ
896 2674 946 2692 πα-

159 2712 280 2747 ρατροπῇ
293 2711 343 2746 τῆς
356 2711 484 2743 πίστεως,
495 2711 542 2737 καὶ
555 2711 585 2736 οὐ
599 2710 678 2746 χάριν
692 2709 850 2736 Ἀθανασίου
863 2710 948 2737 ταῦτα

192 2802 231 2837 (α)
249 2802 333 2829 Palat.
350 2801 441 2834 εὐθύς,
462 2802 541 2829 habet
554 2809 601 2837 pro
615 2802 702 2833 νέους.

195 2837 233 2872 (li)
242 2837 333 2872 Palat.
345 2837 483 2872 τοιαύτην.

191 2870 331 2908 (ε)1);ι1ιιιἶ
354 2870 540 2902 Μώῖνῇιιιίιςι
569 2872 637 2900 idem
659 2871 846 2907 Νηλάμμωνα.
874 2870 944 2898 Erilli

157 2908 238 2944 male,
248 2907 399 2934 Λινάϐωνα.

996 1665 1118 1689 mortem,
1135 1658 1322 1693 Agathonem,
1344 1659 1526 1694 Agamphuut,
1548 1660 1683 1694 Marcum,
1696 1661 1777 1689 alium

993 1703 1165 1730 Ammoniuni
1191 1709 1219 1731 et
1243 1704 1374 1737 Marcum,
1399 1705 1582 1738 Dracontiuut,
1608 1706 1776 1740 Adelphium,

995 1751 1206 1784 Athenodorum,
1220 1756 1247 1779 et
1260 1752 1432 1786 presbyteros
1447 1751 1586 1780 llieracem
1611 1758 1637 1780 et
1666 1754 1778 1782 Diosco-

996 1805 1065 1824 ruru.
1088 1798 1161 1830 Quos
1175 1803 1247 1824 tanta
1262 1799 1410 1825 acerbitate
1430 1799 1588 1833 expulerunt
1599 1820 1607 1832 ,
1632 1806 1661 1827 ut
1674 1802 1778 1828 illorum

994 1844 1103 1878 quidam
1131 1844 1157 1870 in
1181 1844 1268 1870 exsilii
1293 1844 1352 1871 loco
1377 1844 1528 1872 interirent.
1555 1846 1704 1881 Episcopos
1715 1855 1781 1875 vero

995 1890 1054 1924 plus
1076 1889 1185 1925 triginta
1207 1892 1234 1917 in
1260 1890 1351 1925 fugam
1375 1895 1523 1918 verterunt.
1551 1891 1590 1918 Ea
1617 1893 1688 1919 enim
1716 1892 1779 1924 illis,

994 1937 1219 1970 quemadmodum
1232 1937 1355 1970 Achaho,
1369 1946 1434 1964 cura
1449 1938 1510 1971 fuit,
1521 1938 1543 1965 si
1558 1940 1637 1967 modo
1650 1939 1706 1967 ﬁeri
1719 1947 1781 1974 pos-

994 1989 1046 2016 sel,
1065 1983 1204 2010 veritatem
1219 1984 1251 2010 de
1262 1984 1350 2010 medio
1367 1984 1498 2011 tollerent.

1033 2073 1076 2099 15.
1096 2071 1158 2099 ilzec
1172 2077 1284 2100 sanctus
1299 2073 1476 2106 Athanasius,
1494 2075 1526 2102 de
1542 2075 1576 2102 iis
1591 2083 1650 2110 qme
1664 2075 1780 2102 Alexan-

995 2118 1059 2145 dria:
1072 2126 1087 2145 a
1100 2117 1216 2154 Georgio
1229 2124 1304 2153 gesta
1318 2119 1426 2147 fuerant
1446 2121 1563 2155 propriis
1586 2126 1781 2148 commemorat

995 2165 1093 2192 verbis.
1104 2164 1277 2193 Cet-stantius
1289 2173 1353 2192 vero
1363 2174 1422 2193 curn
1429 2166 1518 2201 sejam
1532 2166 1634 2193 videret
1648 2166 1727 2193 totius
1735 2173 1780 2192 or-

994 2210 1036 2238 bis
1049 2211 1238 2245 imperatorem
1260 2212 1366 2244 esse,in
1377 2212 1528 2246 superbiam
1543 2212 1639 2243 elatus.
1651 2211 1779 2239 Occiden-

963 2278 983 2304 Β
995 2257 1064 2284 tales
1080 2265 1186 2292 quoque
1200 2258 1342 2292 episcopos
1360 2258 1510 2285 conabatur
1530 2258 1563 2284 ad
1586 2258 1643 2284 Arii
1662 2257 1778 2284 haeresin

1000 2303 1122 2336 trahere;
1140 2305 1271 2331 mandans
1285 2305 1312 2331 in
1327 2303 1423 2339 primis
1438 2304 1616 2331 utAthanasii
1630 2303 1779 2330 damnatio-

997 2355 1059 2375 nem
1077 2348 1244 2382 prol'errent,
1269 2349 1351 2383 idque
1372 2350 1580 2383 suggerentibus
1600 2349 1781 2376 Orientalibus

997 2394 1145 2428 episcopis.
1163 2394 1310 2428 Propterea
1326 2395 1398 2421 enim
1412 2394 1545 2430 synodum
1562 2395 1646 2428 coegit
1673 2394 1699 2420 in
1716 2395 1782 2421 urbe

998 2440 1081 2466 ltalim
1098 2439 1260 2469 Mediolano.
1279 2440 1431 2474 multosque
1447 2441 1472 2467 in
1495 2448 1570 2468 suam
1588 2440 1705 2467 traduxit
1721 2447 1783 2467 sen-

998 2485 1120 2512 tentiam.
1141 2486 1175 2511 At
1187 2485 1343 2520 Dionysius,
1359 2485 1490 2512 Eusebius
1501 2505 1509 2516 ,
1525 2485 1689 2515 Rhodanus.
1710 2483 1781 2510 Pau-

997 2530 1069 2557 linus
1085 2535 1112 2556 et
1123 2529 1244 2562 Lucifer,
1271 2530 1428 2557 imminente
1453 2530 1479 2556 vi
1500 2530 1618 2564 superati
1641 2538 1692 2556 non
1709 2533 1780 2556 sunt.

997 2577 1065 2604 Cum
1087 2580 1199 2602 nossent
1217 2575 1288 2603 enim
1308 2577 1341 2602 ad
1359 2576 1612 2603 condemnationem
1639 2575 1700 2602 lidei
1722 2582 1781 2602 sen-

999 2620 1112 2647 tentiam
1132 2625 1227 2646 contra
1253 2620 1431 2647 Athanasium
1455 2620 1539 2646 fuisse
1563 2619 1781 2653 pronuntiatam;

1000 2665 1136 2697 dicebant,
1150 2665 1184 2691 ad
1201 2666 1371 2692 eversionem
1388 2665 1448 2692 lidei
1462 2685 1468 2697 ,
1493 2673 1545 2692 non
1563 2664 1702 2692 Athanasii
1722 2672 1783 2699 gra-
1809 2667 1817 2671 “

1004 2712 1040 2738 tia
1056 2719 1103 2738 eos
1117 2710 1212 2738 isthmc
1229 2711 1336 2744 moliri;
1363 2719 1433 2747 quos
1458 2711 1502 2738 ille
1525 2711 1638 2738 Arimini
1669 2711 1782 2738 detineri

1036 2801 1073 2838 (Δ)
1089 2800 1167 2838 ᾼῦτῷ
1180 2801 1296 2838 deeslrin
1307 2801 1393 2828 Palat.

1036 2835 1070 2872 (ε)
1086 2836 1132 2863 Sic
1152 2835 1239 2864 Palat.
1259 2837 1287 2864 In
1312 2837 1391 2863 editis
1406 2836 1494 2863 ἕλκειν
1511 2841 1586 2863 tiu-st
1619 2836 1678 2863 Mox
1698 2835 1783 2864 Palat.

1000 2872 1145 2909 αἱρεῖσθαι.
1163 2871 1211 2900 Ubi
1227 2873 1290 2900 cditi
1303 2871 1421 2898 Ξοςῖσθαι
1439 2873 1545 2899 habent.
