2027 3042
615 143 694 171 VlTA
713 143 742 171 S.
762 143 949 172 ATHANASH
968 143 1014 171 EX
1033 143 1302 176 METAPHRASTE.

1697 157 1774 177 CCXLI

152 201 199 228 ἐπὶ
215 201 352 236 σχήματος
365 201 475 236 ἐπεῖχεν
491 201 602 234 ἑαυτὸν,
619 201 817 237 ἐξηλλαγμένης
842 202 930 229 παντά

994 202 1061 230 reste
1086 203 1253 238 przedicaret,
1270 204 1344 231 illum
1361 205 1442 232 etiam
1466 205 1584 232 bazretici
1599 205 1693 233 Ariani
1720 208 1776 234 cir-

152 254 219 273 πασι
234 247 302 282 πρὸς
328 247 467 282 ὠμότητα,
485 247 523 278 ὼς
548 247 638 274 δοκεῖν
661 247 742 274 αὐτὸν
762 246 874 283 ῥάϐδοις
895 247 943 273 καὶ

151 292 248 319 πέλυκι
253 293 302 328 τὴν
307 293 356 327 ὴγε
361 292 454 328 μονίαν
462 292 536 319 διὲπε
541 301 564 320 ιν
571 292 618 328 (α),
627 292 643 328 ἢ
655 292 803 328 ἱερωσύνης
815 292 944 328 προΐστα-

152 338 223 365 σθαι.
245 338 354 374 Ἐπειδὴ
370 338 399 365 δέ
415 339 462 365 καὶ
475 340 490 365 ὁ
504 339 582 372 ἀγιος
597 338 727 370 Μελέτιος
741 339 755 364 ὁ
766 338 817 374 τῆς
838 339 940 365 Ἀντιο-

151 384 220 419 χέων
238 385 389 417 ἐπίσκοπος
403 384 435 411 τὺ
454 384 596 420 ὁμοούσιον
615 384 708 419 σαφῶς
724 384 870 420 ἐκήρυττε,
895 385 942 411 καὶ

150 431 244 457 τοῦτον
265 431 291 457 οἱ
309 431 360 466 τῆς
385 431 489 467 Ἀρείου
516 431 651 466 αἱρέσεως
676 430 896 467 περιορίζουσιν·

992 255 1153 277 cumvenere
1170 258 1177 277 :
1195 257 1275 284 quem
1295 250 1379 277 multa
1396 251 1561 285 sequebatur
1581 252 1670 285 turba,
1681 253 1777 280 adver-

991 295 1122 322 sariorum
1136 295 1325 323 communione
1336 296 1478 331 despecta;
1498 297 1626 324 Euzoium
1641 305 1704 325 vero
1717 297 1776 326 luco

991 341 1075 368 sancti
1104 341 1204 370 Meletii
1222 343 1248 369 in
1265 343 1464 370 Antiochenum
1487 343 1673 379 episcopatum
1697 344 1774 371 ordi-

991 390 1108 413 narunt:
1125 394 1157 414 ac
1175 388 1285 422 impium
1305 388 1456 416 Eudoxium
1473 389 1774 425 Constantinopolitana:

990 431 1116 460 Ecclesia:
1132 434 1292 468 prmiiciunt.

151 476 217 503 πολὺ
231 476 330 511 πλῆθος
343 476 569 513 συνηκολούθησε,
581 477 629 512 τῆς
646 477 786 509 κοινωνίας
802 477 856 504 τῶν
870 477 998 504 ἐναντίων
1011 478 1243 515 ὀλιγωρήσαντος·
1256 479 1374 513 Εὐξώῖον
1400 480 1428 507 δὲ
1445 481 1504 507 ἀντὶ
1535 481 1581 508 τοῦ
1611 482 1689 517 ἁγίου
1716 483 1774 509 Με-

151 521 237 549 λετίου
249 523 287 553 είς
295 523 343 558 τὴν
365 522 517 558 ἐπισκοπὴν
530 522 693 558 Ἀντιοχείας
713 523 940 559 προχειρίζονται,
959 524 1004 551 τὸν
1025 525 1111 561 ἀσεϐῆ
1127 526 1250 560 Εὐδόξιον
1264 527 1314 562 τῆς
1333 527 1537 554 Κωνσταντίνου
1552 529 1653 561 πόλεως
1666 530 1774 564 Ἐκκλη-

152 568 212 600 σίας
225 568 371 595 ἐπίσκοπον
384 568 614 604 προστησάμενοι.

186 615 231 642 ﬂ.
245 614 370 641 Τοιοῦτον
380 614 407 641 δέ
420 614 490 641 κατὰ
506 615 555 650 τῆς
574 615 736 650 Ἐκκλησίας
751 613 799 641 τοῦ
821 614 937 650 μισοκά-

151 661 197 688 λου
220 660 401 696 ἐξανάψαντος
415 661 542 696 πόλεμον,
564 661 752 692 Κωνστάντιος
774 662 788 687 δ
811 660 938 696 βασιλεὺς

149 707 335 734 ἀναδείκνυσιν
356 706 497 733 Ἰουλιανόν
514 706 641 742 Καίσαρα
668 707 696 733 ἐν
724 706 860 738 Γαλλίαις,
890 707 938 734 καὶ

150 753 311 780 καταλαϐὼν
340 753 389 788 τὴν
413 752 708 783 Κωνσταντινουπόλιν,
743 751 867 784 Εὐδόξιω
891 752 937 779 τὸν

156 798 319 833 Ἀντιοχείας
354 798 404 833 τῆς
431 798 741 829 Κωνσταντινουπόλεως
774 798 936 834 Ἐκκλησίας

149 845 297 872 ἐπίσκοπον
321 844 368 871 καὶ
393 843 468 879 ἱερέα
491 843 686 870 ἀναδείκνυσιν.
716 843 760 870 Ἐν
784 843 870 879 τούτῳ
894 843 933 878 τῷ

147 890 237 925 χρόνῳ
251 890 297 916 καὶ
314 890 364 925 τὴν
389 889 510 925 μεγάλην
527 888 683 924 ἐκκλησίαν,
703 885 817 925 ᾖδνομα
832 888 931 923 Σοφία,

149 937 324 968 ἐνεκαίνισεν,
342 937 371 963 ἐν
379 936 496 972 ὑπατείᾳ
508 935 697 962 Κωνσταντίου
710 943 740 961 τε
751 935 874 966 δέκατον,
887 935 933 961 καὶ

152 981 296 1010 Ἰουλιανοῦ
321 981 458 1018 Καίσαρος
471 981 502 1008 τὸ
522 981 621 1017 τρίτον,
647 981 729 1016 μηνὸς
753 980 932 1017 Φεϐρουαρίου

148 1027 377 1063 πεντεκαιδεκάτῃ
387 1026 436 1062 (b).
449 1027 478 1053 '0
488 1024 534 1054 οὖν
545 1027 646 1061 ἀσεϐὴς
659 1026 783 1058 Εὐδόξιος
791 1026 932 1057 καθεσθεὶς

147 1075 187 1106 είς
202 1074 247 1100 τὸν
260 1073 352 1108 θρόνον
370 1073 454 1108 αὐτῆς
468 1073 523 1103 τοῖς
537 1071 694 1106 ἐγκαινίοις,
719 1070 831 1106 πρώτην
842 1071 931 1106 ἀφῆκε

146 1119 238 1155 φωνὴν
252 1120 340 1155 φήσας
355 1118 389 1154 (ε)
399 1127 406 1134 ·
426 1119 456 1144 Ὀ
470 1118 565 1154 Πατὴρ
581 1118 691 1153 ἀσεϐὴς,
703 1118 717 1143 ὁ
730 1117 794 1149 Υἱὸς
806 1117 929 1153 εὐσεϐής.

146 1166 266 1202 Θορύϐου
277 1166 303 1192 δὲ
317 1165 414 1192 πολλοῦ
427 1165 473 1191 καὶ
488 1164 608 1196 στάσεως
623 1165 669 1190 ἐπὶ
681 1164 760 1191 τοῦτο
771 1164 928 1200 γενομένης.

147 1213 249 1248 Μηδὲν,
267 1211 343 1247 φησι,
359 1211 527 1246 ταράσσεσθε
543 1211 611 1246 πρὸς
626 1210 657 1237 τδ
670 1210 763 1245 λεχθὲν
776 1211 839 1246 παρ’
851 1210 928 1245 ἐμοῦ.

153 1258 183 1284 '0
202 1257 257 1293 γὰρ
272 1257 366 1293 Πατὴρ
381 1256 492 1292 ἀσεϐὴς,
515 1257 555 1283 ὅτι
569 1256 662 1283 οὐδένα
686 1255 777 1282 σέϐει⁶
794 1256 809 1282 ό
825 1256 853 1282 δέ
866 1255 930 1287 Υίὸς

147 1303 272 1339 εὐσεϐὴς,
286 1303 325 1330 ὅτι
341 1302 413 1329 σέϐει
429 1303 475 1329 τὸν
496 1302 616 1337 Πατέρα.
634 1301 727 1328 Ταῦτα
741 1301 862 1332 εἰπόντος
881 1301 929 1327 τοῦ

147 1349 283 1383 Εὸδοξίου,
295 1350 310 1376 ὸ
326 1349 373 1384 μὲν
386 1348 499 1384 θόρυϐος
515 1347 665 1383 κατεστάλη
676 1355 684 1363 θ
700 1347 786 1382 γέλως
799 1347 827 1373 δὲ
846 1346 930 1378 πολὺς

146 1395 206 1422 ἀντὶ
221 1395 268 1421 τοῦ
281 1394 396 1431 θορύϐου
409 1395 516 1429 κατεῖχε
535 1394 583 1429 τὴν
597 1393 758 1429 ἐκκλησίαν·
774 1392 845 1419 ὥστε
864 1392 929 1424 τοὺς

148 1442 289 1473 πλείστους
314 1441 414 1472 αὐτῶν,
431 1439 667 1474 καταγελάσαντες
690 1438 784 1472 αὐτοῦ,
810 1438 927 1471 ἐξελθεῖν

1025 613 1069 641 Ν.
1084 613 1150 640 Cum
1167 621 1248 649 porro
1262 617 1366 641 tantum
1387 614 1485 642 bellum
1502 616 1563 643 boni
1580 617 1668 644 omnis
1681 617 1772 645 inimi-

989 667 1036 688 cus
1051 660 1182 687 adversus
1207 659 1356 687 Ecclesiam
1380 661 1570 693 accendisset,
1596 661 1772 690 Constantius

991 706 1137 740 imperator
1157 705 1293 733 Julianum
1314 706 1340 732 in
1356 705 1452 738 Gallia,
1470 706 1604 735 Caesarem
1617 708 1770 744 promulga-

989 751 1037 784 vit,
1057 759 1088 779 ac
1101 751 1360 786 Constantinopolim
1373 753 1535 784 concedens.
1551 753 1700 782 Eudoxium
1716 756 1771 782 An-

989 799 1142 826 tiochenum
1158 797 1462 833 Constantinopolitanae
1472 799 1599 827 Ecclesiae
1614 801 1769 836 episcopum

984 848 1012 872 et
1036 843 1204 871 sacerdotem
1235 844 1392 873 declaravit.
1419 844 1447 872 In
1473 846 1622 881 eodemque
1650 851 1771 882 tempore

984 896 1107 924 magnam
1124 889 1266 916 ecclesiam
1279 910 1286 922 ,
1303 889 1346 917 cui
1361 897 1459 918 nomen
1477 891 1572 926 Σοφία,
1589 900 1636 920 seu
1657 893 1770 926 Sapien-

983 935 1030 967 tia,
1047 935 1181 962 dedicavit
1198 942 1270 963 coss.
1285 936 1445 964 Constantio
1459 937 1606 970 decimum,
1623 943 1651 966 et
1663 939 1770 968 Juliano

986 981 1095 1009 Ctesare
1118 981 1227 1008 tertium
1242 1001 1249 1014 ,
1275 981 1415 1010 Februarii
1438 983 1542 1011 decima
1556 984 1659 1019 quinta.
1685 985 1770 1020 Igitur

981 1027 1080 1062 impius
1111 1027 1250 1054 Eudoxius
1263 1035 1323 1055 cum
1349 1029 1453 1056 sederet
1473 1029 1500 1055 in
1521 1029 1620 1057 throno
1636 1030 1720 1065 ipsius
1742 1031 1768 1058 in

985 1073 1165 1106 dedicatione,
1185 1081 1244 1100 eam
1260 1074 1375 1107 primam
1395 1074 1479 1101 edidit
1490 1082 1582 1103 vocem
1597 1083 1604 1102 :
1621 1075 1701 1103 Pater
1720 1076 1770 1103 im-

984 1119 1054 1153 pius,
1070 1118 1154 1146 Filius
1171 1119 1239 1153 pius.
1255 1118 1338 1146 Multo
1362 1111 1424 1147 hinc
1436 1125 1531 1148 exorto
1548 1121 1661 1149 tumultu
1687 1126 1770 1157 atque

984 1165 1118 1192 seditione
1133 1176 1139 1192 ς
1153 1165 1192 1192 Ne
1205 1185 1212 1198 ,
1239 1166 1345 1200 inquit,
1366 1165 1417 1193 hoc
1438 1167 1511 1194 dicto
1528 1174 1588 1194 meo
1613 1167 1766 1195 turbeniini.

982 1209 1061 1236 Pater
1080 1216 1196 1244 namque
1223 1210 1321 1244 impius
1336 1230 1343 1242 ,
1363 1211 1424 1245 quia
1454 1211 1588 1239 neminem
1619 1213 1662 1247 pie
1681 1213 1766 1244 coiit;

980 1254 1064 1282 Filius
1080 1262 1145 1282 vero
1161 1256 1220 1290 pius
1232 1276 1240 1289 ,
1262 1256 1324 1290 quia
1344 1257 1386 1290 pie
1407 1256 1471 1283 colit
1487 1257 1604 1285 Patrem.
1620 1257 1682 1286 ﬂare
1706 1266 1766 1286 cum

981 1301 1093 1328 dixisset
1107 1301 1262 1333 Eudoxius,
1278 1302 1409 1328 tumultus
1425 1303 1534 1336 quidem
1550 1304 1661 1331 sedatus
1673 1309 1725 1336 est,
1740 1310 1767 1330 at

981 1347 1050 1374 risus
1066 1354 1177 1382 magnus
1193 1355 1243 1382 pro
1261 1348 1374 1376 tumultu
1392 1349 1534 1376 ecclesiam
1554 1350 1716 1384 occupavit:
1732 1350 1767 1376 ita

980 1397 1009 1419 ut
1029 1393 1147 1427 plurimi,
1173 1393 1327 1420 deridentes
1350 1402 1432 1427 eum,
1451 1394 1565 1422 ecclesia
1592 1395 1765 1426 excederent,

980 1438 1077 1473 illeque
1092 1446 1152 1466 cum
1169 1439 1262 1472 paucis
1283 1439 1395 1467 asseclis
1408 1441 1465 1467 suis
1479 1445 1640 1468 remaneret.
1655 1440 1688 1468 Et
1702 1441 1767 1468 bac-

145 1488 196 1524 τῆς
210 1487 366 1524 ἐκκλησίας,
382 1488 429 1514 καὶ
444 1487 492 1513 σὺν
508 1486 607 1520 ὀλίγοις
632 1487 689 1517 τοῖς
705 1486 770 1521 περὶ
785 1485 866 1512 αὐτὸν
881 1493 930 1511 κα-

983 1489 1060 1512 tenus
1085 1484 1198 1512 Eudoxii
1224 1485 1324 1512 dictum
1358 1486 1423 1512 risui
1451 1486 1574 1514 habetur.
1592 1486 1639 1514 His
1651 1487 1768 1521 argutiis

145 1534 327 1570 ταλειφθῆναι.
350 1534 405 1561 Καὶ
422 1533 496 1569 μένει
516 1533 546 1559 τὺ
567 1532 648 1568 ῥηθὲν
672 1530 709 1567 (tl)
731 1531 783 1558 ὑπὸ
806 1531 930 1565 Εὐδοξίου

145 1581 208 1616 ἄχρι
219 1580 267 1615 τῆς
283 1580 362 1614 δεῦρο
376 1579 539 1614 γελώμενον.
562 1578 680 1605 Τοιαῦτα
694 1577 748 1613 γὰρ
764 1577 795 1613 δὴ
812 1577 837 1603 οἱ
856 1577 931 1612 αίρε-

145 1627 254 1661 σιάρχαι
272 1625 453 1660 σοφιζόμενοι,
465 1625 511 1652 καὶ
523 1625 586 1660 περὶ
598 1624 724 1655 τοιαύτας
738 1622 930 1658 ἀσχολούμενοι

145 1671 241 1704 λέξεις,
251 1671 300 1706 τὴν
311 1671 457 1706 ἐκκλησίαν
468 1670 625 1696 διέσπασαν.
647 1669 676 1695 ’0
687 1669 716 1695 δὲ
735 1668 887 1700 Ἰουλιανὸς,
901 1669 930 1694 ἐν

145 1719 204 1748 ταῖς
211 1717 335 1748 Γαλλίαις
344 1716 449 1748 πολλοῖς
456 1715 602 1752 βαρϐάροις
611 1715 788 1750 συμπλακεὶς,
798 1714 844 1741 καὶ
852 1714 929 1749 νική-

146 1770 205 1794 σας,
219 1763 264 1788 ὑπ’
281 1761 370 1788 αὐτῶν
386 1760 579 1796 ἀναγορεύεται
594 1759 728 1795 βασιλεύς
744 1758 845 1786 Μαθὼν
868 1759 896 1785 δέ
915 1759 929 1785 ὁ

146 1807 341 1839 Κωνστάντιος,
352 1807 508 1843 βαπτισθεὶς
523 1806 575 1833 ὑπὸ
590 1806 636 1833 τοῦ
650 1806 783 1841 θεομάχοι)
796 1805 928 1836 Εὐζωῖου,

146 1855 192 1880 ἐπὶ
206 1854 252 1880 τὸν
262 1854 329 1889 πρὸς
343 1853 424 1880 αὐτὸν
439 1852 537 1888 ἐχώρει
549 1851 665 1887 πόλεμον
679 1851 880 1886 (ε).Γενόμενος
900 1850 929 1876 δέ

145 1900 173 1926 ἐν
182 1899 295 1936 πολίχνῃ
306 1899 355 1934 τῆς
368 1898 503 1930 Κιλικίας,
520 1898 614 1932 Μόψου
629 1898 715 1933 κρήνη
731 1896 859 1932 τοῦνομα,
877 1896 929 1923 ὑπὸ

143 1939 283 1980 φροντίδος
305 1939 460 1980 ἀποπληξίᾳ
484 1943 596 1979 ληφθεὶς
621 1942 735 1978 τελευτᾷ
760 1943 790 1969 ἐν
811 1941 928 1977 ὑπατείᾳ.

143 1990 250 2026 Ταύρου
266 1990 312 2016 καὶ
324 1989 493 2026 Φλορεντίου,
510 1989 589 2026 τρίτῃ
602 1988 650 2015 τοῦ
665 1987 819 2024 Νοεμϐρίου
832 1987 927 2023 μηνὸς,

143 2025 229 2062 είκοσι
255 2025 338 2062 πέντὲ
357 2035 404 2070 ἔτη
434 2034 504 2070 μετὰ
527 2035 576 2070 τὴν
605 2033 732 2069 τελευτὴν
755 2033 802 2060 τοῦ
825 2033 928 2068 πατρὸς

144 2080 237 2117 ζήσας,
252 2081 285 2108 τὰ
301 2081 329 2107 δὲ
344 2081 432 2107 πάντα
445 2080 491 2116 ἐτη
505 2080 707 2116 τεσσαράκοντα
723 2078 770 2106 καὶ
782 2078 861 2105 πέντε
875 2078 926 2112 (Γ).

143 2125 231 2153 Καλὸν
247 2126 275 2152 δέ
293 2127 380 2161 σιωπῇ
397 2125 434 2161 μὴ
440 2126 637 2175 εεαραδραμεῑν
655 2124 771 2152 ἐνταῦθα
787 2124 853 2159 μήτε
876 2122 926 2158 τὴν

141 2171 196 2198 τῶν
215 2171 346 2206 Ἐλλήνων
419 2156 495 2198 1ιῖιά¹
510 2156 710 2207 Ἀλεξάνδρειαν
727 2156 825 2206 μανίαν
835 2177 864 2195 τε
878 2156 925 2195 καὶ

982 2173 1086 2201 civitate
1105 2172 1269 2200 Alexandria
1292 2172 1417 2206 contigit.
1443 2171 1506 2198 llaec
1523 2178 1604 2206 porro
1629 2170 1761 2196 tumultus

142 2217 306 2252 κουφότητα,
333 2217 400 2252 μήτε
425 2217 474 2253 τὴν
494 2217 631 2254 Γεωργίου
648 2216 784 2244 ἀπώλειαν
803 2214 851 2251 (g),
875 2215 925 2250 τὴν

143 2263 214 2289 κατὰ
229 2263 277 2299 τὴν
300 2263 470 2300 Ἀλεξάνδρου
487 2264 607 2300 μεγάλην
623 2263 709 2290 πόλιν.
723 2262 827 2297 Συνέϐη
841 2269 925 2297 ταρα-

143 2307 194 2343 χὴν
204 2307 330 2343 γενέσθαι
342 2308 371 2341 ἐξ
388 2308 478 2340 αἰτίας
495 2308 604 2335 τοιᾶσδε
615 2316 621 2323 ·
637 2308 718 2339 τόπος
732 2305 765 2342 ἦν
784 2307 813 2333 ἐν
825 2307 858 2341 τῇ
877 2305 925 2332 πό-

142 2353 184 2380 λει
209 2354 242 2380 ἐκ
262 2353 384 2380 παλαιῶν
406 2353 508 2389 ἕρημος
524 2355 571 2381 καὶ
587 2353 757 2389 ὴμελημένος
767 2372 774 2384 ,
791 2349 925 2387 συρφετοῦ

141 2399 235 2434 γέμων
258 2399 372 2432 πολλοῦ,
393 2401 422 2426 ἐν
444 2396 467 2433 ᾧ
486 2400 511 2426 οἱ
535 2399 664 2434 Ἕλληνες
684 2399 730 2425 τὸν
750 2397 864 2424 παλαιὸν
888 2394 927 2430 τῷ

142 2445 233 2481 Μίθρα
255 2445 364 2477 τελετὰς
390 2445 529 2477 ποιοῦντες
550 2445 707 2481 ἀνθρώπους
731 2445 770 2480 (Ιι)
787 2441 926 2470 κατέθυον.

141 2491 241 2518 Τοῦτον
254 2491 442 2523 Κωνστάντιος
462 2491 511 2527 ἤδη
535 2491 665 2526 πρότερον
689 2490 727 2522 ὡς
752 2489 873 2525 σχολαῖον
895 2487 928 2521 τῇ

148 2536 342 2573 Ἀλεξανδρέων
359 2537 492 2573 ἐκκλησίᾳ
501 2536 736 2574 προσκεκιΐρώκει.
744 2536 880 2572 Γεώργιος
886 2535 925 2567 δὲ,

142 2583 301 2618 βουλόμενος
314 2585 343 2610 ἐν
359 2583 433 2619 αὐτῷ
452 2584 595 2620 εὐκτήριον
616 2581 689 2611 οἷκον
706 2583 928 2614 κατασκευάσαι,

190 2671 217 2714 ει)
286 2672 373 2714 galat.
385 2673 460 2714 Editi'
472 2680 546 2714 vero,
558 2671 688 2714 manu.”

164 2705 215 2752 ’ω
227 2707 280 2752 εἰς,
289 2707 375 2752 Palat.
392 2708 476 2752 μὴνός
493 2708 568 2751 deest
582 2708 608 2734 in
625 2706 715 2734 editis.
734 2705 806 2734 lnl'ra
824 2705 928 2748 Pal.

141 2740 228 2777 αὐτῆς
238 2743 295 2774 τοῖς
311 2740 458 2777 ἐγκαινίόις
472 2742 568 2777 αὐτῆς.
884 2740 924 2762 ἽΤ

146 2813 153 2818 ι
178 2778 213 2818 (.c)
230 2777 316 2818 Palat.
352 2778 463 2818 πρώτην
499 2777 619 2818 ἐκείνην.
634 2776 689 2818 τὴν,
712 2775 929 2818 πολυθρύλλῃτον

141 2811 242 2847 ἀφῆκε.
261 2812 333 2848 infra
359 2811 447 2845 idem;
465 2813 533 2848 πρὸς
557 2811 592 2840 τὰ
611 2811 751 2847 λεχθέντα.
767 2811 828 2838 lux
844 2811 928 2844 idem,

142 2848 210 2874 διότι
225 2847 330 2874 οὐδένα.

179 2883 217 2914 (ιι)
233 2883 318 2909 Palat.
333 2882 364 2909 τὸ
377 2881 471 2915 λεχθέν

981 1530 1187 1563 hmrcsiarchae,
1205 1531 1356 1566 talibusque
1374 1532 1445 1558 circa
1465 1532 1573 1560 voculas
1587 1533 1765 1559 cavillationi-

980 1577 1038 1609 bus,
1053 1577 1194 1604 ecclesiam
1220 1578 1382 1604 distraxere.
1399 1577 1521 1605 Julianus
1537 1586 1619 1610 porro
1631 1578 1657 1604 in
1668 1577 1764 1605 Galliis

979 1628 1072 1651 contra
1087 1622 1187 1651 multos
1199 1623 1330 1651 barbaros
1338 1623 1444 1650 collatis
1458 1623 1554 1657 signis,
1567 1631 1627 1649 cum
1641 1623 1763 1654 vicisset,

980 1670 1127 1705 imperator
1155 1669 1189 1696 ab
1213 1669 1252 1696 eis
1276 1669 1462 1704 proclamatus
1485 1672 1536 1696 est.
1563 1668 1603 1694 Re
1626 1673 1764 1702 comperta

978 1716 1163 1749 Constantius,
1185 1716 1335 1750 baptizatus
1353 1715 1386 1742 ab
1400 1715 1500 1742 Euzoio
1526 1715 1571 1741 Dei
1592 1714 1762 1745 adversario,

979 1763 1011 1789 ad
1026 1762 1123 1790 bellum
1139 1761 1190 1796 ipsi
1205 1761 1374 1788 inferendum
1390 1760 1526 1795 profectus
1545 1765 1598 1787 est.
1612 1759 1678 1787 Cum
1699 1766 1761 1794 per-

978 1807 1096 1836 venisset
1109 1812 1199 1834 autem
1213 1807 1245 1834 ad
1259 1807 1403 1841 quamdam
1417 1806 1517 1834 Ciliciae
1534 1806 1638 1838 urbem,
1652 1805 1762 1832 nomine

979 1853 1191 1889 Mopsucreuem,
1207 1860 1239 1880 ex
1253 1853 1335 1879 nimia
1349 1852 1530 1879 sollicitudine
1542 1850 1682 1885 apoplexia
1700 1857 1760 1877 cor-

979 1903 1080 1934 reptus,
1093 1899 1211 1931 interiit,
1225 1897 1382 1926 consulibus
1396 1897 1485 1924 Tauro
1502 1901 1528 1923 et
1543 1896 1689 1928 Florentio.
1706 1900 1762 1923 ter-

979 1945 1015 1971 tia
1029 1944 1129 1972 mensis
1147 1943 1316 1974 Novembris.
1336 1951 1396 1970 cum
1409 1943 1522 1970 vixisset
1533 1942 1628 1977 viginti
1641 1943 1760 1977 quinque

978 1994 1041 2024 post
1052 1994 1165 2016 mortem
1183 1989 1269 2024 patris
1285 1996 1383 2020 annos,
1406 1994 1530 2022 essetque
1545 1995 1677 2015 annorum
1695 1995 1760 2022 qna-

978 2036 1102 2071 draginta
1119 2036 1247 2070 quinque.
1263 2034 1354 2069 Neque
1367 2042 1416 2069 par
1437 2038 1480 2061 est
1500 2034 1544 2061 hic
1559 2034 1668 2061 silentio
1691 2041 1760 2068 pne-

981 2082 1231 2110 terireGrtecornm
1246 2082 1291 2116 qui
1314 2080 1482 2107 Alexandriae
1498 2084 1575 2107 erant
1588 2079 1705 2107 furorem
1733 2084 1760 2106 et

978 2128 1124 2159 levitatem,
1139 2135 1225 2162 neque
1241 2127 1349 2162 Georgii
1367 2127 1526 2161 perniciem,
1540 2134 1600 2162 quae
1622 2127 1648 2153 in
1664 2133 1762 2160 magna

978 2226 1058 2247 causa
1074 2219 1124 2246 fuit
1139 2227 1146 2246 :
1163 2218 1239 2246 locus
1253 2222 1312 2245 erat
1327 2217 1353 2244 in
1371 2218 1481 2245 civitate
1501 2216 1606 2251 jamdiu
1623 2215 1761 2246 desertus.

978 2265 1114 2298 incultus,
1140 2265 1272 2299 sordeque
1295 2263 1378 2290 multa
1403 2263 1539 2294 refertus,
1558 2262 1585 2288 in
1606 2268 1659 2295 quo
1672 2260 1761 2287 Graeci

978 2311 1041 2338 olim
1060 2310 1183 2343 Mithrae,
1213 2309 1242 2336 in
1269 2308 1404 2336 sacriﬁcia
1428 2307 1601 2335 immolabant
1627 2305 1760 2332 homines.

968 2355 1046 2383 'Eum
1063 2356 1150 2383 locum
1166 2355 1339 2382 Constantius
1353 2354 1409 2389 jam
1427 2357 1517 2384 antea,
1531 2356 1624 2386 utpote
1635 2359 1763 2383 vacuum,

979 2402 1170 2429 Alexandrino:
1198 2401 1359 2435 adjunxerat
1384 2399 1515 2426 ecclesiae.
1537 2398 1669 2433 Georgius
1683 2404 1764 2439 I'vero

981 2454 1043 2474 cum
1058 2446 1138 2473 vellet
1155 2446 1181 2473 in
1199 2453 1231 2473 eo
1247 2444 1397 2472 oratorium
1415 2451 1588 2476 construere,
1609 2444 1697 2470 locum
1717 2443 1762 2476 ju—

982 2492 1027 2519 bet
1038 2492 1189 2524 emundari,
1208 2492 1325 2526 dumque
1345 2492 1370 2519 id
1386 2495 1573 2526 praestaretur,
1594 2490 1704 2524 adytum
1718 2489 1764 2516 in-

981 2542 1088 2565 ventum
1105 2542 1147 2564 est
1165 2537 1243 2564 valde
1263 2537 1427 2572 profundum
1441 2557 1448 2569 ,
1476 2537 1502 2564 in
1527 2543 1580 2571 quo
1606 2536 1763 2564 Graecorum

983 2583 1110 2618 mysteria
1126 2583 1340 2610 occultabantur.
1358 2583 1494 2618 Erantque
1517 2583 1561 2610 illa
1576 2582 1714 2609 hominum
1737 2587 1764 2608 ct

1012 2670 1047 2705 (ι)
1060 2670 1147 2697 Palat.
1168 2671 1236 2706 πρὸς
1250 2671 1332 2697 αὐτὸν
1346 2670 1461 2706 πόλεμον
1479 2669 1620 2706 ὥρμ.Γεν.

1201 2716 1331 2761 ἰιιλῐζιιίαι.
1346 2715 1416 2743 Infra
1430 2715 1511 2749 idem,
1525 2714 1715 2750 παραδραμεῖν
1727 2714 1762 2741 τὰ
1787 2734 1829 2761 3*

975 2752 1037 2778 τότε
1051 2751 1192 2786 συμϐάντα
1211 2753 1279 2787 μήτε
1295 2759 1321 2776 τ.

1012 2796 1049 2832 (g)
1061 2795 1146 2824 Palat.
1161 2795 1308 2822 ἀπώλειαν.
1325 2795 1404 2822 Κατὰ
1418 2795 1472 2832 γὰρ
1484 2796 1532 2831 τὴν
1543 2795 1629 2828 Ἀλεξ.

1014 2842 1053 2877 (Ιι)
1069 2841 1155 2877 Palat.
1167 2841 1207 2875 τῷ
1219 2841 1311 2877 Μίδρᾳ
1324 2841 1417 2874 θυσίας
1436 2842 1575 2874 τελοῦντος
1594 2841 1671 2877 ἀνΘρ.
1692 2839 1766 2870 litim

980 2875 1061 2908 idem,
1079 2876 1117 2908 ὡς
1131 2875 1303 2912 σχολάζοντα
1313 2878 1358 2912 τῇ.

1823 2635 1905 2702 ν(
