  <div class='ocr_page' id='page_1' title='image "/cluster/home/n/w/nwhite01/storage/ocr_20150623/25/njp.32101010944591/247.png"; bbox 0 0 2027 3042; ppageno 0'>
   <div class='ocr_carea' id='block_1_1' title="bbox 295 123 382 147">
    <p class='ocr_par' dir='ltr' id='par_1_1' title="bbox 295 123 382 147">
     <span class='ocr_line' id='line_1_1' title="bbox 295 123 382 147; baseline -0.046 0"><span class='ocrx_word' id='word_1_1' title='bbox 295 123 382 147; x_wconf 72' lang='grc' dir='ltr'>εῦςιιι</span> 
     </span>
    </p>
   </div>
   <div class='ocr_carea' id='block_1_2' title="bbox 967 109 1234 138">
    <p class='ocr_par' dir='ltr' id='par_1_2' title="bbox 967 109 1234 138">
     <span class='ocr_line' id='line_1_2' title="bbox 967 109 1234 138; baseline 0 -1"><span class='ocrx_word' id='word_1_2' title='bbox 967 109 1234 138; x_wconf 76' lang='lat' dir='ltr'><strong>PROLEGOMENA.</strong></span> 
     </span>
    </p>
   </div>
   <div class='ocr_carea' id='block_1_3' title="bbox 297 162 1085 210">
    <p class='ocr_par' dir='ltr' id='par_1_3' title="bbox 297 166 1075 210">
     <span class='ocr_line' id='line_1_3' title="bbox 297 166 1075 210; baseline -0.005 -8"><span class='ocrx_word' id='word_1_3' title='bbox 297 181 439 210; x_wconf 85' lang='lat' dir='ltr'><strong>puerorum</strong></span> <span class='ocrx_word' id='word_1_4' title='bbox 459 166 597 205; x_wconf 73' lang='lat' dir='ltr'><strong>calvarize,</strong></span> <span class='ocrx_word' id='word_1_5' title='bbox 622 179 689 208; x_wconf 87' lang='lat' dir='ltr'><strong>quos</strong></span> <span class='ocrx_word' id='word_1_6' title='bbox 711 172 781 199; x_wconf 80' lang='lat' dir='ltr'><strong>fama</strong></span> <span class='ocrx_word' id='word_1_7' title='bbox 806 176 865 199; x_wconf 89' lang='lat' dir='ltr'><strong>erat</strong></span> <span class='ocrx_word' id='word_1_8' title='bbox 890 171 995 199; x_wconf 75' lang='lat' dir='ltr'><strong>occisos</strong></span> <span class='ocrx_word' id='word_1_9' title='bbox 1012 171 1075 198; x_wconf 91' lang='lat' dir='ltr'><strong>olim</strong></span> 
     </span>
    </p>
   </div>
   <div class='ocr_carea' id='block_1_4' title="bbox 1134 162 1889 210">
    <p class='ocr_par' dir='ltr' id='par_1_4' title="bbox 1134 162 1889 207">
     <span class='ocr_line' id='line_1_4' title="bbox 1134 162 1889 207; baseline -0.013 -8"><span class='ocrx_word' id='word_1_10' title='bbox 1134 170 1348 207; x_wconf 70' lang='grc' dir='ltr'>ἱνακαθαρθῆναι</span> <span class='ocrx_word' id='word_1_11' title='bbox 1371 166 1475 194; x_wconf 77' lang='grc' dir='ltr'>κελεύει</span> <span class='ocrx_word' id='word_1_12' title='bbox 1495 166 1540 192; x_wconf 84' lang='grc' dir='ltr'><strong>τὸν</strong></span> <span class='ocrx_word' id='word_1_13' title='bbox 1563 165 1653 192; x_wconf 77' lang='grc' dir='ltr'>τόπον.</span> <span class='ocrx_word' id='word_1_14' title='bbox 1679 164 1733 190; x_wconf 79' lang='grc' dir='ltr'><strong>Καὶ</strong></span> <span class='ocrx_word' id='word_1_15' title='bbox 1753 163 1783 198; x_wconf 76' lang='grc' dir='ltr'><strong>δὴ</strong></span> <span class='ocrx_word' id='word_1_16' title='bbox 1800 162 1889 190; x_wconf 82' lang='grc' dir='ltr'>ἀνακα-</span> 
     </span>
    </p>
   </div>
   <div class='ocr_carea' id='block_1_5' title="bbox 298 217 1073 256">
    <p class='ocr_par' dir='ltr' id='par_1_5' title="bbox 298 217 1073 256">
     <span class='ocr_line' id='line_1_5' title="bbox 298 217 1073 256; baseline -0.005 -8"><span class='ocrx_word' id='word_1_17' title='bbox 298 221 393 253; x_wconf 79' lang='lat' dir='ltr'><strong>fuisse,</strong></span> <span class='ocrx_word' id='word_1_18' title='bbox 410 220 516 256; x_wconf 78' lang='lat' dir='ltr'><strong>quando</strong></span> <span class='ocrx_word' id='word_1_19' title='bbox 528 220 597 247; x_wconf 79' lang='lat' dir='ltr'><strong>extis</strong></span> <span class='ocrx_word' id='word_1_20' title='bbox 612 220 646 247; x_wconf 88' lang='lat' dir='ltr'><strong>ad</strong></span> <span class='ocrx_word' id='word_1_21' title='bbox 661 219 787 246; x_wconf 89' lang='lat' dir='ltr'><strong>vaticinia</strong></span> <span class='ocrx_word' id='word_1_22' title='bbox 809 217 897 246; x_wconf 69' lang='lat' dir='ltr'><strong>Graeci</strong></span> <span class='ocrx_word' id='word_1_23' title='bbox 918 218 1073 250; x_wconf 89' lang='lat' dir='ltr'><strong>utebantur,</strong></span> 
     </span>
    </p>
   </div>
   <div class='ocr_carea' id='block_1_6' title="bbox 300 263 1077 295">
    <p class='ocr_par' dir='ltr' id='par_1_6' title="bbox 300 263 1077 295">
     <span class='ocr_line' id='line_1_6' title="bbox 300 263 1077 295; baseline -0.008 0"><span class='ocrx_word' id='word_1_24' title='bbox 300 274 334 295; x_wconf 83' lang='lat' dir='ltr'><strong>ac</strong></span> <span class='ocrx_word' id='word_1_25' title='bbox 345 267 503 295; x_wconf 84' lang='lat' dir='ltr'><strong>divinatoria</strong></span> <span class='ocrx_word' id='word_1_26' title='bbox 519 265 694 292; x_wconf 77' lang='lat' dir='ltr'><strong>immolabant</strong></span> <span class='ocrx_word' id='word_1_27' title='bbox 708 263 852 295; x_wconf 81' lang='lat' dir='ltr'><strong>sacriﬁcia.</strong></span> <span class='ocrx_word' id='word_1_28' title='bbox 867 264 970 292; x_wconf 88' lang='lat' dir='ltr'><strong>animas</strong></span> <span class='ocrx_word' id='word_1_29' title='bbox 984 264 1077 290; x_wconf 78' lang='lat' dir='ltr'><strong>incan~</strong></span> 
     </span>
    </p>
   </div>
   <div class='ocr_carea' id='block_1_7' title="bbox 299 308 1075 344">
    <p class='ocr_par' dir='ltr' id='par_1_7' title="bbox 299 308 1075 344">
     <span class='ocr_line' id='line_1_7' title="bbox 299 308 1075 344; baseline -0.006 -4"><span class='ocrx_word' id='word_1_30' title='bbox 299 313 445 340; x_wconf 84' lang='lat' dir='ltr'><strong>tationibus</strong></span> <span class='ocrx_word' id='word_1_31' title='bbox 459 316 626 340; x_wconf 82' lang='lat' dir='ltr'><strong>revocantes.</strong></span> <span class='ocrx_word' id='word_1_32' title='bbox 643 311 794 338; x_wconf 86' lang='lat' dir='ltr'><strong>Christiani</strong></span> <span class='ocrx_word' id='word_1_33' title='bbox 817 310 898 344; x_wconf 81' lang='lat' dir='ltr'><strong>igitur</strong></span> <span class='ocrx_word' id='word_1_34' title='bbox 924 317 985 337; x_wconf 91' lang='lat' dir='ltr'><strong>cum</strong></span> <span class='ocrx_word' id='word_1_35' title='bbox 1011 308 1075 335; x_wconf 88' lang='lat' dir='ltr'><strong>talia</strong></span> 
     </span>
    </p>
   </div>
   <div class='ocr_carea' id='block_1_8' title="bbox 297 353 1076 391">
    <p class='ocr_par' dir='ltr' id='par_1_8' title="bbox 297 353 1076 391">
     <span class='ocr_line' id='line_1_8' title="bbox 297 353 1076 391; baseline -0.005 -7"><span class='ocrx_word' id='word_1_36' title='bbox 297 356 325 384; x_wconf 89' lang='lat' dir='ltr'><strong>in</strong></span> <span class='ocrx_word' id='word_1_37' title='bbox 342 355 445 383; x_wconf 69' lang='lat' dir='ltr'><strong>Mithrae</strong></span> <span class='ocrx_word' id='word_1_38' title='bbox 457 357 536 391; x_wconf 88' lang='lat' dir='ltr'><strong>adyto</strong></span> <span class='ocrx_word' id='word_1_39' title='bbox 552 356 729 390; x_wconf 84' lang='lat' dir='ltr'><strong>reperissent,</strong></span> <span class='ocrx_word' id='word_1_40' title='bbox 750 360 880 382; x_wconf 88' lang='lat' dir='ltr'><strong>curarunt</strong></span> <span class='ocrx_word' id='word_1_41' title='bbox 895 359 924 381; x_wconf 85' lang='lat' dir='ltr'><strong>ut</strong></span> <span class='ocrx_word' id='word_1_42' title='bbox 948 353 1076 381; x_wconf 84' lang='lat' dir='ltr'><strong>omnibus</strong></span> 
     </span>
    </p>
   </div>
   <div class='ocr_carea' id='block_1_9' title="bbox 298 398 1076 433">
    <p class='ocr_par' dir='ltr' id='par_1_9' title="bbox 298 398 1076 433">
     <span class='ocr_line' id='line_1_9' title="bbox 298 398 1076 433; baseline -0.004 -6"><span class='ocrx_word' id='word_1_43' title='bbox 298 401 382 427; x_wconf 84' lang='lat' dir='ltr'><strong>risum</strong></span> <span class='ocrx_word' id='word_1_44' title='bbox 402 405 552 433; x_wconf 80' lang='lat' dir='ltr'><strong>moverent,</strong></span> <span class='ocrx_word' id='word_1_45' title='bbox 566 400 739 428; x_wconf 81' lang='lat' dir='ltr'><strong>ostendentes</strong></span> <span class='ocrx_word' id='word_1_46' title='bbox 752 399 907 427; x_wconf 69' lang='lat' dir='ltr'><strong>Graecorum</strong></span> <span class='ocrx_word' id='word_1_47' title='bbox 929 398 1055 433; x_wconf 86' lang='lat' dir='ltr'><strong>mysteria</strong></span> <span class='ocrx_word' id='word_1_48' title='bbox 1068 416 1076 430; x_wconf 87' lang='lat'><strong>,</strong></span> 
     </span>
    </p>
   </div>
   <div class='ocr_carea' id='block_1_10' title="bbox 298 443 1076 480">
    <p class='ocr_par' dir='ltr' id='par_1_10' title="bbox 298 443 1076 480">
     <span class='ocr_line' id='line_1_10' title="bbox 298 443 1076 480; baseline -0.005 -6"><span class='ocrx_word' id='word_1_49' title='bbox 298 447 501 480; x_wconf 86' lang='lat' dir='ltr'><strong>educebantque</strong></span> <span class='ocrx_word' id='word_1_50' title='bbox 513 447 598 474; x_wconf 87' lang='lat' dir='ltr'><strong>nudas</strong></span> <span class='ocrx_word' id='word_1_51' title='bbox 609 447 741 475; x_wconf 81' lang='lat' dir='ltr'><strong>calvarias</strong></span> <span class='ocrx_word' id='word_1_52' title='bbox 756 451 785 473; x_wconf 89' lang='lat' dir='ltr'><strong>ut</strong></span> <span class='ocrx_word' id='word_1_53' title='bbox 800 446 960 473; x_wconf 77' lang='lat' dir='ltr'><strong>exhiberem</strong></span> <span class='ocrx_word' id='word_1_54' title='bbox 967 443 1076 479; x_wconf 87' lang='lat' dir='ltr'><strong>populo.</strong></span> 
     </span>
    </p>
   </div>
   <div class='ocr_carea' id='block_1_11' title="bbox 299 490 1079 523">
    <p class='ocr_par' dir='ltr' id='par_1_11' title="bbox 299 490 1079 523">
     <span class='ocr_line' id='line_1_11' title="bbox 299 490 1079 523; baseline -0.005 -3"><span class='ocrx_word' id='word_1_55' title='bbox 299 492 361 521; x_wconf 62' lang='lat' dir='ltr'><strong>liae</strong></span> <span class='ocrx_word' id='word_1_56' title='bbox 373 500 434 520; x_wconf 86' lang='lat' dir='ltr'><strong>cum</strong></span> <span class='ocrx_word' id='word_1_57' title='bbox 451 493 573 521; x_wconf 81' lang='lat' dir='ltr'><strong>viderent</strong></span> <span class='ocrx_word' id='word_1_58' title='bbox 595 493 680 521; x_wconf 71' lang='lat' dir='ltr'><strong>Graeci</strong></span> <span class='ocrx_word' id='word_1_59' title='bbox 696 491 888 523; x_wconf 69' lang='lat' dir='ltr'><strong>Alexandrini,</strong></span> <span class='ocrx_word' id='word_1_60' title='bbox 914 498 964 518; x_wconf 92' lang='lat' dir='ltr'><strong>nec</strong></span> <span class='ocrx_word' id='word_1_61' title='bbox 977 490 1079 518; x_wconf 81' lang='lat' dir='ltr'><strong>terrent</strong></span> 
     </span>
    </p>
   </div>
   <div class='ocr_carea' id='block_1_12' title="bbox 297 535 1077 573">
    <p class='ocr_par' dir='ltr' id='par_1_12' title="bbox 297 535 1077 573">
     <span class='ocr_line' id='line_1_12' title="bbox 297 535 1077 573; baseline -0.006 -7"><span class='ocrx_word' id='word_1_62' title='bbox 297 539 471 573; x_wconf 88' lang='lat' dir='ltr'><strong>opprobrium</strong></span> <span class='ocrx_word' id='word_1_63' title='bbox 483 538 558 570; x_wconf 87' lang='lat' dir='ltr'><strong>I&#39;acti,</strong></span> <span class='ocrx_word' id='word_1_64' title='bbox 565 539 603 565; x_wconf 87' lang='lat' dir='ltr'><strong>ira</strong></span> <span class='ocrx_word' id='word_1_65' title='bbox 613 539 807 570; x_wconf 88' lang='lat' dir='ltr'><strong>accenduntur,</strong></span> <span class='ocrx_word' id='word_1_66' title='bbox 816 542 843 565; x_wconf 88' lang='lat' dir='ltr'><strong>et</strong></span> <span class='ocrx_word' id='word_1_67' title='bbox 851 537 946 572; x_wconf 86' lang='lat' dir='ltr'><strong>quavis</strong></span> <span class='ocrx_word' id='word_1_68' title='bbox 960 543 990 563; x_wconf 93' lang='lat' dir='ltr'><strong>re</strong></span> <span class='ocrx_word' id='word_1_69' title='bbox 999 535 1077 563; x_wconf 88' lang='lat' dir='ltr'><strong>obvia</strong></span> 
     </span>
    </p>
   </div>
   <div class='ocr_carea' id='block_1_13' title="bbox 298 581 1079 619">
    <p class='ocr_par' dir='ltr' id='par_1_13' title="bbox 298 581 1079 619">
     <span class='ocr_line' id='line_1_13' title="bbox 298 581 1079 619; baseline -0.005 -8"><span class='ocrx_word' id='word_1_70' title='bbox 298 585 340 611; x_wconf 88' lang='lat' dir='ltr'><strong>usi</strong></span> <span class='ocrx_word' id='word_1_71' title='bbox 352 591 401 618; x_wconf 85' lang='lat' dir='ltr'><strong>pro</strong></span> <span class='ocrx_word' id='word_1_72' title='bbox 419 584 481 615; x_wconf 84' lang='lat' dir='ltr'><strong>telo.</strong></span> <span class='ocrx_word' id='word_1_73' title='bbox 493 584 598 610; x_wconf 86' lang='lat' dir='ltr'><strong>irrunnt</strong></span> <span class='ocrx_word' id='word_1_74' title='bbox 615 583 642 610; x_wconf 89' lang='lat' dir='ltr'><strong>in</strong></span> <span class='ocrx_word' id='word_1_75' title='bbox 657 583 834 619; x_wconf 82' lang='lat' dir='ltr'><strong>Christianos.</strong></span> <span class='ocrx_word' id='word_1_76' title='bbox 845 589 994 616; x_wconf 88' lang='lat' dir='ltr'><strong>eorttmqtte</strong></span> <span class='ocrx_word' id='word_1_77' title='bbox 1009 581 1079 609; x_wconf 92' lang='lat' dir='ltr'><strong>mul-</strong></span> 
     </span>
    </p>
   </div>
   <div class='ocr_carea' id='block_1_14' title="bbox 300 627 1079 664">
    <p class='ocr_par' dir='ltr' id='par_1_14' title="bbox 300 627 1079 664">
     <span class='ocr_line' id='line_1_14' title="bbox 300 627 1079 664; baseline -0.004 -8"><span class='ocrx_word' id='word_1_78' title='bbox 300 636 340 657; x_wconf 79' lang='lat' dir='ltr'><strong>tos</strong></span> <span class='ocrx_word' id='word_1_79' title='bbox 354 629 479 657; x_wconf 90' lang='lat' dir='ltr'><strong>omnibus</strong></span> <span class='ocrx_word' id='word_1_80' title='bbox 492 629 587 656; x_wconf 87' lang='lat' dir='ltr'><strong>mortis</strong></span> <span class='ocrx_word' id='word_1_81' title='bbox 598 630 742 664; x_wconf 72' lang='lat' dir='ltr'><strong>generibus</strong></span> <span class='ocrx_word' id='word_1_82' title='bbox 769 629 914 656; x_wconf 80' lang='lat' dir='ltr'><strong>trucidant.</strong></span> <span class='ocrx_word' id='word_1_83' title='bbox 937 627 992 654; x_wconf 85' lang='lat' dir='ltr'><strong>llos</strong></span> <span class='ocrx_word' id='word_1_84' title='bbox 1008 627 1079 654; x_wconf 91' lang='lat' dir='ltr'><strong>enim</strong></span> 
     </span>
    </p>
   </div>
   <div class='ocr_carea' id='block_1_15' title="bbox 298 672 1079 708">
    <p class='ocr_par' dir='ltr' id='par_1_15' title="bbox 298 672 1079 708">
     <span class='ocr_line' id='line_1_15' title="bbox 298 672 1079 708; baseline -0.004 -7"><span class='ocrx_word' id='word_1_85' title='bbox 298 674 403 708; x_wconf 69' lang='lat' dir='ltr'><strong>gladiis,</strong></span> <span class='ocrx_word' id='word_1_86' title='bbox 419 674 469 700; x_wconf 89' lang='lat' dir='ltr'><strong>hos</strong></span> <span class='ocrx_word' id='word_1_87' title='bbox 485 673 620 708; x_wconf 80' lang='lat' dir='ltr'><strong>lapidibus</strong></span> <span class='ocrx_word' id='word_1_88' title='bbox 636 679 683 700; x_wconf 90' lang='lat' dir='ltr'><strong>aut</strong></span> <span class='ocrx_word' id='word_1_89' title='bbox 701 673 780 708; x_wconf 79' lang='lat' dir='ltr'><strong>lignis</strong></span> <span class='ocrx_word' id='word_1_90' title='bbox 794 674 930 705; x_wconf 81' lang='lat' dir='ltr'><strong>occidere,</strong></span> <span class='ocrx_word' id='word_1_91' title='bbox 943 672 1079 707; x_wconf 91' lang='lat' dir='ltr'><strong>&#39;qnosdam</strong></span> 
     </span>
    </p>
   </div>
   <div class='ocr_carea' id='block_1_16' title="bbox 299 717 1081 753">
    <p class='ocr_par' dir='ltr' id='par_1_16' title="bbox 299 717 1081 753">
     <span class='ocr_line' id='line_1_16' title="bbox 299 717 1081 753; baseline 0 -9"><span class='ocrx_word' id='word_1_92' title='bbox 299 719 326 745; x_wconf 89' lang='lat' dir='ltr'><strong>in</strong></span> <span class='ocrx_word' id='word_1_93' title='bbox 339 726 447 746; x_wconf 91' lang='lat' dir='ltr'><strong>crucem</strong></span> <span class='ocrx_word' id='word_1_94' title='bbox 468 723 591 753; x_wconf 76' lang='lat' dir='ltr'><strong>egerunt.</strong></span> <span class='ocrx_word' id='word_1_95' title='bbox 616 718 761 753; x_wconf 74' lang='lat' dir='ltr'><strong>Georgium</strong></span> <span class='ocrx_word' id='word_1_96' title='bbox 785 725 848 745; x_wconf 80' lang='lat' dir='ltr'><strong>vero</strong></span> <span class='ocrx_word' id='word_1_97' title='bbox 863 717 978 746; x_wconf 87' lang='lat' dir='ltr'><strong>ecclesia</strong></span> <span class='ocrx_word' id='word_1_98' title='bbox 991 722 1081 744; x_wconf 82' lang='lat' dir='ltr'><strong>extra-</strong></span> 
     </span>
    </p>
   </div>
   <div class='ocr_carea' id='block_1_17' title="bbox 299 764 1080 799">
    <p class='ocr_par' dir='ltr' id='par_1_17' title="bbox 299 764 1080 799">
     <span class='ocr_line' id='line_1_17' title="bbox 299 764 1080 799; baseline 0 -9"><span class='ocrx_word' id='word_1_99' title='bbox 299 768 385 796; x_wconf 88' lang='lat' dir='ltr'><strong>ctum,</strong></span> <span class='ocrx_word' id='word_1_100' title='bbox 404 764 560 798; x_wconf 87' lang='lat' dir='ltr'><strong>eamcloque</strong></span> <span class='ocrx_word' id='word_1_101' title='bbox 594 764 732 799; x_wconf 75' lang='lat' dir='ltr'><strong>alligatum</strong></span> <span class='ocrx_word' id='word_1_102' title='bbox 747 785 754 797; x_wconf 93' lang='lat'><strong>,</strong></span> <span class='ocrx_word' id='word_1_103' title='bbox 780 771 841 791; x_wconf 90' lang='lat' dir='ltr'><strong>cum</strong></span> <span class='ocrx_word' id='word_1_104' title='bbox 862 764 1080 797; x_wconf 83' lang='lat' dir='ltr'><strong>discerpsissent,</strong></span> 
     </span>
    </p>
   </div>
   <div class='ocr_carea' id='block_1_18' title="bbox 299 809 749 837">
    <p class='ocr_par' dir='ltr' id='par_1_18' title="bbox 299 809 749 837">
     <span class='ocr_line' id='line_1_18' title="bbox 299 809 749 837; baseline 0 -1"><span class='ocrx_word' id='word_1_105' title='bbox 299 817 352 836; x_wconf 88' lang='lat' dir='ltr'><strong>una</strong></span> <span class='ocrx_word' id='word_1_106' title='bbox 366 817 426 836; x_wconf 89' lang='lat' dir='ltr'><strong>cum</strong></span> <span class='ocrx_word' id='word_1_107' title='bbox 443 809 549 836; x_wconf 86' lang='lat' dir='ltr'><strong>camelo</strong></span> <span class='ocrx_word' id='word_1_108' title='bbox 562 810 749 837; x_wconf 84' lang='lat' dir='ltr'><strong>combussere.</strong></span> 
     </span>
    </p>
   </div>
   <div class='ocr_carea' id='block_1_19' title="bbox 299 855 1100 892">
    <p class='ocr_par' dir='ltr' id='par_1_19' title="bbox 299 855 1100 892">
     <span class='ocr_line' id='line_1_19' title="bbox 299 855 1100 892; baseline 0.002 -10"><span class='ocrx_word' id='word_1_109' title='bbox 299 855 362 888; x_wconf 85' lang='grc' dir='ltr'>νῶν,</span> <span class='ocrx_word' id='word_1_110' title='bbox 379 857 425 882; x_wconf 75' lang='grc' dir='ltr'><strong>καὶ</strong></span> <span class='ocrx_word' id='word_1_111' title='bbox 456 855 500 883; x_wconf 86' lang='grc' dir='ltr'>διὰ</span> <span class='ocrx_word' id='word_1_112' title='bbox 521 856 612 892; x_wconf 85' lang='grc' dir='ltr'>πάσης</span> <span class='ocrx_word' id='word_1_113' title='bbox 637 856 709 888; x_wconf 81' lang='grc' dir='ltr'><strong>ἰδέας</strong></span> <span class='ocrx_word' id='word_1_114' title='bbox 733 857 848 885; x_wconf 59' lang='grc' dir='ltr'>θαιιάὺυ</span> <span class='ocrx_word' id='word_1_115' title='bbox 868 856 970 883; x_wconf 80' lang='grc' dir='ltr'><strong>ἀνεῖλον</strong></span> <span class='ocrx_word' id='word_1_116' title='bbox 987 857 1100 888; x_wconf 77' lang='grc' dir='ltr'>πολλοὺς</span> 
     </span>
    </p>
   </div>
   <div class='ocr_carea' id='block_1_20' title="bbox 1130 209 1891 252">
    <p class='ocr_par' dir='ltr' id='par_1_20' title="bbox 1130 209 1891 252">
     <span class='ocr_line' id='line_1_20' title="bbox 1130 209 1891 252; baseline -0.012 -9"><span class='ocrx_word' id='word_1_117' title='bbox 1130 215 1307 252; x_wconf 78' lang='grc' dir='ltr'>θαιρουμένου</span> <span class='ocrx_word' id='word_1_118' title='bbox 1318 213 1400 241; x_wconf 74' lang='grc' dir='ltr'>αὑτοῦ</span> <span class='ocrx_word' id='word_1_119' title='bbox 1421 214 1472 248; x_wconf 87' lang='lat' dir='ltr'><strong>(a),</strong></span> <span class='ocrx_word' id='word_1_120' title='bbox 1489 213 1583 240; x_wconf 74' lang='grc' dir='ltr'>ἄδυτον</span> <span class='ocrx_word' id='word_1_121' title='bbox 1601 210 1716 246; x_wconf 74' lang='grc' dir='ltr'>ηὕρηται</span> <span class='ocrx_word' id='word_1_122' title='bbox 1730 209 1797 236; x_wconf 73' lang='grc' dir='ltr'>κατὰ</span> <span class='ocrx_word' id='word_1_123' title='bbox 1809 209 1891 243; x_wconf 78' lang='grc' dir='ltr'><strong>βάθους</strong></span> 
     </span>
    </p>
   </div>
   <div class='ocr_carea' id='block_1_21' title="bbox 1129 254 1890 295">
    <p class='ocr_par' dir='ltr' id='par_1_21' title="bbox 1129 254 1890 295">
     <span class='ocr_line' id='line_1_21' title="bbox 1129 254 1890 295; baseline -0.011 -6"><span class='ocrx_word' id='word_1_124' title='bbox 1129 261 1237 293; x_wconf 79' lang='grc' dir='ltr'>πολλοῦ,</span> <span class='ocrx_word' id='word_1_125' title='bbox 1255 262 1283 288; x_wconf 78' lang='grc' dir='ltr'>ὲν</span> <span class='ocrx_word' id='word_1_126' title='bbox 1300 256 1322 294; x_wconf 81' lang='grc' dir='ltr'>ᾧ</span> <span class='ocrx_word' id='word_1_127' title='bbox 1335 260 1369 286; x_wconf 79' lang='grc' dir='ltr'>τὰ</span> <span class='ocrx_word' id='word_1_128' title='bbox 1384 259 1518 295; x_wconf 81' lang='grc' dir='ltr'><strong>μυστήρια</strong></span> <span class='ocrx_word' id='word_1_129' title='bbox 1534 257 1588 284; x_wconf 83' lang='grc' dir='ltr'><strong>τῶν</strong></span> <span class='ocrx_word' id='word_1_130' title='bbox 1603 256 1732 291; x_wconf 83' lang='grc' dir='ltr'>Ἑλλήνων</span> <span class='ocrx_word' id='word_1_131' title='bbox 1748 254 1890 290; x_wconf 74' lang='grc' dir='ltr'>ἐκέκρυπτο.</span> 
     </span>
    </p>
   </div>
   <div class='ocr_carea' id='block_1_22' title="bbox 1129 300 1891 341">
    <p class='ocr_par' dir='ltr' id='par_1_22' title="bbox 1129 300 1891 341">
     <span class='ocr_line' id='line_1_22' title="bbox 1129 300 1891 341; baseline -0.01 -8"><span class='ocrx_word' id='word_1_132' title='bbox 1129 307 1221 333; x_wconf 75' lang='grc' dir='ltr'>ταῦτα</span> <span class='ocrx_word' id='word_1_133' title='bbox 1235 306 1263 332; x_wconf 79' lang='grc' dir='ltr'>δὲ</span> <span class='ocrx_word' id='word_1_134' title='bbox 1281 304 1315 341; x_wconf 88' lang='grc' dir='ltr'>ἧν</span> <span class='ocrx_word' id='word_1_135' title='bbox 1335 305 1433 341; x_wconf 78' lang='grc' dir='ltr'>κρανία</span> <span class='ocrx_word' id='word_1_136' title='bbox 1453 302 1603 338; x_wconf 80' lang='grc' dir='ltr'>ἀνθρώπων</span> <span class='ocrx_word' id='word_1_137' title='bbox 1616 300 1724 327; x_wconf 81' lang='grc' dir='ltr'><strong>τελείων</strong></span> <span class='ocrx_word' id='word_1_138' title='bbox 1738 308 1765 326; x_wconf 88' lang='grc' dir='ltr'><strong>τε</strong></span> <span class='ocrx_word' id='word_1_139' title='bbox 1782 300 1824 326; x_wconf 74' lang='grc' dir='ltr'><strong>καὶ</strong></span> <span class='ocrx_word' id='word_1_140' title='bbox 1839 307 1891 326; x_wconf 79' lang='grc' dir='ltr'>παι-</span> 
     </span>
    </p>
   </div>
   <div class='ocr_carea' id='block_1_23' title="bbox 1128 345 1892 385">
    <p class='ocr_par' dir='ltr' id='par_1_23' title="bbox 1128 345 1892 385">
     <span class='ocr_line' id='line_1_23' title="bbox 1128 345 1892 385; baseline -0.01 -6"><span class='ocrx_word' id='word_1_141' title='bbox 1128 352 1202 385; x_wconf 80' lang='grc' dir='ltr'>δίων,</span> <span class='ocrx_word' id='word_1_142' title='bbox 1217 351 1264 383; x_wconf 80' lang='grc' dir='ltr'><strong>οὓς</strong></span> <span class='ocrx_word' id='word_1_143' title='bbox 1277 351 1355 385; x_wconf 86' lang='grc' dir='ltr'>λόγος</span> <span class='ocrx_word' id='word_1_144' title='bbox 1369 351 1477 385; x_wconf 81' lang='grc' dir='ltr'>κατεῖχε</span> <span class='ocrx_word' id='word_1_145' title='bbox 1494 348 1578 375; x_wconf 78' lang='grc' dir='ltr'>πάλαι</span> <span class='ocrx_word' id='word_1_146' title='bbox 1593 345 1748 384; x_wconf 83' lang='grc' dir='ltr'>ἀνῃρεῖσθαι</span> <span class='ocrx_word' id='word_1_147' title='bbox 1760 366 1767 377; x_wconf 88' lang='grc'><strong>,</strong></span> <span class='ocrx_word' id='word_1_148' title='bbox 1788 346 1828 372; x_wconf 68' lang='grc' dir='ltr'><strong>διε</strong></span> <span class='ocrx_word' id='word_1_149' title='bbox 1843 347 1892 377; x_wconf 80' lang='grc' dir='ltr'>ταῖς</span> 
     </span>
    </p>
   </div>
   <div class='ocr_carea' id='block_1_24' title="bbox 1129 391 1892 432">
    <p class='ocr_par' dir='ltr' id='par_1_24' title="bbox 1129 391 1892 432">
     <span class='ocr_line' id='line_1_24' title="bbox 1129 391 1892 432; baseline -0.009 -8"><span class='ocrx_word' id='word_1_150' title='bbox 1129 398 1172 424; x_wconf 83' lang='grc' dir='ltr'><strong>διὰ</strong></span> <span class='ocrx_word' id='word_1_151' title='bbox 1187 398 1346 432; x_wconf 83' lang='grc' dir='ltr'>σπλάγχνων</span> <span class='ocrx_word' id='word_1_152' title='bbox 1357 396 1494 432; x_wconf 72' lang='grc' dir='ltr'><strong>μαντείαις</strong></span> <span class='ocrx_word' id='word_1_153' title='bbox 1507 394 1624 430; x_wconf 75' lang='grc' dir='ltr'>ἐχρῶντο</span> <span class='ocrx_word' id='word_1_154' title='bbox 1636 393 1772 428; x_wconf 85' lang='grc' dir='ltr'>Ἕλληνες,</span> <span class='ocrx_word' id='word_1_155' title='bbox 1785 391 1827 418; x_wconf 79' lang='grc' dir='ltr'>καὶ</span> <span class='ocrx_word' id='word_1_156' title='bbox 1837 400 1892 427; x_wconf 86' lang='grc' dir='ltr'>μαν-</span> 
     </span>
    </p>
   </div>
   <div class='ocr_carea' id='block_1_25' title="bbox 1129 438 1893 479">
    <p class='ocr_par' dir='ltr' id='par_1_25' title="bbox 1129 438 1893 479">
     <span class='ocr_line' id='line_1_25' title="bbox 1129 438 1893 479; baseline -0.009 -9"><span class='ocrx_word' id='word_1_157' title='bbox 1129 443 1208 475; x_wconf 78' lang='grc' dir='ltr'>τικὰς</span> <span class='ocrx_word' id='word_1_158' title='bbox 1223 443 1260 479; x_wconf 86' lang='lat' dir='ltr'><strong>(b)</strong></span> <span class='ocrx_word' id='word_1_159' title='bbox 1280 442 1422 469; x_wconf 75' lang='grc' dir='ltr'>ἐπετέλουν</span> <span class='ocrx_word' id='word_1_160' title='bbox 1436 441 1541 473; x_wconf 77' lang='grc' dir='ltr'><strong>Θυσίας,</strong></span> <span class='ocrx_word' id='word_1_161' title='bbox 1561 438 1839 474; x_wconf 83' lang='grc' dir='ltr'>καταμαγγανεύοντες</span> <span class='ocrx_word' id='word_1_162' title='bbox 1852 438 1893 469; x_wconf 77' lang='grc' dir='ltr'>τὰς</span> 
     </span>
    </p>
   </div>
   <div class='ocr_carea' id='block_1_26' title="bbox 1129 483 1893 524">
    <p class='ocr_par' dir='ltr' id='par_1_26' title="bbox 1129 483 1893 524">
     <span class='ocr_line' id='line_1_26' title="bbox 1129 483 1893 524; baseline -0.01 -8"><span class='ocrx_word' id='word_1_163' title='bbox 1129 489 1228 524; x_wconf 76' lang='grc' dir='ltr'>ψυχάς.</span> <span class='ocrx_word' id='word_1_164' title='bbox 1254 489 1284 515; x_wconf 82' lang='grc' dir='ltr'><strong>Οἱ</strong></span> <span class='ocrx_word' id='word_1_165' title='bbox 1307 485 1353 514; x_wconf 82' lang='grc' dir='ltr'>οὖν</span> <span class='ocrx_word' id='word_1_166' title='bbox 1373 485 1544 522; x_wconf 77' lang='grc' dir='ltr'><strong>Χριστιανοὶ,</strong></span> <span class='ocrx_word' id='word_1_167' title='bbox 1567 483 1654 511; x_wconf 78' lang='grc' dir='ltr'>ταῦτα</span> <span class='ocrx_word' id='word_1_168' title='bbox 1676 483 1796 519; x_wconf 82' lang='grc' dir='ltr'>εὑρόντες</span> <span class='ocrx_word' id='word_1_169' title='bbox 1817 483 1843 509; x_wconf 89' lang='grc' dir='ltr'>ὲν</span> <span class='ocrx_word' id='word_1_170' title='bbox 1861 483 1893 518; x_wconf 80' lang='grc' dir='ltr'><strong>τῷ</strong></span> 
     </span>
    </p>
   </div>
   <div class='ocr_carea' id='block_1_27' title="bbox 1129 528 1894 570">
    <p class='ocr_par' dir='ltr' id='par_1_27' title="bbox 1129 528 1894 570">
     <span class='ocr_line' id='line_1_27' title="bbox 1129 528 1894 570; baseline -0.01 -8"><span class='ocrx_word' id='word_1_171' title='bbox 1129 536 1218 570; x_wconf 82' lang='grc' dir='ltr'><strong>ἀδύτῳ</strong></span> <span class='ocrx_word' id='word_1_172' title='bbox 1233 534 1279 561; x_wconf 75' lang='grc' dir='ltr'>τοῦ</span> <span class='ocrx_word' id='word_1_173' title='bbox 1300 534 1414 569; x_wconf 80' lang='grc' dir='ltr'><strong>Μίθρου,</strong></span> <span class='ocrx_word' id='word_1_174' title='bbox 1437 531 1553 566; x_wconf 81' lang='grc' dir='ltr'>σπουδὴν</span> <span class='ocrx_word' id='word_1_175' title='bbox 1573 532 1608 565; x_wconf 85' lang='lat' dir='ltr'><strong>(c)</strong></span> <span class='ocrx_word' id='word_1_176' title='bbox 1626 530 1716 556; x_wconf 73' lang='grc' dir='ltr'>ἔθεντο</span> <span class='ocrx_word' id='word_1_177' title='bbox 1737 530 1813 556; x_wconf 76' lang='grc' dir='ltr'>πᾶσιν</span> <span class='ocrx_word' id='word_1_178' title='bbox 1825 530 1849 555; x_wconf 75' lang='grc' dir='ltr'>ὲν</span> <span class='ocrx_word' id='word_1_179' title='bbox 1862 528 1894 563; x_wconf 78' lang='grc' dir='ltr'>τῷ</span> 
     </span>
    </p>
   </div>
   <div class='ocr_carea' id='block_1_28' title="bbox 1132 575 1893 616">
    <p class='ocr_par' dir='ltr' id='par_1_28' title="bbox 1132 575 1893 616">
     <span class='ocr_line' id='line_1_28' title="bbox 1132 575 1893 616; baseline -0.009 -9"><span class='ocrx_word' id='word_1_180' title='bbox 1132 580 1239 616; x_wconf 83' lang='grc' dir='ltr'>φανερῷ</span> <span class='ocrx_word' id='word_1_181' title='bbox 1253 579 1360 614; x_wconf 77' lang='grc' dir='ltr'>γέλωτα</span> <span class='ocrx_word' id='word_1_182' title='bbox 1374 579 1458 610; x_wconf 79' lang='grc' dir='ltr'>δεῖξαι</span> <span class='ocrx_word' id='word_1_183' title='bbox 1480 577 1534 604; x_wconf 87' lang='grc' dir='ltr'><strong>τῶν</strong></span> <span class='ocrx_word' id='word_1_184' title='bbox 1555 576 1689 612; x_wconf 81' lang='grc' dir='ltr'>Ἐλλήνων</span> <span class='ocrx_word' id='word_1_185' title='bbox 1712 576 1745 601; x_wconf 82' lang='grc' dir='ltr'>τὰ</span> <span class='ocrx_word' id='word_1_186' title='bbox 1766 575 1893 610; x_wconf 72' lang='grc' dir='ltr'>μυστήρια,</span> 
     </span>
    </p>
   </div>
   <div class='ocr_carea' id='block_1_29' title="bbox 1131 620 1895 661">
    <p class='ocr_par' dir='ltr' id='par_1_29' title="bbox 1131 620 1895 661">
     <span class='ocr_line' id='line_1_29' title="bbox 1131 620 1895 661; baseline -0.009 -8"><span class='ocrx_word' id='word_1_187' title='bbox 1131 625 1315 661; x_wconf 80' lang='grc' dir='ltr'>ὲξεπόμπεύόν</span> <span class='ocrx_word' id='word_1_188' title='bbox 1338 633 1369 651; x_wconf 83' lang='grc' dir='ltr'><strong>τε</strong></span> <span class='ocrx_word' id='word_1_189' title='bbox 1394 625 1475 656; x_wconf 77' lang='grc' dir='ltr'>εὐθὺς</span> <span class='ocrx_word' id='word_1_190' title='bbox 1496 623 1588 658; x_wconf 82' lang='grc' dir='ltr'>γυμνὰ</span> <span class='ocrx_word' id='word_1_191' title='bbox 1607 622 1646 658; x_wconf 82' lang='grc' dir='ltr'>τῷ</span> <span class='ocrx_word' id='word_1_192' title='bbox 1665 623 1742 657; x_wconf 84' lang='grc' dir='ltr'>δήμῳ</span> <span class='ocrx_word' id='word_1_193' title='bbox 1762 621 1794 648; x_wconf 76' lang='grc' dir='ltr'>τὰ</span> <span class='ocrx_word' id='word_1_194' title='bbox 1812 620 1895 655; x_wconf 79' lang='grc' dir='ltr'>κρανία</span> 
     </span>
    </p>
   </div>
   <div class='ocr_carea' id='block_1_30' title="bbox 1131 667 1896 706">
    <p class='ocr_par' dir='ltr' id='par_1_30' title="bbox 1131 667 1896 706">
     <span class='ocr_line' id='line_1_30' title="bbox 1131 667 1896 706; baseline -0.01 -7"><span class='ocrx_word' id='word_1_195' title='bbox 1131 672 1304 703; x_wconf 80' lang='grc' dir='ltr'>δεικνύοντες.</span> <span class='ocrx_word' id='word_1_196' title='bbox 1313 671 1404 698; x_wconf 80' lang='grc' dir='ltr'>Ταῦτα</span> <span class='ocrx_word' id='word_1_197' title='bbox 1410 670 1525 706; x_wconf 83' lang='grc' dir='ltr'>ὁρῶντες</span> <span class='ocrx_word' id='word_1_198' title='bbox 1535 670 1558 696; x_wconf 92' lang='grc' dir='ltr'>οἱ</span> <span class='ocrx_word' id='word_1_199' title='bbox 1571 669 1642 696; x_wconf 78' lang='grc' dir='ltr'>κατὰ</span> <span class='ocrx_word' id='word_1_200' title='bbox 1655 668 1703 704; x_wconf 82' lang='grc' dir='ltr'>τὴν</span> <span class='ocrx_word' id='word_1_201' title='bbox 1715 667 1896 702; x_wconf 76' lang='grc' dir='ltr'>Ἀλεξάνδρειαν</span> 
     </span>
    </p>
   </div>
   <div class='ocr_carea' id='block_1_31' title="bbox 1134 713 1898 752">
    <p class='ocr_par' dir='ltr' id='par_1_31' title="bbox 1134 713 1898 752">
     <span class='ocr_line' id='line_1_31' title="bbox 1134 713 1898 752; baseline -0.009 -8"><span class='ocrx_word' id='word_1_202' title='bbox 1134 718 1272 752; x_wconf 85' lang='grc' dir='ltr'>Ἕλληνες,</span> <span class='ocrx_word' id='word_1_203' title='bbox 1294 717 1340 743; x_wconf 75' lang='grc' dir='ltr'>καὶ</span> <span class='ocrx_word' id='word_1_204' title='bbox 1366 715 1403 751; x_wconf 84' lang='grc' dir='ltr'>μὴ</span> <span class='ocrx_word' id='word_1_205' title='bbox 1421 715 1549 750; x_wconf 78' lang='grc' dir='ltr'>φέροντες</span> <span class='ocrx_word' id='word_1_206' title='bbox 1572 714 1602 740; x_wconf 81' lang='grc' dir='ltr'>τὸ</span> <span class='ocrx_word' id='word_1_207' title='bbox 1617 713 1664 740; x_wconf 79' lang='grc' dir='ltr'>τοῦ</span> <span class='ocrx_word' id='word_1_208' title='bbox 1683 714 1836 749; x_wconf 82' lang='grc' dir='ltr'>πράγματος</span> <span class='ocrx_word' id='word_1_209' title='bbox 1857 713 1898 737; x_wconf 76' lang='grc' dir='ltr'><strong>ἐπ-</strong></span> 
     </span>
    </p>
   </div>
   <div class='ocr_carea' id='block_1_32' title="bbox 1133 758 1898 796">
    <p class='ocr_par' dir='ltr' id='par_1_32' title="bbox 1133 758 1898 796">
     <span class='ocr_line' id='line_1_32' title="bbox 1133 758 1898 796; baseline -0.009 -6"><span class='ocrx_word' id='word_1_210' title='bbox 1133 763 1287 794; x_wconf 82' lang='grc' dir='ltr'>ονείδιστον,</span> <span class='ocrx_word' id='word_1_211' title='bbox 1310 762 1350 793; x_wconf 87' lang='grc' dir='ltr'>εἰς</span> <span class='ocrx_word' id='word_1_212' title='bbox 1371 762 1455 796; x_wconf 81' lang='grc' dir='ltr'>ὀργὴν</span> <span class='ocrx_word' id='word_1_213' title='bbox 1470 761 1640 794; x_wconf 70' lang='grc' dir='ltr'>ἑξάπτονται,</span> <span class='ocrx_word' id='word_1_214' title='bbox 1657 760 1705 786; x_wconf 71' lang='grc' dir='ltr'>καὶ</span> <span class='ocrx_word' id='word_1_215' title='bbox 1717 760 1769 785; x_wconf 75' lang='grc' dir='ltr'>πᾶν</span> <span class='ocrx_word' id='word_1_216' title='bbox 1780 758 1808 784; x_wconf 85' lang='grc' dir='ltr'>τὺ</span> <span class='ocrx_word' id='word_1_217' title='bbox 1826 766 1898 792; x_wconf 78' lang='grc' dir='ltr'>παρα-</span> 
     </span>
    </p>
   </div>
   <div class='ocr_carea' id='block_1_33' title="bbox 1133 803 1899 843">
    <p class='ocr_par' dir='ltr' id='par_1_33' title="bbox 1133 803 1899 843">
     <span class='ocr_line' id='line_1_33' title="bbox 1133 803 1899 843; baseline -0.012 -8"><span class='ocrx_word' id='word_1_218' title='bbox 1133 808 1212 843; x_wconf 78' lang='grc' dir='ltr'>τυχὸν</span> <span class='ocrx_word' id='word_1_219' title='bbox 1225 807 1305 834; x_wconf 76' lang='grc' dir='ltr'>ὅπλον</span> <span class='ocrx_word' id='word_1_220' title='bbox 1320 808 1491 842; x_wconf 74' lang='grc' dir='ltr'>ποιούμενοι,</span> <span class='ocrx_word' id='word_1_221' title='bbox 1507 805 1612 842; x_wconf 83' lang='grc' dir='ltr'>ὁρμῶσι</span> <span class='ocrx_word' id='word_1_222' title='bbox 1633 804 1704 831; x_wconf 84' lang='grc' dir='ltr'>κατὰ</span> <span class='ocrx_word' id='word_1_223' title='bbox 1720 803 1772 830; x_wconf 83' lang='grc' dir='ltr'><strong>τῶν</strong></span> <span class='ocrx_word' id='word_1_224' title='bbox 1785 803 1899 837; x_wconf 81' lang='grc' dir='ltr'>Χριστια-</span> 
     </span>
    </p>
   </div>
   <div class='ocr_carea' id='block_1_34' title="bbox 1133 849 1899 890">
    <p class='ocr_par' dir='ltr' id='par_1_34' title="bbox 1133 849 1899 890">
     <span class='ocr_line' id='line_1_34' title="bbox 1133 849 1899 890; baseline -0.009 -7"><span class='ocrx_word' id='word_1_225' title='bbox 1133 856 1163 888; x_wconf 67' lang='lat' dir='ltr'><strong>se</strong></span> <span class='ocrx_word' id='word_1_226' title='bbox 1179 855 1278 883; x_wconf 83' lang='grc' dir='ltr'>αὑτῶν,</span> <span class='ocrx_word' id='word_1_227' title='bbox 1298 854 1370 886; x_wconf 79' lang='grc' dir='ltr'>Τοὺς</span> <span class='ocrx_word' id='word_1_228' title='bbox 1394 855 1442 890; x_wconf 84' lang='grc' dir='ltr'>μὲν</span> <span class='ocrx_word' id='word_1_229' title='bbox 1462 853 1516 888; x_wconf 76' lang='grc' dir='ltr'>γὰρ</span> <span class='ocrx_word' id='word_1_230' title='bbox 1543 853 1646 888; x_wconf 81' lang='grc' dir='ltr'>ξίφεσι,</span> <span class='ocrx_word' id='word_1_231' title='bbox 1667 853 1729 884; x_wconf 77' lang='grc' dir='ltr'>τοὺς</span> <span class='ocrx_word' id='word_1_232' title='bbox 1755 851 1782 878; x_wconf 82' lang='grc' dir='ltr'><strong>δὲ</strong></span> <span class='ocrx_word' id='word_1_233' title='bbox 1797 849 1899 883; x_wconf 81' lang='grc' dir='ltr'>λίθοιςῆ</span> 
     </span>
    </p>
   </div>
   <div class='ocr_carea' id='block_1_35' title="bbox 299 898 1900 941">
    <p class='ocr_par' dir='ltr' id='par_1_35' title="bbox 299 898 1900 941">
     <span class='ocr_line' id='line_1_35' title="bbox 299 898 1900 941; baseline -0.002 -11"><span class='ocrx_word' id='word_1_234' title='bbox 299 902 387 936; x_wconf 79' lang='grc' dir='ltr'>ξύλοις</span> <span class='ocrx_word' id='word_1_235' title='bbox 399 904 560 931; x_wconf 80' lang='grc' dir='ltr'>ἀπέκτειναν</span> <span class='ocrx_word' id='word_1_236' title='bbox 570 913 576 919; x_wconf 87' lang='grc'>·</span> <span class='ocrx_word' id='word_1_237' title='bbox 596 904 670 936; x_wconf 74' lang='grc' dir='ltr'>τινὰς</span> <span class='ocrx_word' id='word_1_238' title='bbox 684 904 712 931; x_wconf 85' lang='grc' dir='ltr'><strong>δὲ</strong></span> <span class='ocrx_word' id='word_1_239' title='bbox 731 904 820 931; x_wconf 75' lang='grc' dir='ltr'>αὐτῶν</span> <span class='ocrx_word' id='word_1_240' title='bbox 838 905 885 932; x_wconf 72' lang='grc' dir='ltr'><strong>καὶ</strong></span> <span class='ocrx_word' id='word_1_241' title='bbox 900 905 1082 941; x_wconf 83' lang='grc' dir='ltr'>ἐσταύρωσαν.</span> <span class='ocrx_word' id='word_1_242' title='bbox 1102 905 1153 931; x_wconf 86' lang='grc' dir='ltr'><strong>Τὸν</strong></span> <span class='ocrx_word' id='word_1_243' title='bbox 1168 904 1196 930; x_wconf 82' lang='grc' dir='ltr'>δὲ</span> <span class='ocrx_word' id='word_1_244' title='bbox 1212 903 1345 940; x_wconf 85' lang='grc' dir='ltr'>Γεώργιον</span> <span class='ocrx_word' id='word_1_245' title='bbox 1357 903 1406 938; x_wconf 78' lang='grc' dir='ltr'>τῆς</span> <span class='ocrx_word' id='word_1_246' title='bbox 1437 901 1583 937; x_wconf 83' lang='grc' dir='ltr'>ἐκκλησίας</span> <span class='ocrx_word' id='word_1_247' title='bbox 1611 900 1785 936; x_wconf 83' lang='grc' dir='ltr'>ὲκσύραντες,</span> <span class='ocrx_word' id='word_1_248' title='bbox 1801 898 1900 934; x_wconf 81' lang='grc' dir='ltr'>καμήλῳ</span> 
     </span>
    </p>
   </div>
   <div class='ocr_carea' id='block_1_36' title="bbox 298 949 1181 987">
    <p class='ocr_par' dir='ltr' id='par_1_36' title="bbox 298 949 1181 987">
     <span class='ocr_line' id='line_1_36' title="bbox 298 949 1181 987; baseline 0.002 -11"><span class='ocrx_word' id='word_1_249' title='bbox 298 949 327 977; x_wconf 80' lang='grc' dir='ltr'>δὲ</span> <span class='ocrx_word' id='word_1_250' title='bbox 339 950 547 985; x_wconf 81' lang='grc' dir='ltr'>προσδήσαντες,</span> <span class='ocrx_word' id='word_1_251' title='bbox 558 952 605 978; x_wconf 70' lang='grc' dir='ltr'>καὶ</span> <span class='ocrx_word' id='word_1_252' title='bbox 622 951 820 987; x_wconf 76' lang='grc' dir='ltr'>σπαράξαντες,</span> <span class='ocrx_word' id='word_1_253' title='bbox 840 952 889 978; x_wconf 80' lang='grc' dir='ltr'><strong>σὺν</strong></span> <span class='ocrx_word' id='word_1_254' title='bbox 911 952 979 987; x_wconf 85' lang='grc' dir='ltr'>αὑτῇ</span> <span class='ocrx_word' id='word_1_255' title='bbox 999 951 1181 978; x_wconf 76' lang='grc' dir='ltr'>κατέκαυσαν.</span> 
     </span>
    </p>
   </div>
   <div class='ocr_carea' id='block_1_37' title="bbox 335 996 1120 1032">
    <p class='ocr_par' dir='ltr' id='par_1_37' title="bbox 335 996 1120 1032">
     <span class='ocr_line' id='line_1_37' title="bbox 335 996 1120 1032; baseline 0.001 -9"><span class='ocrx_word' id='word_1_256' title='bbox 335 997 381 1025; x_wconf 80' lang='grc'><strong>15.</strong></span> <span class='ocrx_word' id='word_1_257' title='bbox 397 996 519 1024; x_wconf 84' lang='lat' dir='ltr'><strong>Julianus</strong></span> <span class='ocrx_word' id='word_1_258' title='bbox 530 1004 612 1032; x_wconf 92' lang='lat' dir='ltr'><strong>porro</strong></span> <span class='ocrx_word' id='word_1_259' title='bbox 625 997 739 1032; x_wconf 87' lang='lat' dir='ltr'><strong>imperio</strong></span> <span class='ocrx_word' id='word_1_260' title='bbox 753 998 865 1031; x_wconf 80' lang='lat' dir='ltr'><strong>potitus,</strong></span> <span class='ocrx_word' id='word_1_261' title='bbox 879 1003 907 1024; x_wconf 89' lang='lat' dir='ltr'><strong>ut</strong></span> <span class='ocrx_word' id='word_1_262' title='bbox 919 998 1020 1024; x_wconf 90' lang='lat' dir='ltr'><strong>dictum</strong></span> <span class='ocrx_word' id='word_1_263' title='bbox 1030 1002 1083 1029; x_wconf 88' lang='lat' dir='ltr'><strong>est,</strong></span> <span class='ocrx_word' id='word_1_264' title='bbox 1098 1002 1120 1029; x_wconf 78' lang='grc' dir='ltr'><strong><em>Β</em></strong></span> 
     </span>
    </p>
   </div>
   <div class='ocr_carea' id='block_1_38' title="bbox 300 1042 1082 1078">
    <p class='ocr_par' dir='ltr' id='par_1_38' title="bbox 300 1042 1082 1078">
     <span class='ocr_line' id='line_1_38' title="bbox 300 1042 1082 1078; baseline 0.001 -9"><span class='ocrx_word' id='word_1_265' title='bbox 300 1050 362 1070; x_wconf 89' lang='lat' dir='ltr'><strong>eum</strong></span> <span class='ocrx_word' id='word_1_266' title='bbox 376 1046 485 1070; x_wconf 87' lang='lat' dir='ltr'><strong>curaret</strong></span> <span class='ocrx_word' id='word_1_267' title='bbox 501 1043 592 1069; x_wconf 85' lang='lat' dir='ltr'><strong>omnia</strong></span> <span class='ocrx_word' id='word_1_268' title='bbox 605 1043 757 1070; x_wconf 84' lang='lat' dir='ltr'><strong>Constantii</strong></span> <span class='ocrx_word' id='word_1_269' title='bbox 776 1042 844 1070; x_wconf 76' lang='lat' dir='ltr'><strong>facta</strong></span> <span class='ocrx_word' id='word_1_270' title='bbox 858 1044 989 1078; x_wconf 75' lang='lat' dir='ltr'><strong>abrogare</strong></span> <span class='ocrx_word' id='word_1_271' title='bbox 1004 1063 1012 1074; x_wconf 87' lang='lat'>.</span> <span class='ocrx_word' id='word_1_272' title='bbox 1032 1051 1082 1070; x_wconf 80' lang='lat' dir='ltr'><strong>ex-</strong></span> 
     </span>
    </p>
   </div>
   <div class='ocr_carea' id='block_1_39' title="bbox 300 1088 1083 1117">
    <p class='ocr_par' dir='ltr' id='par_1_39' title="bbox 300 1088 1083 1117">
     <span class='ocr_line' id='line_1_39' title="bbox 300 1088 1083 1117; baseline 0.001 -2"><span class='ocrx_word' id='word_1_273' title='bbox 300 1088 373 1116; x_wconf 85' lang='lat' dir='ltr'><strong>sules</strong></span> <span class='ocrx_word' id='word_1_274' title='bbox 385 1095 480 1116; x_wconf 86' lang='lat' dir='ltr'><strong>omnes</strong></span> <span class='ocrx_word' id='word_1_275' title='bbox 494 1089 643 1115; x_wconf 82' lang='lat' dir='ltr'><strong>revocavit.</strong></span> <span class='ocrx_word' id='word_1_276' title='bbox 659 1088 694 1116; x_wconf 88' lang='lat' dir='ltr'><strong>Ut</strong></span> <span class='ocrx_word' id='word_1_277' title='bbox 708 1089 782 1116; x_wconf 75' lang='lat' dir='ltr'><strong>novit</strong></span> <span class='ocrx_word' id='word_1_278' title='bbox 797 1089 861 1116; x_wconf 89' lang='lat' dir='ltr'><strong>illud</strong></span> <span class='ocrx_word' id='word_1_279' title='bbox 878 1094 988 1117; x_wconf 88' lang='lat' dir='ltr'><strong>sanctus</strong></span> <span class='ocrx_word' id='word_1_280' title='bbox 999 1090 1083 1116; x_wconf 86' lang='lat' dir='ltr'><strong>Atha-</strong></span> 
     </span>
    </p>
   </div>
   <div class='ocr_carea' id='block_1_40' title="bbox 301 1135 1082 1170">
    <p class='ocr_par' dir='ltr' id='par_1_40' title="bbox 301 1135 1082 1170">
     <span class='ocr_line' id='line_1_40' title="bbox 301 1135 1082 1170; baseline 0.004 -10"><span class='ocrx_word' id='word_1_281' title='bbox 301 1135 414 1166; x_wconf 87' lang='lat' dir='ltr'><strong>nasius,</strong></span> <span class='ocrx_word' id='word_1_282' title='bbox 442 1136 555 1162; x_wconf 87' lang='lat' dir='ltr'><strong>honeste</strong></span> <span class='ocrx_word' id='word_1_283' title='bbox 574 1135 687 1162; x_wconf 87' lang='lat' dir='ltr'><strong>vestitus</strong></span> <span class='ocrx_word' id='word_1_284' title='bbox 709 1143 836 1170; x_wconf 81' lang='lat' dir='ltr'><strong>egressus</strong></span> <span class='ocrx_word' id='word_1_285' title='bbox 863 1136 944 1163; x_wconf 89' lang='lat' dir='ltr'><strong>domo</strong></span> <span class='ocrx_word' id='word_1_286' title='bbox 959 1136 1082 1170; x_wconf 81' lang='lat' dir='ltr'><strong>virginis,</strong></span> 
     </span>
    </p>
   </div>
   <div class='ocr_carea' id='block_1_41' title="bbox 301 1181 1085 1214">
    <p class='ocr_par' dir='ltr' id='par_1_41' title="bbox 301 1181 1085 1214">
     <span class='ocr_line' id='line_1_41' title="bbox 301 1181 1085 1214; baseline 0.004 -8"><span class='ocrx_word' id='word_1_287' title='bbox 301 1187 381 1214; x_wconf 86' lang='lat' dir='ltr'><strong>quam</strong></span> <span class='ocrx_word' id='word_1_288' title='bbox 394 1181 516 1214; x_wconf 87' lang='lat' dir='ltr'><strong>superius</strong></span> <span class='ocrx_word' id='word_1_289' title='bbox 532 1182 690 1212; x_wconf 79' lang='lat' dir='ltr'><strong>memoravi,</strong></span> <span class='ocrx_word' id='word_1_290' title='bbox 706 1189 799 1208; x_wconf 88' lang='lat' dir='ltr'><strong>rursus</strong></span> <span class='ocrx_word' id='word_1_291' title='bbox 813 1186 890 1208; x_wconf 89' lang='lat' dir='ltr'><strong>nocte</strong></span> <span class='ocrx_word' id='word_1_292' title='bbox 904 1182 1031 1208; x_wconf 88' lang='lat' dir='ltr'><strong>inventus</strong></span> <span class='ocrx_word' id='word_1_293' title='bbox 1043 1187 1085 1209; x_wconf 83' lang='lat' dir='ltr'><strong>est</strong></span> 
     </span>
    </p>
   </div>
   <div class='ocr_carea' id='block_1_42' title="bbox 303 1225 1085 1260">
    <p class='ocr_par' dir='ltr' id='par_1_42' title="bbox 303 1225 1085 1260">
     <span class='ocr_line' id='line_1_42' title="bbox 303 1225 1085 1260; baseline 0.005 -10"><span class='ocrx_word' id='word_1_294' title='bbox 303 1225 328 1250; x_wconf 94' lang='lat' dir='ltr'><strong>in</strong></span> <span class='ocrx_word' id='word_1_295' title='bbox 346 1225 485 1251; x_wconf 85' lang='lat' dir='ltr'><strong>ecclesia:</strong></span> <span class='ocrx_word' id='word_1_296' title='bbox 503 1232 582 1260; x_wconf 85' lang='lat' dir='ltr'><strong>quem</strong></span> <span class='ocrx_word' id='word_1_297' title='bbox 609 1225 808 1253; x_wconf 84' lang='lat' dir='ltr'><strong>Alexandrinus</strong></span> <span class='ocrx_word' id='word_1_298' title='bbox 832 1226 946 1260; x_wconf 81' lang='lat' dir='ltr'><strong>populus</strong></span> <span class='ocrx_word' id='word_1_299' title='bbox 970 1226 1085 1254; x_wconf 79' lang='lat' dir='ltr'><strong>libenter</strong></span> 
     </span>
    </p>
   </div>
   <div class='ocr_carea' id='block_1_43' title="bbox 301 1270 1084 1307">
    <p class='ocr_par' dir='ltr' id='par_1_43' title="bbox 301 1270 1084 1307">
     <span class='ocr_line' id='line_1_43' title="bbox 301 1270 1084 1307; baseline 0.003 -10"><span class='ocrx_word' id='word_1_300' title='bbox 301 1270 418 1304; x_wconf 82' lang='lat' dir='ltr'><strong>excepit,</strong></span> <span class='ocrx_word' id='word_1_301' title='bbox 430 1271 506 1305; x_wconf 85' lang='lat' dir='ltr'><strong>quasi</strong></span> <span class='ocrx_word' id='word_1_302' title='bbox 521 1271 680 1299; x_wconf 83' lang='lat' dir='ltr'><strong>redivivum.</strong></span> <span class='ocrx_word' id='word_1_303' title='bbox 694 1271 898 1299; x_wconf 73' lang='lat' dir='ltr'><strong>Excusationem</strong></span> <span class='ocrx_word' id='word_1_304' title='bbox 912 1280 992 1307; x_wconf 90' lang='lat' dir='ltr'><strong>porro</strong></span> <span class='ocrx_word' id='word_1_305' title='bbox 1006 1273 1084 1299; x_wconf 91' lang='lat' dir='ltr'><strong>istam</strong></span> 
     </span>
    </p>
   </div>
   <div class='ocr_carea' id='block_1_44' title="bbox 302 1316 1083 1354">
    <p class='ocr_par' dir='ltr' id='par_1_44' title="bbox 302 1316 1083 1354">
     <span class='ocr_line' id='line_1_44' title="bbox 302 1316 1083 1354; baseline 0.005 -12"><span class='ocrx_word' id='word_1_306' title='bbox 302 1316 397 1344; x_wconf 81' lang='lat' dir='ltr'><strong>amicis</strong></span> <span class='ocrx_word' id='word_1_307' title='bbox 421 1317 511 1344; x_wconf 91' lang='lat' dir='ltr'><strong>attulit</strong></span> <span class='ocrx_word' id='word_1_308' title='bbox 529 1326 535 1344; x_wconf 90' lang='lat'>:</span> <span class='ocrx_word' id='word_1_309' title='bbox 552 1317 589 1344; x_wconf 87' lang='lat' dir='ltr'><strong>Ea</strong></span> <span class='ocrx_word' id='word_1_310' title='bbox 611 1318 644 1344; x_wconf 90' lang='lat' dir='ltr'><strong>de</strong></span> <span class='ocrx_word' id='word_1_311' title='bbox 668 1325 751 1346; x_wconf 88' lang='lat' dir='ltr'><strong>causa</strong></span> <span class='ocrx_word' id='word_1_312' title='bbox 772 1318 806 1346; x_wconf 88' lang='lat' dir='ltr'><strong>ad</strong></span> <span class='ocrx_word' id='word_1_313' title='bbox 821 1325 869 1345; x_wconf 81' lang='lat' dir='ltr'><strong>vos</strong></span> <span class='ocrx_word' id='word_1_314' title='bbox 890 1326 941 1346; x_wconf 94' lang='lat' dir='ltr'><strong>non</strong></span> <span class='ocrx_word' id='word_1_315' title='bbox 957 1318 1083 1354; x_wconf 73' lang='lat' dir='ltr'><strong>confugi;</strong></span> 
     </span>
    </p>
   </div>
   <div class='ocr_carea' id='block_1_45' title="bbox 302 1362 1084 1398">
    <p class='ocr_par' dir='ltr' id='par_1_45' title="bbox 302 1362 1084 1398">
     <span class='ocr_line' id='line_1_45' title="bbox 302 1362 1084 1398; baseline 0.005 -11"><span class='ocrx_word' id='word_1_316' title='bbox 302 1368 363 1388; x_wconf 89' lang='lat' dir='ltr'><strong>cum</strong></span> <span class='ocrx_word' id='word_1_317' title='bbox 377 1366 405 1388; x_wconf 85' lang='lat' dir='ltr'><strong>ut</strong></span> <span class='ocrx_word' id='word_1_318' title='bbox 416 1362 567 1396; x_wconf 83' lang='lat' dir='ltr'><strong>tutejurare</strong></span> <span class='ocrx_word' id='word_1_319' title='bbox 584 1363 698 1397; x_wconf 85' lang='lat' dir='ltr'><strong>possetis</strong></span> <span class='ocrx_word' id='word_1_320' title='bbox 711 1364 763 1398; x_wconf 90' lang='lat' dir='ltr'><strong>(me</strong></span> <span class='ocrx_word' id='word_1_321' title='bbox 781 1365 851 1398; x_wconf 82' lang='lat' dir='ltr'><strong>apud</strong></span> <span class='ocrx_word' id='word_1_322' title='bbox 865 1372 907 1391; x_wconf 71' lang='lat' dir='ltr'><strong>vos</strong></span> <span class='ocrx_word' id='word_1_323' title='bbox 920 1372 971 1391; x_wconf 83' lang='lat' dir='ltr'><strong>non</strong></span> <span class='ocrx_word' id='word_1_324' title='bbox 982 1365 1084 1398; x_wconf 80' lang='lat' dir='ltr'><strong>latere),</strong></span> 
     </span>
    </p>
   </div>
   <div class='ocr_carea' id='block_1_46' title="bbox 303 1408 1083 1442">
    <p class='ocr_par' dir='ltr' id='par_1_46' title="bbox 303 1408 1083 1442">
     <span class='ocr_line' id='line_1_46' title="bbox 303 1408 1083 1442; baseline 0.005 -10"><span class='ocrx_word' id='word_1_325' title='bbox 303 1412 359 1433; x_wconf 88' lang='lat' dir='ltr'><strong>tum</strong></span> <span class='ocrx_word' id='word_1_326' title='bbox 382 1411 490 1441; x_wconf 88' lang='lat' dir='ltr'><strong>propter</strong></span> <span class='ocrx_word' id='word_1_327' title='bbox 515 1408 738 1442; x_wconf 90' lang='lat' dir='ltr'><strong>perquisitionem</strong></span> <span class='ocrx_word' id='word_1_328' title='bbox 752 1409 823 1442; x_wconf 86' lang='lat' dir='ltr'><strong>apud</strong></span> <span class='ocrx_word' id='word_1_329' title='bbox 848 1417 896 1436; x_wconf 79' lang='lat' dir='ltr'><strong>vos</strong></span> <span class='ocrx_word' id='word_1_330' title='bbox 923 1409 1083 1436; x_wconf 79' lang='lat' dir='ltr'><strong>faciendam.</strong></span> 
     </span>
    </p>
   </div>
   <div class='ocr_carea' id='block_1_47' title="bbox 303 1451 1085 1489">
    <p class='ocr_par' dir='ltr' id='par_1_47' title="bbox 303 1451 1085 1489">
     <span class='ocr_line' id='line_1_47' title="bbox 303 1451 1085 1489; baseline 0.006 -12"><span class='ocrx_word' id='word_1_331' title='bbox 303 1451 344 1478; x_wconf 82' lang='lat' dir='ltr'><strong>Ad</strong></span> <span class='ocrx_word' id='word_1_332' title='bbox 361 1451 433 1478; x_wconf 87' lang='lat' dir='ltr'><strong>illam</strong></span> <span class='ocrx_word' id='word_1_333' title='bbox 449 1459 531 1486; x_wconf 90' lang='lat' dir='ltr'><strong>porro</strong></span> <span class='ocrx_word' id='word_1_334' title='bbox 545 1451 664 1487; x_wconf 80' lang='lat' dir='ltr'><strong>confugi,</strong></span> <span class='ocrx_word' id='word_1_335' title='bbox 682 1453 708 1479; x_wconf 91' lang='lat' dir='ltr'><strong>in</strong></span> <span class='ocrx_word' id='word_1_336' title='bbox 723 1461 803 1487; x_wconf 89' lang='lat' dir='ltr'><strong>quam</strong></span> <span class='ocrx_word' id='word_1_337' title='bbox 819 1454 893 1480; x_wconf 86' lang='lat' dir='ltr'><strong>nulla</strong></span> <span class='ocrx_word' id='word_1_338' title='bbox 918 1454 1017 1482; x_wconf 83' lang='lat' dir='ltr'><strong>cadere</strong></span> <span class='ocrx_word' id='word_1_339' title='bbox 1037 1461 1085 1489; x_wconf 92' lang='lat' dir='ltr'><strong>po-</strong></span> 
     </span>
    </p>
   </div>
   <div class='ocr_carea' id='block_1_48' title="bbox 248 1497 1083 1540">
    <p class='ocr_par' dir='ltr' id='par_1_48' title="bbox 248 1497 1083 1540">
     <span class='ocr_line' id='line_1_48' title="bbox 248 1497 1083 1540; baseline 0.007 -18"><span class='ocrx_word' id='word_1_340' title='bbox 248 1533 257 1540; x_wconf 48' lang='grc'>.</span> <span class='ocrx_word' id='word_1_341' title='bbox 304 1500 375 1523; x_wconf 87' lang='lat' dir='ltr'><strong>terat</strong></span> <span class='ocrx_word' id='word_1_342' title='bbox 391 1497 518 1531; x_wconf 84' lang='lat' dir='ltr'><strong>suspicio,</strong></span> <span class='ocrx_word' id='word_1_343' title='bbox 539 1497 654 1530; x_wconf 91' lang='lat' dir='ltr'><strong>scilicet,</strong></span> <span class='ocrx_word' id='word_1_344' title='bbox 678 1498 712 1525; x_wconf 92' lang='lat' dir='ltr'><strong>ob</strong></span> <span class='ocrx_word' id='word_1_345' title='bbox 732 1499 850 1533; x_wconf 86' lang='lat' dir='ltr'><strong>speciem</strong></span> <span class='ocrx_word' id='word_1_346' title='bbox 865 1504 893 1526; x_wconf 87' lang='lat' dir='ltr'><strong>et</strong></span> <span class='ocrx_word' id='word_1_347' title='bbox 904 1500 1083 1534; x_wconf 90' lang='lat' dir='ltr'><strong>juventutem.</strong></span> 
     </span>
    </p>
   </div>
   <div class='ocr_carea' id='block_1_49' title="bbox 304 1542 1086 1579">
    <p class='ocr_par' dir='ltr' id='par_1_49' title="bbox 304 1542 1086 1579">
     <span class='ocr_line' id='line_1_49' title="bbox 304 1542 1086 1579; baseline 0.005 -10"><span class='ocrx_word' id='word_1_348' title='bbox 304 1542 505 1570; x_wconf 78' lang='lat' dir='ltr'><strong>Alexandrinus</strong></span> <span class='ocrx_word' id='word_1_349' title='bbox 522 1550 585 1571; x_wconf 78' lang='lat' dir='ltr'><strong>vero</strong></span> <span class='ocrx_word' id='word_1_350' title='bbox 598 1543 720 1578; x_wconf 82' lang='lat' dir='ltr'><strong>populus,</strong></span> <span class='ocrx_word' id='word_1_351' title='bbox 729 1545 814 1579; x_wconf 85' lang='lat' dir='ltr'><strong>pulsis</strong></span> <span class='ocrx_word' id='word_1_352' title='bbox 829 1546 863 1572; x_wconf 84' lang='lat' dir='ltr'><strong>ab</strong></span> <span class='ocrx_word' id='word_1_353' title='bbox 875 1546 998 1573; x_wconf 84' lang='lat' dir='ltr'><strong>ecclesiis</strong></span> <span class='ocrx_word' id='word_1_354' title='bbox 1007 1547 1086 1573; x_wconf 83' lang='lat' dir='ltr'><strong>Aria-</strong></span> 
     </span>
    </p>
   </div>
   <div class='ocr_carea' id='block_1_50' title="bbox 303 1589 1084 1621">
    <p class='ocr_par' dir='ltr' id='par_1_50' title="bbox 303 1589 1084 1621">
     <span class='ocr_line' id='line_1_50' title="bbox 303 1589 1084 1621; baseline 0.006 -7"><span class='ocrx_word' id='word_1_355' title='bbox 303 1589 346 1616; x_wconf 88' lang='lat' dir='ltr'><strong>nis</strong></span> <span class='ocrx_word' id='word_1_356' title='bbox 359 1609 367 1621; x_wconf 92' lang='lat'><strong>,</strong></span> <span class='ocrx_word' id='word_1_357' title='bbox 383 1589 501 1616; x_wconf 88' lang='lat' dir='ltr'><strong>oratoria</strong></span> <span class='ocrx_word' id='word_1_358' title='bbox 518 1590 814 1618; x_wconf 26' lang='lat' dir='ltr'><strong>Athanasioltradidit.</strong></span> <span class='ocrx_word' id='word_1_359' title='bbox 842 1591 910 1618; x_wconf 90' lang='lat' dir='ltr'><strong>Tum</strong></span> <span class='ocrx_word' id='word_1_360' title='bbox 933 1592 1027 1620; x_wconf 82' lang='lat' dir='ltr'><strong>Ariani</strong></span> <span class='ocrx_word' id='word_1_361' title='bbox 1058 1593 1084 1620; x_wconf 94' lang='lat' dir='ltr'><strong>in</strong></span> 
     </span>
    </p>
   </div>
   <div class='ocr_carea' id='block_1_51' title="bbox 303 1634 1085 1671">
    <p class='ocr_par' dir='ltr' id='par_1_51' title="bbox 303 1634 1085 1671">
     <span class='ocr_line' id='line_1_51' title="bbox 303 1634 1085 1671; baseline 0.006 -11"><span class='ocrx_word' id='word_1_362' title='bbox 303 1634 459 1669; x_wconf 76' lang='lat' dir='ltr'><strong>vulgaribus</strong></span> <span class='ocrx_word' id='word_1_363' title='bbox 482 1634 608 1662; x_wconf 90' lang='lat' dir='ltr'><strong>domibus</strong></span> <span class='ocrx_word' id='word_1_364' title='bbox 625 1641 775 1664; x_wconf 88' lang='lat' dir='ltr'><strong>conventus</strong></span> <span class='ocrx_word' id='word_1_365' title='bbox 792 1641 904 1671; x_wconf 79' lang='lat' dir='ltr'><strong>agentes</strong></span> <span class='ocrx_word' id='word_1_366' title='bbox 916 1657 923 1669; x_wconf 86' lang='grc'><strong>,</strong></span> <span class='ocrx_word' id='word_1_367' title='bbox 943 1637 969 1664; x_wconf 85' lang='grc' dir='ltr'><strong>ίη</strong></span> <span class='ocrx_word' id='word_1_368' title='bbox 997 1638 1085 1665; x_wconf 89' lang='lat' dir='ltr'><strong>locum</strong></span> 
     </span>
    </p>
   </div>
   <div class='ocr_carea' id='block_1_52' title="bbox 303 1679 1087 1714">
    <p class='ocr_par' dir='ltr' id='par_1_52' title="bbox 303 1679 1087 1714">
     <span class='ocr_line' id='line_1_52' title="bbox 303 1679 1087 1714; baseline 0.005 -8"><span class='ocrx_word' id='word_1_369' title='bbox 303 1679 413 1714; x_wconf 77' lang='lat' dir='ltr'><strong>Georgii</strong></span> <span class='ocrx_word' id='word_1_370' title='bbox 442 1679 554 1707; x_wconf 88' lang='lat' dir='ltr'><strong>aniutn</strong></span> <span class='ocrx_word' id='word_1_371' title='bbox 579 1681 748 1708; x_wconf 87' lang='lat' dir='ltr'><strong>constituunt</strong></span> <span class='ocrx_word' id='word_1_372' title='bbox 764 1681 815 1709; x_wconf 83' lang='lat' dir='ltr'><strong>sibi</strong></span> <span class='ocrx_word' id='word_1_373' title='bbox 833 1682 938 1709; x_wconf 89' lang='lat' dir='ltr'><strong>ducem.</strong></span> <span class='ocrx_word' id='word_1_374' title='bbox 962 1682 1087 1710; x_wconf 81' lang='lat' dir='ltr'><strong>Julianus</strong></span> 
     </span>
    </p>
   </div>
   <div class='ocr_carea' id='block_1_53' title="bbox 304 1726 1089 1761">
    <p class='ocr_par' dir='ltr' id='par_1_53' title="bbox 304 1726 1089 1761">
     <span class='ocr_line' id='line_1_53' title="bbox 304 1726 1089 1761; baseline 0.004 -9"><span class='ocrx_word' id='word_1_375' title='bbox 304 1733 384 1760; x_wconf 89' lang='lat' dir='ltr'><strong>porro</strong></span> <span class='ocrx_word' id='word_1_376' title='bbox 399 1726 445 1761; x_wconf 88' lang='lat' dir='ltr'><strong>qui</strong></span> <span class='ocrx_word' id='word_1_377' title='bbox 459 1726 537 1753; x_wconf 86' lang='lat' dir='ltr'><strong>idolis</strong></span> <span class='ocrx_word' id='word_1_378' title='bbox 553 1726 752 1760; x_wconf 83' lang='lat' dir='ltr'><strong>delectabatur,</strong></span> <span class='ocrx_word' id='word_1_379' title='bbox 771 1727 871 1756; x_wconf 82' lang='lat' dir='ltr'><strong>iterum</strong></span> <span class='ocrx_word' id='word_1_380' title='bbox 890 1728 1021 1755; x_wconf 79' lang='lat' dir='ltr'><strong>ecclesias</strong></span> <span class='ocrx_word' id='word_1_381' title='bbox 1033 1733 1089 1755; x_wconf 91' lang='lat' dir='ltr'><strong>tur-</strong></span> 
     </span>
    </p>
   </div>
   <div class='ocr_carea' id='block_1_54' title="bbox 306 1771 1087 1807">
    <p class='ocr_par' dir='ltr' id='par_1_54' title="bbox 306 1771 1087 1807">
     <span class='ocr_line' id='line_1_54' title="bbox 306 1771 1087 1807; baseline 0.005 -9"><span class='ocrx_word' id='word_1_382' title='bbox 306 1772 397 1804; x_wconf 85' lang='lat' dir='ltr'><strong>babat,</strong></span> <span class='ocrx_word' id='word_1_383' title='bbox 415 1772 512 1806; x_wconf 86' lang='lat' dir='ltr'><strong>templa</strong></span> <span class='ocrx_word' id='word_1_384' title='bbox 527 1771 682 1799; x_wconf 66' lang='lat' dir='ltr'><strong>Graecorum</strong></span> <span class='ocrx_word' id='word_1_385' title='bbox 696 1773 851 1807; x_wconf 86' lang='lat' dir='ltr'><strong>aperiebat,</strong></span> <span class='ocrx_word' id='word_1_386' title='bbox 868 1774 1002 1801; x_wconf 83' lang='lat' dir='ltr'><strong>sacriﬁcia</strong></span> <span class='ocrx_word' id='word_1_387' title='bbox 1020 1774 1087 1802; x_wconf 82' lang='lat' dir='ltr'><strong>For-</strong></span> 
     </span>
    </p>
   </div>
   <div class='ocr_carea' id='block_1_55' title="bbox 306 1818 1089 1854">
    <p class='ocr_par' dir='ltr' id='par_1_55' title="bbox 306 1818 1089 1854">
     <span class='ocr_line' id='line_1_55' title="bbox 306 1818 1089 1854; baseline 0.004 -10"><span class='ocrx_word' id='word_1_388' title='bbox 306 1823 377 1846; x_wconf 77' lang='lat' dir='ltr'><strong>tuna:</strong></span> <span class='ocrx_word' id='word_1_389' title='bbox 395 1818 702 1853; x_wconf 71' lang='lat' dir='ltr'><strong>Constantinopolitanrc</strong></span> <span class='ocrx_word' id='word_1_390' title='bbox 713 1818 846 1846; x_wconf 85' lang='lat' dir='ltr'><strong>oll&#39;erebat</strong></span> <span class='ocrx_word' id='word_1_391' title='bbox 859 1819 948 1854; x_wconf 88' lang='lat' dir='ltr'><strong>palam</strong></span> <span class='ocrx_word' id='word_1_392' title='bbox 966 1820 992 1847; x_wconf 95' lang='lat' dir='ltr'><strong>in</strong></span> <span class='ocrx_word' id='word_1_393' title='bbox 1006 1820 1089 1854; x_wconf 89' lang='lat' dir='ltr'><strong>impe-</strong></span> 
     </span>
    </p>
   </div>
   <div class='ocr_carea' id='block_1_56' title="bbox 306 1864 1088 1901">
    <p class='ocr_par' dir='ltr' id='par_1_56' title="bbox 306 1864 1088 1901">
     <span class='ocr_line' id='line_1_56' title="bbox 306 1864 1088 1901; baseline 0.004 -11"><span class='ocrx_word' id='word_1_394' title='bbox 306 1864 405 1891; x_wconf 87' lang='lat' dir='ltr'><strong>ratoria</strong></span> <span class='ocrx_word' id='word_1_395' title='bbox 419 1884 427 1895; x_wconf 92' lang='lat'><strong>,</strong></span> <span class='ocrx_word' id='word_1_396' title='bbox 442 1864 487 1892; x_wconf 89' lang='lat' dir='ltr'><strong>ubi</strong></span> <span class='ocrx_word' id='word_1_397' title='bbox 513 1865 603 1892; x_wconf 85' lang='lat' dir='ltr'><strong>stabat</strong></span> <span class='ocrx_word' id='word_1_398' title='bbox 618 1864 747 1892; x_wconf 84' lang='lat' dir='ltr'><strong>Fortume</strong></span> <span class='ocrx_word' id='word_1_399' title='bbox 761 1870 862 1892; x_wconf 86' lang='lat' dir='ltr'><strong>statua.</strong></span> <span class='ocrx_word' id='word_1_400' title='bbox 882 1866 940 1898; x_wconf 86' lang='lat' dir='ltr'><strong>Quo</strong></span> <span class='ocrx_word' id='word_1_401' title='bbox 966 1870 1088 1901; x_wconf 90' lang='lat' dir='ltr'><strong>tempore</strong></span> 
     </span>
    </p>
   </div>
   <div class='ocr_carea' id='block_1_57' title="bbox 307 1909 1089 1946">
    <p class='ocr_par' dir='ltr' id='par_1_57' title="bbox 307 1909 1089 1946">
     <span class='ocr_line' id='line_1_57' title="bbox 307 1909 1089 1946; baseline 0.004 -10"><span class='ocrx_word' id='word_1_402' title='bbox 307 1909 389 1936; x_wconf 76' lang='lat' dir='ltr'><strong>Maris</strong></span> <span class='ocrx_word' id='word_1_403' title='bbox 405 1909 587 1937; x_wconf 83' lang='lat' dir='ltr'><strong>Chalcedonis</strong></span> <span class='ocrx_word' id='word_1_404' title='bbox 603 1911 630 1937; x_wconf 94' lang='lat' dir='ltr'><strong>in</strong></span> <span class='ocrx_word' id='word_1_405' title='bbox 644 1910 768 1946; x_wconf 81' lang='lat' dir='ltr'><strong>Bithynia</strong></span> <span class='ocrx_word' id='word_1_406' title='bbox 782 1911 935 1946; x_wconf 87' lang='lat' dir='ltr'><strong>episcopus,</strong></span> <span class='ocrx_word' id='word_1_407' title='bbox 949 1920 1031 1939; x_wconf 86' lang='lat' dir='ltr'><strong>manu</strong></span> <span class='ocrx_word' id='word_1_408' title='bbox 1045 1913 1089 1939; x_wconf 88' lang='lat' dir='ltr'><strong>ad-</strong></span> 
     </span>
    </p>
   </div>
   <div class='ocr_carea' id='block_1_58' title="bbox 307 1955 1089 1991">
    <p class='ocr_par' dir='ltr' id='par_1_58' title="bbox 307 1955 1089 1991">
     <span class='ocr_line' id='line_1_58' title="bbox 307 1955 1089 1991; baseline 0.006 -11"><span class='ocrx_word' id='word_1_409' title='bbox 307 1955 414 1988; x_wconf 89' lang='lat' dir='ltr'><strong>ductus,</strong></span> <span class='ocrx_word' id='word_1_410' title='bbox 422 1963 478 1990; x_wconf 72' lang='lat' dir='ltr'><strong>pra:</strong></span> <span class='ocrx_word' id='word_1_411' title='bbox 493 1961 631 1983; x_wconf 87' lang='lat' dir='ltr'><strong>senectute</strong></span> <span class='ocrx_word' id='word_1_412' title='bbox 642 1963 759 1991; x_wconf 85' lang='lat' dir='ltr'><strong>namque</strong></span> <span class='ocrx_word' id='word_1_413' title='bbox 772 1957 914 1985; x_wconf 87' lang='lat' dir='ltr'><strong>oculorum</strong></span> <span class='ocrx_word' id='word_1_414' title='bbox 925 1958 1089 1985; x_wconf 80' lang='lat' dir='ltr'><strong>hebetudine</strong></span> 
     </span>
    </p>
   </div>
   <div class='ocr_carea' id='block_1_59' title="bbox 308 1999 1088 2035">
    <p class='ocr_par' dir='ltr' id='par_1_59' title="bbox 308 1999 1088 2035">
     <span class='ocr_line' id='line_1_59' title="bbox 308 1999 1088 2035; baseline 0.006 -9"><span class='ocrx_word' id='word_1_415' title='bbox 308 1999 458 2031; x_wconf 83' lang='lat' dir='ltr'><strong>laborabat,</strong></span> <span class='ocrx_word' id='word_1_416' title='bbox 476 2001 665 2035; x_wconf 82' lang='lat' dir='ltr'><strong>imperatorem</strong></span> <span class='ocrx_word' id='word_1_417' title='bbox 689 2002 792 2033; x_wconf 86' lang='lat' dir='ltr'><strong>adiens,</strong></span> <span class='ocrx_word' id='word_1_418' title='bbox 809 2003 890 2029; x_wconf 89' lang='lat' dir='ltr'><strong>multa</strong></span> <span class='ocrx_word' id='word_1_419' title='bbox 909 2003 935 2030; x_wconf 90' lang='lat' dir='ltr'><strong>in</strong></span> <span class='ocrx_word' id='word_1_420' title='bbox 949 2011 1010 2031; x_wconf 92' lang='lat' dir='ltr'><strong>eum</strong></span> <span class='ocrx_word' id='word_1_421' title='bbox 1025 2011 1088 2031; x_wconf 88' lang='lat' dir='ltr'><strong>con-</strong></span> 
     </span>
    </p>
   </div>
   <div class='ocr_carea' id='block_1_60' title="bbox 308 2045 1087 2081">
    <p class='ocr_par' dir='ltr' id='par_1_60' title="bbox 308 2045 1087 2081">
     <span class='ocr_line' id='line_1_60' title="bbox 308 2045 1087 2081; baseline 0.008 -11"><span class='ocrx_word' id='word_1_422' title='bbox 308 2045 377 2072; x_wconf 85' lang='lat' dir='ltr'><strong>vicia</strong></span> <span class='ocrx_word' id='word_1_423' title='bbox 393 2045 512 2079; x_wconf 84' lang='lat' dir='ltr'><strong>protulit,</strong></span> <span class='ocrx_word' id='word_1_424' title='bbox 534 2045 642 2080; x_wconf 89' lang='lat' dir='ltr'><strong>impium</strong></span> <span class='ocrx_word' id='word_1_425' title='bbox 658 2054 777 2079; x_wconf 80' lang='lat' dir='ltr'><strong>vocans,</strong></span> <span class='ocrx_word' id='word_1_426' title='bbox 792 2052 952 2081; x_wconf 81' lang='lat' dir='ltr'><strong>apostatant,</strong></span> <span class='ocrx_word' id='word_1_427' title='bbox 968 2049 1087 2076; x_wconf 87' lang='lat' dir='ltr'><strong>atheum.</strong></span> 
     </span>
    </p>
   </div>
   <div class='ocr_carea' id='block_1_61' title="bbox 309 2090 1087 2127">
    <p class='ocr_par' dir='ltr' id='par_1_61' title="bbox 309 2090 1087 2127">
     <span class='ocr_line' id='line_1_61' title="bbox 309 2090 1087 2127; baseline 0.006 -10"><span class='ocrx_word' id='word_1_428' title='bbox 309 2090 354 2117; x_wconf 88' lang='lat' dir='ltr'><strong>llle</strong></span> <span class='ocrx_word' id='word_1_429' title='bbox 368 2091 458 2118; x_wconf 85' lang='lat' dir='ltr'><strong>verbis</strong></span> <span class='ocrx_word' id='word_1_430' title='bbox 473 2091 595 2118; x_wconf 82' lang='lat' dir='ltr'><strong>convicia</strong></span> <span class='ocrx_word' id='word_1_431' title='bbox 610 2091 777 2126; x_wconf 87' lang='lat' dir='ltr'><strong>depellebat,</strong></span> <span class='ocrx_word' id='word_1_432' title='bbox 791 2100 892 2120; x_wconf 76' lang='lat' dir='ltr'><strong>czecum</strong></span> <span class='ocrx_word' id='word_1_433' title='bbox 904 2094 1040 2127; x_wconf 85' lang='lat' dir='ltr'><strong>appellans</strong></span> <span class='ocrx_word' id='word_1_434' title='bbox 1060 2100 1087 2122; x_wconf 89' lang='lat' dir='ltr'><strong>et</strong></span> 
     </span>
    </p>
   </div>
   <div class='ocr_carea' id='block_1_62' title="bbox 308 2138 1087 2173">
    <p class='ocr_par' dir='ltr' id='par_1_62' title="bbox 308 2138 1087 2173">
     <span class='ocr_line' id='line_1_62' title="bbox 308 2138 1087 2173; baseline 0.005 -10"><span class='ocrx_word' id='word_1_435' title='bbox 308 2138 394 2166; x_wconf 83' lang='lat' dir='ltr'><strong>oculis</strong></span> <span class='ocrx_word' id='word_1_436' title='bbox 409 2143 534 2172; x_wconf 87' lang='lat' dir='ltr'><strong>captum,</strong></span> <span class='ocrx_word' id='word_1_437' title='bbox 550 2138 690 2173; x_wconf 84' lang='lat' dir='ltr'><strong>aiensque,</strong></span> <span class='ocrx_word' id='word_1_438' title='bbox 711 2146 764 2165; x_wconf 90' lang='lat' dir='ltr'><strong>non</strong></span> <span class='ocrx_word' id='word_1_439' title='bbox 779 2138 856 2173; x_wconf 71' lang='lat' dir='ltr'><strong>posse</strong></span> <span class='ocrx_word' id='word_1_440' title='bbox 875 2138 1014 2167; x_wconf 65' lang='lat' dir='ltr'><strong>Galilzeum</strong></span> <span class='ocrx_word' id='word_1_441' title='bbox 1030 2147 1087 2167; x_wconf 88' lang='lat' dir='ltr'><strong>mc-</strong></span> 
     </span>
    </p>
   </div>
   <div class='ocr_carea' id='block_1_63' title="bbox 308 2183 1085 2220">
    <p class='ocr_par' dir='ltr' id='par_1_63' title="bbox 308 2183 1085 2220">
     <span class='ocr_line' id='line_1_63' title="bbox 308 2183 1085 2220; baseline 0.005 -11"><span class='ocrx_word' id='word_1_442' title='bbox 308 2184 395 2210; x_wconf 81' lang='lat' dir='ltr'><strong>delam</strong></span> <span class='ocrx_word' id='word_1_443' title='bbox 413 2183 493 2210; x_wconf 78' lang='lat' dir='ltr'><strong>ferre.</strong></span> <span class='ocrx_word' id='word_1_444' title='bbox 507 2183 574 2210; x_wconf 89' lang='lat' dir='ltr'><strong>Tum</strong></span> <span class='ocrx_word' id='word_1_445' title='bbox 595 2184 689 2210; x_wconf 87' lang='lat' dir='ltr'><strong>beatus</strong></span> <span class='ocrx_word' id='word_1_446' title='bbox 708 2183 753 2210; x_wconf 91' lang='lat' dir='ltr'><strong>ille</strong></span> <span class='ocrx_word' id='word_1_447' title='bbox 773 2184 941 2211; x_wconf 77' lang='lat' dir='ltr'><strong>conﬁdenter</strong></span> <span class='ocrx_word' id='word_1_448' title='bbox 959 2187 1065 2220; x_wconf 84' lang='lat' dir='ltr'><strong>reponit</strong></span> <span class='ocrx_word' id='word_1_449' title='bbox 1080 2196 1085 2213; x_wconf 95' lang='lat'><strong>:</strong></span> 
     </span>
    </p>
   </div>
   <div class='ocr_carea' id='block_1_64' title="bbox 308 2228 1089 2264">
    <p class='ocr_par' dir='ltr' id='par_1_64' title="bbox 308 2228 1089 2264">
     <span class='ocr_line' id='line_1_64' title="bbox 308 2228 1089 2264; baseline 0.003 -8"><span class='ocrx_word' id='word_1_450' title='bbox 308 2229 416 2256; x_wconf 85' lang='lat' dir='ltr'><strong>Gratias</strong></span> <span class='ocrx_word' id='word_1_451' title='bbox 430 2236 480 2264; x_wconf 84' lang='lat' dir='ltr'><strong>ago</strong></span> <span class='ocrx_word' id='word_1_452' title='bbox 498 2228 569 2260; x_wconf 90' lang='lat' dir='ltr'><strong>Deo,</strong></span> <span class='ocrx_word' id='word_1_453' title='bbox 585 2229 631 2263; x_wconf 88' lang='lat' dir='ltr'><strong>qui</strong></span> <span class='ocrx_word' id='word_1_454' title='bbox 647 2236 690 2256; x_wconf 92' lang='lat' dir='ltr'><strong>me</strong></span> <span class='ocrx_word' id='word_1_455' title='bbox 705 2229 850 2256; x_wconf 68' lang='lat' dir='ltr'><strong>excazcavit</strong></span> <span class='ocrx_word' id='word_1_456' title='bbox 862 2249 870 2262; x_wconf 90' lang='lat'><strong>,</strong></span> <span class='ocrx_word' id='word_1_457' title='bbox 888 2237 922 2256; x_wconf 93' lang='lat' dir='ltr'><strong>ne</strong></span> <span class='ocrx_word' id='word_1_458' title='bbox 941 2234 1013 2257; x_wconf 91' lang='lat' dir='ltr'><strong>tuam</strong></span> <span class='ocrx_word' id='word_1_459' title='bbox 1040 2232 1089 2258; x_wconf 89' lang='lat' dir='ltr'><strong>im—</strong></span> 
     </span>
    </p>
   </div>
   <div class='ocr_carea' id='block_1_65' title="bbox 309 2274 1087 2310">
    <p class='ocr_par' dir='ltr' id='par_1_65' title="bbox 309 2274 1087 2310">
     <span class='ocr_line' id='line_1_65' title="bbox 309 2274 1087 2310; baseline 0.005 -10"><span class='ocrx_word' id='word_1_460' title='bbox 309 2275 452 2309; x_wconf 89' lang='lat' dir='ltr'><strong>pudentem</strong></span> <span class='ocrx_word' id='word_1_461' title='bbox 471 2274 567 2302; x_wconf 82' lang='lat' dir='ltr'><strong>faciem</strong></span> <span class='ocrx_word' id='word_1_462' title='bbox 585 2274 714 2306; x_wconf 85' lang='lat' dir='ltr'><strong>viderem,</strong></span> <span class='ocrx_word' id='word_1_463' title='bbox 733 2282 793 2308; x_wconf 62' lang='lat' dir='ltr'><strong>qua:</strong></span> <span class='ocrx_word' id='word_1_464' title='bbox 816 2275 853 2302; x_wconf 86' lang='lat' dir='ltr'><strong>ita</strong></span> <span class='ocrx_word' id='word_1_465' title='bbox 870 2275 987 2310; x_wconf 88' lang='lat' dir='ltr'><strong>collapsa</strong></span> <span class='ocrx_word' id='word_1_466' title='bbox 1003 2281 1044 2304; x_wconf 88' lang='lat' dir='ltr'><strong>est</strong></span> <span class='ocrx_word' id='word_1_467' title='bbox 1061 2277 1087 2304; x_wconf 91' lang='lat' dir='ltr'><strong>in</strong></span> 
     </span>
    </p>
   </div>
   <div class='ocr_carea' id='block_1_66' title="bbox 309 2319 1088 2354">
    <p class='ocr_par' dir='ltr' id='par_1_66' title="bbox 309 2319 1088 2354">
     <span class='ocr_line' id='line_1_66' title="bbox 309 2319 1088 2354; baseline 0.004 -8"><span class='ocrx_word' id='word_1_468' title='bbox 309 2320 484 2354; x_wconf 86' lang='lat' dir='ltr'><strong>impietatem.</strong></span> <span class='ocrx_word' id='word_1_469' title='bbox 502 2319 570 2346; x_wconf 91' lang='lat' dir='ltr'><strong>Tum</strong></span> <span class='ocrx_word' id='word_1_470' title='bbox 585 2327 665 2353; x_wconf 84' lang='lat' dir='ltr'><strong>porro</strong></span> <span class='ocrx_word' id='word_1_471' title='bbox 682 2319 810 2346; x_wconf 85' lang='lat' dir='ltr'><strong>Jovianus</strong></span> <span class='ocrx_word' id='word_1_472' title='bbox 831 2325 860 2347; x_wconf 87' lang='lat' dir='ltr'><strong>et</strong></span> <span class='ocrx_word' id='word_1_473' title='bbox 885 2319 1088 2350; x_wconf 83' lang='lat' dir='ltr'><strong>Valentinianus</strong></span> 
     </span>
    </p>
   </div>
   <div class='ocr_carea' id='block_1_67' title="bbox 309 2365 1090 2400">
    <p class='ocr_par' dir='ltr' id='par_1_67' title="bbox 309 2365 1090 2400">
     <span class='ocr_line' id='line_1_67' title="bbox 309 2365 1090 2400; baseline 0.004 -7"><span class='ocrx_word' id='word_1_474' title='bbox 309 2366 411 2393; x_wconf 88' lang='lat' dir='ltr'><strong>solutas</strong></span> <span class='ocrx_word' id='word_1_475' title='bbox 425 2373 507 2392; x_wconf 83' lang='lat' dir='ltr'><strong>zonas</strong></span> <span class='ocrx_word' id='word_1_476' title='bbox 520 2366 553 2392; x_wconf 88' lang='lat' dir='ltr'><strong>ad</strong></span> <span class='ocrx_word' id='word_1_477' title='bbox 567 2370 710 2400; x_wconf 86' lang='lat' dir='ltr'><strong>tyrannum</strong></span> <span class='ocrx_word' id='word_1_478' title='bbox 726 2365 865 2400; x_wconf 71' lang='lat' dir='ltr'><strong>proiecere</strong></span> <span class='ocrx_word' id='word_1_479' title='bbox 883 2366 1002 2394; x_wconf 87' lang='lat' dir='ltr'><strong>dicentes</strong></span> <span class='ocrx_word' id='word_1_480' title='bbox 1017 2376 1024 2394; x_wconf 89' lang='lat'>:</span> <span class='ocrx_word' id='word_1_481' title='bbox 1036 2367 1090 2396; x_wconf 78' lang='lat' dir='ltr'><strong>Ac-</strong></span> 
     </span>
    </p>
   </div>
   <div class='ocr_carea' id='block_1_68' title="bbox 308 2411 1090 2447">
    <p class='ocr_par' dir='ltr' id='par_1_68' title="bbox 308 2411 1090 2447">
     <span class='ocr_line' id='line_1_68' title="bbox 308 2411 1090 2447; baseline 0.005 -9"><span class='ocrx_word' id='word_1_482' title='bbox 308 2411 369 2446; x_wconf 84' lang='lat' dir='ltr'><strong>cipe</strong></span> <span class='ocrx_word' id='word_1_483' title='bbox 385 2419 478 2443; x_wconf 85' lang='lat' dir='ltr'><strong>zonas,</strong></span> <span class='ocrx_word' id='word_1_484' title='bbox 494 2411 592 2440; x_wconf 85' lang='lat' dir='ltr'><strong>habeto</strong></span> <span class='ocrx_word' id='word_1_485' title='bbox 607 2412 655 2439; x_wconf 87' lang='lat' dir='ltr'><strong>tibi</strong></span> <span class='ocrx_word' id='word_1_486' title='bbox 671 2412 787 2439; x_wconf 85' lang='lat' dir='ltr'><strong>honores</strong></span> <span class='ocrx_word' id='word_1_487' title='bbox 805 2416 875 2439; x_wconf 85' lang='lat' dir='ltr'><strong>tuos.</strong></span> <span class='ocrx_word' id='word_1_488' title='bbox 889 2412 1018 2447; x_wconf 82' lang='lat' dir='ltr'><strong>Exposita</strong></span> <span class='ocrx_word' id='word_1_489' title='bbox 1042 2414 1090 2442; x_wconf 89' lang='lat' dir='ltr'><strong>tibi</strong></span> 
     </span>
    </p>
   </div>
   <div class='ocr_carea' id='block_1_69' title="bbox 309 2455 1091 2490">
    <p class='ocr_par' dir='ltr' id='par_1_69' title="bbox 309 2455 1091 2490">
     <span class='ocr_line' id='line_1_69' title="bbox 309 2455 1091 2490; baseline 0.001 -7"><span class='ocrx_word' id='word_1_490' title='bbox 309 2456 391 2483; x_wconf 87' lang='lat' dir='ltr'><strong>etiam</strong></span> <span class='ocrx_word' id='word_1_491' title='bbox 416 2456 449 2483; x_wconf 86' lang='lat' dir='ltr'><strong>ad</strong></span> <span class='ocrx_word' id='word_1_492' title='bbox 475 2456 580 2483; x_wconf 90' lang='lat' dir='ltr'><strong>libitum</strong></span> <span class='ocrx_word' id='word_1_493' title='bbox 597 2460 660 2483; x_wconf 92' lang='lat' dir='ltr'><strong>sunt</strong></span> <span class='ocrx_word' id='word_1_494' title='bbox 672 2463 785 2490; x_wconf 84' lang='lat' dir='ltr'><strong>corpora</strong></span> <span class='ocrx_word' id='word_1_495' title='bbox 797 2461 903 2482; x_wconf 90' lang='lat' dir='ltr'><strong>nostra.</strong></span> <span class='ocrx_word' id='word_1_496' title='bbox 916 2455 1035 2489; x_wconf 88' lang='lat' dir='ltr'><strong>Quorum</strong></span> <span class='ocrx_word' id='word_1_497' title='bbox 1048 2456 1091 2484; x_wconf 89' lang='lat' dir='ltr'><strong>ille</strong></span> 
     </span>
    </p>
   </div>
   <div class='ocr_carea' id='block_1_70' title="bbox 310 2501 1090 2538">
    <p class='ocr_par' dir='ltr' id='par_1_70' title="bbox 310 2501 1090 2538">
     <span class='ocr_line' id='line_1_70' title="bbox 310 2501 1090 2538; baseline 0.004 -10"><span class='ocrx_word' id='word_1_498' title='bbox 310 2503 490 2529; x_wconf 87' lang='lat' dir='ltr'><strong>constantiam</strong></span> <span class='ocrx_word' id='word_1_499' title='bbox 507 2502 655 2538; x_wconf 86' lang='lat' dir='ltr'><strong>pertimuit.</strong></span> <span class='ocrx_word' id='word_1_500' title='bbox 671 2501 738 2529; x_wconf 89' lang='lat' dir='ltr'><strong>Tum</strong></span> <span class='ocrx_word' id='word_1_501' title='bbox 754 2502 909 2536; x_wconf 83' lang='lat' dir='ltr'><strong>imperator,</strong></span> <span class='ocrx_word' id='word_1_502' title='bbox 928 2507 955 2530; x_wconf 83' lang='lat' dir='ltr'><strong>et</strong></span> <span class='ocrx_word' id='word_1_503' title='bbox 970 2503 1015 2537; x_wconf 89' lang='lat' dir='ltr'><strong>qui</strong></span> <span class='ocrx_word' id='word_1_504' title='bbox 1029 2511 1090 2531; x_wconf 90' lang='lat' dir='ltr'><strong>cum</strong></span> 
     </span>
    </p>
   </div>
   <div class='ocr_carea' id='block_1_71' title="bbox 311 2547 1092 2585">
    <p class='ocr_par' dir='ltr' id='par_1_71' title="bbox 311 2547 1092 2585">
     <span class='ocr_line' id='line_1_71' title="bbox 311 2547 1092 2585; baseline 0.003 -11"><span class='ocrx_word' id='word_1_505' title='bbox 311 2547 357 2575; x_wconf 91' lang='lat' dir='ltr'><strong>illo</strong></span> <span class='ocrx_word' id='word_1_506' title='bbox 371 2549 533 2582; x_wconf 85' lang='lat' dir='ltr'><strong>sentiebant,</strong></span> <span class='ocrx_word' id='word_1_507' title='bbox 545 2549 625 2577; x_wconf 80' lang='lat' dir='ltr'><strong>veluti</strong></span> <span class='ocrx_word' id='word_1_508' title='bbox 637 2557 670 2576; x_wconf 78' lang='lat' dir='ltr'><strong>ex</strong></span> <span class='ocrx_word' id='word_1_509' title='bbox 683 2547 834 2576; x_wconf 84' lang='lat' dir='ltr'><strong>tenebrosis</strong></span> <span class='ocrx_word' id='word_1_510' title='bbox 845 2548 932 2583; x_wconf 87' lang='lat' dir='ltr'><strong>adytis</strong></span> <span class='ocrx_word' id='word_1_511' title='bbox 944 2556 1092 2585; x_wconf 89' lang='lat' dir='ltr'><strong>prorepen-</strong></span> 
     </span>
    </p>
   </div>
   <div class='ocr_carea' id='block_1_72' title="bbox 361 2679 869 2715">
    <p class='ocr_par' dir='ltr' id='par_1_72' title="bbox 361 2679 869 2715">
     <span class='ocr_line' id='line_1_72' title="bbox 361 2679 869 2715; baseline 0.002 -8"><span class='ocrx_word' id='word_1_512' title='bbox 361 2680 388 2715; x_wconf 84' lang='lat' dir='ltr'><strong>a)</strong></span> <span class='ocrx_word' id='word_1_513' title='bbox 402 2679 440 2707; x_wconf 78' lang='lat' dir='ltr'><strong>Ita</strong></span> <span class='ocrx_word' id='word_1_514' title='bbox 453 2679 536 2707; x_wconf 81' lang='lat' dir='ltr'><strong>Palat.</strong></span> <span class='ocrx_word' id='word_1_515' title='bbox 555 2680 583 2707; x_wconf 93' lang='lat' dir='ltr'><strong>ln</strong></span> <span class='ocrx_word' id='word_1_516' title='bbox 598 2681 678 2707; x_wconf 83' lang='lat' dir='ltr'><strong>editis</strong></span> <span class='ocrx_word' id='word_1_517' title='bbox 690 2680 770 2707; x_wconf 84' lang='grc' dir='ltr'><strong>αὑτοῦ</strong></span> <span class='ocrx_word' id='word_1_518' title='bbox 785 2681 869 2708; x_wconf 82' lang='lat' dir='ltr'><strong>deest.</strong></span> 
     </span>
    </p>
   </div>
   <div class='ocr_carea' id='block_1_73' title="bbox 360 2715 1051 2755">
    <p class='ocr_par' dir='ltr' id='par_1_73' title="bbox 360 2715 1051 2755">
     <span class='ocr_line' id='line_1_73' title="bbox 360 2715 1051 2755; baseline 0 -13"><span class='ocrx_word' id='word_1_519' title='bbox 360 2717 386 2755; x_wconf 65' lang='grc' dir='ltr'><strong>ὁ)</strong></span> <span class='ocrx_word' id='word_1_520' title='bbox 400 2716 486 2755; x_wconf 55' lang='lat' dir='ltr'><strong>falat.</strong></span> <span class='ocrx_word' id='word_1_521' title='bbox 501 2716 618 2755; x_wconf 60' lang='grc' dir='ltr'>ἑχρῷντο</span> <span class='ocrx_word' id='word_1_522' title='bbox 632 2717 655 2742; x_wconf 84' lang='grc' dir='ltr'>οι</span> <span class='ocrx_word' id='word_1_523' title='bbox 673 2717 816 2755; x_wconf 57' lang='grc' dir='ltr'>Ἓλληνες,</span> <span class='ocrx_word' id='word_1_524' title='bbox 829 2715 884 2755; x_wconf 42' lang='grc' dir='ltr'>καὶ.</span> <span class='ocrx_word' id='word_1_525' title='bbox 892 2715 1020 2755; x_wconf 82' lang='grc' dir='ltr'>μαγικάς.</span> <span class='ocrx_word' id='word_1_526' title='bbox 1047 2743 1051 2746; x_wconf 71' lang='grc'><em>,</em></span> 
     </span>
    </p>
   </div>
   <div class='ocr_carea' id='block_1_74' title="bbox 362 2750 928 2786">
    <p class='ocr_par' dir='ltr' id='par_1_74' title="bbox 362 2750 928 2786">
     <span class='ocr_line' id='line_1_74' title="bbox 362 2750 928 2786; baseline 0.002 -10"><span class='ocrx_word' id='word_1_527' title='bbox 362 2750 387 2784; x_wconf 85' lang='lat' dir='ltr'><strong>c)</strong></span> <span class='ocrx_word' id='word_1_528' title='bbox 400 2750 484 2786; x_wconf 60' lang='lat' dir='ltr'><strong>Palat.</strong></span> <span class='ocrx_word' id='word_1_529' title='bbox 498 2750 543 2777; x_wconf 81' lang='grc' dir='ltr'>τοῦ</span> <span class='ocrx_word' id='word_1_530' title='bbox 557 2751 678 2786; x_wconf 39' lang='grc' dir='ltr'>Ιξιίθρουι</span> <span class='ocrx_word' id='word_1_531' title='bbox 687 2750 785 2786; x_wconf 83' lang='grc' dir='ltr'>πολλὴν</span> <span class='ocrx_word' id='word_1_532' title='bbox 803 2752 928 2785; x_wconf 79' lang='grc' dir='ltr'>σπουδήν.</span> 
     </span>
    </p>
   </div>
   <div class='ocr_carea' id='block_1_75' title="bbox 315 2784 1095 2847">
    <p class='ocr_par' dir='ltr' id='par_1_75' title="bbox 315 2784 1095 2847">
     <span class='ocr_line' id='line_1_75' title="bbox 315 2784 1095 2847; baseline 0 -35"><span class='ocrx_word' id='word_1_533' title='bbox 315 2784 390 2847; x_wconf 39' lang='grc' dir='ltr'><strong>ἔπεα)</strong></span> <span class='ocrx_word' id='word_1_534' title='bbox 403 2785 487 2812; x_wconf 81' lang='lat' dir='ltr'><strong>Palat.</strong></span> <span class='ocrx_word' id='word_1_535' title='bbox 503 2786 533 2811; x_wconf 80' lang='grc' dir='ltr'>Ὀ</span> <span class='ocrx_word' id='word_1_536' title='bbox 549 2784 595 2812; x_wconf 86' lang='grc' dir='ltr'><strong>οὑν</strong></span> <span class='ocrx_word' id='word_1_537' title='bbox 609 2784 742 2816; x_wconf 77' lang='grc' dir='ltr'><strong>Ἄλεξ.....</strong></span> <span class='ocrx_word' id='word_1_538' title='bbox 757 2784 863 2818; x_wconf 73' lang='grc' dir='ltr'>ἐδέξατο</span> <span class='ocrx_word' id='word_1_539' title='bbox 883 2786 942 2813; x_wconf 82' lang='grc' dir='ltr'>ἰδὼν</span> <span class='ocrx_word' id='word_1_540' title='bbox 958 2786 1038 2812; x_wconf 79' lang='grc' dir='ltr'>αὐτὸν</span> <span class='ocrx_word' id='word_1_541' title='bbox 1057 2785 1095 2817; x_wconf 84' lang='grc' dir='ltr'>ὡς</span> 
     </span>
    </p>
   </div>
   <div class='ocr_carea' id='block_1_76' title="bbox 1172 990 1901 1030">
    <p class='ocr_par' dir='ltr' id='par_1_76' title="bbox 1172 990 1901 1030">
     <span class='ocr_line' id='line_1_76' title="bbox 1172 990 1901 1030; baseline -0.004 -7"><span class='ocrx_word' id='word_1_542' title='bbox 1172 997 1214 1023; x_wconf 77' lang='grc'><strong>15.</strong></span> <span class='ocrx_word' id='word_1_543' title='bbox 1238 997 1268 1023; x_wconf 92' lang='lat'><strong>&#39;0</strong></span> <span class='ocrx_word' id='word_1_544' title='bbox 1283 996 1311 1022; x_wconf 79' lang='grc' dir='ltr'>δὲ</span> <span class='ocrx_word' id='word_1_545' title='bbox 1331 995 1483 1027; x_wconf 80' lang='grc' dir='ltr'>Ἰουλιανὸς,</span> <span class='ocrx_word' id='word_1_546' title='bbox 1504 995 1535 1022; x_wconf 82' lang='grc' dir='ltr'>τὸ</span> <span class='ocrx_word' id='word_1_547' title='bbox 1549 994 1649 1030; x_wconf 77' lang='grc' dir='ltr'>κράτος</span> <span class='ocrx_word' id='word_1_548' title='bbox 1667 993 1848 1029; x_wconf 79' lang='grc' dir='ltr'>περιθέμενος,</span> <span class='ocrx_word' id='word_1_549' title='bbox 1869 990 1901 1020; x_wconf 74' lang='grc' dir='ltr'>ὡς</span> 
     </span>
    </p>
   </div>
   <div class='ocr_carea' id='block_1_77' title="bbox 1133 1036 1902 1078">
    <p class='ocr_par' dir='ltr' id='par_1_77' title="bbox 1133 1036 1902 1078">
     <span class='ocr_line' id='line_1_77' title="bbox 1133 1036 1902 1078; baseline -0.007 -9"><span class='ocrx_word' id='word_1_550' title='bbox 1133 1043 1249 1078; x_wconf 77' lang='grc' dir='ltr'>εἴρηται,</span> <span class='ocrx_word' id='word_1_551' title='bbox 1265 1043 1312 1068; x_wconf 75' lang='grc' dir='ltr'><strong>καὶ</strong></span> <span class='ocrx_word' id='word_1_552' title='bbox 1328 1042 1482 1074; x_wconf 81' lang='grc' dir='ltr'>σπουδάζων</span> <span class='ocrx_word' id='word_1_553' title='bbox 1494 1041 1580 1068; x_wconf 81' lang='grc' dir='ltr'>πάντα</span> <span class='ocrx_word' id='word_1_554' title='bbox 1594 1041 1627 1067; x_wconf 76' lang='grc' dir='ltr'>τὰ</span> <span class='ocrx_word' id='word_1_555' title='bbox 1643 1040 1720 1075; x_wconf 77' lang='grc' dir='ltr'>παρὰ</span> <span class='ocrx_word' id='word_1_556' title='bbox 1730 1036 1902 1066; x_wconf 76' lang='grc' dir='ltr'>Κωνσταντέου</span> 
     </span>
    </p>
   </div>
   <div class='ocr_carea' id='block_1_78' title="bbox 1135 1084 1902 1124">
    <p class='ocr_par' dir='ltr' id='par_1_78' title="bbox 1135 1084 1902 1124">
     <span class='ocr_line' id='line_1_78' title="bbox 1135 1084 1902 1124; baseline -0.008 -9"><span class='ocrx_word' id='word_1_557' title='bbox 1135 1088 1288 1124; x_wconf 80' lang='grc' dir='ltr'>πραχθέντα</span> <span class='ocrx_word' id='word_1_558' title='bbox 1310 1088 1488 1124; x_wconf 76' lang='grc' dir='ltr'>ἀνατρέπειν,</span> <span class='ocrx_word' id='word_1_559' title='bbox 1506 1088 1569 1119; x_wconf 87' lang='grc' dir='ltr'>τοὺς</span> <span class='ocrx_word' id='word_1_560' title='bbox 1593 1085 1812 1122; x_wconf 79' lang='grc' dir='ltr'>περιορισθὲντας</span> <span class='ocrx_word' id='word_1_561' title='bbox 1828 1084 1902 1110; x_wconf 79' lang='grc' dir='ltr'>ἃπαν-</span> 
     </span>
    </p>
   </div>
   <div class='ocr_carea' id='block_1_79' title="bbox 1134 1129 1902 1167">
    <p class='ocr_par' dir='ltr' id='par_1_79' title="bbox 1134 1129 1902 1167">
     <span class='ocr_line' id='line_1_79' title="bbox 1134 1129 1902 1167; baseline -0.007 -7"><span class='ocrx_word' id='word_1_562' title='bbox 1134 1143 1181 1165; x_wconf 86' lang='grc' dir='ltr'><strong>τας</strong></span> <span class='ocrx_word' id='word_1_563' title='bbox 1191 1133 1382 1160; x_wconf 78' lang='grc' dir='ltr'>ἀνεκαλέσατο.</span> <span class='ocrx_word' id='word_1_564' title='bbox 1407 1134 1450 1165; x_wconf 81' lang='grc' dir='ltr'>Ὡς</span> <span class='ocrx_word' id='word_1_565' title='bbox 1463 1131 1509 1160; x_wconf 78' lang='grc' dir='ltr'><strong>οὖν</strong></span> <span class='ocrx_word' id='word_1_566' title='bbox 1528 1133 1599 1167; x_wconf 72' lang='grc' dir='ltr'>ἔγνω</span> <span class='ocrx_word' id='word_1_567' title='bbox 1615 1132 1694 1159; x_wconf 80' lang='grc' dir='ltr'>τοῦτο</span> <span class='ocrx_word' id='word_1_568' title='bbox 1710 1133 1724 1159; x_wconf 85' lang='grc' dir='ltr'>ὁ</span> <span class='ocrx_word' id='word_1_569' title='bbox 1744 1131 1816 1166; x_wconf 73' lang='grc' dir='ltr'>ἅγιος</span> <span class='ocrx_word' id='word_1_570' title='bbox 1833 1129 1902 1156; x_wconf 78' lang='grc' dir='ltr'>Ἀθα-</span> 
     </span>
    </p>
   </div>
   <div class='ocr_carea' id='block_1_80' title="bbox 1135 1175 1903 1214">
    <p class='ocr_par' dir='ltr' id='par_1_80' title="bbox 1135 1175 1903 1214">
     <span class='ocr_line' id='line_1_80' title="bbox 1135 1175 1903 1214; baseline -0.005 -8"><span class='ocrx_word' id='word_1_571' title='bbox 1135 1180 1235 1211; x_wconf 71' lang='grc' dir='ltr'>νεὶσιος,</span> <span class='ocrx_word' id='word_1_572' title='bbox 1252 1179 1341 1211; x_wconf 79' lang='grc' dir='ltr'>καλῶς</span> <span class='ocrx_word' id='word_1_573' title='bbox 1351 1179 1538 1214; x_wconf 75' lang='grc' dir='ltr'>ἐνδυσάμενος,</span> <span class='ocrx_word' id='word_1_574' title='bbox 1548 1178 1662 1211; x_wconf 81' lang='grc' dir='ltr'>ἐξελθὼν</span> <span class='ocrx_word' id='word_1_575' title='bbox 1673 1179 1706 1205; x_wconf 76' lang='grc' dir='ltr'>ὲκ</span> <span class='ocrx_word' id='word_1_576' title='bbox 1716 1178 1762 1205; x_wconf 81' lang='grc' dir='ltr'>τοῦ</span> <span class='ocrx_word' id='word_1_577' title='bbox 1777 1177 1846 1204; x_wconf 80' lang='grc' dir='ltr'>οἴκου</span> <span class='ocrx_word' id='word_1_578' title='bbox 1861 1175 1903 1210; x_wconf 80' lang='grc' dir='ltr'>τῆς</span> 
     </span>
    </p>
   </div>
   <div class='ocr_carea' id='block_1_81' title="bbox 1136 1222 1903 1260">
    <p class='ocr_par' dir='ltr' id='par_1_81' title="bbox 1136 1222 1903 1260">
     <span class='ocr_line' id='line_1_81' title="bbox 1136 1222 1903 1260; baseline -0.004 -10"><span class='ocrx_word' id='word_1_579' title='bbox 1136 1224 1279 1259; x_wconf 78' lang='grc' dir='ltr'>παρθένου,</span> <span class='ocrx_word' id='word_1_580' title='bbox 1295 1225 1359 1260; x_wconf 76' lang='grc' dir='ltr'>περὶ</span> <span class='ocrx_word' id='word_1_581' title='bbox 1375 1222 1408 1260; x_wconf 86' lang='grc' dir='ltr'>ἦς</span> <span class='ocrx_word' id='word_1_582' title='bbox 1424 1225 1452 1250; x_wconf 82' lang='grc' dir='ltr'>ἐν</span> <span class='ocrx_word' id='word_1_583' title='bbox 1464 1226 1520 1256; x_wconf 87' lang='grc' dir='ltr'>τοίς</span> <span class='ocrx_word' id='word_1_584' title='bbox 1536 1225 1591 1251; x_wconf 85' lang='grc' dir='ltr'>ἄνω</span> <span class='ocrx_word' id='word_1_585' title='bbox 1605 1225 1714 1259; x_wconf 80' lang='grc' dir='ltr'>εἴρηκα,</span> <span class='ocrx_word' id='word_1_586' title='bbox 1737 1223 1824 1255; x_wconf 76' lang='grc' dir='ltr'>πάλιν,</span> <span class='ocrx_word' id='word_1_587' title='bbox 1837 1222 1864 1248; x_wconf 86' lang='grc' dir='ltr'>ὲν</span> <span class='ocrx_word' id='word_1_588' title='bbox 1875 1222 1903 1255; x_wconf 82' lang='grc' dir='ltr'>τῇ</span> 
     </span>
    </p>
   </div>
   <div class='ocr_carea' id='block_1_82' title="bbox 1135 1267 1904 1306">
    <p class='ocr_par' dir='ltr' id='par_1_82' title="bbox 1135 1267 1904 1306">
     <span class='ocr_line' id='line_1_82' title="bbox 1135 1267 1904 1306; baseline -0.003 -10"><span class='ocrx_word' id='word_1_589' title='bbox 1135 1271 1212 1297; x_wconf 79' lang='grc' dir='ltr'>νυκτὶ</span> <span class='ocrx_word' id='word_1_590' title='bbox 1233 1270 1331 1306; x_wconf 82' lang='grc' dir='ltr'>εὑρέθη</span> <span class='ocrx_word' id='word_1_591' title='bbox 1352 1272 1380 1296; x_wconf 80' lang='grc' dir='ltr'><strong>ἐν</strong></span> <span class='ocrx_word' id='word_1_592' title='bbox 1406 1272 1438 1306; x_wconf 84' lang='grc' dir='ltr'>τῇ</span> <span class='ocrx_word' id='word_1_593' title='bbox 1466 1270 1612 1305; x_wconf 78' lang='grc' dir='ltr'>ἐκκλησίᾳ·</span> <span class='ocrx_word' id='word_1_594' title='bbox 1637 1270 1666 1296; x_wconf 82' lang='grc' dir='ltr'>ὃν</span> <span class='ocrx_word' id='word_1_595' title='bbox 1688 1271 1704 1296; x_wconf 87' lang='grc' dir='ltr'>ὁ</span> <span class='ocrx_word' id='word_1_596' title='bbox 1727 1267 1904 1304; x_wconf 77' lang='grc' dir='ltr'>Ἀλεξανδρέων</span> 
     </span>
    </p>
   </div>
   <div class='ocr_carea' id='block_1_83' title="bbox 1135 1312 1903 1350">
    <p class='ocr_par' dir='ltr' id='par_1_83' title="bbox 1135 1312 1903 1350">
     <span class='ocr_line' id='line_1_83' title="bbox 1135 1312 1903 1350; baseline -0.003 -9"><span class='ocrx_word' id='word_1_597' title='bbox 1135 1315 1199 1346; x_wconf 76' lang='grc' dir='ltr'>λαὺς</span> <span class='ocrx_word' id='word_1_598' title='bbox 1223 1315 1348 1350; x_wconf 77' lang='grc' dir='ltr'>ἀσμένως</span> <span class='ocrx_word' id='word_1_599' title='bbox 1368 1315 1484 1347; x_wconf 68' lang='grc' dir='ltr'>ἐδέξατο,</span> <span class='ocrx_word' id='word_1_600' title='bbox 1510 1315 1548 1346; x_wconf 82' lang='grc' dir='ltr'><strong>ὡς</strong></span> <span class='ocrx_word' id='word_1_601' title='bbox 1572 1316 1604 1341; x_wconf 77' lang='grc' dir='ltr'>ἐκ</span> <span class='ocrx_word' id='word_1_602' title='bbox 1630 1315 1736 1350; x_wconf 81' lang='grc' dir='ltr'>νεκρῶν</span> <span class='ocrx_word' id='word_1_603' title='bbox 1762 1312 1903 1348; x_wconf 78' lang='grc' dir='ltr'>ζῶντα</span> 
     </span>
    </p>
   </div>
   <div class='ocr_carea' id='block_1_84' title="bbox 1141 1359 1906 1397">
    <p class='ocr_par' dir='ltr' id='par_1_84' title="bbox 1141 1359 1906 1397">
     <span class='ocr_line' id='line_1_84' title="bbox 1141 1359 1906 1397; baseline -0.005 -10"><span class='ocrx_word' id='word_1_604' title='bbox 1141 1361 1309 1395; x_wconf 82' lang='grc' dir='ltr'>’Δπελογεῖτο</span> <span class='ocrx_word' id='word_1_605' title='bbox 1321 1359 1365 1387; x_wconf 79' lang='grc' dir='ltr'><strong>οὖν</strong></span> <span class='ocrx_word' id='word_1_606' title='bbox 1373 1362 1429 1393; x_wconf 79' lang='grc' dir='ltr'>τοῖς</span> <span class='ocrx_word' id='word_1_607' title='bbox 1437 1362 1554 1397; x_wconf 76' lang='grc' dir='ltr'>γνησίοις</span> <span class='ocrx_word' id='word_1_608' title='bbox 1563 1361 1645 1387; x_wconf 73' lang='grc' dir='ltr'>αὑτοῦ</span> <span class='ocrx_word' id='word_1_609' title='bbox 1657 1361 1754 1395; x_wconf 74' lang='grc' dir='ltr'>φίλοις,</span> <span class='ocrx_word' id='word_1_610' title='bbox 1767 1361 1806 1387; x_wconf 77' lang='grc' dir='ltr'><strong>ὅτι</strong></span> <span class='ocrx_word' id='word_1_611' title='bbox 1814 1359 1906 1387; x_wconf 72' lang='grc' dir='ltr'>,Τούτου</span> 
     </span>
    </p>
   </div>
   <div class='ocr_carea' id='block_1_85' title="bbox 1136 1402 1903 1443">
    <p class='ocr_par' dir='ltr' id='par_1_85' title="bbox 1136 1402 1903 1443">
     <span class='ocr_line' id='line_1_85' title="bbox 1136 1402 1903 1443; baseline -0.003 -10"><span class='ocrx_word' id='word_1_612' title='bbox 1136 1407 1214 1443; x_wconf 68' lang='grc' dir='ltr'>χάριν</span> <span class='ocrx_word' id='word_1_613' title='bbox 1232 1408 1300 1442; x_wconf 83' lang='grc' dir='ltr'>πρὸς</span> <span class='ocrx_word' id='word_1_614' title='bbox 1313 1408 1386 1442; x_wconf 79' lang='grc' dir='ltr'>ὑμᾶς</span> <span class='ocrx_word' id='word_1_615' title='bbox 1402 1408 1431 1434; x_wconf 82' lang='grc' dir='ltr'><strong>οὐ</strong></span> <span class='ocrx_word' id='word_1_616' title='bbox 1448 1407 1611 1442; x_wconf 64' lang='grc' dir='ltr'>κατέφυγον,</span> <span class='ocrx_word' id='word_1_617' title='bbox 1625 1407 1669 1434; x_wconf 76' lang='grc' dir='ltr'><strong>ἵνα</strong></span> <span class='ocrx_word' id='word_1_618' title='bbox 1683 1407 1794 1442; x_wconf 79' lang='grc' dir='ltr'>εὑορκον</span> <span class='ocrx_word' id='word_1_619' title='bbox 1808 1402 1903 1440; x_wconf 60' lang='grc' dir='ltr'>ὑμῖνξγ</span> 
     </span>
    </p>
   </div>
   <div class='ocr_carea' id='block_1_86' title="bbox 1135 1450 1906 1490">
    <p class='ocr_par' dir='ltr' id='par_1_86' title="bbox 1135 1450 1906 1490">
     <span class='ocr_line' id='line_1_86' title="bbox 1135 1450 1906 1490; baseline 0 -10"><span class='ocrx_word' id='word_1_620' title='bbox 1135 1453 1221 1484; x_wconf 82' lang='grc' dir='ltr'>ἄλλως</span> <span class='ocrx_word' id='word_1_621' title='bbox 1234 1461 1264 1479; x_wconf 83' lang='grc' dir='ltr'><strong>τε</strong></span> <span class='ocrx_word' id='word_1_622' title='bbox 1276 1453 1304 1480; x_wconf 79' lang='grc' dir='ltr'>δὲ</span> <span class='ocrx_word' id='word_1_623' title='bbox 1316 1453 1362 1480; x_wconf 79' lang='grc' dir='ltr'>καὶ</span> <span class='ocrx_word' id='word_1_624' title='bbox 1378 1453 1422 1480; x_wconf 83' lang='grc' dir='ltr'>διὰ</span> <span class='ocrx_word' id='word_1_625' title='bbox 1436 1453 1483 1488; x_wconf 81' lang='grc' dir='ltr'>τὴν</span> <span class='ocrx_word' id='word_1_626' title='bbox 1497 1453 1617 1490; x_wconf 78' lang='grc' dir='ltr'>ἔρευναν.</span> <span class='ocrx_word' id='word_1_627' title='bbox 1628 1454 1793 1487; x_wconf 78' lang='grc' dir='ltr'>Κατὲφυγον</span> <span class='ocrx_word' id='word_1_628' title='bbox 1806 1451 1833 1478; x_wconf 80' lang='grc' dir='ltr'>δὲ</span> <span class='ocrx_word' id='word_1_629' title='bbox 1849 1450 1906 1485; x_wconf 66' lang='grc' dir='ltr'>πρὸς</span> 
     </span>
    </p>
   </div>
   <div class='ocr_carea' id='block_1_87' title="bbox 1137 1496 1906 1535">
    <p class='ocr_par' dir='ltr' id='par_1_87' title="bbox 1137 1496 1906 1535">
     <span class='ocr_line' id='line_1_87' title="bbox 1137 1496 1906 1535; baseline -0.004 -10"><span class='ocrx_word' id='word_1_630' title='bbox 1137 1499 1254 1534; x_wconf 73' lang='grc' dir='ltr'>ἐκείνην,</span> <span class='ocrx_word' id='word_1_631' title='bbox 1280 1499 1348 1535; x_wconf 81' lang='grc' dir='ltr'>πρὸς</span> <span class='ocrx_word' id='word_1_632' title='bbox 1366 1499 1399 1534; x_wconf 81' lang='grc' dir='ltr'>ἢν</span> <span class='ocrx_word' id='word_1_633' title='bbox 1414 1499 1531 1533; x_wconf 67' lang='grc' dir='ltr'>ὑποψίαν</span> <span class='ocrx_word' id='word_1_634' title='bbox 1542 1499 1628 1530; x_wconf 72' lang='grc' dir='ltr'>οὐδεὶς</span> <span class='ocrx_word' id='word_1_635' title='bbox 1641 1498 1756 1534; x_wconf 72' lang='grc' dir='ltr'>ἠδύνατο</span> <span class='ocrx_word' id='word_1_636' title='bbox 1781 1498 1856 1533; x_wconf 80' lang='grc' dir='ltr'>ἔχειν,</span> <span class='ocrx_word' id='word_1_637' title='bbox 1875 1496 1906 1526; x_wconf 82' lang='grc' dir='ltr'>ὡς</span> 
     </span>
    </p>
   </div>
   <div class='ocr_carea' id='block_1_88' title="bbox 1136 1543 1907 1581">
    <p class='ocr_par' dir='ltr' id='par_1_88' title="bbox 1136 1543 1907 1581">
     <span class='ocr_line' id='line_1_88' title="bbox 1136 1543 1907 1581; baseline -0.003 -9"><span class='ocrx_word' id='word_1_638' title='bbox 1136 1545 1239 1580; x_wconf 81' lang='grc' dir='ltr'>ὡραίαν</span> <span class='ocrx_word' id='word_1_639' title='bbox 1255 1546 1300 1572; x_wconf 80' lang='grc' dir='ltr'>καὶ</span> <span class='ocrx_word' id='word_1_640' title='bbox 1311 1545 1452 1581; x_wconf 75' lang='grc' dir='ltr'>νεωτέραν.</span> <span class='ocrx_word' id='word_1_641' title='bbox 1471 1546 1537 1572; x_wconf 77' lang='grc' dir='ltr'><strong>Ὀδὲ</strong></span> <span class='ocrx_word' id='word_1_642' title='bbox 1552 1545 1749 1581; x_wconf 79' lang='grc' dir='ltr'>Ἀλεξανδρέων</span> <span class='ocrx_word' id='word_1_643' title='bbox 1765 1545 1837 1576; x_wconf 79' lang='grc' dir='ltr'>λαὸς,</span> <span class='ocrx_word' id='word_1_644' title='bbox 1849 1543 1907 1575; x_wconf 75' lang='grc' dir='ltr'>ἐξω-</span> 
     </span>
    </p>
   </div>
   <div class='ocr_carea' id='block_1_89' title="bbox 1137 1590 1907 1627">
    <p class='ocr_par' dir='ltr' id='par_1_89' title="bbox 1137 1590 1907 1627">
     <span class='ocr_line' id='line_1_89' title="bbox 1137 1590 1907 1627; baseline 0 -11"><span class='ocrx_word' id='word_1_645' title='bbox 1137 1590 1269 1626; x_wconf 86' lang='grc' dir='ltr'>θήσαντες</span> <span class='ocrx_word' id='word_1_646' title='bbox 1283 1591 1337 1618; x_wconf 83' lang='grc' dir='ltr'><strong>τῶν</strong></span> <span class='ocrx_word' id='word_1_647' title='bbox 1348 1590 1500 1625; x_wconf 77' lang='grc' dir='ltr'>ἐκκλησιῶν</span> <span class='ocrx_word' id='word_1_648' title='bbox 1514 1591 1576 1622; x_wconf 83' lang='grc' dir='ltr'>τοὺς</span> <span class='ocrx_word' id='word_1_649' title='bbox 1592 1591 1637 1617; x_wconf 82' lang='grc' dir='ltr'>τοῦ</span> <span class='ocrx_word' id='word_1_650' title='bbox 1661 1590 1767 1627; x_wconf 73' lang='grc' dir='ltr'>Ἀρείου</span> <span class='ocrx_word' id='word_1_651' title='bbox 1779 1591 1907 1625; x_wconf 74' lang='grc' dir='ltr'>δόγματος.</span> 
     </span>
    </p>
   </div>
   <div class='ocr_carea' id='block_1_90' title="bbox 1138 1635 1905 1672">
    <p class='ocr_par' dir='ltr' id='par_1_90' title="bbox 1138 1635 1905 1672">
     <span class='ocr_line' id='line_1_90' title="bbox 1138 1635 1905 1672; baseline -0.003 -10"><span class='ocrx_word' id='word_1_652' title='bbox 1138 1636 1327 1672; x_wconf 80' lang='grc' dir='ltr'>παραδιδόασιν</span> <span class='ocrx_word' id='word_1_653' title='bbox 1348 1635 1497 1671; x_wconf 82' lang='grc' dir='ltr'>Ἀθανασίῳ</span> <span class='ocrx_word' id='word_1_654' title='bbox 1507 1637 1569 1668; x_wconf 82' lang='grc' dir='ltr'>τοὺς</span> <span class='ocrx_word' id='word_1_655' title='bbox 1582 1637 1743 1672; x_wconf 86' lang='grc' dir='ltr'>εὐκτηρίους</span> <span class='ocrx_word' id='word_1_656' title='bbox 1767 1636 1861 1667; x_wconf 76' lang='grc' dir='ltr'>οἴκους.</span> <span class='ocrx_word' id='word_1_657' title='bbox 1880 1635 1905 1660; x_wconf 84' lang='grc' dir='ltr'><strong>Οἱ</strong></span> 
     </span>
    </p>
   </div>
   <div class='ocr_carea' id='block_1_91' title="bbox 1137 1682 1906 1718">
    <p class='ocr_par' dir='ltr' id='par_1_91' title="bbox 1137 1682 1906 1718">
     <span class='ocr_line' id='line_1_91' title="bbox 1137 1682 1906 1718; baseline -0.001 -10"><span class='ocrx_word' id='word_1_658' title='bbox 1137 1682 1166 1708; x_wconf 80' lang='grc' dir='ltr'>δὲ</span> <span class='ocrx_word' id='word_1_659' title='bbox 1185 1682 1406 1717; x_wconf 76' lang='grc' dir='ltr'>Ἀρειανίζοντες,</span> <span class='ocrx_word' id='word_1_660' title='bbox 1422 1683 1450 1707; x_wconf 82' lang='grc' dir='ltr'>ὲν</span> <span class='ocrx_word' id='word_1_661' title='bbox 1460 1682 1591 1714; x_wconf 80' lang='grc' dir='ltr'>οἰκίσκοις</span> <span class='ocrx_word' id='word_1_662' title='bbox 1606 1682 1724 1718; x_wconf 80' lang='grc' dir='ltr'>ἀσήμοις</span> <span class='ocrx_word' id='word_1_663' title='bbox 1734 1682 1906 1717; x_wconf 75' lang='grc' dir='ltr'>συναγόμενοι.</span> 
     </span>
    </p>
   </div>
   <div class='ocr_carea' id='block_1_92' title="bbox 1138 1726 1907 1764">
    <p class='ocr_par' dir='ltr' id='par_1_92' title="bbox 1138 1726 1907 1764">
     <span class='ocr_line' id='line_1_92' title="bbox 1138 1726 1907 1764; baseline -0.001 -10"><span class='ocrx_word' id='word_1_664' title='bbox 1138 1729 1177 1760; x_wconf 76' lang='grc' dir='ltr'><strong>είς</strong></span> <span class='ocrx_word' id='word_1_665' title='bbox 1189 1730 1269 1754; x_wconf 78' lang='grc' dir='ltr'>τόπον</span> <span class='ocrx_word' id='word_1_666' title='bbox 1285 1728 1421 1763; x_wconf 84' lang='grc' dir='ltr'>Γεωργίου</span> <span class='ocrx_word' id='word_1_667' title='bbox 1432 1727 1546 1754; x_wconf 83' lang='grc' dir='ltr'>Λούκιον</span> <span class='ocrx_word' id='word_1_668' title='bbox 1564 1729 1782 1764; x_wconf 73' lang='grc' dir='ltr'>προχειρίξονται</span> <span class='ocrx_word' id='word_1_669' title='bbox 1796 1726 1907 1763; x_wconf 76' lang='grc' dir='ltr'>ἡγεῖσθαι</span> 
     </span>
    </p>
   </div>
   <div class='ocr_carea' id='block_1_93' title="bbox 1138 1771 1907 1809">
    <p class='ocr_par' dir='ltr' id='par_1_93' title="bbox 1138 1771 1907 1809">
     <span class='ocr_line' id='line_1_93' title="bbox 1138 1771 1907 1809; baseline -0.003 -10"><span class='ocrx_word' id='word_1_670' title='bbox 1138 1773 1227 1800; x_wconf 84' lang='grc' dir='ltr'>αὐτῶν</span> <span class='ocrx_word' id='word_1_671' title='bbox 1238 1774 1284 1809; x_wconf 79' lang='grc' dir='ltr'><strong>(ε).</strong></span> <span class='ocrx_word' id='word_1_672' title='bbox 1309 1774 1339 1799; x_wconf 80' lang='lat'><strong>&#39;0</strong></span> <span class='ocrx_word' id='word_1_673' title='bbox 1352 1774 1380 1800; x_wconf 80' lang='grc' dir='ltr'>δὲ</span> <span class='ocrx_word' id='word_1_674' title='bbox 1398 1774 1549 1806; x_wconf 81' lang='grc' dir='ltr'>Ἰουλιανὸς,</span> <span class='ocrx_word' id='word_1_675' title='bbox 1572 1771 1625 1805; x_wconf 64' lang='grc' dir='ltr'>τοῖς</span> <span class='ocrx_word' id='word_1_676' title='bbox 1640 1774 1760 1805; x_wconf 81' lang='grc' dir='ltr'>εἰδώλοις</span> <span class='ocrx_word' id='word_1_677' title='bbox 1776 1771 1907 1807; x_wconf 74' lang='grc' dir='ltr'>ἐπιτερπό-</span> 
     </span>
    </p>
   </div>
   <div class='ocr_carea' id='block_1_94' title="bbox 1140 1810 1908 1854">
    <p class='ocr_par' dir='ltr' id='par_1_94' title="bbox 1140 1810 1908 1854">
     <span class='ocr_line' id='line_1_94' title="bbox 1140 1810 1908 1854; baseline -0.003 -10"><span class='ocrx_word' id='word_1_678' title='bbox 1140 1826 1228 1852; x_wconf 81' lang='grc' dir='ltr'>μενος,</span> <span class='ocrx_word' id='word_1_679' title='bbox 1254 1815 1330 1850; x_wconf 79' lang='grc' dir='ltr'>αὖθις</span> <span class='ocrx_word' id='word_1_680' title='bbox 1351 1818 1399 1850; x_wconf 81' lang='grc' dir='ltr'>τὰς</span> <span class='ocrx_word' id='word_1_681' title='bbox 1414 1810 1560 1854; x_wconf 58' lang='grc' dir='ltr'>ἐκκλησίας</span> <span class='ocrx_word' id='word_1_682' title='bbox 1578 1818 1720 1854; x_wconf 80' lang='grc' dir='ltr'>ἐτάραττε,</span> <span class='ocrx_word' id='word_1_683' title='bbox 1742 1819 1776 1845; x_wconf 72' lang='grc' dir='ltr'>τὰ</span> <span class='ocrx_word' id='word_1_684' title='bbox 1795 1817 1850 1854; x_wconf 76' lang='grc' dir='ltr'>ιερὰ</span> <span class='ocrx_word' id='word_1_685' title='bbox 1863 1815 1908 1842; x_wconf 83' lang='grc' dir='ltr'><strong>τῶν</strong></span> 
     </span>
    </p>
   </div>
   <div class='ocr_carea' id='block_1_95' title="bbox 1144 1863 1909 1899">
    <p class='ocr_par' dir='ltr' id='par_1_95' title="bbox 1144 1863 1909 1899">
     <span class='ocr_line' id='line_1_95' title="bbox 1144 1863 1909 1899; baseline 0.001 -10"><span class='ocrx_word' id='word_1_686' title='bbox 1144 1863 1276 1899; x_wconf 85' lang='grc' dir='ltr'>Ἐλλήνων</span> <span class='ocrx_word' id='word_1_687' title='bbox 1300 1864 1433 1898; x_wconf 83' lang='grc' dir='ltr'>ἀνοίγων,</span> <span class='ocrx_word' id='word_1_688' title='bbox 1456 1865 1503 1890; x_wconf 75' lang='grc' dir='ltr'>καὶ</span> <span class='ocrx_word' id='word_1_689' title='bbox 1527 1865 1621 1896; x_wconf 79' lang='grc' dir='ltr'>θυσίας</span> <span class='ocrx_word' id='word_1_690' title='bbox 1638 1864 1770 1891; x_wconf 77' lang='grc' dir='ltr'>ἐπιτελῶν</span> <span class='ocrx_word' id='word_1_691' title='bbox 1786 1865 1817 1899; x_wconf 81' lang='grc' dir='ltr'>τῇ</span> <span class='ocrx_word' id='word_1_692' title='bbox 1842 1863 1909 1889; x_wconf 85' lang='grc' dir='ltr'>Κων-</span> 
     </span>
    </p>
   </div>
   <div class='ocr_carea' id='block_1_96' title="bbox 1139 1907 1910 1946">
    <p class='ocr_par' dir='ltr' id='par_1_96' title="bbox 1139 1907 1910 1946">
     <span class='ocr_line' id='line_1_96' title="bbox 1139 1907 1910 1946; baseline -0.003 -11"><span class='ocrx_word' id='word_1_693' title='bbox 1139 1909 1380 1941; x_wconf 79' lang='grc' dir='ltr'>σταντινουπόλεως</span> <span class='ocrx_word' id='word_1_694' title='bbox 1396 1909 1471 1945; x_wconf 80' lang='grc' dir='ltr'>Τύχῃ</span> <span class='ocrx_word' id='word_1_695' title='bbox 1480 1910 1596 1946; x_wconf 79' lang='grc' dir='ltr'>δημοσίᾳ</span> <span class='ocrx_word' id='word_1_696' title='bbox 1612 1911 1640 1936; x_wconf 83' lang='grc' dir='ltr'><strong>ὲν</strong></span> <span class='ocrx_word' id='word_1_697' title='bbox 1652 1911 1684 1945; x_wconf 85' lang='grc' dir='ltr'>τῇ</span> <span class='ocrx_word' id='word_1_698' title='bbox 1701 1910 1835 1945; x_wconf 83' lang='grc' dir='ltr'>βασιλικῇ,</span> <span class='ocrx_word' id='word_1_699' title='bbox 1855 1907 1910 1935; x_wconf 78' lang='grc' dir='ltr'>ἔνθα</span> 
     </span>
    </p>
   </div>
   <div class='ocr_carea' id='block_1_97' title="bbox 1138 1954 1910 1991">
    <p class='ocr_par' dir='ltr' id='par_1_97' title="bbox 1138 1954 1910 1991">
     <span class='ocr_line' id='line_1_97' title="bbox 1138 1954 1910 1991; baseline 0.001 -10"><span class='ocrx_word' id='word_1_700' title='bbox 1138 1955 1169 1981; x_wconf 79' lang='grc' dir='ltr'><strong>τὸ</strong></span> <span class='ocrx_word' id='word_1_701' title='bbox 1182 1955 1231 1989; x_wconf 82' lang='grc' dir='ltr'><strong>τῆς</strong></span> <span class='ocrx_word' id='word_1_702' title='bbox 1246 1955 1337 1991; x_wconf 82' lang='grc' dir='ltr'>Τύχης</span> <span class='ocrx_word' id='word_1_703' title='bbox 1358 1955 1448 1991; x_wconf 75' lang='grc' dir='ltr'>ἵδρυτο</span> <span class='ocrx_word' id='word_1_704' title='bbox 1467 1956 1578 1991; x_wconf 80' lang='grc' dir='ltr'>ἄγαλμα</span> <span class='ocrx_word' id='word_1_705' title='bbox 1598 1956 1632 1991; x_wconf 72' lang='grc' dir='ltr'><strong>(ι’)</strong></span> <span class='ocrx_word' id='word_1_706' title='bbox 1646 1965 1651 1970; x_wconf 92' lang='grc'><strong>·</strong></span> <span class='ocrx_word' id='word_1_707' title='bbox 1667 1957 1712 1982; x_wconf 78' lang='grc' dir='ltr'>ὅτε</span> <span class='ocrx_word' id='word_1_708' title='bbox 1733 1957 1780 1983; x_wconf 77' lang='grc' dir='ltr'>καὶ</span> <span class='ocrx_word' id='word_1_709' title='bbox 1799 1956 1883 1991; x_wconf 74' lang='grc' dir='ltr'>Μάρις</span> <span class='ocrx_word' id='word_1_710' title='bbox 1898 1954 1910 1979; x_wconf 79' lang='grc' dir='ltr'>ὁ</span> 
     </span>
    </p>
   </div>
   <div class='ocr_carea' id='block_1_98' title="bbox 1138 1999 1910 2050">
    <p class='ocr_par' dir='ltr' id='par_1_98' title="bbox 1138 1999 1910 2050">
     <span class='ocr_line' id='line_1_98' title="bbox 1138 1999 1910 2050; baseline 0 -24"><span class='ocrx_word' id='word_1_711' title='bbox 1138 2000 1187 2034; x_wconf 76' lang='grc' dir='ltr'><strong>τῆς</strong></span> <span class='ocrx_word' id='word_1_712' title='bbox 1204 2001 1232 2026; x_wconf 75' lang='grc' dir='ltr'><strong>ὲν</strong></span> <span class='ocrx_word' id='word_1_713' title='bbox 1245 2000 1356 2034; x_wconf 75' lang='grc' dir='ltr'>Βιθυνίᾳ</span> <span class='ocrx_word' id='word_1_714' title='bbox 1372 2001 1542 2050; x_wconf 50' lang='grc' dir='ltr'>Χαλξιηδθνος</span> <span class='ocrx_word' id='word_1_715' title='bbox 1556 2002 1704 2050; x_wconf 41' lang='lat' dir='ltr'><strong>Egeram;</strong></span> <span class='ocrx_word' id='word_1_716' title='bbox 1712 2017 1729 2034; x_wconf 49' lang='grc' dir='ltr'><strong>,κ</strong></span> <span class='ocrx_word' id='word_1_717' title='bbox 1738 1999 1910 2038; x_wconf 55' lang='grc' dir='ltr'>ᾓιραγωγοὺ-</span> 
     </span>
    </p>
   </div>
   <div class='ocr_carea' id='block_1_99' title="bbox 1140 2034 1911 2084">
    <p class='ocr_par' dir='ltr' id='par_1_99' title="bbox 1140 2034 1911 2084">
     <span class='ocr_line' id='line_1_99' title="bbox 1140 2034 1911 2084; baseline 0.003 -13"><span class='ocrx_word' id='word_1_718' title='bbox 1140 2054 1227 2080; x_wconf 65' lang='grc' dir='ltr'>μενος</span> <span class='ocrx_word' id='word_1_719' title='bbox 1237 2043 1270 2081; x_wconf 85' lang='grc' dir='ltr'>ἧν</span> <span class='ocrx_word' id='word_1_720' title='bbox 1285 2045 1339 2081; x_wconf 74' lang='grc' dir='ltr'>γὰρ</span> <span class='ocrx_word' id='word_1_721' title='bbox 1348 2047 1398 2082; x_wconf 67' lang='grc' dir='ltr'>ἤδη</span> <span class='ocrx_word' id='word_1_722' title='bbox 1408 2034 1474 2083; x_wconf 44' lang='grc' dir='ltr'>πρὸς</span> <span class='ocrx_word' id='word_1_723' title='bbox 1483 2048 1521 2083; x_wconf 82' lang='grc' dir='ltr'><strong>τῷ</strong></span> <span class='ocrx_word' id='word_1_724' title='bbox 1531 2034 1628 2083; x_wconf 46' lang='lat' dir='ltr'><strong>ﬁgas:</strong></span> <span class='ocrx_word' id='word_1_725' title='bbox 1635 2034 1768 2084; x_wconf 66' lang='grc' dir='ltr'>,ὑπόχυσίν</span> <span class='ocrx_word' id='word_1_726' title='bbox 1778 2034 1911 2082; x_wconf 69' lang='grc' dir='ltr'>ύφθαλμλῦν</span> 
     </span>
    </p>
   </div>
   <div class='ocr_carea' id='block_1_100' title="bbox 1139 2090 1912 2130">
    <p class='ocr_par' dir='ltr' id='par_1_100' title="bbox 1139 2090 1912 2130">
     <span class='ocr_line' id='line_1_100' title="bbox 1139 2090 1912 2130; baseline 0.001 -14"><span class='ocrx_word' id='word_1_727' title='bbox 1139 2090 1296 2126; x_wconf 61' lang='grc' dir='ltr'>ὑπομείνας</span> <span class='ocrx_word' id='word_1_728' title='bbox 1306 2092 1391 2119; x_wconf 76' lang='grc' dir='ltr'>πολλὰ</span> <span class='ocrx_word' id='word_1_729' title='bbox 1399 2093 1443 2119; x_wconf 77' lang='grc' dir='ltr'><strong>τὸν</strong></span> <span class='ocrx_word' id='word_1_730' title='bbox 1460 2093 1569 2127; x_wconf 79' lang='grc' dir='ltr'>βασιλέα</span> <span class='ocrx_word' id='word_1_731' title='bbox 1577 2093 1705 2130; x_wconf 57' lang='grc' dir='ltr'>εἰσελθὼν</span> <span class='ocrx_word' id='word_1_732' title='bbox 1712 2090 1912 2128; x_wconf 76' lang='grc' dir='ltr'>ὖὸρισεν,ἀσε6ἧ</span> 
     </span>
    </p>
   </div>
   <div class='ocr_carea' id='block_1_101' title="bbox 1138 2130 1911 2181">
    <p class='ocr_par' dir='ltr' id='par_1_101' title="bbox 1138 2130 1911 2181">
     <span class='ocr_line' id='line_1_101' title="bbox 1138 2130 1911 2181; baseline 0.003 -19"><span class='ocrx_word' id='word_1_733' title='bbox 1138 2136 1228 2162; x_wconf 84' lang='grc' dir='ltr'>καλῶν</span> <span class='ocrx_word' id='word_1_734' title='bbox 1235 2137 1279 2163; x_wconf 80' lang='grc' dir='ltr'><strong>τὸν</strong></span> <span class='ocrx_word' id='word_1_735' title='bbox 1286 2137 1450 2173; x_wconf 80' lang='grc' dir='ltr'>ἀποστάτην,</span> <span class='ocrx_word' id='word_1_736' title='bbox 1459 2138 1504 2164; x_wconf 85' lang='grc' dir='ltr'><strong>τὸν</strong></span> <span class='ocrx_word' id='word_1_737' title='bbox 1512 2138 1599 2181; x_wconf 55' lang='grc' dir='ltr'>ἔθεον.</span> <span class='ocrx_word' id='word_1_738' title='bbox 1608 2130 1670 2168; x_wconf 69' lang='grc' dir='ltr'><strong>’ΰδὲ</strong></span> <span class='ocrx_word' id='word_1_739' title='bbox 1679 2139 1769 2181; x_wconf 80' lang='grc' dir='ltr'>λόγοις</span> <span class='ocrx_word' id='word_1_740' title='bbox 1776 2137 1824 2169; x_wconf 80' lang='grc' dir='ltr'>τὰς</span> <span class='ocrx_word' id='word_1_741' title='bbox 1831 2137 1911 2171; x_wconf 75' lang='grc' dir='ltr'>ὕϐρεις</span> 
     </span>
    </p>
   </div>
   <div class='ocr_carea' id='block_1_102' title="bbox 1138 2180 1914 2220">
    <p class='ocr_par' dir='ltr' id='par_1_102' title="bbox 1138 2180 1914 2220">
     <span class='ocr_line' id='line_1_102' title="bbox 1138 2180 1914 2220; baseline -0.003 -12"><span class='ocrx_word' id='word_1_742' title='bbox 1138 2181 1266 2217; x_wconf 74' lang='grc' dir='ltr'>ἠμύνετο,</span> <span class='ocrx_word' id='word_1_743' title='bbox 1272 2183 1371 2217; x_wconf 76' lang='grc' dir='ltr'>τυφλὸν</span> <span class='ocrx_word' id='word_1_744' title='bbox 1379 2184 1426 2211; x_wconf 82' lang='grc' dir='ltr'><strong>καὶ</strong></span> <span class='ocrx_word' id='word_1_745' title='bbox 1433 2194 1469 2220; x_wconf 81' lang='grc' dir='ltr'><strong>πη</strong></span> <span class='ocrx_word' id='word_1_746' title='bbox 1474 2180 1681 2220; x_wconf 53' lang='grc' dir='ltr'>ρὸνᾶποκαλῶν,</span> <span class='ocrx_word' id='word_1_747' title='bbox 1690 2180 1738 2212; x_wconf 60' lang='grc' dir='ltr'><strong>καὶ</strong></span> <span class='ocrx_word' id='word_1_748' title='bbox 1748 2184 1816 2220; x_wconf 81' lang='grc' dir='ltr'>μηδὲ</span> <span class='ocrx_word' id='word_1_749' title='bbox 1823 2183 1864 2209; x_wconf 76' lang='grc' dir='ltr'>τὸν</span> <span class='ocrx_word' id='word_1_750' title='bbox 1871 2181 1914 2207; x_wconf 83' lang='grc' dir='ltr'><strong>Γα-</strong></span> 
     </span>
    </p>
   </div>
   <div class='ocr_carea' id='block_1_103' title="bbox 1138 2228 1911 2267">
    <p class='ocr_par' dir='ltr' id='par_1_103' title="bbox 1138 2228 1911 2267">
     <span class='ocr_line' id='line_1_103' title="bbox 1138 2228 1911 2267; baseline 0.001 -13"><span class='ocrx_word' id='word_1_751' title='bbox 1138 2228 1236 2255; x_wconf 86' lang='grc' dir='ltr'>λιλαῖον</span> <span class='ocrx_word' id='word_1_752' title='bbox 1243 2229 1324 2256; x_wconf 81' lang='grc' dir='ltr'>αὑτοῦ</span> <span class='ocrx_word' id='word_1_753' title='bbox 1333 2230 1478 2266; x_wconf 76' lang='grc' dir='ltr'>δυνάμενον</span> <span class='ocrx_word' id='word_1_754' title='bbox 1484 2231 1563 2258; x_wconf 73' lang='grc' dir='ltr'>αὐτὸν</span> <span class='ocrx_word' id='word_1_755' title='bbox 1569 2231 1597 2257; x_wconf 88' lang='grc' dir='ltr'>οε</span> <span class='ocrx_word' id='word_1_756' title='bbox 1602 2231 1736 2266; x_wconf 77' lang='grc' dir='ltr'>ραπεῦσαι</span> <span class='ocrx_word' id='word_1_757' title='bbox 1745 2231 1793 2267; x_wconf 83' lang='lat' dir='ltr'><strong>(g).</strong></span> <span class='ocrx_word' id='word_1_758' title='bbox 1801 2230 1828 2257; x_wconf 85' lang='lat'><strong>&#39;0</strong></span> <span class='ocrx_word' id='word_1_759' title='bbox 1834 2228 1860 2255; x_wconf 81' lang='grc' dir='ltr'>δὲ</span> <span class='ocrx_word' id='word_1_760' title='bbox 1869 2234 1911 2262; x_wconf 69' lang='grc' dir='ltr'>μαν</span> 
     </span>
    </p>
   </div>
   <div class='ocr_carea' id='block_1_104' title="bbox 1138 2273 1913 2311">
    <p class='ocr_par' dir='ltr' id='par_1_104' title="bbox 1138 2273 1913 2311">
     <span class='ocr_line' id='line_1_104' title="bbox 1138 2273 1913 2311; baseline 0.001 -11"><span class='ocrx_word' id='word_1_761' title='bbox 1138 2273 1232 2308; x_wconf 82' lang='grc' dir='ltr'>κάριος</span> <span class='ocrx_word' id='word_1_762' title='bbox 1241 2275 1472 2311; x_wconf 78' lang='grc' dir='ltr'>παρῥησιέστερον</span> <span class='ocrx_word' id='word_1_763' title='bbox 1479 2276 1546 2311; x_wconf 78' lang='grc' dir='ltr'>πρὸς</span> <span class='ocrx_word' id='word_1_764' title='bbox 1553 2276 1597 2303; x_wconf 80' lang='grc' dir='ltr'><strong>τὸν</strong></span> <span class='ocrx_word' id='word_1_765' title='bbox 1607 2276 1719 2311; x_wconf 77' lang='grc' dir='ltr'>βασιλέα</span> <span class='ocrx_word' id='word_1_766' title='bbox 1727 2275 1780 2310; x_wconf 74' lang='grc' dir='ltr'>ἔφη</span> <span class='ocrx_word' id='word_1_767' title='bbox 1787 2283 1793 2289; x_wconf 74' lang='grc'><strong>⁸</strong></span> <span class='ocrx_word' id='word_1_768' title='bbox 1809 2275 1913 2308; x_wconf 80' lang='grc' dir='ltr'>Εὐχαρι-</span> 
     </span>
    </p>
   </div>
   <div class='ocr_carea' id='block_1_105' title="bbox 1105 2317 1913 2364">
    <p class='ocr_par' dir='ltr' id='par_1_105' title="bbox 1105 2317 1913 2364">
     <span class='ocr_line' id='line_1_105' title="bbox 1105 2317 1913 2364; baseline 0.001 -19"><span class='ocrx_word' id='word_1_769' title='bbox 1105 2337 1127 2364; x_wconf 76' lang='grc'><strong>1)</strong></span> <span class='ocrx_word' id='word_1_770' title='bbox 1143 2319 1208 2350; x_wconf 85' lang='grc' dir='ltr'>στῶ,</span> <span class='ocrx_word' id='word_1_771' title='bbox 1218 2320 1311 2354; x_wconf 75' lang='grc' dir='ltr'>φησὶν,</span> <span class='ocrx_word' id='word_1_772' title='bbox 1320 2320 1357 2355; x_wconf 82' lang='grc' dir='ltr'>τῷ</span> <span class='ocrx_word' id='word_1_773' title='bbox 1365 2320 1469 2356; x_wconf 82' lang='grc' dir='ltr'>Θεῷτῷ</span> <span class='ocrx_word' id='word_1_774' title='bbox 1476 2320 1647 2356; x_wconf 73' lang='grc' dir='ltr'>τυφλώσαντί</span> <span class='ocrx_word' id='word_1_775' title='bbox 1657 2330 1700 2357; x_wconf 85' lang='grc' dir='ltr'><strong>με,</strong></span> <span class='ocrx_word' id='word_1_776' title='bbox 1710 2321 1755 2348; x_wconf 82' lang='grc' dir='ltr'><strong>ἵνα</strong></span> <span class='ocrx_word' id='word_1_777' title='bbox 1763 2329 1814 2358; x_wconf 64' lang='grc' dir='ltr'><strong>⁷σου</strong></span> <span class='ocrx_word' id='word_1_778' title='bbox 1826 2319 1860 2355; x_wconf 78' lang='grc' dir='ltr'><strong>μὴ</strong></span> 
     </span>
    </p>
   </div>
   <div class='ocr_carea' id='block_1_106' title="bbox 1141 2362 1913 2402">
    <p class='ocr_par' dir='ltr' id='par_1_106' title="bbox 1141 2362 1913 2402">
     <span class='ocr_line' id='line_1_106' title="bbox 1141 2362 1913 2402; baseline 0.008 -11"><span class='ocrx_word' id='word_1_779' title='bbox 1141 2366 1172 2392; x_wconf 82' lang='grc' dir='ltr'><strong>τὸ</strong></span> <span class='ocrx_word' id='word_1_780' title='bbox 1191 2366 1297 2398; x_wconf 83' lang='grc' dir='ltr'>ἀναιδὲς</span> <span class='ocrx_word' id='word_1_781' title='bbox 1313 2367 1458 2402; x_wconf 81' lang='grc' dir='ltr'>πρόσωπον</span> <span class='ocrx_word' id='word_1_782' title='bbox 1477 2367 1563 2399; x_wconf 86' lang='grc' dir='ltr'>οὑτως</span> <span class='ocrx_word' id='word_1_783' title='bbox 1589 2367 1767 2398; x_wconf 79' lang='grc' dir='ltr'>ἐκπεπτωκὸς</span> <span class='ocrx_word' id='word_1_784' title='bbox 1788 2366 1853 2401; x_wconf 73' lang='grc' dir='ltr'><strong>πρὸς</strong></span> <span class='ocrx_word' id='word_1_785' title='bbox 1871 2362 1913 2397; x_wconf 53' lang='grc' dir='ltr'><strong>ἑὴν</strong></span> 
     </span>
    </p>
   </div>
   <div class='ocr_carea' id='block_1_107' title="bbox 1140 2408 1913 2449">
    <p class='ocr_par' dir='ltr' id='par_1_107' title="bbox 1140 2408 1913 2449">
     <span class='ocr_line' id='line_1_107' title="bbox 1140 2408 1913 2449; baseline -0.001 -11"><span class='ocrx_word' id='word_1_786' title='bbox 1140 2412 1276 2440; x_wconf 75' lang='grc' dir='ltr'>ἀσέϐειαν.</span> <span class='ocrx_word' id='word_1_787' title='bbox 1293 2412 1359 2440; x_wconf 86' lang='grc' dir='ltr'><strong>Τότέ</strong></span> <span class='ocrx_word' id='word_1_788' title='bbox 1379 2414 1410 2449; x_wconf 88' lang='grc' dir='ltr'><strong>δὴ</strong></span> <span class='ocrx_word' id='word_1_789' title='bbox 1427 2415 1475 2441; x_wconf 76' lang='grc' dir='ltr'><strong>καὶ</strong></span> <span class='ocrx_word' id='word_1_790' title='bbox 1496 2414 1621 2446; x_wconf 71' lang='grc' dir='ltr'>Ἰοὸιανδς</span> <span class='ocrx_word' id='word_1_791' title='bbox 1638 2414 1683 2441; x_wconf 78' lang='grc' dir='ltr'><strong>καὶ</strong></span> <span class='ocrx_word' id='word_1_792' title='bbox 1709 2408 1913 2440; x_wconf 79' lang='grc' dir='ltr'>Οὑαλεντινιανὺς</span> 
     </span>
    </p>
   </div>
   <div class='ocr_carea' id='block_1_108' title="bbox 1140 2454 1913 2495">
    <p class='ocr_par' dir='ltr' id='par_1_108' title="bbox 1140 2454 1913 2495">
     <span class='ocr_line' id='line_1_108' title="bbox 1140 2454 1913 2495; baseline -0.005 -11"><span class='ocrx_word' id='word_1_793' title='bbox 1140 2457 1270 2490; x_wconf 86' lang='grc' dir='ltr'>λύσαντες</span> <span class='ocrx_word' id='word_1_794' title='bbox 1279 2458 1329 2490; x_wconf 77' lang='grc' dir='ltr'>τὰς</span> <span class='ocrx_word' id='word_1_795' title='bbox 1347 2459 1434 2491; x_wconf 77' lang='grc' dir='ltr'>ζώνας</span> <span class='ocrx_word' id='word_1_796' title='bbox 1448 2460 1632 2495; x_wconf 67' lang='grc' dir='ltr'>προσέρριψαν</span> <span class='ocrx_word' id='word_1_797' title='bbox 1649 2459 1688 2495; x_wconf 72' lang='grc' dir='ltr'>τῷ</span> <span class='ocrx_word' id='word_1_798' title='bbox 1700 2459 1823 2494; x_wconf 81' lang='grc' dir='ltr'>τυράννῳ</span> <span class='ocrx_word' id='word_1_799' title='bbox 1835 2454 1913 2482; x_wconf 80' lang='grc' dir='ltr'>εἰπόν-</span> 
     </span>
    </p>
   </div>
   <div class='ocr_carea' id='block_1_109' title="bbox 1141 2498 1913 2540">
    <p class='ocr_par' dir='ltr' id='par_1_109' title="bbox 1141 2498 1913 2540">
     <span class='ocr_line' id='line_1_109' title="bbox 1141 2498 1913 2540; baseline -0.001 -9"><span class='ocrx_word' id='word_1_800' title='bbox 1141 2513 1201 2536; x_wconf 81' lang='grc' dir='ltr'>τες·</span> <span class='ocrx_word' id='word_1_801' title='bbox 1216 2505 1298 2540; x_wconf 87' lang='grc' dir='ltr'>Δέχου</span> <span class='ocrx_word' id='word_1_802' title='bbox 1317 2505 1366 2536; x_wconf 79' lang='grc' dir='ltr'>τὰς</span> <span class='ocrx_word' id='word_1_803' title='bbox 1383 2504 1480 2538; x_wconf 79' lang='grc' dir='ltr'>ζώνας,</span> <span class='ocrx_word' id='word_1_804' title='bbox 1501 2505 1547 2540; x_wconf 72' lang='grc' dir='ltr'><strong>ἔχε</strong></span> <span class='ocrx_word' id='word_1_805' title='bbox 1561 2513 1608 2532; x_wconf 85' lang='grc' dir='ltr'><strong>σου</strong></span> <span class='ocrx_word' id='word_1_806' title='bbox 1621 2505 1729 2537; x_wconf 77' lang='grc' dir='ltr'>καὶτὰς</span> <span class='ocrx_word' id='word_1_807' title='bbox 1744 2503 1835 2540; x_wconf 74' lang='grc' dir='ltr'>τιμάς.</span> <span class='ocrx_word' id='word_1_808' title='bbox 1853 2498 1913 2535; x_wconf 77' lang='grc' dir='ltr'><strong>Πρό-</strong></span> 
     </span>
    </p>
   </div>
   <div class='ocr_carea' id='block_1_110' title="bbox 1142 2541 1913 2587">
    <p class='ocr_par' dir='ltr' id='par_1_110' title="bbox 1142 2541 1913 2587">
     <span class='ocr_line' id='line_1_110' title="bbox 1142 2541 1913 2587; baseline 0 -10"><span class='ocrx_word' id='word_1_809' title='bbox 1142 2559 1230 2578; x_wconf 84' lang='grc' dir='ltr'>κειται</span> <span class='ocrx_word' id='word_1_810' title='bbox 1241 2551 1270 2577; x_wconf 79' lang='grc' dir='ltr'>δέ</span> <span class='ocrx_word' id='word_1_811' title='bbox 1286 2559 1337 2582; x_wconf 83' lang='grc' dir='ltr'>σοι,</span> <span class='ocrx_word' id='word_1_812' title='bbox 1359 2551 1383 2576; x_wconf 87' lang='grc' dir='ltr'>εὶ</span> <span class='ocrx_word' id='word_1_813' title='bbox 1400 2550 1492 2587; x_wconf 82' lang='grc' dir='ltr'>βούλῃ,</span> <span class='ocrx_word' id='word_1_814' title='bbox 1516 2551 1563 2578; x_wconf 73' lang='grc' dir='ltr'>καὶ</span> <span class='ocrx_word' id='word_1_815' title='bbox 1584 2551 1756 2587; x_wconf 69' lang='grc' dir='ltr'>τὰσώματα</span> <span class='ocrx_word' id='word_1_816' title='bbox 1778 2548 1867 2585; x_wconf 79' lang='grc' dir='ltr'>ἡμῶν·</span> <span class='ocrx_word' id='word_1_817' title='bbox 1881 2541 1913 2571; x_wconf 75' lang='grc' dir='ltr'><strong>ὧν</strong></span> 
     </span>
    </p>
   </div>
   <div class='ocr_carea' id='block_1_111' title="bbox 1224 2682 1899 2719">
    <p class='ocr_par' dir='ltr' id='par_1_111' title="bbox 1224 2682 1899 2719">
     <span class='ocr_line' id='line_1_111' title="bbox 1224 2682 1899 2719; baseline -0.003 -10"><span class='ocrx_word' id='word_1_818' title='bbox 1224 2682 1274 2719; x_wconf 10' lang='lat' dir='ltr'><strong>ita;</strong></span> <span class='ocrx_word' id='word_1_819' title='bbox 1282 2682 1364 2719; x_wconf 82' lang='lat' dir='ltr'><strong>Palat.</strong></span> <span class='ocrx_word' id='word_1_820' title='bbox 1377 2682 1404 2709; x_wconf 94' lang='lat' dir='ltr'><strong>ln</strong></span> <span class='ocrx_word' id='word_1_821' title='bbox 1420 2683 1499 2711; x_wconf 80' lang='lat' dir='ltr'><strong>editis</strong></span> <span class='ocrx_word' id='word_1_822' title='bbox 1513 2684 1636 2719; x_wconf 78' lang='grc' dir='ltr'>ἡγεῖσθαι</span> <span class='ocrx_word' id='word_1_823' title='bbox 1647 2683 1737 2711; x_wconf 70' lang='grc' dir='ltr'>αὐτῶν</span> <span class='ocrx_word' id='word_1_824' title='bbox 1753 2683 1835 2719; x_wconf 85' lang='lat' dir='ltr'><strong>deest.</strong></span> <span class='ocrx_word' id='word_1_825' title='bbox 1850 2713 1855 2719; x_wconf 45' lang='lat' dir='ltr'><strong>I</strong></span> <span class='ocrx_word' id='word_1_826' title='bbox 1887 2711 1899 2716; x_wconf 90' lang='lat'>_</span> 
     </span>
    </p>
   </div>
   <div class='ocr_carea' id='block_1_112' title="bbox 1232 2713 1912 2754">
    <p class='ocr_par' dir='ltr' id='par_1_112' title="bbox 1232 2713 1912 2754">
     <span class='ocr_line' id='line_1_112' title="bbox 1232 2713 1912 2754; baseline 0.003 -11"><span class='ocrx_word' id='word_1_827' title='bbox 1232 2717 1315 2754; x_wconf 71' lang='lat' dir='ltr'><strong>Palat.</strong></span> <span class='ocrx_word' id='word_1_828' title='bbox 1337 2718 1451 2752; x_wconf 80' lang='grc' dir='ltr'>ἵδρυται.</span> <span class='ocrx_word' id='word_1_829' title='bbox 1476 2713 1548 2746; x_wconf 69' lang='lat' dir='ltr'><strong>infra</strong></span> <span class='ocrx_word' id='word_1_830' title='bbox 1571 2719 1654 2754; x_wconf 75' lang='lat' dir='ltr'><strong>Palat.</strong></span> <span class='ocrx_word' id='word_1_831' title='bbox 1671 2719 1724 2754; x_wconf 68' lang='grc' dir='ltr'>ἠδη</span> <span class='ocrx_word' id='word_1_832' title='bbox 1744 2718 1809 2754; x_wconf 69' lang='grc' dir='ltr'>πρὸς</span> <span class='ocrx_word' id='word_1_833' title='bbox 1831 2713 1858 2740; x_wconf 74' lang='grc' dir='ltr'>τὸ</span> <span class='ocrx_word' id='word_1_834' title='bbox 1871 2713 1912 2745; x_wconf 67' lang='grc' dir='ltr'><strong>’ίῨΓ</strong></span> 
     </span>
    </p>
   </div>
   <div class='ocr_carea' id='block_1_113' title="bbox 1148 2751 1832 2789">
    <p class='ocr_par' dir='ltr' id='par_1_113' title="bbox 1148 2751 1832 2789">
     <span class='ocr_line' id='line_1_113' title="bbox 1148 2751 1832 2789; baseline 0 -11"><span class='ocrx_word' id='word_1_835' title='bbox 1148 2751 1306 2789; x_wconf 40' lang='grc' dir='ltr'>οαςηῐξοιιιο</span> <span class='ocrx_word' id='word_1_836' title='bbox 1323 2751 1381 2786; x_wconf 78' lang='lat' dir='ltr'><strong>post</strong></span> <span class='ocrx_word' id='word_1_837' title='bbox 1398 2754 1477 2786; x_wconf 88' lang='lat' dir='ltr'><strong>idem,</strong></span> <span class='ocrx_word' id='word_1_838' title='bbox 1495 2753 1649 2789; x_wconf 82' lang='grc' dir='ltr'>προσελθὼν</span> <span class='ocrx_word' id='word_1_839' title='bbox 1663 2751 1770 2789; x_wconf 72' lang='grc' dir='ltr'>ὕϐρισε,</span> <span class='ocrx_word' id='word_1_840' title='bbox 1782 2752 1832 2778; x_wconf 77' lang='grc' dir='ltr'>τόν.</span> 
     </span>
    </p>
   </div>
   <div class='ocr_carea' id='block_1_114' title="bbox 1183 2784 1912 2829">
    <p class='ocr_par' dir='ltr' id='par_1_114' title="bbox 1183 2784 1912 2829">
     <span class='ocr_line' id='line_1_114' title="bbox 1183 2784 1912 2829; baseline -0.001 -16"><span class='ocrx_word' id='word_1_841' title='bbox 1183 2787 1219 2822; x_wconf 89' lang='lat' dir='ltr'><strong>(g)</strong></span> <span class='ocrx_word' id='word_1_842' title='bbox 1235 2784 1482 2829; x_wconf 45' lang='lat' dir='ltr'><strong>Palatfqupbv...</strong></span> <span class='ocrx_word' id='word_1_843' title='bbox 1496 2784 1541 2815; x_wconf 78' lang='grc' dir='ltr'><strong>τδν</strong></span> <span class='ocrx_word' id='word_1_844' title='bbox 1549 2789 1688 2816; x_wconf 84' lang='grc' dir='ltr'>Γαλιλαῖον</span> <span class='ocrx_word' id='word_1_845' title='bbox 1697 2784 1810 2815; x_wconf 77' lang='grc' dir='ltr'>αὐτὸν...</span> <span class='ocrx_word' id='word_1_846' title='bbox 1818 2784 1912 2820; x_wconf 66' lang='grc' dir='ltr'>παρρη-</span> 
     </span>
    </p>
   </div>
   <div class='ocr_carea' id='block_1_115' title="bbox 1150 2830 1365 2853">
    <p class='ocr_par' dir='ltr' id='par_1_115' title="bbox 1150 2830 1365 2853">
     <span class='ocr_line' id='line_1_115' title="bbox 1150 2830 1365 2853; baseline 0 -5"><span class='ocrx_word' id='word_1_847' title='bbox 1150 2830 1226 2848; x_wconf 84' lang='grc' dir='ltr'>σιαστ</span> <span class='ocrx_word' id='word_1_848' title='bbox 1230 2830 1308 2849; x_wconf 86' lang='grc' dir='ltr'>ικωτε</span> <span class='ocrx_word' id='word_1_849' title='bbox 1313 2831 1365 2853; x_wconf 81' lang='grc' dir='ltr'>ρον.</span> 
     </span>
    </p>
   </div>
  </div>
