2027 3042
620 139 700 167 VITA
719 139 747 166 S.
769 139 954 167 ATllANASll
975 139 1019 166 EX
1040 139 1307 168 METAPIIRASTE.

1686 149 1783 170 (τεηιιι

162 196 209 226 καὶ
223 196 271 232 τὴν
285 197 411 224 ἔνστασιν
437 197 549 224 ἔδεισεν.
574 196 608 223 '0
625 205 653 223 τε
670 196 796 231 βασιλεὺς
813 196 851 232 (α)
863 196 910 223 καὶ
927 197 951 222 οἱ

1004 201 1062 228 tes,
1080 195 1229 231 philosophi
1261 201 1288 224 et
1308 190 1493 224 mathematici
1524 204 1621 232 magno
1650 205 1762 226 numero
1777 216 1785 227 ι

161 243 311 278 ὁμόφρονες
331 242 425 274 αὐτοῦ,
443 242 490 269 καὶ
510 241 604 278 ὥσπερ
620 242 652 268 ἐκ
672 242 764 277 μυχῶν
784 241 896 273 σκὸτους
907 242 953 278 ἐρ-

161 288 234 315 πετὰ
258 288 398 323 προϊόντα,
423 289 477 315 τῶν
500 288 652 323 φιλοσόφων
679 287 726 314 καὶ
755 287 953 323 μαθηματικῶν

162 334 276 370 πλῆθος,
289 334 345 360 τῶν
359 343 389 360 τε
406 334 501 369 μάγων
523 334 569 360 καὶ
586 334 708 369 μάντεων
724 333 952 369 φρατριάσαντες,

163 380 355 409 ισουλεύσαντο
364 381 414 407 οὐκ
424 380 512 412 ἄλλως
521 381 696 417 περιέσεσθαι
706 380 760 407 τῶν
772 380 951 416 Χριστιανῶν,

164 427 187 453 ει
203 426 240 463 μὴ
260 427 421 454 Ἀθανασίου
437 427 628 461 ἀπαλλαγοῖεν,
646 426 694 454 ἅτε
715 426 746 462 δὴ
770 426 894 462 θεμελίου
910 427 953 453 ὕν-

161 479 207 503 τος
223 470 306 498 αὑτοῦ
336 471 510 507 Ἐκκλησίας.
532 471 582 498 Διὰ
598 471 678 498 τοῦτο
696 471 772 506 γοῦν,
784 472 865 499 πάλιν
878 472 953 498 δικα-

164 516 234 542 στῶν
260 516 377 552 κίνησις,
397 516 478 544 πάλιν
496 516 610 553 στρατὸς
625 517 674 552 (b),
698 517 777 544 πάλιν
800 517 881 554 βουλὴ
905 519 952 545 καὶ

162 562 243 598 δῆμοι
259 563 450 598 ἐταράσσοντο,
467 563 624 590 ’Λθανάσιον
639 563 834 599 ἀπαιτούμενοι
845 573 852 579 ·
866 564 896 596 ὃς
906 565 952 591 καὶ

163 610 212 643 τῆς
224 608 384 644 Ἐκκλησίας
402 609 607 645 ταραττομένης
621 609 655 644 (τ)
672 609 764 645 διέδρα
781 609 880 645 σπουδῇ
898 609 952 636 τῶν

163 654 355 681 εὐσεὸούντων.
375 655 404 681 Ὀ
417 654 445 681 δὲ
466 655 529 686 λαὸς
542 655 614 690 λύπῃ
633 655 678 682 καὶ
694 655 809 691 δάκρυσι
829 656 950 689 συνείχε-

163 708 209 726 το’
227 699 333 736 νύκτωρ
359 700 422 735 περὶ
438 699 483 726 τὸν
499 699 594 726 Νεῖλον
616 699 697 726 αὑτοῦ
719 700 856 736 ὁρμῶντος
871 709 950 736 περι-

165 745 276 777 στάντες
289 745 381 780 ελεγον
391 755 397 761 ·
413 746 467 772 Ποῦ
485 746 564 773 πάλιν
578 746 785 782 ἀποδιδράσκεις
798 746 848 782 (ιι),
864 748 878 773 ὁ
896 756 951 774 ποι-

165 793 218 828 μὴν
238 793 253 819 ὸ
279 792 378 825 καλός;
396 793 454 819 Τίνι
479 793 508 820 δὲ
523 793 602 829 ἡμῶν
630 794 803 826 καταλείπεις
819 794 857 825 ὡς
884 794 950 820 ναῦν

164 838 359 874 ἀκυϐέρνητον,
376 839 534 874 τρικυμίαις
546 839 593 866 καὶ
607 839 717 866 σπιλάσι
731 839 949 875 περιαγομένηνς

1006 241 1074 276 magi
1091 241 1152 268 item
1166 247 1246 276 atque
1256 242 1349 273 divini.
1366 250 1419 269 una
1436 243 1628 270 convenientes
1640 244 1785 271 consilium

1004 287 1113 320 dedere,
1125 295 1177 315 non
1193 287 1272 315 aliter
1283 295 1363 322 posse
1384 288 1499 323 opprimi
1515 288 1682 316 Christianos
1699 309 1707 321 ,
1734 290 1787 317 nisi

1003 333 1168 360 Athanasius
1183 333 1322 362 tolleretur
1337 335 1371 362 de
1389 335 1488 367 medio,
1508 335 1606 370 quippe
1628 336 1673 369 qui
1691 335 1788 362 funda-

1004 383 1125 406 mentum
1137 384 1210 406 esset
1222 379 1358 407 Ecclesiae.
1373 379 1554 413 Quamobrem
1579 388 1685 408 rursum
1699 386 1789 408 motus

1001 424 1134 458 iudicum,
1151 433 1258 453 rursum
1274 427 1421 459 exercitus.
1438 434 1544 454 rursum
1558 427 1713 459 consilium,
1733 434 1789 460 po-

1002 471 1111 506 pulique
1126 472 1275 506 perturbati
1290 477 1363 504 sunt,
1389 473 1450 501 dum
1470 473 1646 500 Athanasium
1660 479 1788 507 exposce-

1003 522 1071 545 rent.
1087 517 1132 545 llle
1147 525 1222 550 vero,
1237 518 1262 545 in
1289 523 1362 545 tanto
1379 518 1503 546 Ecclesia:
1525 517 1638 545 tumultu
1652 537 1660 548 .
1682 518 1790 552 piorum

1002 570 1083 597 opera
1103 563 1214 598 aufugit.
1240 563 1307 590 Tum
1324 563 1440 598 populus
1465 570 1582 590 mterore
1610 563 1789 598 lacrymisque

1002 608 1205 640 conﬁciebatur,
1222 615 1353 643 nocteque
1369 617 1453 644 prope
1469 609 1556 636 Nilum
1571 617 1630 636 eum
1641 610 1784 636 abeuntem

1002 654 1208 682 circumstantes
1223 655 1262 682 sic
1276 654 1474 688 compellabant
1487 664 1493 681 ε
1506 654 1563 688 Quo
1578 662 1683 681 rursum
1696 654 1789 689 profu-

1002 701 1054 736 gis,
1070 705 1163 736 pastor
1181 701 1275 728 bone?
1291 700 1342 728 Cui
1361 708 1409 728 nos
1429 700 1570 735 relinquis,
1586 705 1614 727 ut
1628 708 1722 727 navem
1738 709 1788 736 gu-

1002 747 1146 774 bernatore
1159 751 1295 774 carentem
1311 747 1447 779 ﬂuctibus,
1463 752 1491 774 et
1508 747 1656 780 piratarum
1675 747 1788 774 navibus

1001 793 1216 820 circumdatam?
1236 791 1282 820 Ille
1298 800 1363 820 vero
1381 801 1388 820 :
1408 793 1445 820 Ne
1456 792 1526 825 ﬂete,
1544 792 1594 823 ait,
1610 792 1668 822 ﬁlii.
1680 797 1787 819 autum-

1002 839 1070 866 nalis
1092 843 1133 865 est
1157 839 1241 865 nubes
1267 838 1318 865 iste
1341 838 1484 871 tumultus,
1505 845 1566 873 qua:
1594 838 1627 865 ad
1653 829 1785 865 tantillum

170 885 199 912 Ὁ
213 885 242 912 δὲ
257 885 325 920 προς
346 885 444 916 αὐτούς
456 894 463 900 ·
481 886 527 921 Μὴ
557 885 731 922 ὀλοφύρεσϐε,
747 886 846 913 τέκνα·
872 887 951 921 νέφος

1002 885 1129 918 temporis
1143 889 1275 919 apparet,
1290 891 1323 912 ac
1338 892 1400 912 mox
1415 889 1570 912 evanescet.
1587 883 1665 911 Brevi
1686 884 1719 910 ad
1738 891 1785 910 vos

164 931 359 967 φθινοπωρινόν
388 932 462 958 ἐστιν
484 929 560 964 οὗτος
583 933 597 958 ὁ
616 932 743 968 τάραχος,
774 932 841 968 πρὸς
861 933 951 967 ὀλίγον

164 976 336 1011 φαινόμενος,
356 976 439 1009 ὀξέως
453 977 482 1003 δὲ
498 977 705 1013 ἀφανιζόμενος.
726 978 828 1005 Θᾶττον
844 978 951 1005 ἐλεύσο-

166 1029 213 1056 μαι
225 1022 293 1056 πρὸς
305 1022 386 1057 ὑμᾶς,
411 1023 478 1049 Θεοῦ
502 1023 694 1059 συνεργοῦντος
703 1032 710 1039 ⁶
736 1024 833 1060 μικρὸν
856 1024 952 1060 χρόνον

165 1066 240 1101 ὑμῶν
253 1068 469 1104 χωρισῡήσομαι.
489 1069 532 1101 Ὦς
541 1069 570 1095 δὲ
586 1069 671 1105 ἐπέϐη
687 1070 776 1096 ὁλκάδι
787 1071 841 1102 τοῖς
856 1070 951 1096 Νείλου

166 1112 280 1149 ῥείθροις
295 1114 342 1140 ἐπὶ
353 1114 403 1150 τὴν
421 1114 542 1149 Θηϐαΐδα
554 1115 720 1151 ἀναγόμενος
734 1118 778 1151 (ε),
795 1118 810 1143 ὁ
822 1117 871 1152 τὴν
886 1117 953 1144 ἀπὸ·

165 1167 246 1193 φασιν
262 1158 331 1194 ἔχων
352 1161 412 1187 κατ’
428 1161 511 1187 αὐτοῦ
527 1162 670 1197 σατράπης
694 1162 763 1197 ἀνὴρ
781 1163 872 1197 ἤγετο,
892 1163 952 1189 κατ’

163 1204 275 1231 ὄπισθεν
292 1205 406 1232 θάνατον
422 1207 543 1234 ἀπειλῶν
557 1208 600 1242 (1).
625 1208 668 1240 Ὡς
684 1208 712 1234 δὲ
729 1209 878 1244 ἀπήγγειλε
891 1209 952 1235 τοῦ-

164 1249 194 1275 τό
207 1258 248 1281 τις
267 1250 427 1287 ’Λθανασίῳ,
445 1253 483 1283 ὡς
500 1253 582 1288 τάχος
599 1253 685 1287 λέγων
701 1254 839 1289 ἀπαίρειν,
853 1255 890 1290 μὴ
903 1263 953 1282 κα-

163 1294 312 1331 ταληφθείη
329 1297 397 1332 πρὸς
408 1298 453 1324 τοῦ
471 1298 623 1331 διώκοντος,
640 1299 725 1335 βραχὺ
735 1301 858 1335 σιγήσας,
869 1300 952 1335 λέγει,

163 1339 281 1374 ὁράματι
313 1340 376 1376 θείῳ
407 1343 615 1375 καταπεισοείςπ
648 1345 881 1380 Ἀντιστρέψωμεν
909 1347 953 1373 τὸν

164 1384 257 1417 πλοῦν,
280 1382 303 1411 ὦ
313 1387 417 1423 ἄνδρες,
431 1388 479 1414 τοῦ
496 1389 563 1415 Θεοῦ
581 1389 660 1416 τοῦτο
673 1390 806 1423 Θέλοντος,
821 1391 859 1423 ὡς
876 1393 953 1427 τάχι-

166 1430 215 1456 στά
226 1439 258 1466 με
274 1431 495 1468 Ἀλεξανδρεῦσιν
502 1434 674 1470 ἀποδοθῆναι.
690 1435 750 1461 Τῶν
760 1436 788 1462 δὲ
798 1436 955 1463 διακωλυόν-

164 1483 228 1508 των,
245 1477 292 1503 καὶ
309 1477 342 1503 δι’
359 1477 448 1512 ὀλίγον
461 1478 641 1514 θρηνούντων,
658 1481 704 1507 καὶ
718 1481 763 1507 τὸν
780 1482 879 1508 οἰκεῖον
895 1482 953 1508 κίν-

163 1521 240 1576 δυνον
250 1522 432 1580 ὐφρρωμένων
448 1524 495 1560 (g),
507 1523 582 1552 εἶπεν
598 1527 612 1552 ὁ
624 1526 700 1561 ἅγιος
717 1527 872 1559 Ἀθανάσιος
883 1537 889 1543 ·
906 1529 951 1565 Μὴ
966 1552 986 1580 C

163 1567 259 1600 οὕτως,
282 1569 402 1604 ἀδελφοὶ,
429 1571 596 1605 συγκόπτετε
621 1573 745 1606 ἑαυτούς.
772 1575 950 1607 Πιστεύσατε,

163 1613 204 1640 ὃτι
221 1614 328 1646 πλείους
344 1616 368 1641 οἱ
383 1615 541 1652 μεθ’ήμῶν,
553 1618 623 1653 ὑπὲρ
636 1619 699 1650 τοῦς
720 1620 778 1654 μετ’
790 1620 888 1652 αὐτῶν,
905 1622 952 1647 καὶ

164 1659 290 1694 ἀνίκητός
313 1661 414 1687 ἐστινὸ
439 1663 573 1698 ἡμέτερος
597 1663 750 1699 σύμμαχος.
784 1665 861 1692 Οὕτω
893 1668 951 1693 κατ’

164 1703 274 1730 δπισθεν
287 1706 426 1741 γενόμενοι
442 1707 490 1743 (It),
515 1708 673 1744 παλίνορσοι
692 1710 819 1745 φέρονται
836 1710 884 1746 τὴν
907 1712 952 1738 ὀλ-

165 1749 233 1776 κάδα
258 1751 489 1787 ἀναστρέψαντες.
524 1754 604 1781 Ἀλλὰ
624 1756 793 1790 συνήντησαν
821 1756 860 1792 τῷ
883 1757 952 1793 ἁγίῳ

171 1795 322 1833 Ἀθανασίῳ
332 1798 386 1825 τῶν
403 1799 539 1835 προδοτῶν
559 1808 631 1832 τινες
643 1801 737 1837 ἄνδρες
756 1802 952 1838 Ἑλληνικώτα-

163 1849 214 1873 τοι,
228 1842 252 1868 οἳ
261 1843 316 1870 ,καὶ
330 1844 376 1872 τὸν
391 1845 508 1881 διώκτην
521 1847 663 1878 πείσαντες
681 1847 795 1874 κατόπιν
808 1849 855 1875 τοῦ
875 1850 950 1884 ἁγίου

170 1887 328 1916 Ἀθανασίου
354 1889 492 1926 ἔρχεσθαι.
517 1893 616 1927 Ἐγγὺς
640 1893 668 1920 δὲ
685 1895 839 1929 γενομένων
861 1897 951 1924 αὐτῶν

163 1933 210 1960 καὶ
223 1934 340 1971 ἀορασίᾳ
352 1937 550 1972 κρατηθέντων,
562 1940 576 1965 ὁ
597 1939 763 1973 Ἀθανάσιος,
778 1938 822 1968 οἷα
839 1942 885 1968 ἐπὶ
908 1943 951 1969 ‘E-

163 1978 283 2008 λισσαίου
302 1982 431 2016 ἐγεγόνει,
449 1985 623 2017 πυνθάνεται,
642 1986 702 2012 τίνα
719 1987 833 2022 ζητοῖεν.
851 1988 910 2016 Τῶν
921 1989 950 2016 δὲ

163 2024 295 2060 λεγόντων
307 2037 313 2043 ·
336 2028 493 2057 Ἀθανάσιον
505 2039 512 2045 ι
529 2030 609 2063 αὐτὸς
627 2032 814 2068 ἀποκρίνεται·
832 2034 950 2062 Σπουδά-

1001 930 1163 965 remigrabo,
1189 931 1243 957 Deo
1263 929 1392 964 iuvante,
1406 931 1512 958 modico
1529 936 1648 965 tempore
1671 937 1685 957 a
1710 930 1786 957 vobis

1001 976 1172 1011 scgregabor.
1192 976 1226 1003 Ut
1244 980 1333 1003 autem
1347 976 1503 1003 conscendit
1516 975 1675 1007 naviculam,
1691 980 1719 1002 ut
1736 983 1784 1010 per

1002 1021 1089 1048 Nilum
1109 1021 1222 1048 adverso
1244 1020 1355 1048 ﬂumine
1369 1020 1529 1048 concederet
1548 1021 1574 1047 in
1600 1020 1783 1051 Thebaidem;

1002 1067 1046 1102 qui
1057 1067 1216 1094 sententiam
1227 1071 1322 1094 contra
1340 1066 1413 1092 illum
1432 1065 1536 1093 ferebat
1554 1071 1694 1100 satrapes,
1713 1067 1784 1092 inse-

1002 1117 1080 1140 cutus
1097 1116 1139 1139 est
1159 1117 1272 1139 mortem
1292 1111 1468 1138 comminans.
1483 1111 1518 1138 Ut
1534 1115 1623 1138 autem
1636 1111 1745 1145 qu'nlam
1759 1111 1784 1137 iul

1002 1157 1152 1186 Athanasio
1181 1157 1366 1189 renuntiavit,
1392 1156 1510 1184 suadens
1537 1161 1567 1183 ut
1587 1156 1786 1190 quamprimum

1002 1204 1129 1235 solveret.
1144 1211 1177 1230 ne
1195 1204 1469 1237 comprehenderetur
1487 1211 1501 1229 a
1520 1207 1706 1238 persequente.
1723 1210 1790 1229 cum.

1002 1249 1138 1284 pau‘lisper
1155 1249 1330 1276 conticuissn‘t
1343 1249 1390 1279 ait.
1403 1249 1492 1276 divina
1505 1249 1606 1276 visione
1618 1256 1763 1283 persuasum
1777 1257 1784 1274 :

1003 1295 1218 1330 Navigationem,
1236 1303 1251 1323 ο
1263 1295 1322 1326 viri.
1337 1300 1535 1327 convertamus,
1554 1295 1608 1322 Deo
1620 1295 1655 1321 ita
1668 1295 1787 1326 volente,

1002 1346 1033 1369 ut
1060 1341 1260 1376 quamprimum
1288 1341 1416 1368 restituar
1432 1340 1633 1367 Alexandrinis.
1649 1340 1702 1367 Illis
1721 1348 1786 1367 vero

1003 1387 1218 1422 prohibentibus,
1247 1394 1279 1414 ac
1301 1391 1404 1413 tantum
1432 1394 1483 1413 non
1513 1386 1700 1421 plorantibus,
1722 1393 1785 1420 pro-

1004 1434 1143 1468 priumque
1163 1433 1311 1467 perieulum
1336 1432 1582 1467 prospicientihus.
1610 1433 1649 1458 ait
1676 1437 1787 1458 sanctus

1003 1480 1167 1507 Athanasius
1184 1487 1191 1505 :
1210 1479 1250 1506 Nc
1266 1479 1302 1506 ita
1331 1479 1423 1506 dolore
1450 1486 1498 1505 vos
1523 1478 1660 1508 aﬂiciatis.
1676 1478 1785 1508 fratres.

1003 1527 1106 1554 credite
1125 1525 1215 1561 plures
1235 1525 1376 1553 nobiscum
1397 1532 1458 1552 esse
1469 1532 1549 1558 quam
1565 1532 1625 1551 cum
1642 1523 1704 1555 illis,
1716 1523 1787 1550 invi—

1003 1578 1130 1607 clumque
1145 1577 1265 1598 nostrum
1283 1571 1470 1598 auxiliatorcm
1497 1577 1566 1596 esse.
1587 1569 1625 1596 ita
1650 1576 1787 1596 converso

1000 1625 1080 1644 cursu
1099 1622 1169 1644 retro
1184 1617 1306 1644 feruntur
1322 1623 1400 1643 nave.
1429 1615 1481 1642 Sed
1497 1619 1676 1643 occurrerunt
1689 1619 1786 1642 sancto

1001 1673 1151 1701 Athanasio
1170 1674 1338 1708 proditorum
1358 1672 1468 1707 quidam
1485 1672 1535 1699 viri
1551 1671 1648 1703 (ζητοῖ,
1665 1672 1710 1706 qui
1723 1679 1787 1706 per-

1002 1717 1121 1744 secutori
1151 1721 1342 1752 persuaserant
1364 1716 1474 1751 jamjam
1501 1724 1530 1743 se
1556 1717 1582 1744 in
1611 1721 1785 1750 conspectum

1002 1763 1088 1791 sancti
1108 1763 1247 1791 Athanasii
1263 1769 1400 1791 venturos.
1416 1763 1483 1791 Cum
1497 1762 1553 1797 jam
1568 1763 1678 1798 propius
1692 1770 1785 1791 acces-

1000 1809 1110 1842 sissent,
1130 1810 1268 1844 oculisque
1286 1810 1356 1844 capti
1374 1814 1477 1842 essent,
1493 1809 1670 1841 Athanasius,
1687 1809 1726 1836 uti
1751 1809 1786 1836 ab

1000 1854 1097 1882 Eliszeo
1112 1860 1216 1890 gestum
1240 1855 1291 1882 fuit
1303 1875 1311 1888 ,
1337 1856 1488 1891 interrogat
1510 1861 1590 1890 quem
1606 1860 1758 1889 quzererent
1776 1865 1783 1881 :

1001 1900 1055 1928 illis
1075 1901 1227 1928 dicentibus
1239 1921 1247 1934 ,
1268 1901 1467 1929 Athanasium:
1485 1901 1629 1936 respondet
1647 1900 1690 1928 ille
1703 1909 1710 1928 :
1723 1900 1789 1928 Scio

1000 1946 1074 1974 illum
1101 1947 1180 1982 paulo
1206 1952 1268 1974 ante
1285 1954 1446 1983 properasse
1468 1952 1497 1974 ut
1517 1954 1565 1974 vos
1589 1950 1782 1974 anteverteret.

1003 1991 1125 2026 Eumque
1145 1992 1181 2020 illi
1197 1993 1435 2026 prtelcrmittentcs
1461 2001 1521 2020 eum
1549 1993 1684 2027 persecuti
1710 1997 1784 2024 sunt,

1003 2045 1082 2072 quem
1101 2039 1230 2066 habentes
1249 2047 1340 2067 coram
1355 2047 1407 2066 non
1421 2039 1558 2066 viderunt.

234 2072 314 2098 αὑτὸν
329 2073 414 2121 ἔγνων
429 2075 518 2110 ὀλίγον
531 2077 662 2113 πρότερον
697 2078 744 2104 καὶ
764 2079 975 2115 παραδραμόντα
994 2069 1076 2118 ἡμᾶς.
1115 2085 1170 2112 Καὶ
1195 2085 1376 2121 παρελθόντες
1403 2085 1525 2118 ἐδίωκον,
1547 2085 1576 2112 ὃν
1602 2085 1718 2121 ἔχοντες,
1735 2085 1785 2112 οὐκ

163 2116 310 2144 ἐθεάσαντο
325 2118 367 2154 (ἱ).

199 2163 242 2190 16.
264 2164 293 2190 Ὀ
306 2165 334 2191 δὲ
352 2166 428 2200 ἅγιος
450 2168 605 2201 ’Λθανάσιος
615 2169 712 2197 θᾶττον
731 2171 771 2203 εἰς
788 2171 838 2207 τὴν
857 2172 949 2206 Ἀλεξ-

1037 2174 1081 2201 16.
1101 2173 1218 2202 Sanctus
1233 2179 1324 2202 autem
1335 2174 1501 2201 Athanasius
1522 2174 1575 2201 cito
1592 2174 1784 2201 Alexandriam

163 2208 288 2244 άνδρειαν
311 2211 444 2247 κατήχθη,
465 2213 592 2250 πλείστης
611 2217 699 2252 χαρᾶς
714 2217 763 2252 τὴν
789 2218 952 2254 Ἐκκλησίαν

163 2255 320 2292 ἐμπλήσας·
337 2257 402 2284 ὅπου
425 2259 528 2295 βραχὺν
550 2262 644 2296 χρόνον
657 2264 834 2299 ἁποκρυὸεὶς,
854 2266 951 2300 μικρὸν

162 2301 274 2338 ὕστερον
296 2303 364 2338 μετά
375 2306 531 2341 παρρησίας
547 2307 666 2343 τῷλόγῳ
682 2309 729 2335 τοῦ
740 2309 807 2336 Θεοῦ
828 2312 950 2347 Ξπαρῤη-

161 2347 278 2380 σιάζετο.
303 2348 330 2377 Ὁ
353 2349 407 2385 γὰρ
430 2350 581 2385 Ἰουλιανὸς,
607 2353 692 2381 πολλὰ
715 2354 785 2382 κατὰ
804 2355 858 2382 τῶν
883 2355 951 2391 Χρι-

161 2393 276 2420 στιανῶν
300 2394 528 2431 διαπραξάμενος,
556 2398 632 2430 τέλος
660 2399 734 2432 ἀξιον
763 2401 946 2436 ἀπηνέγκατο.

160 2439 239 2466 Κατὰ
262 2440 375 2476 Περσῶν
391 2442 461 2478 Δγὰρ
477 2444 663 2479 ·στρατεύσας,
690 2447 736 2473 καὶ
758 2447 949 2480 πεπιστευκὼς

161 2485 300 2519 μαντείαις
313 2486 369 2512 τισὶ
395 2485 441 2514 καὶ
466 2488 675 2526 ὀνειροπολήσας
700 2492 751 2526 τὴν
769 2491 947 2528 Ἀλεξάνδρου

158 2527 206 2554 τοῦ
227 2530 380 2564 Μακεδόνος
406 2533 483 2560 πόλιν
508 2534 600 2562 λαϐεῖν
612 2556 619 2567 ,
633 2536 660 2571 *ἢ
681 2537 728 2563 καὶ
749 2536 848 2571 μᾶλλον
867 2537 948 2564 αὐτὸν

167 2575 338 2613 Ἀλέξανδρον
349 2578 418 2606 εἶναι
434 2581 463 2606 ὲν
486 2582 572 2618 ἑτέρῳ
589 2582 704 2617 σώματι,
729 2583 827 2614 πολλάς
850 2583 947 2618 κώμας

206 2658 232 2699 ᾳ)
248 2659 298 2699 _S_ile
313 2660 396 2688 Palat.
417 2661 574 2699 Eglitivero,
597 2664 625 2690 ὐ
638 2663 666 2690 δὲ
678 2663 811 2699 βασιλεύς.

206 2694 231 2744 ’3?
244 2694 330 2744 ,ξῐῆὶεν
348 2694 732 2744 ῖτξειτέξΑεὲεξιζϋῖξιειι-ἠη
756 2743 759 2744 ν
876 2712 915 2744 ο

206 2731 229 2790 9
244 2729 331 2757 [’alal.
349 2731 363 2757 ὁ
379 2729 417 2764 δὲ,
433 2733 481 2768 τῆς
496 2733 643 2775 ἐκκλησίας
662 2729 890 2771 χαρακωμένης.“

226 2764 334 2799 )Palat.
357 2767 506 2799 διδράσκει.
538 2767 607 2797 lulra
632 2770 713 2799 Idem,
740 2771 890 2799 περιαγομέ

192 2779 234 2826 ὲ..)
250 2779 334 2806 rana...
357 2779 506 2802 υιοραακει.
538 2779 607 2797 uura
632 2779 713 2801 luem,
740 2779 942 2807 περιαγομενην

156 2799 189 2834 τῇ
208 2807 220 2825 ε
235 2801 362 2833 κακεῖσες
388 2802 470 2832 ’0,δέ.

194 2835 228 2867 (ρ)
249 2834 488 2872 Ρςιιίιιτάγόμενος.

193 2870 226 2905 (1)
242 2869 286 2897 Sic
309 2870 393 2898 Palat.
413 2872 481 2901 Editi
503 2881 578 2907 vero,
602 2873 670 2908 ἀνὴρ
693 2871 744 2909 ἦγε
758 2875 802 2902 τὸν
818 2875 940 2910 ὄπισθεν,

1001 2220 1148 2251 reductus,
1166 2227 1273 2247 summo
1291 2219 1389 2255 gaudio
1410 2219 1523 2254 replevit
1547 2219 1706 2246 Ecelesiam.
1733 2219 1784 2247 Ubi

1000 2265 1135 2301 paulisper
1148 2265 1310 2297 occultatus,
1330 2265 1409 2300 paulo
1424 2269 1484 2300 post
1498 2273 1559 2293 cum
1581 2265 1706 2292 libertate
1723 2273 1784 2292 ver-

999 2313 1062 2339 bum
1084 2311 1131 2339 Dei
1158 2312 1245 2347 palam
1270 2313 1442 2347 pnedicabat.
1461 2311 1528 2338 Nam
1549 2311 1673 2339 Julianus
1698 2312 1783 2338 multa

999 2363 1093 2386 contra
1110 2358 1279 2386 Christianos
1306 2358 1490 2389 machinatus,
1506 2358 1615 2393 dignum
1643 2357 1782 2384 interitum

999 2408 1158 2431 consecutus
1172 2407 1223 2431 est.
1252 2403 1319 2430 Nam
1334 2410 1394 2430 cum
1412 2403 1502 2430 Persis
1525 2402 1624 2430 bellum
1650 2402 1784 2429 intulisset

998 2453 1026 2476 et
1051 2449 1262 2477 divinationibus
1279 2449 1440 2484 quibusdam
1455 2456 1600 2483 persuasus
1621 2455 1653 2475 ac
1672 2447 1784 2475 somniis

999 2496 1136 2529 deceptus.
1154 2495 1226 2529 quod
1244 2494 1420 2522 Alexandrini
1446 2494 1601 2521 Macedonis
1617 2494 1710 2520 urbem
1737 2501 1784 2520 ca-

998 2544 1094 2574 pturus
1119 2545 1210 2572 esset,
1239 2544 1283 2566 aut
1308 2540 1397 2574 potius
1419 2539 1573 2566 Alexander
1589 2539 1645 2573 ipse
1660 2537 1734 2566 esset
1757 2539 1783 2564 in

999 2587 1052 2613 alio
1074 2593 1210 2620 corpore,
1227 2586 1323 2614 multos
1348 2587 1422 2614 vicos
1445 2590 1473 2613 et
1498 2586 1622 2621 prmsidia
1639 2586 1783 2613 Persarum

997 2665 1110 2692 θάνατον
1125 2665 1254 2693 ἀπειλῶν.
1267 2666 1336 2693 Infra
1351 2666 1433 2699 idem,
1450 2666 1587 2700 ὼςτάχος.
1597 2664 1678 2696 Edili,
1693 2667 1734 2697 είς
1742 2666 1786 2693 τά-

1015 2709 1053 2728 θ’.

996 2710 1012 2736 χ
1030 2719 1069 2771 ἴῃ)
1084 2735 1169 2772 Palat.
1191 2736 1238 2762 καὶ
1256 2735 1395 2770 διωλύγιον
1414 2735 1593 2771 θρηνούντων,
1611 2737 1658 2763 καὶ
1678 2735 1723 2772 τὸν
1746 2737 1786 2762 οῖ-

995 2773 1069 2798 κεῖον
1080 2771 1193 2798 θάνατον
1208 2773 1287 2806 ὑφορ.

1032 2807 1069 2841 (Ιι)
1086 2806 1130 2833 Sic
1147 2807 1232 2833 Palat.
1250 2806 1317 2833 Edili
1341 2813 1415 2837 vero,
1441 2806 1595 2841 γενόμενος.
1619 2806 1678 2834 Mox
1696 2806 1784 2834 Palal.

995 2841 1234 2876 ἀντιστρέψαντες.

1031 2877 1061 2909 (i)
1083 2877 1166 2904 Palat.
1182 2879 1232 2904 οὑκ
1248 2877 1402 2908 ἐθεάσαντο,
1413 2876 1473 2904 οὐδὲ
1490 2876 1657 2908 ἐκράτησαν.
