2027 3042
266 138 363 161 CCXI."

941 124 1210 155 PROLEGOMENA.

263 183 409 217 populatus
424 201 434 215 ν
455 182 593 218 urbesque
616 182 748 218 quasdam
774 189 836 210 cum
861 182 978 217 cepisset
991 203 999 215 .
1021 189 1036 210 e

1099 183 1146 209 καὶ
1159 181 1276 218 φρούρια
1293 181 1348 209 τῶν
1364 179 1477 218 Περσῶν
1497 180 1646 218 πορθήσας,
1668 181 1715 209 καὶ
1735 182 1828 216 πόλεις
1838 183 1887 212 λα.⁴

261 227 466 263 Ctesiphontem
479 235 604 262 magnam
625 228 720 256 urbem
740 227 970 260 circumsedisset,
982 234 1046 261 sup-

261 272 400 307 plicesque
415 272 512 300 Persas
525 273 718 308 adesse,atque
729 272 832 308 legatos
845 275 878 300 ad
891 280 920 300 se
937 273 1045 300 mittere

260 318 403 352 coegisset,
416 324 509 346 eorum
524 323 614 346 tamen
626 318 838 353 supplicationes
852 325 905 345 non
915 317 1043 351 admisit;

261 366 331 397 quod
351 364 376 390 in
395 363 580 391 imminentem
597 372 612 391 a
633 364 689 392 Deo
716 365 767 392 sibi
786 365 932 391 vindictam
957 370 1046 390 reser-

260 414 339 436 vatus
357 415 440 438 esset.
454 410 625 438 Accusabant
638 416 728 439 autem
744 411 818 438 illum
835 411 960 444 Romani,
974 410 1045 445 quod

260 456 349 484 oblato
372 457 421 484 sibi
440 457 533 490 lucro,
563 465 678 493 pugnam
707 465 760 485 non
788 458 906 484 vitaret:
924 462 1043 484 attamen

260 508 354 530 contra
372 508 528 537 praesentem
538 504 640 530 hostem
657 503 690 530 ad
704 510 818 538 pugnam
830 510 859 530 se
873 502 1043 530 instruxere:

259 557 420 583 rursumque
437 549 607 576 adversarios
623 549 766 576 vertuntin
781 549 881 583 fugam.
897 548 1042 576 Sciendum

259 602 340 629 porro
365 594 502 622 lulianum
517 603 532 622 a
552 595 635 623 Persa
653 595 790 630 transfuga
806 595 961 628 deceptum,
977 602 1041 622 one-

259 641 346 668 rarias
357 649 439 669 naves
455 649 514 676 qua‘.
527 650 640 669 annona:
664 650 712 677 per
728 641 837 669 ﬂuvium
854 641 981 669 vehenda:
996 641 1044 668 de-

258 692 358 722 putata?
374 692 462 718 erant.
478 688 676 720 con-bussisse;
689 696 748 723 qua:
762 695 842 715 causa
857 688 908 715 fuit
919 692 949 714 ut
963 695 1042 715 exer-

258 733 329 759 citus
357 733 428 760 fame
454 733 597 761 laboraret.
623 733 691 760 Nam
716 741 778 761 cum
802 733 885 761 Persa
905 733 1042 769 transfuga

259 778 426 812 promisisset
441 778 492 810 illi,
512 778 581 806 intra
599 779 716 806 triduum
740 779 902 806 traditurum
915 786 944 806 se
957 779 1043 815 Baby-

258 823 356 856 lonem,
376 831 426 851 nec
440 829 495 851 tum
511 825 625 852 ulterius
639 833 745 852 annona
761 825 872 852 advecta
885 833 953 860 opus
966 825 1040 852 fore:

1098 230 1163 264 ὁὼν,
1175 231 1360 267 περιτοιχίσας
1373 231 1401 258 δὲ
1414 231 1461 258 καὶ
1477 230 1656 266 Κτησιφῶντα
1677 231 1717 266 (a)
1737 231 1787 268 τὴν
1804 233 1887 268 μεγάο

1097 276 1147 311 λην
1163 277 1251 309 πόλιν,
1278 277 1371 309 ἱκέτας
1395 277 1458 308 τοὺς
1477 277 1585 313 Πέρσας
1611 276 1709 304 ἑαυτοῦ
1725 277 1887 313 κατέστησε,

1098 321 1146 347 καὶ
1160 320 1320 356 πρεσϐεύειν
1346 321 1445 353 αὐτοὺς
1467 321 1535 358 πρὸς
1557 321 1638 349 αὐτὸν
1653 322 1795 349 ἀνέπεισεν
1805 331 1811 338 '
1829 325 1844 350 ό
1858 324 1887 351 δὲ

1097 365 1146 397 τὰς
1164 366 1302 402 ἱκετηρίας
1321 367 1376 394 τῶν
1388 367 1500 403 Περσῶν
1512 367 1562 394 οὐκ
1575 367 1682 400 ἐδέξατο
1693 376 1700 382 ·
1723 368 1831 400 πάντως
1847 370 1887 401 είς

1097 410 1145 446 τὴν
1160 411 1347 447 ἐπερχομένην
1360 412 1433 447 αὐτῷ
1449 411 1576 448 θεήλατον
1589 412 1674 448 ὀργὴν
1689 413 1772 440 αὐτοῦ
1786 414 1887 448 φυλατ-

1097 456 1218 492 τόμενος.
1242 458 1427 493 Διεμὲμφοντο
1450 457 1478 484 δὲ
1505 458 1585 484 αὐτὸν
1603 458 1740 493 Ῥωμαῖοι,
1756 459 1823 486 διότι
1847 460 1886 496 μὴ

1097 503 1144 529 ἐπὶ
1159 503 1252 539 κέρδος
1264 504 1351 538 ὑφῆκε
1361 503 1410 539 τῆς
1421 504 1520 539 μάχης.
1535 504 1628 539 Ὅμως
1641 504 1670 531 δὲ
1682 505 1738 536 τοῖς
1754 504 1887 540 παροῦσιν

1097 548 1365 583 ἀντιπαρετάττοντο,
1379 548 1426 575 καὶ
1443 546 1520 581 αὖθις
1534 549 1598 580 τοὺς
1611 548 1754 585 πολεμίους
1768 550 1886 585 τρέπου-

1098 602 1139 620 σιν
1154 595 1194 626 είς
1209 595 1307 630 φυγήν.
1327 595 1424 621 Ἰστέον
1439 595 1478 626 δὲ,
1493 596 1534 622 ὅτι
1551 595 1603 622 ὑπὸ
1619 596 1767 631 αὐτομόλου
1780 596 1885 632 Πέρσου

1097 638 1245 674 ἀπατηθεὶς
1256 640 1270 665 ὁ
1291 639 1441 672 Ἰουλιανὸς,
1457 640 1490 667 τά
1505 641 1666 676 σιτηγοῦντα
1679 641 1724 668 διὰ
1736 641 1791 668 τῶν
1806 650 1887 668 ποτα-

1098 683 1156 718 μῶν
1171 685 1299 721 πλοιάρια
1316 686 1468 712 κατέκαυσε
1481 694 1488 701 ·
1504 686 1537 713 δι’
1549 687 1563 713 ὅ
1577 687 1623 713 καὶ
1637 687 1708 722 λιμῷ
1724 687 1887 722 περιέπεσεν

1095 733 1110 758 ὁ
1127 733 1250 768 στρατός.
1267 732 1320 759 Τοῦ
1337 733 1391 768 γὰρ
1408 733 1557 769 αὐτομόλου
1575 734 1680 770 Πέρσου
1699 734 1886 769 ὑποσχομένου

1095 777 1170 812 αὐτῷ
1184 778 1213 804 ὲν
1229 777 1316 813 τρισὶν
1339 778 1456 813 ἡμέραις
1473 778 1641 814 παραδώσειν
1663 779 1710 815 τὴν
1727 779 1886 813 Βαϐυλῶνα,

1095 823 1142 850 καὶ
1161 823 1199 858 μὴ
1220 823 1329 858 χρῂξειν
1343 823 1464 855 πλείονος
1480 823 1580 850 τούτων
1600 823 1786 858 ἀναλώματος,
1801 833 1888 851 κατα-

257 870 300 897 his
315 877 458 904 persuasus
471 871 517 898 ille
535 871 699 898 frumentum
724 879 786 898 cum
813 871 931 906 navigiis
945 876 973 899 et
988 872 1039 899 lar-

1096 868 1218 900 πεισθεὶς
1233 869 1278 895 τὸν
1296 869 1344 904 μὲν
1361 871 1432 896 σῖτον
1446 871 1495 896 σὺν
1510 871 1566 901 τοῖς
1577 870 1678 902 πλοίοις
1693 870 1741 897 καὶ
1754 870 1803 905 τὴν
1819 870 1887 906 λάρ-

257 917 332 950 dum,
348 924 408 944 cum
426 917 488 951 igne
504 918 736 951 consumpsisset,
753 925 856 945 necnon
880 923 906 945 et
929 918 980 945 alia
995 926 1043 954 pro

257 962 394 989 exercitus
408 962 479 989 victu
496 967 664 996 comportata
681 963 706 990 in
724 962 836 991 fluvium
851 963 1041 998 demersisset;

257 1010 314 1034 tum
332 1015 394 1035 esca
413 1007 527 1036 fallacia:
540 1010 680 1041 devorata,
702 1010 784 1037 hamo
802 1011 961 1038 trahebatur
982 1018 1044 1038 cre-

256 1052 355 1085 dulus,
382 1053 545 1087 dignamque
571 1054 703 1081 factorum
725 1061 832 1089 poenam
849 1055 950 1083 luebat.
975 1055 1042 1084 Cum

255 1099 328 1126 enim
344 1098 377 1125 ad
388 1099 496 1126 tertium
513 1104 675 1133 quartumve
688 1099 770 1132 diem,
781 1100 834 1127 imo
850 1100 940 1135 plures
949 1101 1042 1135 etiam,

256 1144 368 1178 spiritus
392 1145 494 1172 erroris
516 1145 731 1173 circumduceret
757 1153 819 1173 eum
842 1155 903 1174 cum
920 1149 1041 1175 exercitu

255 1197 305 1225 per
327 1190 432 1218 deserta
461 1191 532 1223 loca,
549 1192 644 1226 ingens
659 1197 719 1219 erat
746 1193 870 1221 anxietas
886 1194 968 1220 animi
995 1201 1042 1229 per

257 1241 343 1264 totum
355 1238 515 1270 exercitum,
532 1238 559 1265 in
575 1238 657 1266 siccis
672 1243 699 1266 et
711 1246 780 1274 aqua
792 1239 948 1267 carentibus
962 1239 1039 1273 locis,

255 1284 368 1318 penuria
404 1284 524 1311 omnium
561 1285 776 1312 necessariorum
803 1285 1039 1313 circumclusum:

254 1329 380 1356 omnibus
413 1333 502 1356 autem
529 1329 781 1364 conclamantibus,
805 1338 924 1365 praesens
947 1331 1041 1358 aderat

254 1381 338 1410 eques
353 1375 410 1410 ipse
426 1374 550 1402 Julianus
561 1395 568 1406 ,
586 1380 666 1410 atque
682 1376 795 1404 inermis
809 1377 959 1404 exercitum
973 1384 1040 1404 con-

256 1419 390 1446 ﬁrmabat.
410 1419 449 1447 Ex
465 1421 572 1448 occulto
589 1426 679 1448 autem
692 1421 789 1456 sagitta
805 1422 832 1450 in
843 1430 904 1450 cum
921 1423 1003 1456 volat,
1014 1427 1042 1450 et

254 1472 304 1499 per
317 1464 456 1491 brachium
474 1467 617 1498 transiens,
628 1467 654 1493 in
668 1467 793 1494 dextrum
807 1467 877 1496 latus
892 1467 973 1496 inﬁxa
988 1473 1038 1501 est,

255 1516 308 1544 quo
320 1517 354 1536 ex
371 1510 480 1538 vulnere
496 1511 578 1538 vitam
602 1519 662 1539 cum
689 1517 776 1540 morte
800 1515 993 1547 commutavit,
1011 1519 1041 1542 ut

254 1554 386 1581 incertum
409 1560 481 1583 esset
512 1563 525 1583 a
543 1564 597 1591 quo
621 1556 716 1585 fuisset
740 1559 844 1586 occisus
864 1567 872 1586 :
896 1559 942 1587 alii
967 1559 1039 1587 enim

255 1600 328 1627 aiunt
340 1608 355 1627 a
373 1601 510 1637 transfuga
526 1603 605 1630 Persa
619 1611 627 1636 ;
644 1603 688 1630 alii
704 1603 737 1631 ab
748 1605 838 1639 aliquo
852 1611 867 1632 e
880 1605 937 1632 suis
947 1605 1041 1632 militi-

253 1645 313 1673 bus.
331 1645 365 1674 Ut
383 1652 473 1674 autem
495 1647 611 1682 plurium
638 1656 765 1677 sermone
791 1649 889 1683 fertur,
911 1651 1041 1680 divinitus

254 1691 384 1720 intlictum
400 1693 498 1721 vulnus
512 1693 574 1721 fuit.
591 1694 629 1722 ita
645 1695 729 1730 igitur
743 1703 805 1723 cum
823 1696 918 1731 viginti
933 1704 1040 1724 menses

254 1737 368 1772 imperio
392 1739 493 1773 potitus
506 1745 578 1767 esset
590 1739 717 1769 Julianus
727 1761 735 1774 ,
757 1741 784 1769 in
799 1747 896 1776 quarto
910 1749 960 1770 suo
975 1750 1040 1770 con-

253 1783 340 1810 sulatu
351 1791 430 1818 quem
452 1792 513 1812 cum
527 1785 648 1814 Salustio
662 1787 774 1822 gerebat
788 1788 843 1814 vita
857 1788 966 1816 functus
985 1793 1038 1821 est,

254 1830 354 1856 mensis
368 1828 441 1857 Junii
451 1831 580 1859 vicesimo
594 1836 671 1860 sexto
687 1832 742 1865 die,
755 1840 816 1860 cum
834 1833 947 1861 vixisset
956 1841 1038 1861 unum

252 1878 280 1902 et
297 1875 405 1910 triginta
420 1884 516 1904 attnos.

289 1961 332 1989 17.
346 1961 410 1990 Post
425 1968 539 1990 mortem
560 1963 652 1999 itaque
665 1964 764 1994 Juliani
779 1986 786 2000 ,
804 1962 885 1995 totius
901 1968 1038 1996 exercitus

252 2007 366 2039 calculo,
390 2008 534 2043 imperium
549 2011 651 2045 excipit
665 2009 796 2039 Jovianus
814 2013 879 2047 :qui
895 2021 956 2041 eum
974 2019 1037 2042 octo

252 2060 362 2080 menses
375 2053 547 2088 imperasset,
566 2055 593 2082 in
610 2056 770 2084 Dedestanis
779 2057 890 2086 Galatiae
902 2064 930 2086 et
942 2059 1037 2095 Bithy-

252 2097 304 2125 nia:
324 2097 422 2126 finibus
436 2103 559 2126 mortuus
575 2105 625 2127 est.
645 2100 711 2128 Post
725 2101 831 2130 Joviani
845 2106 970 2136 mortem,
983 2105 1036 2131 im-

252 2145 356 2178 perium
373 2143 486 2178 suscipit
501 2143 705 2174 Valentinianus
722 2146 757 2174 ab
781 2148 904 2175 exercitu
929 2149 1036 2184 pracla-

251 2193 340 2216 matns
361 2189 509 2224 Augustus.
530 2189 736 2219 Valentinianus
762 2199 845 2227 porro
874 2201 1032 2230 germanum

250 2234 362 2260 lratrem
377 2233 515 2261 Valentem
531 2234 637 2269 imperii
649 2236 753 2264 socium
764 2237 887 2266 declarat
897 2247 904 2264 :
914 2239 961 2274 qui
978 2239 1033 2267 Va-

250 2279 417 2308 lentinianus
431 2287 492 2307 cum
505 2281 614 2316 triginta
627 2282 713 2310 solum
725 2283 783 2311 dies
800 2283 1034 2322 Constantinopoli

249 2326 435 2360 remansisset,
454 2331 482 2355 et
493 2326 598 2355 Valenti
611 2327 689 2356 fratri
708 2336 757 2357 suo
775 2329 930 2359 Orientales
943 2338 1034 2366 partes

251 2372 429 2405 tradidisset,
452 2375 511 2408 ipse
531 2373 598 2402 abiit
614 2374 641 2401 in
657 2374 840 2404 Occidentem.
867 2376 920 2404 Sed
934 2377 1033 2407 Valens

249 2417 351 2444 nullam
375 2425 468 2445 curam
492 2425 548 2446 sua;
566 2419 811 2448 administrationis
836 2421 871 2448 ad
889 2421 1031 2450 utilitatem

248 2463 365 2497 agebat,
389 2470 404 2490 a
431 2463 509 2491 turba
536 2469 627 2492 autem
656 2465 846 2494 haereticorum
862 2473 988 2496 evocatus
1007 2473 1034 2496 et

249 2510 391 2540 abductus.
402 2509 428 2536 in
445 2509 487 2537 via
502 2510 647 2544 impietatis
658 2511 765 2538 illorum
781 2512 858 2541 abiit.
876 2513 940 2546 Qua:
952 2521 1034 2542 causa

248 2554 299 2581 fuit
313 2559 341 2580 ut
354 2555 511 2583 orthodoxa:
526 2555 588 2584 ﬁdei
602 2557 710 2591 multos,
728 2558 880 2593 episcopos,
893 2560 1033 2596 presbyte—

249 2607 310 2633 ros,
335 2600 480 2634 diaconos,
507 2603 712 2637 monachosque
726 2604 753 2631 iu
768 2605 893 2632 exsilium
912 2605 1032 2640 eliceret.

248 2644 405 2682 Bellumque
419 2647 589 2682 implacabile
602 2649 888 2678 concitavitadversus
899 2649 1035 2678 Ecclesiae

284 2734 322 2770 (a)
332 2734 657 2775 _Pa_l_a_t_.»1csptasotxﬁuac
687 2738 714 2766 δὲ
741 2740 826 2775 Χτησ.
854 2740 914 2768 Mox
944 2739 1031 2769 Palat.

284 2746 322 2770 ψ)
341 2746 425 2764 ratat.
449 2746 482 2764 πε
503 2746 559 2765 ιστο

250 2770 357 2798 ἑαυτοῦ.
371 2771 453 2805 Editi,
466 2746 559 2801 αετοῦ.

285 2807 323 2840 (ὸ)
337 2806 382 2834 Sic.
399 2807 484 2834 Palat.
500 2809 581 2840 Editi,
600 2808 680 2840 αὐτὸς
693 2808 730 2836 δέ.

285 2841 322 2875 (ι)
334 2841 380 2870 Sic
388 2842 475 2870 Palat.
493 2843 578 2876 Editi,
592 2843 708 2876 ἀόπλκς.

1092 914 1136 941 δον
1153 915 1220 950 πυρὶ
1236 915 1416 950 καταφλέξας,
1433 915 1480 942 καὶ
1502 914 1536 942 τὰ
1549 915 1617 943 ἀλλα
1635 916 1733 948 πάντα,
1749 917 1799 943 ὅσα
1816 916 1886 951 πρὸς

1092 961 1239 997 διατροφὴν
1260 961 1308 988 τοῦ
1333 961 1449 997 στρατοῦ
1466 961 1622 997 κεκόμιστο,
1636 962 1769 997 ἀφανίσας
1783 962 1885 993 πάντα,

1093 1005 1189 1041 καὶτῷ
1214 1006 1329 1042 ποταμῷ
1343 1006 1438 1033 ἐκδοτα
1451 1007 1527 1037 δούς*
1549 1007 1630 1039 αὑτός
1644 1016 1673 1034 τε
1691 1008 1728 1043 (b)
1744 1007 1774 1034 τὸ
1787 1007 1885 1043 δέλεαρ

1091 1051 1142 1086 τῆς
1160 1051 1264 1087 πλάνης
1286 1052 1438 1085 καταπιὼν,
1455 1052 1562 1079 εἵλκετο
1585 1052 1624 1088 τῷ
1638 1053 1777 1089 ἀγκίστρῳ
1790 1053 1884 1081 πειθό-

1093 1105 1189 1132 μενος,
1207 1097 1285 1129 ἀξίαν
1300 1097 1394 1132 ποινὴν
1410 1097 1555 1129 ἀποτίσων,
1573 1094 1610 1124 ὧν
1627 1098 1748 1133 ἔδρασεν.
1770 1098 1812 1129 Ὧς
1829 1099 1886 1134 γὰρ

1091 1143 1186 1177 τρίτην
1198 1143 1247 1169 καὶ
1258 1143 1391 1178 τετάρτην
1402 1143 1519 1179 ἡμέραν,
1531 1144 1580 1170 παὶ
1596 1143 1641 1170 ἐπὶ
1653 1143 1760 1175 πλείους
1771 1141 1821 1179 ἦγε
1835 1145 1885 1171 καὶ

1091 1189 1223 1224 περιῆγεν
1242 1189 1322 1216 αὐτὸν
1333 1190 1363 1216 τὸ
1376 1190 1484 1225 πνεῦμα
1494 1190 1544 1225 τῆς
1561 1190 1664 1224 πλάνης
1677 1190 1747 1216 κατά
1761 1190 1809 1225 τὴν
1823 1189 1886 1226 ἐρη-

1095 1243 1145 1271 μον
1156 1236 1204 1262 σὺν
1221 1234 1260 1270 τῷ
1284 1235 1402 1271 στρατῷ,
1422 1235 1522 1271 πολλῆς
1533 1236 1687 1271 ἀμηχανίας
1701 1235 1783 1270 οὐσης
1803 1236 1832 1262 ἐν
1843 1235 1884 1270 τῷ

1091 1281 1209 1316 στρατῷ,
1227 1282 1256 1308 ὲν
1272 1281 1396 1317 ἀνύδροις
1417 1282 1462 1308 καὶ
1475 1282 1627 1318 αὐχμηροῖς
1648 1281 1741 1313 τόποις
1757 1281 1883 1316 συγκλει-

1091 1326 1182 1354 σθέντι
1196 1327 1305 1363 ἀπορίᾳ
1330 1327 1384 1354 τῶν
1401 1327 1572 1363 ἐπιτηδείων,
1586 1327 1632 1354 καὶ
1648 1327 1756 1353 πάντων
1767 1326 1886 1354 κατασο-

1090 1373 1197 1406 ώντων,
1219 1373 1308 1410 παρῆν
1332 1372 1446 1408 ἱππότης
1458 1373 1538 1405 αὐτὸς
1555 1373 1727 1406 ό,’[ουλιανὸς
1752 1373 1799 1400 καὶ
1819 1373 1885 1399 ἐπε-

1091 1418 1193 1454 ρώννυε
1212 1417 1257 1444 τὸν
1277 1418 1391 1454 στρατὸν
1403 1418 1501 1450 ἄοπλος
1514 1418 1558 1454 (c).
1575 1418 1619 1451 Ἐξ
1630 1418 1748 1453 ἀφανοῦς
1761 1418 1788 1445 δὲ
1803 1418 1885 1445 ἀκόν-

1089 1470 1146 1489 τιον
1163 1462 1275 1498 φέρεται
1295 1464 1355 1491 κατ’
1372 1463 1465 1495 αὐτοῦ,
1481 1463 1528 1489 καὶ
1544 1463 1588 1490 διὰ
1609 1463 1656 1490 τοῦ
1677 1463 1815 1499 βραχίονος
1825 1464 1886 1490 δια-

1090 1506 1212 1542 δραμὼν,
1234 1509 1273 1540 είς
1289 1507 1339 1544 τὴν
1354 1508 1472 1544 πλευρὰν
1489 1509 1538 1545 τὴν
1554 1509 1643 1542 δεξιὰν
1664 1510 1761 1542 εἰσέδυ,
1781 1511 1830 1537 καὶ
1850 1511 1884 1536 ἐκ

1091 1553 1193 1589 ταύτης
1208 1554 1258 1590 τῆς
1274 1555 1380 1591 πληγῆς
1393 1555 1438 1582 τὸν
1453 1555 1509 1590 βίον
1518 1556 1710 1592 κατέστρεψεν,
1728 1556 1825 1592 ἀδήλου
1840 1565 1885 1590 γε-

1091 1599 1202 1634 νομένου
1216 1600 1262 1627 τοῦ
1276 1601 1416 1633 ἀνελόντος
1431 1601 1520 1628 αὐτόν.
1550 1602 1581 1628 υί
1605 1602 1654 1638 μὲν
1683 1603 1737 1638 γὰρ
1758 1602 1812 1629 ὑπὸ
1832 1603 1882 1629 τοῦ

1090 1646 1238 1681 αὐτομόλου
1254 1647 1359 1682 Πέρσου
1378 1647 1471 1682 φασιν,
1487 1648 1512 1674 οἱ
1526 1648 1554 1675 δὲ
1570 1648 1621 1674 ὑπὸ
1631 1649 1731 1675 οἰκείου
1746 1648 1883 1684 στρατιώ-

1090 1699 1147 1718 του.
1167 1691 1209 1723 Ὠς
1224 1691 1252 1718 δὲ
1267 1693 1281 1718 ὁ
1297 1692 1380 1724 πολὺς
1394 1693 1473 1728 λόγος
1492 1695 1597 1729 κρατεῖ,
1611 1694 1739 1730 θεήλατον
1752 1692 1882 1730 εἶναιτὴν

1089 1737 1206 1773 πληγήν.
1223 1738 1300 1765 Οὕτω
1312 1739 1360 1774 μὲν
1369 1736 1416 1766 οὖν
1430 1739 1516 1766 εἴκοσι
1535 1739 1622 1775 μῆνας
1640 1740 1686 1766 ἐπὶ
1699 1740 1737 1775 τῷ
1753 1740 1883 1776 διαδήμα-

1089 1791 1116 1809 τι
1126 1783 1257 1819 ἐπαρθεὶς
1272 1784 1286 1810 ὀ
1308 1784 1458 1818 Ἰουλιανὸς,
1476 1785 1521 1812 τὸν
1538 1785 1594 1820 βίον
1611 1785 1792 1821 κατέστρεψεν
1805 1787 1833 1812 ὲν
1845 1787 1881 1820 τῇ

1088 1831 1204 1867 τετάρτῃ
1221 1830 1303 1858 αὐτοῦ
1326 1831 1457 1867 ὑπατείᾳ,
1476 1831 1509 1867 ἢν
1524 1833 1582 1866 ἅμα
1600 1831 1753 1867 Σαλουστίῳ
1769 1831 1881 1864 ἔδωκεν,

1090 1877 1173 1913 μηνὸς
1190 1877 1296 1904 Ἰουνίου
1313 1877 1399 1904 εἰκάδι
1417 1877 1494 1913 ἕκτῃ,
1509 1878 1594 1914 ζήσας
1613 1878 1642 1904 ἓν
1657 1878 1704 1905 καὶ
1719 1878 1883 1913 τριακοστὸν

1088 1923 1157 1955 ἔτος.

1122 1969 1166 1997 17.
1182 1969 1259 1996 Μετά
1274 1969 1306 2005 δὴ
1326 1966 1372 1996 οὖν
1395 1969 1444 2005 τὴν
1465 1968 1593 2005 τελευτὴν
1619 1969 1775 2002 Ἰουλιανοῧ,
1795 1969 1881 2005 ψήφῳ

1087 2015 1188 2047 παντὸς
1201 2015 1249 2042 τοῦ
1261 2014 1389 2051 στρατοῦ,
1407 2015 1533 2047 Ἰοὸιανὸς
1544 2016 1584 2050 (d,
1601 2015 1649 2051 τὴν
1667 2015 1806 2051 βασιλείαν
1831 2025 1882 2043 πα-

1087 2061 1268 2099 ραλαμϐάνει·
1294 2062 1333 2094 ὃς,
1355 2061 1427 2088 ὀκτὼ
1451 2061 1612 2097 βασιλεύσας
1631 2062 1728 2097 μῆνας,
1749 2062 1778 2088 ὲν
1802 2062 1883 2089 Δεδε-

1087 2107 1193 2139 στάνοις
1215 2107 1351 2143 μεθορίοις
1368 2107 1502 2139 Γαλατίας
1512 2108 1558 2134 καὶ
1569 2107 1695 2139 Βιθυνίας
1708 2107 1880 2143 ἐτελεύτησε.

1085 2153 1162 2181 Μετὰ
1183 2152 1215 2189 δὴ
1239 2151 1286 2180 οὖν
1306 2153 1355 2189 τὴν
1379 2153 1507 2189 τελευτὴν
1529 2153 1657 2180 Ἰοϐιανοῦ
1671 2153 1718 2181 τοῦ
1747 2153 1881 2189 βασιλέως

1086 2198 1306 2231 Οὐαλεντινιανὺς
1332 2200 1381 2235 τὴν
1398 2199 1534 2235 βασιλείαν
1549 2200 1708 2235 ὑποδέχεται
1726 2200 1781 2227 ἀπὸ
1796 2208 1879 2235 στρα-

1085 2244 1189 2271 τιωτῶν
1204 2244 1319 2280 δειχθεὶς
1330 2244 1493 2278 Ᾱΰγουστος.
1511 2244 1541 2271 Ὀ
1560 2244 1588 2271 δὲ
1601 2244 1819 2276 Οὐαλεντινιανὸς
1832 2244 1879 2270 τὸν

1086 2290 1169 2318 αὐτοῦ
1187 2291 1296 2326 γνήσιον
1312 2289 1425 2325 ἀδελφὺν
1435 2289 1572 2317 Οὐάλεντα
1595 2290 1646 2326 τῆς
1663 2290 1801 2325 βασιλείας
1819 2299 1879 2316 κοι-

1087 2336 1170 2364 νωνὸν
1191 2336 1277 2363 ἐποίει
1291 2336 1345 2371 (ι)⁶
1370 2336 1445 2368 ὅστις
1474 2336 1704 2369 Οὐαλεντινιανὸς,
1731 2336 1879 2372 τριάκοντα

1087 2383 1193 2418 ἡμέρας
1205 2382 1288 2418 μόνας
1304 2382 1332 2407 ἐν
1346 2382 1630 2409 Κωνσταντινουπόλει
1648 2383 1774 2418 ποιήσας,
1794 2391 1880 2418 παρα-

1085 2427 1147 2459 δούς
1159 2436 1189 2454 τε
1203 2427 1241 2462 τῷ
1252 2425 1344 2462 οἰκείῳ
1358 2426 1464 2462 ἀδελφῷ
1479 2427 1608 2454 Οὐάλεντι
1620 2427 1653 2454 τὰ
1665 2428 1733 2464 πρὸς
1746 2427 1879 2462 ἀνατολὴν

1088 2474 1170 2509 μέρη,
1185 2473 1265 2505 αὐτὸς
1276 2473 1384 2500 ἄπεισιν
1396 2473 1442 2499 ἐπὶ
1451 2473 1485 2499 τά
1495 2475 1544 2509 τῆς
1555 2474 1666 2506 δύσεως.
1690 2474 1769 2501 Ἀλλά
1779 2476 1793 2500 ὁ
1804 2473 1878 2500 Οὐάσ

1088 2517 1137 2554 λης
1156 2518 1284 2553 οὐδεμίαν
1308 2517 1356 2553 μὲν
1374 2517 1501 2553 φροντίδα
1520 2519 1687 2547 λυσιτέλειαν
1708 2519 1758 2555 τῆς
1775 2520 1879 2554 διοική-

1084 2573 1152 2596 σεως
1170 2565 1287 2591 ἐποιεῖτο
1300 2563 1333 2599 (Ῑ)
1343 2572 1350 2578 '
1371 2563 1410 2599 τῷ
1425 2564 1522 2600 πλήθει
1538 2565 1566 2592 δὲ
1581 2566 1634 2593 τῶν
1650 2566 1794 2602 αἱρετικῶν
1815 2567 1877 2592 ὲπι-

1085 2610 1205 2646 κληθεὶς,
1223 2609 1357 2645 ἐπορεύθη
1377 2611 1410 2645 τῇ
1427 2611 1479 2647 ὁδῷ
1494 2611 1545 2647 τῆς
1555 2612 1681 2644 ἀσεϐείας
1693 2612 1794 2639 αὐτῶν.
1821 2611 1878 2638 Καὶ

1086 2654 1130 2682 διὰ
1145 2654 1224 2682 τοῦτο
1246 2654 1359 2686 πολλοὺς
1374 2655 1429 2682 τῶν
1447 2656 1497 2692 τῆς
1515 2657 1654 2694 opacasset:
1678 2658 1796 2689 πίστεως
1815 2657 1877 2684 ἑπι-

1131 2705 1161 2729 ρ

1133 2731 1160 2778 tt)
1171 2744 1267 2780 iPalat.
1284 2747 1439 2780 Ἰουϐιανός,
1451 2753 1478 2775 et
1493 2747 1560 2775 infra
1577 2746 1736 2777 Ἰουΰιανοῢ.

1133 2779 1157 2815 e)
1170 2779 1256 2815 Palat.
1268 2784 1394 2810 κοινωνὸν
1409 2779 1479 2811 εἶναι
1492 2784 1574 2810 ποιεῖ.

1136 2813 1157 2849 1)
1172 2813 1258 2844 Palat.
1276 2817 1444 2846 λυσιτέλειαν
1457 2819 1505 2846 τοῦ
1520 2818 1610 2847 κοινοῦ
1622 2819 1751 2847 ἐποιεῖτο.
