2027 3042
626 154 706 182 VITA
725 154 754 183 S.
775 152 961 181 ATllANASll
979 152 1024 179 EX
1042 151 1311 181 METAPHBASTE.

1695 163 1777 185 CCXLV

166 214 293 246 σκόπους,
307 213 355 239 καὶ
367 211 578 248 πρεσϐυτέρους,
593 211 639 238 καὶ
649 210 787 242 διακόνους
801 218 830 237 τε
842 210 888 237 καὶ
903 218 947 245 tur

1000 208 1154 236 orthodoxae
1171 208 1231 236 ﬁdei
1247 208 1378 236 addictus.
1391 209 1430 238 Ae
1453 209 1569 245 primum
1593 211 1700 246 quidem
1715 220 1779 240 san-

165 260 292 293 νάζοντας
304 259 344 290 είς
360 258 465 294 ἐξορίαν
482 257 625 284 ἀπώσατο·
645 257 761 292 πόλεμον
773 256 801 282 δὲ
817 255 946 283 ἄσπονδον

166 305 235 333 κατὰ
243 305 296 331 τῶν
310 305 358 340 τῆς
372 304 509 340 ὀρθοδόξου
522 304 638 334 πίστεως
645 302 810 338 Ἐκκλησιῶν
818 302 944 328 ἀνεκίνει.

166 351 220 377 Καὶ
233 341 329 386 πρῶτα
344 350 392 385 μὲν
412 350 457 376 τὸν
470 349 545 383 ἅγιον
557 349 697 381 Μελέτιον,
718 348 764 375 τδν
785 347 947 382 Ἀντιοχείας

164 398 321 429 ἐπίσκοπον,
356 397 448 432 ἐξορίᾳ
474 396 610 432 ἐζημίωσε
634 396 681 422 καὶ
708 395 820 427 πολλοὺς
839 395 948 430 ἐτέρους

167 444 224 479 μετ’
242 442 333 476 αὑτοῦ,
352 442 389 474 ὼς
404 442 520 478 εἴρηται,
540 441 594 468 τῶν
606 441 761 467 ἐπισκόπων
784 441 831 467 καὶ
850 439 904 466 τῶν
917 440 948 464 ἐκ

164 489 211 516 τοῦ
225 489 326 524 κλήρου
337 497 344 504 ⁸
363 488 426 519 τοὺς
439 488 467 514 δὲ
485 487 578 520 ἄλλους
593 487 715 519 ἅπαντας
737 487 795 513 ὅσοι
820 485 857 521 μὴ
872 485 948 512 ἐϐού-

164 536 240 562 λοντο
265 536 399 562 κοινωνεῖν
415 536 472 565 τοῖς
484 535 630 570 αἱρετικοῖς
644 534 693 568 (ιι),
708 533 762 560 τῶν
779 533 826 569 μὲν
848 533 947 567 ἐκκλη-

165 580 228 607 σιῶν
254 581 391 616 ἐξήλαυνε,
406 579 517 614 ζημίαις
533 579 562 605 δὲ
581 578 628 605 καὶ
639 577 785 613 τιμωρίαις
801 576 946 603 ὑπέϐαλεν.

170 626 283 661 Ὁμοίως
293 625 320 651 δὲ
335 625 381 652 καὶ
393 625 463 652 κατὰ
475 624 523 660 τὴν
540 623 739 659 Ἀλεξάνδρειαν
754 623 800 649 καὶ
812 622 948 656 Αἴγυπτον

164 671 212 707 οὐχ
238 672 252 697 ὁ
267 670 356 705 τυχὼν
371 669 549 706 ἀνερῤιπίσῠη
575 669 704 704 διωγμὸς.
727 668 893 704 Πρόσταγμα
910 669 947 702 (b)

163 717 217 753 γὰρ
229 717 356 752 ἐπάρχων
371 716 471 751 σπουδῇ
488 717 520 751 τῇ
538 714 662 747 Εὑδοξίου
676 715 722 741 καὶ
738 714 852 750 νεύματι
870 714 948 749 βασι-

162 763 230 794 λέως
247 764 328 798 ἤγετο
355 762 430 798 παρὰ
454 762 500 788 τοῦ
525 762 574 797 τῆς
594 761 793 796 Ἀλεξανδρείας
817 761 946 796 ἐπάρχου,

163 809 242 841 εὐθύς
255 817 285 835 τε
300 809 349 844 τὴν
358 808 518 843 Ἐκκλησίαν
530 807 687 844 ἐτάρασσεν.
698 807 726 833 '0
738 806 766 833 δέ
777 807 852 840 ἂγιος
871 806 949 833 Ἀθα-

163 855 264 886 νάσιος.
281 855 330 889 τὴν
347 855 379 880 ἐκ
400 853 446 881 τοῦ
458 853 575 889 πλήθους
590 853 684 887 ἄλογον
698 852 785 888 ὁρμὴν
805 851 948 888 ὑφορώμε-

163 908 218 932 νος,
253 897 380 930 δεδοικώς
404 907 433 925 τε
462 897 498 933 μὴ
523 897 577 933 ἄρα
600 897 653 923 τῶν
673 895 862 931 γενησομένων
887 894 947 921 ἀτό-

163 954 221 972 πων
250 945 330 976 αὐτὸς
351 943 399 979 τὴν
419 944 508 970 αἰτίαν
521 942 605 974 λάϐοι,
617 941 751 976 τέσσαρας
763 941 838 972 ὅλους
861 940 948 976 μῆνας

163 992 192 1018 ἐν
203 990 326 1026 μνημείῳ
354 988 472 1025 πατρῴῳ
499 987 594 1014 ἐαυτὸν
624 986 765 1022 ἀπέκρυψε
794 985 840 1020 (c).
869 984 948 1012 Κατὰ

162 1035 217 1071 γὰρ
241 1036 290 1071 τὴν
311 1035 448 1069 Αἴγυπτον
459 1032 608 1069 τηνικαῦτα
636 1031 768 1058 Τατιανοῦ
786 1030 946 1066 ἡγουμένου,

162 1081 252 1108 πολλοὶ
274 1081 304 1108 οὺ
327 1081 405 1116 μόνον
428 1079 572 1114 διαφόρους
590 1078 682 1109 αἰκίας
713 1076 857 1112 ὑπέμενον,
880 1075 949 1102 ἀλλὰ

163 1128 208 1155 καὶ
237 1126 443 1163 ἐμαρτύρησαν,
468 1124 553 1152 πολλά
576 1132 605 1150 τε
628 1123 698 1150 κατὰ
717 1122 767 1157 τῆς
787 1121 948 1156 Ἐκκλησίας

161 1174 368 1208 ὲπινοήσαντος·
399 1172 483 1206 ὅνπερ
497 1169 627 1197 Τατιανὸν
650 1170 666 1204 ή
683 1168 742 1194 θεία
771 1167 833 1202 δίκη
853 1166 948 1202 ποινὴν

161 1219 264 1246 τούτων
279 1218 317 1254 (t1)
332 1218 479 1254 ἀπῄτησεν.
502 1216 585 1252 Ὁμοῦ
601 1215 656 1250 γὰρ
678 1214 718 1250 τῷ
743 1213 878 1249 ἀξιώματι
902 1213 948 1240 καὶ

160 1264 215 1291 τῶν
239 1263 387 1300 χρημάτων
405 1262 605 1297 ἀλλοτριωθεὶς,
623 1261 718 1296 ἔρανον
736 1259 829 1295 ᾔτησε,
844 1259 891 1285 καὶ
903 1267 949 1284 τυ-

162 1310 227 1346 φλὸς
242 1311 362 1345 ᾶσχημος
376 1309 548 1344 ἀποθνήσκει,
564 1307 632 1335 κατὰ
648 1307 738 1334 πᾶσαν
749 1305 825 1332 πόλιν
840 1305 894 1331 τῶν
911 1305 948 1330 εί-

162 1357 247 1384 κόνων
264 1356 345 1383 αὐτοῦ
357 1356 457 1393 ἀσϐόλῃ
471 1356 505 1391 (ε)
522 1353 720 1391 περιχυθεισῶν
730 1354 770 1385 εἰς
784 1352 889 1387 γέλωτα
901 1351 948 1378 καὶ

162 1403 318 1439 ὲμπαιγμὺν
346 1404 413 1430 πᾶσι
430 1403 486 1434 τοῖς
501 1401 655 1437 θεωμένοις.
675 1400 730 1434 Οὐχ
749 1396 829 1434 ἦττον
848 1398 877 1425 δὲ
901 1397 948 1424 καὶ

164 1449 285 1481 Εὑδόξιος
301 1449 315 1475 ὸ
330 1448 378 1484 τῆς
388 1446 696 1477 Κωνσταντινουπόλεως
716 1445 786 1472 κατὰ
801 1444 855 1471 τῶν
869 1444 946 1470 εὐσε-

163 1493 219 1526 ϐῶς
238 1495 406 1529 φρονούντων
426 1493 528 1529 τολμᾷν
553 1492 690 1528 ἐπεχείρει
702 1492 746 1528 (1).
761 1491 901 1518 Τοσούτων
916 1490 947 1526 δὴ

163 1537 209 1566 οὖν
225 1539 316 1566 κακῶν
330 1538 481 1574 πανταχόσε
497 1538 653 1574 δρωμένων,
674 1537 783 1585 σεισμὸς
793 1537 948 1585 ἐπιγινόμε-
960 1557 982 1585 c

164 1594 208 1618 νος
222 1585 406 1620 οἰκουμενικὸς
427 1585 525 1616 πολλάς
539 1593 567 1612 τε
592 1584 645 1611 τῶν
659 1583 760 1611 πόλεων
772 1583 882 1615 ἔϐλαψε,
896 1584 946 1618 τῆς

164 1640 194 1658 τε
209 1632 318 1667 Κρήτης
330 1631 379 1663 τὰς
403 1631 499 1658 ἑκατὸν
515 1631 606 1663 πόλεις
632 1630 832 1666 κατηρίπωσεν.
851 1630 883 1656 Ἡ
900 1629 947 1656 θά-

163 1676 250 1704 λασσα
266 1677 294 1703 δὲ
318 1677 380 1708 τοὺς
408 1676 488 1708 ἰδίους
511 1677 590 1711 ὅρους
605 1674 641 1710 (g)
658 1675 795 1710 ἐνήλλαξε.
823 1675 883 1701 Τισὶ
898 1675 947 1710 μὲν

164 1722 218 1758 γὰρ
230 1723 322 1753 τόποις
348 1721 472 1748 τοσοῦτον
494 1720 651 1754 ἐπέκλυσεν,
679 1721 748 1748 ὥστε
771 1720 833 1752 τοὺς
851 1720 946 1756 πρώην

166 1767 294 1803 βασίμους
308 1767 405 1799 τόπους
418 1768 465 1794 καὶ
478 1767 627 1803 σπορίμους
644 1766 773 1794 πλέεσθαι
785 1775 792 1782 ·
809 1767 908 1801 ἐτέρων
918 1766 945 1793 δέ

165 1814 253 1841 τόπων
263 1813 386 1840 τοσοῦτον
399 1813 513 1848 ἀπέστη,
531 1813 569 1844 ὼς
584 1813 613 1839 ἐν
641 1811 710 1847 ξηρᾷ
728 1811 870 1847 εὑρεθῆναι
883 1811 946 1843 τοὺς

166 1859 305 1891 πλέοντας.
325 1858 380 1885 Καὶ
394 1858 471 1885 τοῦτο
489 1858 581 1893 γέγονε
599 1857 669 1885 κατὰ
686 1857 735 1893 τὴν
752 1857 862 1894 πρώτην
877 1858 946 1884 ὑπα-

164 1906 238 1933 τείαν
252 1905 304 1932 τῶν
321 1905 366 1931 δύο
382 1904 521 1939 βασιλέων,
536 1904 754 1932 Οὐαλεντινιανοῦ
767 1904 814 1932 καὶ
830 1904 945 1932 Οὐάλεν-

163 1960 220 1980 τος.
245 1951 300 1977 Καὶ
316 1950 416 1977 τούτων
427 1951 454 1977 δέ
466 1951 623 1986 γινομένων,
639 1951 687 1986 οὺχ
699 1950 834 1986 ἡσύχαζεν
846 1951 860 1977 ὁ
876 1950 946 1977 κατὰ

163 1997 217 2024 τῶν
234 1997 401 2033 Χριστιανῶν
423 1997 550 2032 διωγμὸς.
573 1997 680 2033 Ἐπειδὴ
697 1997 725 2024 δὲ
739 1997 783 2024 διὰ
803 1997 852 2031 τὴν
867 1997 948 2023 ἀπου-

164 2043 224 2070 σίαν
236 2042 283 2070 τοῦ
297 2043 372 2077 ἁγίου
388 2043 544 2070 Ἀθανασίου
561 2044 613 2075 πᾶς
625 2045 638 2070 ὁ
651 2043 734 2079 δῆμος
748 2043 946 2079 Ἀλεξανδρείας

164 2089 203 2124 (In)
220 2089 360 2120 ἐστασίαζε
386 2088 459 2124 πόθῳ
483 2088 522 2124 τῷ
549 2089 616 2124 πρὸς
631 2089 720 2120 αὑτὸν,
738 2087 855 2123 ἔφασκον
866 2097 898 2125 τε
914 2089 944 2114 οὑ

166 2134 245 2171 μόνον
258 2134 306 2165 τὰς
321 2134 420 2166 σκὰλας
443 2135 489 2161 καὶ
503 2135 537 2162 τὰ
552 2135 650 2170 σιτηγὰ
666 2135 754 2167 πλοῖα,
768 2135 835 2161 ἀλλὰ
847 2135 880 2170 δὴ
900 2135 947 2161 καὶ

164 2179 234 2206 αὐτὰ
250 2178 284 2205 τὰ
299 2179 352 2205 τῶν
365 2179 500 2214 δημοσίων
515 2180 630 2215 ἐχόμενα
646 2181 712 2215 πυρὶ¹
740 2179 946 2207 καταναλίσκειν

999 258 1072 281 ctum
1095 253 1229 281 Melctium
1251 254 1402 283 Antiochia;
1421 255 1576 291 episcopum
1589 257 1696 287 (exsilio
1713 259 1780 285 mul-

1000 299 1079 331 tavit,
1101 299 1254 334 multosque
1268 308 1328 328 cum
1345 301 1390 330 illo
1407 302 1486 334 alios,
1503 306 1533 329 ut
1546 302 1646 330 dictum
1661 307 1713 336 est,
1726 303 1780 338 epi-

999 351 1094 377 scopos
1106 348 1132 372 et
1142 344 1264 373 clericos.
1278 346 1397 374 Caeteros
1409 352 1498 375 autem
1508 355 1601 376 omnes
1609 349 1655 383 qui
1669 349 1779 376 noluere

998 397 1058 416 cum
1074 390 1207 418 haereticis
1225 393 1425 420 communicare
1438 413 1446 426 ,
1460 394 1581 422 ecclesiis
1598 395 1708 429 expulit.
1722 402 1780 430 pue-

999 435 1093 470 nisque
1111 444 1142 463 ac
1160 437 1325 465 cruciatibus
1339 438 1445 465 alllixit.
1461 439 1595 468 Similiter
1608 440 1778 469 Alexandriae

999 485 1025 507 et
1039 489 1086 516 per
1098 481 1255 518 Egyptum,
1270 491 1322 510 non
1340 484 1456 518 vulgaris
1471 485 1585 513 excitata
1603 492 1645 514 est
1659 495 1780 521 persecu-

1000 526 1046 553 tio.
1063 526 1215 554 Mandatum
1232 528 1304 555 enim
1323 529 1510 563 praefectorum
1526 551 1533 562 ,
1557 532 1671 560 Eudoxii
1690 534 1779 561 studio

999 571 1104 600 etinutu
1121 573 1301 607 imperatoris,
1321 574 1435 602 dabatur
1446 583 1460 602 a
1478 576 1604 610 praefecto
1617 578 1779 606 Alexandri-

1000 623 1044 648 no,
1058 616 1103 649 qui
1118 617 1209 644 statim
1231 617 1378 646 Ecclesiam
1397 620 1576 647 conturbavit.
1596 621 1712 650 Sanctus
1729 630 1780 650 au-

1000 664 1051 686 tem
1066 661 1239 693 Athanasius,
1258 662 1366 690 brutum
1381 664 1559 692 multitudinis
1580 666 1707 701 impetum
1720 676 1779 703 pro-

999 707 1116 740 spiciens
1126 712 1152 734 et
1175 712 1307 741 metuens,
1323 717 1356 736 ne
1370 709 1391 736 si
1412 717 1462 745 qua
1487 711 1590 739 nefaria
1604 717 1779 747 patrarentur

998 752 1075 786 culpa
1093 753 1118 779 in
1132 760 1161 780 se
1174 753 1376 788 transferretur,
1397 760 1466 784 tutos
1485 764 1514 784 se
1535 763 1651 792 quatuor
1673 767 1779 788 menses

998 799 1145 826 occultavit
1164 800 1189 826 in
1204 804 1317 834 paterno
1337 801 1470 834 sepulcro.
1488 802 1555 830 Nam
1571 812 1631 831 cum
1649 805 1694 833 illo
1712 811 1779 833 tem-

999 851 1064 879 porc
1092 844 1278 879 praefecturam
1304 846 1330 873 in
1348 846 1463 882 Egypto
1492 854 1598 883 gereret
1621 849 1754 880 Tatianus
1769 872 1778 886 ,

962 888 984 915 Β
997 891 1073 918 multi
1096 899 1149 918 non
1169 892 1247 919 modo
1270 892 1385 920 diVersis
1402 893 1488 928 plagis
1502 894 1591 922 alllicti
1620 901 1683 924 sunt
1699 918 1707 929 ,
1731 898 1779 925 sed

999 938 1080 965 etiam
1096 938 1226 973 martyrio
1243 938 1343 970 affecti,
1360 939 1444 966 multa
1458 939 1504 968 illo
1517 945 1610 968 contra
1628 941 1778 970 Ecclesiam

999 983 1136 1011 moliente.
1163 983 1248 1016 Quem
1260 985 1405 1012 Tatiannm
1419 985 1485 1014 ultio
1501 987 1589 1014 divina
1609 989 1696 1022 poenis
1709 989 1778 1016 alni-

999 1029 1047 1056 xit.
1065 1028 1131 1056 Nam
1148 1037 1201 1056 una
1220 1030 1351 1064 dignitate
1364 1035 1391 1058 et
1407 1031 1507 1059 divitiis
1526 1033 1645 1067 privatus
1660 1054 1667 1066 ,
1682 1035 1779 1070 stipem

998 1075 1111 1111 cogebat
1137 1083 1170 1103 ac
1193 1084 1281 1104 caecus
1305 1077 1483 1112 ignominiose
1508 1084 1629 1107 mortuus
1643 1086 1705 1113 est,
1731 1090 1780 1117 per

1000 1130 1108 1150 omnem
1134 1122 1226 1150 urbem
1257 1123 1367 1158 fuligine
1381 1125 1536 1158 conspersis
1549 1126 1606 1160 ejus
1624 1127 1720 1155 statuis
1745 1129 1779 1156 ad

999 1168 1081 1195 risum
1096 1174 1123 1196 et
1140 1168 1282 1195 ludibrium
1292 1169 1412 1196 omnium
1431 1170 1602 1199 intuentium.
1618 1171 1673 1200 Nec
1692 1174 1779 1202 minus

998 1219 1025 1241 et
1049 1214 1186 1242 Eudoxius
1208 1215 1522 1250 Constantinopolitanus
1539 1222 1634 1245 contra
1658 1219 1701 1254 pie
1716 1227 1778 1247 sen-

999 1261 1096 1288 tientes
1112 1268 1193 1288 ausus
1209 1265 1260 1288 est.
1281 1261 1376 1288 Tantis
1392 1262 1472 1296 igitur
1489 1262 1565 1291 malis
1591 1264 1690 1299 ubique
1703 1273 1780 1300 gras-

998 1306 1141 1338 santibus,
1165 1311 1335 1334 terrwmotus
1363 1307 1461 1342 ubique
1485 1313 1621 1337 terrarum
1649 1319 1778 1343 superve-

998 1353 1076 1379 niens
1091 1372 1098 1385 ,
1115 1351 1212 1380 multas
1242 1353 1310 1380 laesit
1328 1354 1409 1381 urbes
1422 1373 1430 1386 ,
1457 1354 1542 1382 Creta1
1561 1362 1668 1384 centum
1698 1359 1778 1388 urbes

997 1397 1105 1433 deiecit.
1119 1398 1191 1426 Mare
1205 1403 1294 1426 autem
1310 1407 1373 1427 suos
1393 1401 1506 1428 mutavit
1522 1401 1630 1430 limites.
1649 1403 1777 1437 Quaedam

998 1443 1070 1471 enim
1084 1443 1140 1471 loca
1155 1451 1240 1478 usque
1255 1445 1323 1472 adeo
1340 1445 1498 1480 inundavit,
1519 1452 1549 1475 ut
1561 1455 1620 1482 qua:
1638 1450 1700 1477 trita
1712 1451 1779 1480 olim

997 1493 1024 1516 et
1035 1489 1139 1516 consita
1155 1489 1274 1523 fuerant,
1288 1489 1343 1524 jam
1367 1491 1557 1527 navigarentur
1573 1503 1579 1521 :
1596 1494 1630 1521 ab
1642 1495 1702 1524 aliis
1712 1504 1779 1525 con-

999 1538 1039 1561 tra
1052 1534 1118 1562 locis
1131 1534 1170 1562 ita
1193 1535 1321 1567 recessit,
1336 1540 1364 1562 ιιι
1385 1536 1411 1563 in
1428 1537 1502 1565 sicco
1526 1544 1616 1567 essent
1634 1548 1693 1575 quae
1713 1542 1779 1570 olim

998 1581 1204 1616 navigabantur.
1219 1581 1294 1614 Quod
1310 1582 1423 1618 contigit
1444 1583 1547 1611 duobus
1572 1584 1779 1619 imperatoribus

998 1626 1187 1654 Valentiniano
1214 1632 1239 1654 et
1266 1627 1376 1655 Valente
1400 1628 1515 1663 primum
1540 1632 1704 1661 consulibus.
1729 1633 1778 1663 His

997 1679 1078 1706 porro
1091 1672 1184 1708 gestis,
1201 1680 1369 1708 nequaquam
1388 1676 1505 1703 cessavit
1518 1679 1669 1711 persecutio
1681 1681 1778 1709 adver-

999 1726 1057 1746 sum
1081 1718 1260 1748 Christianos.
1290 1720 1419 1754 Quoniam
1440 1727 1529 1750 autem
1553 1731 1662 1760 propter
1677 1726 1776 1755 absen-

999 1764 1063 1791 tiam
1076 1765 1163 1792 sancti
1177 1764 1331 1799 Athanasii,
1353 1772 1426 1795 totus
1440 1769 1641 1799 Alexandrinus
1662 1774 1776 1808 populus

998 1809 1212 1838 tumultuabalur
1228 1819 1282 1846 prae
1295 1812 1367 1840 illius
1382 1813 1526 1847 desiderio,
1548 1816 1666 1846 minatus
1681 1819 1775 1853 etiarn,

998 1863 1027 1883 se
1039 1863 1093 1883 non
1116 1857 1195 1884 modo
1224 1858 1328 1885 navalia
1342 1864 1370 1886 et
1387 1867 1480 1893 naves,
1503 1860 1638 1891 frumento
1651 1872 1777 1900 compor-

998 1905 1079 1932 tando
1094 1904 1243 1938 deputatas,
1254 1905 1308 1932 imo
1322 1905 1404 1933 etiam
1420 1908 1509 1935 omnia
1520 1909 1624 1943 publice
1638 1918 1777 1941 asscrvata

998 1949 1157 1976 incensuros
1167 1969 1175 1982 ,
1189 1949 1240 1976 nisi
1255 1949 1304 1976 sibi
1329 1950 1491 1980 Athanasius
1505 1955 1701 1984 restitueretur.
1718 1957 1777 1991 Quo

997 1995 1103 2030 cognito
1126 1995 1271 2030 imperator
1295 1996 1411 2031 Valens,
1437 1998 1534 2028 litteris
1562 2002 1722 2036 significavit
1743 2010 1773 2032 ut

998 2041 1099 2075 absque
1120 2041 1394 2071 timore‘Athanasius
1415 2045 1543 2073 ecclesias
1558 2054 1712 2083 occuparet.
1741 2051 1777 2079 Et

997 2085 1055 2114 haec
1070 2093 1150 2113 causa
1169 2086 1220 2113 fuit
1239 2091 1268 2113 ut
1285 2087 1448 2117 intermissio
1464 2091 1586 2124 quaedam
1616 2093 1693 2120 fieret
1715 2102 1779 2129 pcr-

997 2132 1145 2160 sccutionis
1159 2133 1289 2160 adversus
1302 2133 1449 2162 Ecclesium
1466 2137 1616 2169 concitatae,
1633 2139 1684 2166 nisi
1704 2141 1776 2174 quod

998 2186 1045 2213 per
1072 2183 1157 2205 totum
1183 2179 1274 2206 orbem
1303 2180 1459 2208 intestinum
1487 2187 1581 2210 contra
1608 2183 1777 2214 Christianos

163 2225 206 2261 (ἰ),
224 2225 248 2251 εί
265 2225 302 2260 μὴ
325 2206 478 2252 Ἀθανασιον
498 2206 674 2252 ἀπολάϐοιεν·
686 2206 772 2260 ⁸γνοὺς
791 2227 805 2252 ὁ
821 2225 945 2260 βασιλεὺς

998 2206 1104 2260 vigebat
1121 2225 1229 2252 bellum.
1256 2225 1404 2261 Imperator
1423 2227 1512 2262 itaque
1528 2227 1624 2256 Valens
1643 2229 1776 2258 Constan-

164 2270 281 2305 Οὐάλης,
297 2270 340 2296 διὰ
351 2271 518 2305 γραμμάτων
528 2272 662 2306 ἐσήμανεν
675 2271 758 2302 ἀδεῶς
770 2272 879 2306 κρατεῖν
891 2270 945 2297 τῶν

164 2315 314 2351 ἐκκλησιῶν
334 2315 497 2342 Ἀθανάσιον.
514 2316 568 2342 Καὶ
592 2315 669 2341 τοῦτο
692 2315 776 2342 αἴτιον
790 2315 883 2350 γέγονε
899 2315 945 2342 τοῦ

164 2361 233 2393 τέως
243 2361 386 2396 ἀνακωχήν
404 2352 464 2387 τινα
476 2361 600 2395 γενέσθαι
615 2361 662 2387 τοῦ
677 2362 746 2388 κατὰ
759 2363 808 2397 τῆς
831 2363 944 2398 Ἐκκλη-

166 2406 225 2438 σίας
239 2406 367 2441 διωγμοῦ,
394 2406 462 2442 πλὴν
476 2406 515 2432 ὅτι
530 2406 600 2433 κατὰ
624 2407 713 2434 πᾶσαν
728 2407 778 2442 τὴν
792 2407 922 2443 ἀνατολὴν
932 2409 946 2434 ὀ

165 2451 293 2486 ἐμφύλιος
315 2451 384 2477 κατὰ
396 2452 448 2477 τῶν
472 2451 638 2486 Χριστιανῶν
653 2453 761 2488 ἐκράτει
774 2452 805 2487 (j)
818 2453 942 2488 πόλεμος.

171 2496 199 2522 ’0
215 2497 303 2532 μέντοι
316 2496 440 2532 βασιλεὺς
455 2497 559 2532 Οὐάλης
571 2498 616 2523 ἐπὶ
628 2498 676 2532 τὴν
692 2498 854 2533 Ἀντιόχειαν
866 2498 945 2524 σπεύ-

164 2541 215 2567 δων
231 2541 335 2576 ἀπῆρεν
348 2540 402 2567 ἀπὸ
414 2542 462 2576 τῆς
479 2542 791 2576 Κωνστιιντινουπόλεως¹
809 2543 853 2570 καὶ
870 2544 945 2578 γενό-

166 2594 244 2620 μενος
259 2586 287 2612 ἐν
303 2586 480 2621 Νικομηδείᾳ,
496 2587 629 2623 ἐπεσχέθη
640 2588 699 2614 κατ’
711 2587 795 2623 αὐτὴν
808 2587 840 2614 δι’
856 2588 943 2616 αἰτίαν

200 2653 236 2687 (α)
252 2653 347 2684 Palat.,
365 2655 422 2684 τοῖς
433 2653 592 2689 Ἀρειανοῖς.

200 2689 236 2723 (ὁ)
249 2689 310 2724 l’ala
316 2695 344 2719 t.,
361 2689 567 2724 προστάγματα.

198 2725 234 2761 (ε)
247 2723 342 2761 Palat”
352 2723 523 2761 Δἁι-..έκρυψεν.
536 2724 615 2761 Erliti,
627 2725 787 2761 ἀνέκρυψεν.

200 2759 238 2792 (d)
254 2759 299 2794 ῥίς
311 2758 397 2794 l’alat.
410 2758 492 2794 yrliti,
507 2759 603 2794 τούτῳ.

200 2797 232 2829 (ις)
249 2793 294 2829 §ic
308 2793 393 2829 Palat.
409 2792 480 2819 Editi
497 2792 711 2829 νου-ομάσϐόλην.

198 2827 231 2862 (Γ)
250 2828 350 2867 Ριιίριη
357 2827 492 2867 ἐπεχείρει
504 2827 684 2865 βλασιρημῶνί
695 2830 766 2858 lnfm
783 2831 862 2864 idem,
869 2831 943 2867 βπολ-

164 2862 212 2894 λὰς
226 2871 266 2889 τε.
282 2862 363 2894 Editi,
376 2862 459 2889 πολλά
471 2871 510 2890 τε.

361 2908 499 2940 ΡΑΤιιοι..
528 2909 586 2940 Gn.
611 2911 710 2942 xxv.
762 2903 764 2905 ’

998 2271 1106 2306 tinopoli
1125 2271 1294 2298 Antiochiam
1306 2272 1440 2306 profectus
1456 2278 1506 2306 est,
1528 2282 1641 2310 cumque
1653 2275 1778 2304 Nicome-

996 2317 1068 2343 diam
1081 2318 1257 2351 pervenisset,
1271 2318 1304 2344 ibi
1318 2318 1447 2351 substitit,
1460 2320 1494 2346 ob
1510 2327 1618 2347 causam
1635 2321 1776 2354 ejusmodi.

997 2362 1134 2390 Eudoxius
1160 2363 1204 2390 ille
1220 2363 1382 2391 Arianorum
1409 2365 1551 2400 episcopus
1564 2386 1572 2398 ,
1588 2375 1650 2394 acer
1674 2367 1777 2396 Christi

996 2408 1116 2435 ﬁdelium
1128 2414 1293 2444 persecutor,
1312 2411 1402 2436 statim
1417 2412 1450 2437 ab
1476 2418 1584 2445 egressu
1608 2413 1777 2447 imperatoris

997 2454 1073 2487 obiit,
1093 2455 1282 2482 Valentiniano
1306 2460 1332 2482 et
1354 2454 1467 2484 Valente
1490 2458 1597 2485 tertium
1622 2460 1777 2489 consulibus

998 2507 1060 2526 cum
1092 2500 1277 2527 n0vemdecim
1308 2508 1393 2528 annos
1425 2503 1592 2531 orthodoxos
1620 2513 1776 2539 persecutus

997 2544 1101 2573 fuisset.
1118 2545 1289 2580 Quapropter
1302 2547 1328 2573 in
1342 2546 1401 2580 ejus
1413 2547 1500 2575 locum
1520 2549 1615 2577 Ariani
1634 2542 1777 2586 Demoplii-

996 2591 1051 2618 lum
1077 2592 1251 2618 constituunt.
1266 2593 1301 2619 At
1317 2593 1362 2627 qui
1386 2595 1691 2622 consubstantialitatem
1717 2602 1776 2624 lue~

1082 2659 1176 2699 Palam.
1190 2660 1236 2699 καὶ
1283 2661 1402 2699 θάλασσα
1414 2661 1569 2699 τορςλίδίους
1583 2663 1671 2699 ὅρους.

1042 2695 1068 2730 Ii)
1085 2695 1287 2734 Ἀλεξανδρείας
1307 2697 1380 2723 deest
1396 2696 1422 2723 itt
1439 2696 1525 2724 Palat.
1547 2695 1608 2724 Mori
1635 2707 1684 2734 pro
1710 2699 1778 2725 σκά-

993 2729 1054 2761 λας,
1077 2737 1110 2755 an
1127 2729 1254 2763 σκάφαςῗ

1030 2765 1060 2798 (i)
1075 2764 1173 2804 Ιξέιίιιιη
1188 2765 1244 2804 αλλ’
1262 2765 1310 2801 ἤδη
1327 2766 1379 2804 καὶ.
1394 2766 1462 2792 αὐτὰ
1481 2765 1514 2804 τᾷ
1533 2767 1579 2794 τὸν
1595 2769 1666 2795 σῖτον
1681 2768 1777 2804 ἔχοντα

968 2797 971 2800 ⁴
994 2799 1070 2836 opst:
1080 2799 1122 2836 7(itl
1134 2805 1184 2832 est,
1199 2797 1310 2836 horrea}
1319 2801 1386 2836 πυρὶ
1400 2801 1528 2829 καταναλ.

1029 2834 1062 2870 (ιῖ)
1080 2835 1176 2867 Pal-aL,
1197 2835 1340 2870 ἐκράτησε.
