2027 3042
624 135 705 168 ΥῚΤΑ
726 139 753 168 8.
774 139 958 168 ATIIANASII
978 140 1023 168 EX
1043 141 1193 171 ARABICO
1214 141 1341 170 VERSA.

1693 149 1798 169 αειινιι

185 204 275 227 rerum
292 202 427 233 gestarum
453 194 651 234 excellentiam,
669 205 779 235 propter
793 208 853 235 qua:
864 205 972 234 aposto-
985 208 1007 232 Α
1023 202 1197 229 manducasse
1211 202 1260 230 nisi
1280 209 1313 230 ex
1332 202 1486 236 pmscripta
1504 208 1640 235 mensura,
1657 209 1746 238 neque
1759 210 1804 232 me

185 245 245 272 licis
264 249 342 272 erant
361 243 470 272 similes.

177 327 182 332 -
220 309 285 345 Ejus
305 313 426 345 tempOre
443 310 534 337 habita
550 315 592 338 est
612 311 730 346 synodus
746 311 772 338 in
786 311 890 339 Galatia
902 332 910 345 ,
926 313 970 341 cui

184 356 306 383 interfuit
329 355 442 383 Basilius
466 355 576 390 Magnus
606 361 700 383 auctor
727 356 872 392 Liturgiat,
903 364 969 385 tem-

184 409 249 437 pore
269 401 366 429 Juliani
388 402 557 436 imperatoris
574 407 710 437 apostatze.
739 401 860 430 Julianus
882 403 970 432 Patri—

184 447 241 475 cius
266 447 329 475 huic
359 448 460 483 synodo
484 447 652 482 praasidebat.
679 448 763 476 Porro
793 456 854 476 cum
887 449 970 477 Julia—

184 501 235 521 nus
261 494 405 528 imperator
432 493 536 520 occisus
563 493 657 522 fuisset
680 502 760 522 manu
782 495 872 530 inclyti
899 503 970 523 mar-

184 539 252 574 tyris
266 539 409 571 Mercurii,
428 546 569 566 successor
593 539 650 573 ejus
673 540 700 567 in
718 541 831 574 imperio
843 540 969 569 Jovianus

184 585 317 613 Patricius
337 584 397 617 fuit,
419 585 468 611 sub
488 592 542 619 quo
558 585 679 612 Ecclesia
702 585 819 620 quietem
840 587 967 614 obtinuit.

182 630 346 657 Athanasius
371 629 478 664 quidem
503 630 657 664 patriarcha
680 630 850 658 calamitates
873 632 970 659 multas

183 675 321 707 sustinuit,
337 679 364 702 et
381 675 406 702 in
423 675 547 702 exsilium
560 674 662 709 ejectus
675 679 726 709 est,
741 676 850 709 maligni
866 676 969 712 laqueis

183 721 393 754 circumventus,
416 721 481 748 adeo
496 725 525 748 ut
549 728 564 747 a
582 721 645 748 sede
667 729 714 749 sua
746 722 841 750 abesse
859 728 969 752 coactus

182 766 275 799 fuerit,
301 766 433 794 malorum
457 773 516 801 quae
538 773 682 802 perpessus
705 772 764 795 erat
785 768 966 798 multitudine.

183 813 277 848 Itaque
302 813 329 840 in
354 812 448 844 Sahid,
475 819 522 840 seu
548 813 713 848 superiorem
735 813 880 850 Egyptum
906 823 968 850 pro-

183 858 280 890 fectus,
304 859 403 886 mansit
422 858 475 886 illic
490 865 539 894 per
563 866 647 887 annos
665 860 774 891 multos.
793 860 923 888 simulans
938 869 968 889 se

184 911 245 933 esse
254 904 417 939 operarium,
433 911 516 939 seque
530 905 728 933 mercenarium
739 905 867 938 eliiciens,
881 914 968 942 neque

183 950 360 978 manifestans
373 957 402 978 se
414 958 475 978 esse
489 951 684 986 patriarcham.
712 951 890 986 Imperatores
907 953 967 980 inli-

182 996 274 1029 deles,
292 996 390 1024 Valens
414 997 519 1024 scilicet
541 1001 571 1024 et
591 1017 598 1024 .
612 1015 622 1025 .
638 1016 645 1023 .
666 1004 714 1032 per
734 1005 819 1026 annos
843 999 966 1026 undecim

182 1043 322 1078 imperium
347 1043 532 1071 obtinuerunt.
557 1043 670 1078 Quando
686 1049 775 1072 autem
801 1045 857 1073 Deo
879 1046 965 1073 visum

181 1094 225 1118 est
247 1095 276 1117 ut
291 1090 348 1118 sedi
365 1097 420 1118 suae
443 1090 642 1124 restitueretur,
665 1092 809 1119 secundum
834 1092 967 1120 orationes

181 1137 240 1172 ejus
256 1142 365 1164 sanctas
375 1141 402 1164 et
413 1142 551 1172 acceptas,
571 1137 688 1172 perdidit
707 1138 885 1172 imperatores
906 1137 967 1166 illos

182 1188 270 1211 morte
280 1183 396 1217 funesta,
406 1183 440 1211 ob
456 1184 501 1211 illa
516 1191 575 1219 qua:
587 1189 682 1212 contra
696 1184 874 1212 orthodoxam
887 1184 965 1213 ﬁdem

183 1234 412 1265 perpetraverant.
435 1231 562 1258 Dominus
581 1235 668 1258 autem
694 1231 882 1266 imperatorem
897 1238 963 1258 con-

183 1275 272 1302 stituit
291 1275 394 1303 fidelem
419 1276 527 1304 nomine
543 1275 734 1309 Theodosium,
755 1276 831 1310 cujus
846 1281 967 1312 tempore

183 1325 305 1348 recreata
330 1321 462 1355 Ecclesia,
486 1322 722 1357 tranquillitatem,
748 1323 918 1350 securitatem
940 1328 967 1351 et

181 1374 276 1402 pacem
300 1367 424 1395 obtinuit.
455 1367 495 1395 ita
523 1368 604 1396 rediit
630 1368 793 1397 Athanasius
817 1370 850 1396 ad
876 1371 965 1397 sedem

182 1419 269 1446 suam,
296 1412 413 1440 maxima
438 1412 521 1440 totius
533 1413 641 1449 Egypti
666 1414 778 1448 laetitia;
803 1415 874 1450 quod
896 1415 966 1443 Deus

182 1456 307 1492 dignatus
319 1463 392 1485 esset
406 1459 555 1486 concedere
571 1459 624 1487 illis
644 1460 759 1487 reditum
781 1461 898 1496 pastoris
912 1461 965 1489 sui.

183 1501 233 1529 Hic
246 1507 337 1538 pastor
351 1504 436 1531 bonus
450 1505 597 1539 spiritualis
609 1505 726 1533 obtinuit
741 1507 830 1534 sedem
844 1506 966 1534 D.Marci

182 1547 353 1585 evangelista:
368 1551 446 1577 annis
459 1552 637 1587 quadraginta
653 1558 755 1588 septem
769 1573 776 1586 ,
792 1558 966 1589 mortuusque
980 1566 1001 1595 ο

182 1598 224 1621 est
240 1595 351 1628 septima
373 1595 473 1623 mensis
492 1595 639 1624 Bascltnes.
663 1597 687 1624 ls
714 1602 802 1625 autem
818 1597 966 1625 Ecclesiam

183 1638 328 1667 defendens
366 1639 454 1667 victor
487 1640 538 1667 luit
579 1641 795 1670 adversariorum
834 1643 966 1676 veritatis,

182 1686 393 1721 oppugnantium
411 1687 491 1714 ﬁdem
515 1688 694 1716 orthodoxam
707 1708 715 1721 ,
731 1689 838 1716 indutus
855 1690 967 1724 gloriam

183 1739 199 1758 a
212 1732 321 1760 Christo
336 1732 467 1766 Domino,
493 1741 619 1768 magnum
637 1734 708 1768 plebi
727 1742 782 1762 suae
805 1734 966 1762 desiderium

183 1778 225 1805 sui
253 1778 377 1814 reliquit,
404 1787 466 1807 cum
496 1781 599 1815 privata
624 1785 666 1808 est
694 1785 800 1816 pastore
827 1781 872 1808 tali
899 1787 966 1815 apo-

182 1825 287 1852 stolico.

219 1894 283 1927 Quae
298 1894 331 1922 de
343 1894 396 1922 vita
411 1894 470 1928 ejus
487 1894 620 1922 habemus
635 1895 692 1923 haec
705 1894 761 1922 fere
771 1899 843 1922 sunt.
858 1895 911 1922 Ter
921 1903 967 1923 co-

182 1945 259 1967 actus
272 1944 314 1968 est
335 1942 425 1969 sedem
441 1948 517 1968 suam
533 1940 657 1968 deserere
674 1948 818 1975 oppressus
841 1948 968 1975 persecu-

184 1985 310 2019 tionibus,
324 1990 351 2013 et
365 1991 428 2014 tunc
446 1987 519 2013 illam
533 1987 652 2014 haeretici
665 1987 849 2014 obtinuerunt.
865 1986 964 2015 Ultima

183 2031 240 2066 ejus
257 2032 379 2060 absentia
405 2033 529 2061 undecim
550 2041 683 2061 annorum
707 2033 768 2061 fuit.
788 2033 902 2068 Scripsit
927 2034 967 2060 in-

183 2080 257 2104 terea
267 2077 301 2105 ab
313 2078 416 2109 exsilio,
437 2079 470 2105 ad
487 2079 605 2114 virgines
622 2087 681 2113 qua:
697 2084 775 2107 erant
788 2081 964 2114 Alexandriae,

183 2123 276 2151 dicens
288 2124 355 2151 inter
364 2124 430 2152 alia:
446 2125 565 2160 Sponsus
575 2130 663 2153 vester
670 2131 711 2153 est
718 2126 839 2153 Christus
847 2126 967 2154 invisibi-

182 2168 216 2196 lis
227 2173 255 2196 et
266 2169 439 2203 immortalis;
457 2171 573 2205 quandiu
586 2176 674 2199 autem
687 2172 921 2206 perseveraveritis
938 2171 964 2199 in

182 2213 242 2248 ejus
253 2213 396 2246 charilate,
404 2223 540 2250 nunquam
547 2216 622 2243 eritis
633 2216 728 2243 vidum.
743 2217 853 2244 Dicebat
862 2217 962 2248 etiam:
979 2235 1002 2264 Β

183 2258 288 2286 Scitote
302 2267 344 2287 me
358 2260 440 2288 fuisse
453 2261 626 2289 secretarium
641 2264 726 2296 patris
742 2263 791 2289 mei
808 2263 962 2295 Alexandri,

182 2307 239 2340 ipse
253 2313 389 2340 nunquam
411 2308 467 2334 sive
491 2308 517 2334 in
538 2307 603 2334 cella
627 2315 676 2335 stta
700 2308 756 2334 sive
779 2308 842 2335 alibi
859 2308 965 2344 legebat

182 2351 367 2386 Evangelium,
383 2353 488 2384 sedens,
501 2354 547 2380 sed
562 2358 648 2385 stans,
666 2353 790 2388 Deusque
800 2354 961 2388 singularem

183 2397 219 2424 illi
235 2397 260 2424 in
276 2396 394 2432 legendis
405 2397 551 2433 Scripturis
566 2399 682 2434 gratiam
695 2404 877 2427 caricesserat.
895 2399 965 2433 Qua-

183 2443 243 2469 dam
263 2448 344 2471 nocte
359 2451 419 2470 cutn
436 2449 511 2471 stans
527 2449 638 2476 oraret,
655 2449 682 2470 ct
697 2444 832 2479 Evangelii
855 2445 964 2473 lectioni

183 2488 368 2521 incumberet,
384 2493 515 2516 venerunt
528 2489 561 2516 ad
581 2497 642 2516 cum
656 2490 788 2518 moniales
801 2510 808 2523 ,
826 2491 963 2526 petitaque

182 2534 297 2561 adeundi
315 2534 441 2567 licentia,
460 2539 650 2569 accesserunt,
676 2540 703 2563 et
726 2543 786 2563 eum
804 2542 963 2564 venerantes

183 2579 308 2607 dixerunt
318 2580 360 2608 ei:
383 2580 451 2608 Sunt
466 2581 536 2616 apud
551 2588 602 2608 nos
612 2581 729 2616 virgines
740 2589 798 2617 quae
813 2590 860 2610 sex
871 2583 963 2610 diebus

179 2625 311 2660 jcjunant,
326 2626 392 2653 nihil
405 2626 549 2661 quidquam
562 2627 664 2654 interea
675 2628 798 2655 manibus
810 2633 962 2662 operantes.

181 2671 252 2697 unde
270 2671 387 2705 supersit
411 2671 510 2706 aliquid
535 2672 608 2706 quod
632 2673 659 2700 in
683 2673 868 2701 solitariorum
889 2675 964 2701 cibos

182 2714 298 2750 impendi
319 2720 410 2750 queat.
428 2716 563 2751 Rogamus
577 2725 640 2752 ergo
658 2721 698 2749 te,
714 2717 805 2751 Pater,
822 2719 963 2753 prtecipias

181 2760 234 2787 illis
249 2766 278 2788 ut
290 2761 412 2788 laborent
425 2767 451 2789 et
463 2765 492 2789 ut
503 2762 604 2797 jejunio
618 2770 667 2790 suo
682 2764 789 2791 modum
808 2764 961 2791 adhibeant.

180 2803 248 2832 Tum
266 2805 328 2834 ille:
345 2806 456 2840 Scitote,
469 2815 574 2836 sorores
588 2817 664 2841 mete,
679 2817 722 2837 me
735 2818 868 2844 nunquam
885 2812 964 2838 biduo

180 2851 334 2893 iejunasse,
354 2860 441 2888 neque
456 2854 483 2882 in
508 2854 551 2883 die
573 2854 705 2890 jejunium
727 2855 848 2890 solvisse,
875 2864 962 2891 neque

1021 248 1108 283 ipsum
1133 248 1224 276 labore
1237 247 1363 276 al'ﬂixisse
1380 253 1425 276 aut
1445 256 1541 283 corpus
1555 249 1741 276 vehementius
1755 256 1802 276 ve-

1021 301 1116 326 xasse,
1129 295 1192 329 quia
1209 294 1340 328 optimum
1357 299 1398 321 est
1415 299 1444 321 ttt
1462 294 1591 330 jejunium
1605 303 1665 322 cum
1679 295 1802 323 modera-

1021 340 1092 367 tione
1113 340 1170 373 iiat,
1193 341 1265 375 quod
1287 341 1367 368 etiam
1391 340 1417 368 in
1433 346 1495 376 potu
1517 346 1545 368 et
1568 349 1664 369 somno
1678 341 1802 369 similiter

1019 385 1156 412 observari
1170 385 1258 412 debet.
1270 385 1337 413 Cum
1349 386 1421 412 enim
1435 386 1548 420 quisque
1557 387 1705 414 comederit
1717 394 1800 421 quan-

1020 435 1076 457 tum
1093 437 1161 464 opus
1182 434 1240 462 est,
1265 431 1369 459 ﬁrmius
1383 431 1409 458 in
1428 432 1550 458 oratione
1571 436 1735 466 perseverat,
1760 433 1798 460 ita

1019 475 1100 502 etiam
1114 483 1175 503 cum
1189 476 1261 508 cibo.
1283 481 1347 511 potu
1371 481 1399 504 et
1424 484 1517 504 somno
1542 477 1625 505 utitur
1649 478 1799 506 moderate.

1020 519 1106 547 Dicite
1122 519 1176 547 illis
1198 520 1288 554 itaque
1301 525 1330 548 ut
1350 520 1481 555 jejunium
1495 521 1619 555 solvant,
1631 530 1692 550 cum
1707 523 1800 551 mode-

1019 566 1124 593 ratione
1147 566 1238 594 cibum
1257 567 1406 602 capientes,
1423 573 1451 594 et
1464 568 1554 595 omnia
1570 574 1700 603 quantum
1722 570 1748 597 in
1771 576 1801 597 se

1019 616 1061 638 est
1076 617 1148 640 recte
1159 617 1250 647 agant.

1052 682 1141 718 Atque
1157 690 1190 710 ne
1217 690 1369 711 sermonem
1395 683 1495 710 diutius
1525 683 1724 717 protrahamus,
1749 684 1800 712 hac

1018 729 1131 764 epistola
1148 729 1263 764 primum
1283 729 1378 756 scribit
1395 729 1558 758 Athanasius
1582 730 1615 758 de
1632 733 1725 757 sancto
1736 730 1803 758 Ale—'

1018 775 1121 802 xandro
1134 779 1209 810 patre
1223 775 1355 810 spirituali
1369 783 1420 804 suo
1431 797 1439 809 ,
1462 776 1539 811 cujus
1555 776 1643 803 oratio
1659 775 1746 804 mellis
1759 776 1801 804 in-

1019 825 1075 848 star
1098 821 1189 849 suavis
1227 826 1286 849 erat
1316 822 1441 850 omnibus
1471 822 1515 857 qui
1544 822 1618 850 illum
1644 822 1800 856 audiebant.

1019 865 1269 902 multiplicahatque
1282 867 1398 902 gratiam
1409 867 1517 895 Christo
1533 867 1655 896 Domino.

1053 934 1157 962 Dicitur
1178 939 1267 962 autem
1280 935 1374 963 Arium
1400 935 1542 970 aliquando
1565 936 1598 963 ad
1617 936 1798 964 Alexandrum

1017 981 1135 1013 venisse,
1162 981 1316 1016 petentique
1341 987 1371 1008 ut
1397 982 1597 1015 admitteretur,
1621 982 1737 1017 iussisse
1760 990 1800 1010 re-

1019 1027 1147 1059 spOnderi
1175 1027 1201 1054 in
1233 1027 1304 1054 hunc
1332 1027 1440 1055 modum
1457 1037 1464 1055 :
1481 1027 1611 1062 Praecepit
1632 1028 1697 1056 mihi
1723 1035 1800 1063 pater

1017 1079 1093 1099 meus
1114 1076 1143 1099 ut
1163 1076 1188 1099 te
1210 1080 1262 1100 non
1287 1073 1460 1106 susciperem,
1483 1080 1572 1108 neque
1594 1073 1628 1101 ad
1649 1081 1691 1101 me
1715 1074 1800 1101 intra-

1017 1125 1061 1144 res
1071 1137 1079 1150 ,
1093 1122 1140 1145 aut
1153 1122 1240 1145 tecum
1254 1125 1304 1154 ego
1317 1126 1467 1146 sermonem
1478 1119 1630 1147 miscerem.
1644 1119 1690 1146 Ille
1701 1119 1798 1154 quippe

1017 1168 1094 1198 pater
1111 1171 1198 1198 meus,
1215 1169 1319 1200 martyr
1328 1164 1428 1192 Christi
1443 1165 1559 1199 Domini,
1576 1166 1642 1193 vidit
1664 1165 1737 1193 illum
1753 1159 1799 1200 per

1017 1209 1163 1243 somnium,
1179 1214 1336 1244 vestemque
1349 1209 1406 1244 ejus
1423 1218 1438 1238 a
1454 1215 1479 1238 te
1491 1210 1644 1245 laceratam,
1660 1211 1800 1246 praecepit-

1017 1262 1068 1290 que
1083 1254 1149 1282 mihi
1165 1260 1194 1283 ut
1209 1261 1235 1283 te
1246 1264 1301 1283 non
1314 1257 1490 1292 susciperem.
1507 1257 1547 1284 An
1561 1257 1669 1292 ignoras
1681 1258 1799 1293 linguam

1018 1305 1091 1328 tuam
1108 1301 1193 1336 ipsam
1214 1309 1274 1329 esse
1290 1309 1349 1336 qua:
1367 1308 1393 1329 te
1410 1303 1444 1330 ab
1461 1302 1506 1330 illo
1528 1302 1643 1330 alienum
1666 1302 1730 1330 fecit
1754 1310 1801 1337 per

1017 1346 1062 1374 illa
1073 1353 1134 1382 quas
1149 1347 1183 1374 de
1201 1346 1258 1382 ipso
1272 1347 1380 1375 dixisti?
1396 1347 1468 1382 Roga
1482 1355 1545 1383 ergo
1557 1348 1693 1376 Christum
1707 1349 1799 1376 Domi—

1017 1400 1081 1420 num
1097 1393 1271 1426 salvatorem,
1288 1398 1316 1422 et
1329 1394 1458 1422 conﬁtere
1474 1399 1611 1429 peccatum
1625 1399 1709 1427 tuum,
1724 1402 1801 1422 cum-

1017 1446 1070 1473 que
1084 1443 1111 1466 te
1129 1439 1174 1467 ille
1189 1441 1350 1474 susceperit,
1374 1440 1512 1474 praecipiet
1526 1448 1633 1475 quoque
1649 1441 1714 1468 mihi
1732 1445 1761 1468 ut
1774 1445 1802 1467 te

1017 1485 1174 1518 suscipiam,
1188 1485 1258 1513 sicut
1271 1485 1352 1513 Petro
1369 1486 1438 1521 patri
1454 1493 1514 1514 meo
1525 1490 1554 1513 ut
1569 1490 1595 1513 te
1609 1494 1662 1513 non
1679 1486 1799 1521 suscipe-

1017 1537 1059 1558 ret
1075 1533 1212 1566 prazcepit,
1228 1532 1352 1567 quamvis
1363 1533 1397 1560 ab
1416 1532 1473 1566 ipso
1484 1532 1593 1560 Christo
1607 1532 1719 1559 Domino
1733 1540 1802 1567 prac-

1017 1581 1123 1611 ceptum
1143 1577 1240 1610 fuerit;
1261 1581 1290 1604 ut
1311 1584 1344 1604 ne
1357 1577 1497 1612 quisquam
1517 1578 1681 1605 credentium
1696 1578 1720 1605 in
1738 1585 1801 1604 eum

1017 1622 1089 1649 aditu
1111 1622 1232 1650 ecclesia:
1245 1622 1453 1657 prohiberetur:
1468 1623 1514 1650 sed
1533 1623 1640 1656 quando
1662 1622 1724 1658 quis
1737 1630 1801 1657 pec-

1017 1673 1106 1695 catum
1119 1668 1228 1703 aliquod
1244 1668 1389 1701 commisit,
1407 1675 1563 1702 separamus
1576 1676 1638 1695 eum
1649 1676 1662 1695 a
1679 1675 1800 1695 commu-

1017 1713 1108 1743 nione.
1123 1717 1153 1739 ut
1168 1713 1308 1748 resipiscat
1322 1718 1350 1740 et
1363 1713 1548 1748 pmnitentiam
1560 1717 1622 1748 agat
1637 1722 1643 1739 :
1659 1718 1800 1747 postquam

1016 1765 1081 1786 vero
1098 1758 1172 1785 illum
1190 1759 1309 1793 suscepit
1320 1759 1454 1791 Christus,
1472 1766 1521 1786 nos
1532 1766 1638 1793 quoque
1654 1759 1726 1786 illum
1745 1766 1801 1786 sus-

1017 1802 1140 1837 cipimus.
1156 1803 1223 1830 Cum
1241 1803 1298 1830 haec
1321 1803 1401 1830 Arius
1417 1803 1575 1836 audivisset,
1591 1804 1674 1831 iratus
1688 1811 1798 1839 magno-

1016 1855 1091 1882 pere,
1109 1847 1175 1875 ahiit
1191 1852 1219 1875 et
1233 1847 1341 1883 collegit
1357 1855 1479 1883 magnam
1498 1849 1635 1876 hominum
1651 1849 1811 1876 multitudiv

1017 1900 1088 1926 nem,
1105 1893 1297 1927 proposuitque
1310 1894 1461 1922 sententias
1477 1894 1646 1929 blasphemas
1661 1900 1687 1922 et
1701 1895 1798 1929 impios

1017 1945 1158 1965 sermones
1173 1938 1286 1973 protulit
1298 1938 1394 1973 lingua:
1408 1939 1573 1967 abscissione
1591 1940 1703 1975 dignos;
1724 1949 1800 1968 asse-

1017 1984 1176 2012 rebatenim
1196 1985 1292 2012 Filium
1312 1985 1358 2012 Dei
1378 1990 1498 2013 creatunt
1516 1994 1584 2014 esse.
1610 1986 1735 2014 Habitum
1758 1992 1800 2015 est

1017 2029 1107 2064 itaque
1121 2029 1194 2057 illius
1212 2037 1293 2058 causa
1313 2031 1456 2058 concilium
1472 2031 1584 2064 Nicmte,
1604 2033 1637 2059 ad
1650 2033 1720 2067 quod
1734 2041 1799 2060 con-

1016 2081 1149 2104 venerunt
1164 2077 1299 2104 antistites
1315 2081 1431 2112 quatuor
1446 2077 1561 2110 sedium,
1581 2086 1676 2113 nempe
1688 2080 1799 2113 patriar-

1016 2123 1073 2150 cha:
1085 2123 1186 2154 Romae,
1200 2123 1380 2154 Alexandriae.
1395 2123 1492 2158 Ephesi
1509 2129 1535 2151 et
1549 2125 1709 2152 Antiochiae.
1726 2125 1798 2153 Con-

1015 2171 1084 2198 sedit
1095 2171 1195 2205 pariter
1206 2177 1267 2197 cum
1281 2170 1333 2197 illis
1341 2169 1534 2197 Constantinus
1546 2170 1690 2205 imperator
1701 2171 1797 2204 ﬁdelis,

1017 2224 1131 2251 cumque
1144 2216 1324 2244 absolvissent
1334 2223 1500 2251 qumcunque
1515 2216 1682 2250 pertinebant
1695 2217 1728 2244 ad
1740 2223 1798 2244 sta-

1017 2262 1159 2290 biliendam
1178 2262 1258 2290 tidem
1276 2262 1464 2293 orthodoxam,
1482 2261 1631 2296 jejuniique
1648 2267 1675 2289 et
1689 2261 1798 2290 Paschze

1015 2307 1196 2342 disciplinam,
1211 2307 1278 2334 dixit
1291 2306 1344 2334 illis
1359 2307 1505 2340 imperator
1520 2315 1527 2332 :
1547 2306 1622 2341 Rogo
1635 2314 1680 2333 vos
1696 2311 1724 2333 ut
1737 2315 1798 2338 con-

1014 2353 1134 2380 stituatis
1160 2353 1254 2380 urbem
1279 2351 1545 2386 Constantinopolin,
1578 2352 1797 2386 patriarchalem,

1014 2398 1076 2432 quia
1098 2401 1138 2425 est
1163 2397 1258 2424 civitas
1276 2396 1467 2431 imperatoris,
1497 2401 1524 2423 et
1546 2397 1627 2424 simili
1641 2396 1798 2433 Hierosoly-

1014 2451 1087 2470 mam
1107 2443 1211 2470 honore
1225 2442 1362 2475 alliciatis,
1377 2443 1440 2477 quia
1461 2443 1554 2470 civitas
1569 2447 1611 2470 est
1626 2443 1797 2476 imperatoris

1014 2490 1069 2517 veri
1080 2489 1214 2516 cmlestis:
1230 2489 1279 2521 illi,
1290 2489 1430 2516 observata
1441 2488 1499 2522 ejus
1509 2488 1647 2521 modestia,
1664 2489 1713 2515 hoc
1727 2488 1798 2515 l‘ece-

1014 2539 1086 2567 runt,
1102 2539 1129 2562 et
1144 2535 1237 2562 Arium
1272 2535 1382 2570 itnpium
1408 2535 1588 2570 deposuerunt
1606 2543 1613 2561 :
1636 2534 1712 2567 cujus
1734 2542 1799 2561 ana-

1015 2582 1124 2609 themati
1139 2582 1333 2609 Constantinus
1349 2582 1494 2616 imperator
1511 2581 1619 2615 propria
1640 2588 1719 2606 manu
1734 2581 1799 2607 sub-

1014 2627 1141 2662 scripsit:
1158 2628 1192 2655 de
1210 2635 1243 2655 eo
1262 2628 1356 2655 dicens
1367 2647 1374 2660 ,
1394 2628 1464 2661 qttod
1481 2627 1640 2662 perdidisset
1654 2627 1713 2653 illos
1730 2634 1798 2660 quos

1013 2675 1136 2703 Christus
1152 2674 1282 2709 sanguine
1297 2681 1346 2701 suo
1359 2677 1454 2701 sancto
1470 2674 1630 2700 redemerat.
1653 2673 1731 2708 Fugit
1748 2680 1798 2698 au-

1016 2727 1068 2748 tem
1083 2721 1199 2748 Ariusin
1211 2719 1341 2752 Africam,
1357 2727 1444 2754 neque
1467 2719 1586 2754 reqttiem
1606 2718 1687 2745 ullam
1701 2726 1798 2746 consc-

1015 2772 1093 2795 cutus
1113 2772 1156 2794 est
1173 2772 1293 2802 tempore
1308 2766 1476 2794 Constantini
1504 2765 1674 2799 imperatoris
1697 2769 1723 2791 et
1736 2765 1799 2790 Alc-

1015 2814 1108 2841 xandri
1124 2813 1294 2849 patriarchae.
1316 2813 1341 2840 ls
1362 2820 1442 2847 porro
1454 2812 1610 2839 Alexander
1620 2811 1798 2838 Athanasium

1014 2859 1114 2894 optimc
1128 2859 1308 2893 educaverat;
1329 2863 1387 2887 erat
1399 2866 1498 2895 nempe
1515 2858 1585 2886 ﬁlius
1605 2858 1724 2886 mulieris
1744 2857 1799 2891 pri-
