2027 3042
268 168 383 192 cchV‘tti

954 162 1217 191 PROLECOMENA.

274 226 366 252 mania:
383 230 410 252 et
425 225 524 257 divitis,
539 225 585 252 sed
599 224 729 252 idolorum
742 223 823 251 cultui
844 224 965 255 addictm,
980 225 1050 259 apud
1069 229 1092 257 Α
1107 229 1203 252 contra
1220 231 1280 251 eutn
1301 224 1446 260 disputavit
1465 224 1588 252 refellens
1609 218 1731 254 oratione
1750 234 1798 253 sua
1814 234 1886 262 quat-

273 277 353 305 quam
367 269 482 304 pupillus
498 269 606 296 relictus
622 268 718 296 fuerat.
739 267 805 296 Cum
820 276 883 296 vero
902 269 936 296 ad
949 269 1050 304 justam

273 320 380 342 aetatem
394 315 574 349 pervenisset,
591 315 697 342 volebat
711 315 755 342 illa
773 320 800 342 ut
818 315 862 342 ille
878 321 988 342 uxorem
1003 314 1051 341 du-

271 366 363 393 ceret,
388 361 432 387 ille
454 361 604 388 renuebat:
630 361 719 395 itaque
740 360 808 388 dolis
831 368 891 387 cum
915 368 1050 396 aggressa,

271 407 395 436 submisit
413 407 580 434 meretricem
593 413 654 434 eum
671 414 723 441 qua
746 414 800 434 rem
817 407 937 440 haberet,
959 414 992 434 ac
1014 407 1051 434 ita

270 453 376 481 facilius
387 452 568 488 [matrimonio
581 452 698 478 animum
719 451 885 487 adiungeret.
911 452 957 479 llle
985 451 1052 479 nihil

271 497 323 525 tale
343 497 487 529 commisit,
505 496 559 524 Deo
573 496 646 523 illum
669 501 844 524 conservante
857 497 890 523 ad
905 503 948 523 res
968 497 1052 523 maxi-

272 550 340 570 mas.
355 542 469 570 Immisit
479 550 543 576 ergo
555 542 650 570 mulier
661 542 762 577 puellas
774 541 866 569 formae
877 543 980 569 eximia:
992 549 1052 576 quat

270 594 373 616 ornatae
389 593 416 615 et
431 592 612 623 unguentataa,
626 589 658 615 ad
676 595 736 615 eum
753 588 928 615 dormientem
941 588 1051 614 accede-

270 639 342 668 rent,
362 639 390 662 et
400 634 435 662 ibi
449 639 636 669 pernoctantes
650 641 732 669 prope
748 635 844 669 ipsum,
857 641 888 660 se
903 633 939 660 illi
954 632 1052 669 obiice-

270 687 342 709 rent.
370 682 406 708 At
427 681 470 708 ille
496 680 700 716 expergefactus
724 680 784 708 illas
806 680 961 708 verberatas
985 688 1000 706 a
1023 687 1053 707 se

268 727 360 763 eiecit.
381 726 442 754 Haec
463 727 553 754 omnia
571 726 666 753 mulier
680 725 836 760 designabat
854 733 907 760 quo
929 725 1002 752 illum
1020 725 1052 752 ad

270 772 434 801 connubium
449 772 660 800 contrahendum
675 771 845 806 compelleret
858 791 865 803 ,
881 771 1012 806 bonisque
1026 775 1053 797 et

272 820 372 847 divitiis
393 818 513 854 paternis
539 818 575 845 illi
596 818 675 852 pleno
690 817 749 851 iure
773 818 892 850 cederet,
920 817 966 844 sed
988 816 1053 844 nihil

270 865 393 900 perfecit.
420 865 567 892 Accersivit
588 871 652 899 ergo
673 863 768 891 mulier
783 871 888 898 magum
910 862 1052 897 quemdam

272 910 482 938 Alexandrinum
507 917 539 937 ex
568 909 673 936 illorum
701 909 850 942 sapientum
875 914 986 933 numero
1008 906 1052 940 qui

272 955 427 983 Sabaeorum
440 954 632 990 philosophiam
642 953 845 988 proﬁtebantur,
857 951 980 986 atqueilli
992 951 1055 985 quid

272 1001 323 1029 sibi
336 1001 435 1035 negotii
448 1008 507 1027 cum
522 1000 574 1027 ﬁlio
584 998 900 1033 intercederetexposuit.
919 997 988 1024 Voca
1003 1004 1055 1029 me,

274 1047 361 1082 inquit
379 1046 432 1078 iile,
450 1046 541 1078 hodie,
559 1050 587 1072 ut
601 1053 661 1072 cum
678 1053 710 1071 eo
722 1052 817 1079 panem
830 1043 997 1070 ntandttcem.
1011 1041 1056 1068 llla

272 1093 391 1128 gaudens
416 1096 543 1127 apparato
570 1091 712 1126 magniﬁco
731 1090 854 1118 convivio
871 1090 944 1117 illutn
961 1089 1057 1117 invita-

272 1141 321 1172 vit,
348 1139 481 1174 simulque
501 1139 675 1166 comederunt
699 1142 726 1164 et
753 1137 888 1164 biberunt.
924 1135 1058 1163 Postridie

271 1186 446 1222 philosophus
472 1186 505 1213 ad
525 1193 583 1213 eam
604 1185 713 1211 veniens
728 1193 735 1211 :
749 1184 802 1216 Ne,
828 1183 931 1218 inquit,
959 1182 1056 1209 frustra

273 1235 397 1267 labores,
425 1241 511 1268 neque
534 1233 606 1260 enim
627 1231 728 1266 poteris
756 1231 811 1258 ﬁlio
842 1235 887 1257 tuo
901 1229 1057 1264 prmvalere,

272 1279 487 1315 quandoquidem
512 1278 636 1306 Galilzcus
661 1278 747 1304 factus
771 1281 823 1308 est,
845 1280 871 1302 et
885 1274 1057 1302 Galilarorum

273 1319 434 1356 seuienliam
452 1325 599 1360 amplexus,
613 1325 786 1358 futurumque
802 1328 842 1350 est
856 1327 885 1348 ut
906 1322 948 1348 vir
972 1321 1058 1348 maxi-

273 1381 334 1401 tnus
350 1373 455 1400 evadat.
473 1371 598 1404 Quinam,
619 1369 704 1404 inquit
719 1369 825 1401 mulier,
851 1372 911 1395 sunt
928 1367 970 1394 isti
984 1366 1058 1393 Cali-

273 1420 334 1448 lmi?
346 1419 414 1446 Tum
430 1418 474 1446 ille
489 1427 495 1445 :
511 1417 632 1450 Sodales,
647 1416 743 1451 inquit,
761 1415 886 1442 Ecclesiae
902 1414 946 1448 qui
962 1412 1058 1446 templa

274 1468 463 1495 destruxerunt
481 1470 508 1492 et
536 1463 604 1491 idola
628 1467 793 1490 everterunt.
822 1461 869 1488 His
895 1459 993 1488 auditis
1016 1458 1058 1486 illa

274 1514 343 1548 apttd
357 1520 386 1540 se
400 1512 476 1544 dixit,
496 1510 523 1538 Si
541 1517 590 1545 ego
605 1509 641 1536 illi
657 1507 807 1536 molestiam
825 1507 938 1534 exhibeo
949 1526 957 1536 .
976 1504 1060 1532 abibit

274 1569 288 1587 a
304 1568 346 1587 me
363 1564 391 1587 et
413 1558 469 1585 sola
483 1557 616 1584 manebo:
633 1562 692 1581 mox
711 1553 840 1584 surrexit,
866 1557 892 1579 et
921 1555 1059 1585 assumpto

273 1614 364 1634 secum
383 1604 529 1632 Athanasio
550 1603 624 1629 venit
647 1601 679 1627 ad
700 1599 882 1628 Alexandrum
907 1598 949 1625 cui
974 1601 1055 1624 totam
1073 1584 1093 1613 (ἶ

273 1651 413 1681 Athanasii
438 1650 482 1677 filii
507 1649 547 1676 sui
571 1647 709 1675 historiam
724 1651 750 1674 et
765 1646 846 1672 vitam
863 1645 998 1678 narravit,
1021 1644 1059 1671 si-

274 1699 381 1732 mulque
398 1704 458 1724 cum
476 1702 509 1723 eo
532 1694 665 1728 baptizata
683 1697 734 1719 est.
759 1690 856 1724 Aliquo
873 1695 992 1723 tempore
1017 1690 1058 1716 in-

275 1744 384 1778 teriecto
400 1743 524 1771 defuncta
541 1749 601 1768 cum
617 1744 705 1771 esset,
726 1738 825 1765 mansit
841 1737 886 1764 ille
910 1737 979 1771 apud
995 1735 1058 1762 Ale—

273 1791 417 1822 xandrum,
440 1789 486 1823 qui
511 1795 572 1814 etnn
597 1792 722 1820 tanquam
746 1785 828 1811 ﬁlium
849 1784 961 1816 habens,
983 1782 1058 1809 insti-

276 1838 325 1864 tuit
338 1838 364 1864 in
379 1836 450 1863 omni
467 1834 650 1862 doctrinarum
665 1838 763 1866 genere
775 1850 783 1863 ,
798 1829 942 1864 Evangelia
957 1835 1059 1856 memo-

275 1889 341 1912 l'll(‘l‘
355 1882 464 1913 didicit,
488 1881 623 1915 librosque
644 1879 748 1906 divinos
762 1877 825 1912 legit
840 1885 847 1904 :
863 1883 977 1911 cumque
992 1881 1057 1903 teta-

276 1935 329 1957 tcm
344 1928 537 1964 provectiorem
550 1925 695 1960 attigisset,
712 1924 863 1951 Alexander
876 1923 1011 1951 ordinavit
1025 1923 1057 1950 il-

276 1977 331 2002 lum
365 1974 519 2004 diaconum.
548 1976 576 1999 et
601 1970 775 1999 secretarium
803 1977 880 1996 suum
909 1968 1057 2001 constituit,

277 2022 419 2055 factusque
434 2024 474 2047 est
497 2024 623 2053 tanquam
646 2018 778 2050 interpres
795 2016 883 2043 Patris
904 2015 984 2047 illius,
1002 2021 1060 2041 ser-

277 2067 417 2101 monisque
427 2065 485 2100 ejus
496 2064 653 2091 administer
661 2063 873 2097 quandocunque
886 2062 957 2096 loqui
968 2061 1057 2088 vellet.

311 2113 378 2142 Cum
396 2119 460 2139 vero
479 2115 602 2138 mortuus
614 2115 685 2137 esset
700 2108 895 2136 Constantinus
912 2108 1059 2143 imperator

277 2159 365 2187 fidelis
382 2158 408 2184 in
428 2161 568 2184 senectute
587 2155 666 2186 bona,
684 2155 813 2182 successit
835 2154 872 2180 illi
886 2153 1058 2180 Constantius

277 2207 334 2240 ejus
351 2204 436 2236 ﬁlius,
454 2203 500 2238 qui
521 2203 547 2229 in
570 2206 644 2229 recta
666 2201 717 2229 ﬁde
739 2207 791 2227 non
816 2199 1006 2235 perseveravit,
1026 2199 1059 2226 ti-

1107 277 1212 304 cunque
1228 270 1262 297 ab
1283 270 1327 297 illo
1342 270 1413 298 dicta
1428 270 1535 298 fuerant
1551 279 1558 297 :
1574 272 1644 298 unde
1671 271 1793 299 turbatus
1804 272 1886 300 Arius

1106 321 1158 348 est,
1174 315 1330 350 solutusque
1351 322 1504 347 consessum,
1518 321 1545 342 et.
1560 324 1621 344 mox
1630 316 1714 349 Alius,
1727 317 1824 352 inquit,
1837 324 1886 344 no-

1107 361 1148 388 bis
1162 368 1306 388 consessus
1319 361 1435 388 dabitur.
1453 359 1520 389 C'um
1538 370 1617 396 porro
1635 362 1792 398 intelligeret
1806 363 1886 390 Arius

1107 406 1179 433 vires
1193 414 1222 434 se
1240 407 1381 434 adversum
1399 408 1576 435 Athanasium
1591 408 1688 435 habere
1709 408 1807 441 nullas,
1825 410 1887 436 data

1109 452 1221 486 pecunia
1236 452 1289 479 illis
1302 454 1348 487 qui
1361 453 1450 488 ianua:
1466 454 1545 489 regite
1557 453 1691 489 praepositi
1706 458 1795 485 erant,
1813 454 1888 489 pepi-

1109 497 1147 532 git
1163 505 1224 524 cum
1247 498 1287 525 eis
1315 503 1344 525 ut
1367 500 1392 525 in
1409 499 1530 533 proxima
1556 499 1698 526 collatione
1714 499 1887 533 prohiberent

1108 543 1231 577 ingressu
1242 543 1428 571 Athanasium.
1453 544 1584 572 Postridie
1602 545 1747 580 imperator
1765 552 1825 572 cum
1840 552 1886 571 eos

1109 589 1204 616 adesse
1219 589 1344 624 iussisset
1355 609 1362 621 ,
1379 590 1560 624 iutrassetque
1574 589 1742 623 Alexander,
1757 590 1888 624 ianitores

1108 634 1286 662 Athanasium
1311 635 1414 671 ingredi
1439 642 1492 662 non
1526 636 1599 670 passi
1622 641 1692 662 sunt.
1724 635 1887 670 Imperatone

1107 680 1275 713 considente,
1302 686 1330 708 et
1356 686 1489 715 praesente
1505 682 1666 713 Alexandro.
1691 681 1770 708 Arius
1795 680 1888 708 multis

1107 727 1278 765 sermonibus
1293 727 1430 762 disputare
1442 729 1534 762 coapit.
1551 728 1700 755 Alexander
1715 728 1747 754 ad
1764 729 1888 754 dextram

1108 776 1135 798 et
1145 772 1284 800 sinistram
1300 773 1394 800 oculos
1406 779 1566 801 convertens
1576 793 1584 806 ,
1600 781 1651 801 nec
1665 774 1757 800 videns
1768 773 1889 800 Athana-

1106 817 1174 844 sium
1193 819 1367 846 secretarium
1383 826 1473 851 suum,
1496 819 1618 847 obticuit.
1638 819 1705 846 Tum
1726 819 1888 854 imperator:

1108 862 1181 895 Cur,
1202 864 1304 898 inquit,
1330 872 1382 892 non
1403 865 1538 900 loqueris?
1562 865 1708 900 ltespondit
1722 865 1888 905 Alexander:

1070 912 1092 940 Β
1109 908 1248 942 Quomodo
1266 909 1391 945 loquerer
1407 911 1508 945 absque
1527 911 1641 946 lingua?
1663 911 1795 938 lntellexit
1810 911 1891 945 impe-

1106 960 1181 982 rator
1196 955 1348 990 signiﬁcare
1362 957 1537 984 Athanasium
1548 977 1556 990 ,
1579 964 1659 992 quem
1686 957 1776 984 statim
1797 957 1890 984 venire

1105 1001 1198 1036 iussit.
1225 1001 1302 1029 Illum
1333 1007 1362 1029 ut
1382 1003 1448 1030 vidit
1467 1003 1548 1030 Arius
1577 1003 1740 1038 ingressum,
1767 1002 1891 1037 protinus

1107 1055 1233 1083 egressus
1260 1049 1410 1076 consistere
1434 1057 1486 1077 non
1512 1057 1593 1077 ausus
1613 1054 1662 1077 est.
1685 1049 1760 1076 'l‘une
1772 1049 1891 1075 Alexan-

1108 1094 1157 1121 der
1171 1094 1326 1129 imperatori
1343 1095 1429 1122 dixit:
1446 1094 1522 1122 Scias
1539 1095 1629 1128 velim,
1643 1103 1659 1122 ο
1676 1095 1812 1130 princeps,
1832 1095 1890 1121 Arii

1108 1141 1186 1168 istius
1199 1141 1394 1175 depositionem
1407 1141 1505 1168 factam
1521 1141 1604 1169 fuisse
1616 1142 1641 1169 in
1656 1141 1782 1169 concilio.
1798 1140 1892 1175 Neque

1108 1194 1157 1222 ego
1173 1187 1245 1214 illum
1264 1187 1373 1221 deposui
1390 1187 1483 1215 solus:
1499 1188 1545 1214 sed
1564 1195 1661 1222 parens
1683 1192 1743 1214 tuus
1758 1188 1808 1222 piae
1834 1194 1892 1214 me-

1110 1232 1199 1258 moria:
1220 1232 1376 1266 imperator,
1393 1237 1421 1259 et
1437 1239 1530 1259 omnes
1545 1233 1589 1266 qui
1606 1232 1721 1259 concilio
1738 1232 1892 1258 intervene-

1111 1282 1181 1310 runt,
1199 1277 1379 1312 deposuernnt
1394 1285 1465 1304 eum.
1493 1278 1550 1312 Ipse
1569 1278 1650 1305 etiam
1665 1278 1811 1312 imperator
1826 1284 1890 1304 sen-

1109 1323 1415 1350 tentiamanathematis
1441 1323 1467 1350 in
1491 1324 1582 1350 Arium
1611 1324 1810 1358 pronuntiatam
1843 1330 1892 1350 sua

1109 1376 1188 1395 manu
1223 1369 1399 1403 subscripsit;
1434 1377 1550 1403 cumque
1582 1370 1668 1396 oculis
1704 1368 1892 1396 observaveris

1109 1413 1270 1448 scripturam
1293 1414 1375 1447 patris
1390 1414 1438 1447 tui,
1452 1414 1510 1448 ejus
1523 1421 1630 1440 manuni
1645 1421 1783 1447 agnosces.
1796 1413 1834 1440 Ita
1848 1420 1894 1439 au-

1110 1464 1163 1486 tem
1178 1459 1238 1487 dico
1257 1468 1263 1486 :
1278 1468 1311 1486 an
1331 1466 1410 1495 quem
1429 1460 1553 1494 deposuit
1567 1459 1757 1487 Constantinus
1775 1459 1893 1493 impera-

1111 1510 1163 1538 tor,
1190 1510 1217 1533 et
1237 1510 1321 1532 totum
1345 1506 1498 1537 concilium,
1525 1512 1575 1541 ego
1604 1505 1762 1533 absolvam?
1787 1504 1844 1532 Hoc
1870 1505 1894 1532 si

1112 1553 1205 1585 faxim,
1221 1552 1338 1580 schisma
1361 1552 1516 1580 inducerem
1534 1561 1540 1578 :
1560 1560 1620 1579 nam
1642 1557 1717 1586 pater
1743 1556 1803 1579 tuus
1826 1558 1893 1578 vere

1112 1599 1219 1634 scripsit
1244 1604 1337 1626 contra
1364 1606 1425 1626 eum
1453 1598 1614 1625 sententiam
1648 1597 1839 1630 anathematis,
1867 1601 1896 1624 et

1111 1646 1168 1680 eius
1180 1646 1372 1680 depositionem
1385 1652 1478 1672 manus
1493 1652 1548 1672 suae
1568 1645 1766 1678 subscriptione
1778 1643 1895 1670 firmavit

1112 1694 1137 1720 in
1152 1693 1267 1720 concilio
1285 1691 1404 1719 Nicanno.
1425 1691 1487 1718 "me
1506 1699 1565 1718 cum
1583 1691 1712 1718 audiisset
1733 1691 1892 1724 imperator.

1112 1739 1245 1773 simulque
1262 1737 1372 1764 fratrem
1399 1742 1530 1769 metuens,
1559 1737 1645 1764 noluit
1669 1737 1773 1764 irritum
1803 1735 1896 1763 facere

1112 1785 1267 1811 mandatum
1289 1783 1374 1818 patris
1395 1784 1436 1810 sui
1463 1783 1642 1818 imperatoris.
1667 1783 1752 1817 liuius
1767 1782 1839 1810 enim
1855 1781 1896 1808 rei

1112 1830 1198 1865 gratia
1220 1829 1303 1857 frater
1325 1830 1383 1863 eius
1405 1829 1563 1864 legationem
1581 1830 1614 1857 ad
1628 1836 1690 1857 eum
1707 1829 1834 1862 miserat,
1861 1828 1896 1856 ad

1112 1884 1172 1904 euut
1188 1875 1388 1903 dimovendum.

1147 1921 1240 1956 Itaque
1254 1921 1437 1948 Alexandrum
1454 1922 1593 1948 dimissum
1607 1921 1641 1948 ad
1654 1921 1745 1948 sedem
1757 1928 1832 1947 suain
1849 1926 1896 1947 re-

1112 1969 1170 1995 dire
1191 1968 1313 2003 permisit
1326 1975 1333 1994 :
1348 1968 1498 2002 mansitque
1509 1967 1590 1994 Arius
1603 1966 1850 1994 excommunicatus
1868 1969 1896 1992 et

1113 2014 1282 2041 anathemate
1297 2014 1412 2049 ligatus,
1425 2013 1548 2048 quamvis
1565 2017 1643 2040 antea
1663 2012 1845 2039 existimasset
1866 2018 1896 2038 se

1111 2064 1139 2088 et
1155 2060 1315 2087 auctoritate
1331 2059 1475 2094 principis,
1501 2064 1527 2085 et
1549 2058 1723 2092 pecuniarutn
1749 2064 1812 2090 erga
1836 2056 1894 2091 eius

1114 2106 1278 2134 domesticos
1297 2105 1438 2140 largitione
1455 2105 1618 2139 superiorem
1631 2104 1760 2130 futurum.
1775 2102 1896 2130 Mortuus

1112 2159 1154 2180 est
1171 2152 1267 2179 deinde
1281 2151 1359 2178 Pater
1372 2152 1525 2178 Alexander
1545 2155 1572 2177 et
1586 2150 1702 2184 quietem
1718 2149 1822 2184 accepit
1834 2156 1896 2175 cum

1114 2198 1237 2233 patribus
1252 2197 1318 2229 suis,
1341 2202 1481 2232 postquam
1502 2196 1689 2223 sacerdotibus
1709 2199 1735 2222 et
1752 2194 1821 2230 plebi
1838 2201 1896 2221 mo-

278 2260 352 2280 more
367 2256 393 2278 et
409 2251 504 2277 vitioso
519 2249 658 2276 hominum
672 2247 774 2282 pudore
791 2247 888 2273 victus.
903 2245 968 2273 Eam
979 2252 1058 2272 occa-
1075 2263 1097 2292 Β
1115 2244 1187 2270 riens
1203 2243 1392 2278 praecepisset,
1412 2247 1442 2269 ut
1457 2241 1632 2269 Athanasium
1649 2241 1674 2268 in
1693 2241 1756 2268 sede
1776 2241 1894 2275 patriar-

277 2299 380 2326 sionem
399 2301 495 2324 nactus
506 2296 588 2323 Arius
607 2295 639 2322 ad
662 2295 851 2329 imperatorem
874 2300 904 2320 se
920 2291 1058 2327 applicuit,

277 2345 387 2379 ejusque
404 2343 453 2371 sibi
470 2349 589 2370 amorem
610 2340 759 2368 concilians
770 2360 776 2371 ,
793 2346 839 2366 cor
853 2338 912 2373 eius
928 2338 1059 2372 corrupit,

277 2395 305 2418 et
322 2391 355 2418 ad
378 2389 539 2417 sententiam
563 2395 639 2416 suam
666 2386 828 2413 inclinavit:
845 2386 966 2420 adeoque
986 2384 1060 2411 illum

277 2437 393 2472 decepit,
420 2441 449 2463 ut
467 2435 648 2462 Alexandrum
671 2432 923 2466 Constantinopolin
945 2431 1061 2458 Alexan-

276 2483 334 2510 dria
350 2481 565 2515 venireiuheret.
589 2478 729 2506 Nesciebat
746 2479 892 2513 imperator
905 2482 1005 2512 quanta
1017 2483 1060 2504 es-

277 2534 318 2556 set
332 2527 475 2555 Alexandri
504 2526 631 2562 dignitas,
659 2532 740 2560 quam
768 2525 802 2551 ob
831 2531 940 2551 causam
965 2523 1059 2550 Arium

277 2572 443 2600 anathemati
466 2571 626 2606 subiecisset
647 2575 673 2597 et
703 2569 737 2596 ab
756 2568 875 2596 Ecclesia
902 2568 1059 2602 expulisset.

277 2619 342 2645 Erat
357 2617 509 2644 Alexander
524 2616 587 2644 licet
602 2615 680 2642 annis
694 2620 720 2642 et
733 2614 808 2642 senio
819 2614 917 2649 gravis,
935 2612 1060 2640 sensibus

277 2669 367 2691 tamen
383 2663 495 2698 integris
510 2672 516 2689 :
532 2661 696 2688 Athanasius
716 2665 773 2687 erat
793 2660 850 2693 eius
870 2660 1020 2693 interpres,
1036 2662 1062 2684 et

278 2710 382 2741 scriba,
396 2712 423 2736 et
439 2707 497 2741 eius
517 2708 624 2734 nomine
642 2707 721 2734 verba
738 2705 854 2733 faciebat
869 2713 915 2740 per
932 2704 1060 2731 virtutem

279 2755 395 2789 Spiritus
413 2754 510 2786 sancti,
519 2754 581 2788 quia
597 2754 657 2780 fidei
667 2753 822 2780 orthodoxae
831 2759 965 2779 sunnnam
976 2751 1063 2778 scien-

280 2801 343 2827 tiam
365 2801 491 2829 habebat.
515 2800 641 2827 Consedit
663 2799 816 2826 Alexander
835 2806 926 2825 coram
947 2798 1063 2831 impera—

280 2851 358 2876 tore;
382 2846 521 2880 adfuitque
533 2846 628 2878 Arius,
649 2845 694 2880 qui
718 2845 800 2871 multa
824 2845 970 2872 secundum
987 2850 1063 2870 suam

280 2883 654 2927 scnlentiamdmprudenter
682 2891 787 2919 locutus
816 2894 867 2918 est.
901 2889 1063 2917 Athanasius

1113 2290 1181 2318 chali
1202 2298 1231 2317 se
1243 2289 1370 2316 defuncto
1381 2288 1554 2316 collocarent.
1576 2287 1614 2314 llli
1634 2294 1758 2322 magnam
1777 2285 1838 2313 inde
1850 2286 1896 2313 la:-

1114 2337 1199 2363 titiam
1220 2339 1397 2370 perceperunt
1411 2334 1445 2361 ob
1471 2340 1632 2368 propensam
1647 2333 1769 2360 omnium
1789 2339 1852 2367 erga
1864 2331 1896 2358 il-

1113 2382 1167 2409 lum
1188 2382 1361 2409 voluntatem.
1378 2379 1523 2414 Postquam
1538 2387 1602 2407 vero
1616 2378 1688 2406 sedit
1710 2370 1737 2405 in
1752 2378 1814 2406 sede
1832 2384 1896 2412 apo-

1113 2428 1218 2460 stolica,
1243 2427 1323 2462 eiecit
1342 2434 1472 2462 sequaces
1484 2425 1542 2452 Arii
1557 2426 1591 2452 ab
1606 2424 1739 2464 Ecclesia,
1753 2423 1896 2458 producta-

1112 2483 1164 2510 que
1193 2474 1379 2502 anathematis
1403 2472 1537 2500 sententia
1549 2479 1630 2507 quam
1644 2471 1837 2499 Constantinus
1849 2470 1897 2498 im-

1114 2525 1222 2556 perator
1243 2523 1271 2546 et
1294 2519 1338 2554 qui
1355 2523 1450 2546 sancto
1473 2517 1588 2545 concilio
1616 2517 1799 2544 interfuerant
1830 2517 1895 2544 sub-

1114 2565 1311 2600 scriptionibus
1328 2564 1384 2591 suis
1401 2564 1583 2595 ﬁrmaverant,
1599 2562 1663 2598 legit
1680 2569 1740 2589 eam
1759 2562 1785 2589 in
1807 2561 1894 2589 eccle-

1114 2612 1153 2639 sia
1171 2618 1262 2639 coram
1279 2610 1420 2644 frequente
1435 2609 1543 2644 populo.
1563 2609 1625 2636 [hcc
1642 2608 1723 2635 Arius
1736 2615 1796 2635 cum
1818 2607 1895 2634 audi-

1113 2659 1179 2686 isset
1193 2658 1269 2685 valde
1290 2657 1375 2684 iratus
1392 2661 1421 2684 et
1438 2655 1530 2683 furore
1549 2654 1684 2686 incenstts,
1705 2655 1777 2681 venit
1789 2653 1822 2680 ad
1844 2653 1894 2680 im-

1113 2709 1262 2739 peratorem
1282 2707 1309 2730 et
1320 2702 1387 2729 dixit
1400 2701 1479 2729 ei:Si
1491 2700 1642 2728 Alexander
1658 2699 1811 2734 patriarcha
1823 2699 1895 2726 Con-

1114 2749 1368 2784 slantinopolitanus
1384 2755 1426 2774 me
1441 2744 1591 2781 susceperit
1610 2745 1687 2780 jussu
1703 2749 1748 2772 tuo
1762 2765 1769 2776 ,
1785 2752 1895 2772 causam

1113 2795 1228 2822 obtinui.
1244 2794 1384 2821 Accersito
1395 2792 1428 2820 ad
1450 2800 1479 2820 se
1492 2793 1641 2827 imperator
1657 2791 1726 2818 dixit
1743 2799 1750 2817 :
1766 2790 1818 2817 lste
1831 2789 1895 2816 Ale-

1118 2840 1266 2868 xandrinus
1283 2839 1436 2874 patriarcha
1455 2837 1590 2865 recusavit
1602 2837 1695 2864 Arium
1711 2836 1855 2870 suscipere,
1869 2840 1897 2862 et

1115 2885 1240 2915 mandata
1265 2892 1324 2914 mea
1339 2884 1449 2919 insuper
1466 2883 1569 2916 habuit,
1596 2882 1648 2910 scis
1671 2886 1760 2909 autem
1783 2880 1855 2916 quod
1871 2885 1897 2908 te
