2027 3042
612 170 691 199 VITA
713 170 741 198 S.
764 168 950 199 ATHANASII
968 169 1014 196 EX
1028 169 1178 197 ARABICO
1198 169 1325 197 VERSA.‘

1687 172 1781 195 cum

173 230 392 258 constituerimus
414 229 594 264 patriarcham
609 235 635 257 et
649 230 675 257 in
688 229 751 258 sede
764 229 954 258 Constantino-
967 230 991 258 A
1005 227 1120 256 absolvit
1133 236 1195 256 cum
1211 228 1314 261 latitia,
1329 226 1452 254 laudibus
1471 230 1499 254 et
1514 225 1632 261 hymnis,
1658 225 1785 259 misitque

173 275 288 310 politans
302 274 532 303 collocaverimus.
551 276 663 310 Oportet
685 275 766 310 igitur
791 279 818 303 te
841 275 952 303 alterius

171 319 296 354 exemplo
324 320 401 347 nobis
426 327 479 347 non
505 319 702 351 contradicere.
727 320 767 347 vir
789 311 862 348 enim
880 321 952 349 mitis

171 372 220 392 es:
240 369 321 398 atque
343 364 410 393 adeo
425 369 453 392 ut
466 364 560 392 Arium
585 369 671 392 tecum
696 373 818 394 assumas
838 373 952 400 eumque

172 410 314 444 suscipias.
329 418 465 446 rogamus.
483 411 551 438 Tum
575 411 728 446 patriarcha
743 412 810 440 dixit
826 412 868 444 ei,
881 413 952 447 quod

172 457 293 485 Ecclesia
307 457 401 485 Arium
422 465 476 485 non
493 457 653 492 susciperet,
668 458 714 485 sed
727 466 812 492 neque
826 463 953 493 oportere

173 509 334 536 quemquam
353 502 387 529 ah
406 502 450 529 illa
465 503 574 537 suscipi,
600 503 651 530 nisi
678 503 724 538 qui
745 503 865 538 ejusdem
890 511 950 531 cum

173 548 293 577 Ecclesia
308 548 370 576 ﬁdei
385 547 469 582 foretf;
485 548 556 576 hunc
573 557 636 577 vero
647 550 691 584 qui
703 550 865 579 Trinitatem
875 558 952 580 crea-

174 599 227 621 tam
251 601 311 621 esse
331 594 492 627 constituat,
516 594 577 628 jure
607 595 702 622 merito
730 596 763 624 ab
777 595 896 623 Ecclesia
911 603 953 624 re-

169 638 282 672 jectum.
308 638 381 666 Dixit
404 639 440 666 illi
470 639 634 674 imperator,
671 640 728 667 Non
753 640 789 668 ita
815 646 875 674 est,
905 640 952 668 sed

174 684 332 711 Trinitatem
356 683 507 712 conﬁtetur.
537 684 605 711 Tum
638 685 805 720 patriarcha,
832 685 890 718 Det,
912 686 953 713 in-

172 730 242 764 quit,
260 730 326 762 mihi
342 730 535 764 professionem
563 731 622 758 ﬁdei
643 738 691 758 sua
707 739 786 758 manu
808 732 953 767 subsigna-

173 780 238 809 tam,
257 779 287 802 ut
304 775 392 810 qualis
407 775 452 802 illa
468 776 503 803 sit
513 781 589 803 certo
607 777 700 804 sciam.
725 777 857 805 Arcessiri
878 778 953 813 jubet

170 820 265 847 Arium
280 820 435 854 imperator,
447 825 474 848 et
489 821 539 848 hoc
552 821 682 848 divinitus
698 821 853 853 ﬁebat;.ille
863 827 950 850 autem

171 866 367 901 professionem
388 866 449 894 ﬁdei
476 875 556 894 manu
582 875 630 894 sna
652 867 830 903 subsignavit,
849 868 911 896 licet
926 869 950 896 in

171 899 264 938 animo
281 911 415 938 contraria
437 913 565 939 sentiens.
583 912 643 939 Mox
664 899 911 949 patriarcha-petiit
924 919 953 941 ut
967 899 988 928 Β

168 957 284 992 juraret,
301 956 400 983 nullum
420 957 470 984 sibi
496 958 522 984 in
546 959 636 985 animo
651 958 762 985 dubium
777 959 849 986 circa
872 960 951 988 ﬁdem

171 1009 331 1036 superesse;
357 1001 428 1036 quod
441 1002 520 1029 Arius
542 1003 654 1036 juravit.
679 1004 747 1031 Tum
763 1004 907 1039 imperator
919 1006 952 1032 ad

170 1049 352 1082 patriarcham
367 1057 374 1076 :
386 1047 466 1081 Quid,
483 1049 579 1083 inquit,
590 1049 644 1082 jam
653 1040 814 1084 suspicionis
825 1051 953 1078 adversus

170 1094 244 1121 illum
263 1094 363 1122 habere
377 1095 472 1128 potest
497 1094 643 1128 Respondit
664 1094 729 1122 ille:
756 1095 857 1129 Nempe
883 1097 952 1131 quod

170 1139 249 1167 Pater
270 1139 437 1167 Athanasius
464 1139 619 1174 patriarcha
642 1140 852 1174 Alexandrinus,
876 1149 952 1170 reno-

170 1185 244 1211 vavit
257 1185 425 1213 Alexandria:
445 1185 604 1212 sententiam
631 1186 810 1214 anathematis
825 1188 952 1215 adversus

170 1229 265 1258 Arium
278 1230 410 1258 ﬁrmatam
425 1231 665 1266 subscriptionihus
681 1235 735 1258 tum
751 1232 835 1267 patris
853 1232 889 1259 tui
903 1233 953 1267 pits

171 1277 311 1304 memoriae
325 1277 490 1304 Censtantini
505 1277 682 1312 imperatoris,
702 1281 758 1304 tum
777 1277 874 1305 Niczeni
887 1285 951 1305 con-

172 1322 225 1349 cilii
235 1321 354 1352 Patrum,
362 1326 388 1349 et
397 1322 449 1356 legi
459 1322 554 1350 iterum
565 1322 754 1358 fecit,ejusque
761 1328 908 1351 sectatores
918 1325 951 1351 ab

170 1368 289 1397 Ecclesia
305 1369 394 1402 ejecit.
406 1369 481 1402 Quod
496 1369 518 1396 si
532 1369 597 1396 nihil
613 1369 674 1396 mali
691 1369 819 1396 acciderit
832 1371 894 1397 Ario
908 1370 950 1397 isti

170 1415 205 1442 ab
220 1415 271 1442 hac
285 1415 329 1442 die
349 1422 434 1449 usque
455 1415 488 1442 ad
511 1415 660 1449 proximam
688 1415 757 1442 diem
774 1415 950 1447 Dominicam,

170 1468 220 1494 ego
235 1461 309 1488 illum
325 1461 470 1495 suscipiam
481 1480 489 1493 ,
507 1465 534 1487 et
556 1461 590 1487 ad
604 1461 817 1488 communionem
833 1469 893 1489 cum
909 1470 951 1488 sa-

173 1505 325 1533 cerdotibus
341 1506 490 1533 admittam.
505 1506 592 1533 Exivit
605 1506 684 1534 Arius
707 1512 866 1541 exspectans
880 1507 950 1534 dietn

171 1550 335 1578 Dominicam
356 1561 362 1577 :
381 1559 440 1586 quze
454 1559 514 1579 cum
526 1552 694 1584 advenisset,
712 1553 849 1587 ingressus
868 1557 911 1581 est
925 1553 950 1579 in

172 1597 312 1624 ecclesiam
337 1597 446 1624 indutus
469 1602 542 1624 veste
572 1597 723 1632 splendida,
755 1599 952 1633 unguentisque

171 1642 317 1676 delibutus,
328 1643 451 1677 seditque
460 1643 493 1669 ad
507 1647 610 1676 portam
620 1643 766 1669 sanctuarii
781 1643 950 1670 sacerdotum

172 1687 275 1715 ordine.
300 1687 456 1715 Patriarcha
478 1692 566 1714 autem
590 1691 618 1714 et
634 1688 680 1722 qui
694 1688 718 1714 ei
736 1687 950 1720 consentiebant,

173 1739 255 1760 totam
272 1733 464 1761 hebdomadem
485 1739 722 1768 perseveraverant
736 1734 905 1768 jejunantes.
925 1739 953 1761 ct

170 1785 278 1807 orantes
290 1787 379 1807 coram
395 1779 501 1807 Christo
519 1780 631 1807 Domino
646 1800 653 1811 ,
672 1780 840 1815 postulantes
856 1784 884 1807 ut
899 1787 950 1807 non

170 1826 349 1859 imputaretur
366 1826 419 1853 illis
437 1820 576 1859 peccatum
592 1826 658 1856 Arii.
671 1826 733 1859 quia
749 1825 895 1859 imperator
909 1825 951 1858 ju-

170 1876 279 1899 raverat
293 1872 318 1899 ei
332 1872 402 1906 quod
426 1871 448 1899 si
463 1871 603 1899 Dominica
620 1871 663 1898 die
678 1875 740 1897 ante
758 1873 850 1898 horam
877 1876 951 1898 octa-

170 1925 231 1945 vam
248 1925 301 1944 non
329 1917 476 1951 susciperet
490 1917 582 1943 Arium
593 1936 600 1949 ,
627 1917 747 1944 Ecclesia
769 1925 889 1951 magnam
903 1925 951 1951 pe-

169 1963 256 1989 etmiae
270 1969 402 1989 summam
422 1961 527 1988 inuicta:
544 1961 649 1987 nomine
667 1961 783 1995 pendere
798 1966 949 1996 cogeretur.

170 2009 236 2037 Cum
262 2009 344 2044 igitur
366 2007 555 2035 convenissent
577 2008 731 2035 sacerdotes
761 2012 788 2035 et
816 2008 890 2042 plebs
919 2016 951 2035 eo

169 2055 213 2082 die
242 2055 268 2082 in
297 2054 454 2086 ecclesiam,
485 2055 643 2088 adessetque
669 2053 770 2086 Arius,
797 2053 950 2088 patriarcha

169 2099 247 2126 valde
276 2104 407 2132 maestus,
439 2099 552 2133 liturgiae
595 2098 809 2125 celebrationem
840 2099 951 2125 inchoa-

168 2145 208 2171 vit
234 2153 241 2170 :
269 2149 296 2172 et
325 2145 380 2178 jam
408 2145 492 2171 lector
526 2149 647 2177 cmperat
678 2144 776 2179 legere,
796 2151 856 2171 cum
886 2144 950 2171 Ario

169 2190 297 2218 intestina
333 2194 465 2216 commota
504 2194 588 2221 sunt,
629 2191 695 2216 adeo
739 2193 769 2216 ut
812 2190 885 2216 foras
923 2189 948 2216 in

1004 276 1037 302 ad
1050 274 1226 302 Athanasium
1240 273 1419 309 patriarcham
1444 271 1654 299 Alexandrinum
1671 271 1717 305 qui
1728 271 1784 299 haec

1003 328 1052 348 suo
1067 320 1174 348 nomine
1185 320 1355 347 nuntiarent:
1369 317 1421 345 Nos
1434 317 1615 353 gloriﬁcamus
1623 317 1706 345 Deum
1722 317 1784 344 tibi-

1004 373 1066 401 que,
1079 366 1174 398 frater,
1190 370 1281 393 notum
1294 365 1420 396 facimus,
1437 364 1529 391 Arium
1546 368 1632 390 morte
1651 363 1782 397 stupenda

1003 413 1164 440 exstinctum
1181 419 1242 439 esse
1256 420 1263 438 :
1282 411 1396 438 hteresin
1413 410 1472 444 ejus
1486 410 1616 441 excisam.
1635 413 1784 436 sectatores

1003 458 1150 494 dispersos.
1181 457 1336 493 ltnperatori
1359 457 1416 484 haec
1444 455 1553 483 omnino
1573 454 1783 489 displicuerunt,

1002 509 1112 540 propter
1132 505 1234 532 amicos
1257 504 1372 532 Arii.....
1395 503 1538 538 Georgium
1555 506 1582 529 et
1602 501 1709 529 illorum
1739 508 1782 528 se-

1004 557 1111 584 quaces,
1132 550 1177 584 qui
1192 549 1333 577 ecclesiam
1351 548 1558 576 Alexandrinam
1576 547 1741 574 invaserant.
1754 546 1783 572 Si

1004 595 1111 630 quidem
1128 594 1244 629 Georgio
1255 595 1330 622 dedit
1351 595 1499 627 imperator
1513 593 1617 627 equites
1639 599 1671 620 ex
1699 591 1783 625 copiis

1004 641 1060 669 suis
1083 637 1254 676 quingentos,
1278 647 1345 675 quos
1373 639 1517 666 misitcum
1542 639 1588 666 illo
1604 642 1632 665 ut
1648 645 1708 665 eum
1737 645 1783 672 pa-

1005 687 1150 714 triarcham
1165 686 1334 714 Alexandriae
1348 685 1553 712 constituerent.
1574 685 1689 718 Scripsit
1702 684 1781 711 etiatn

1004 732 1107 760 litteras
1122 733 1148 759 in
1160 739 1254 759 omnes
1266 731 1428 766 provincias,
1450 731 1599 758 doctrinam
1615 729 1671 757 Arii
1689 729 1715 756 in
1730 728 1782 756 illis

1003 777 1150 813 publicans,
1168 784 1263 812 nempe
1278 777 1349 811 quod
1376 777 1446 804 Deus
1461 781 1583 803 creatura
1605 779 1686 803 esset.
1715 775 1782 802 Eum

1003 828 1092 851 tamen
1103 823 1189 851 nullus
1200 824 1316 857 suscepit
1328 824 1353 849 in
1365 827 1434 849 terra
1450 822 1558 857 Egypti
1577 830 1584 848 :
1602 822 1649 849 sed
1664 829 1783 849 commu-

1003 870 1109 897 nionem
1121 869 1289 903 accipiebant
1309 877 1322 894 a
1341 868 1525 896 sacerdotibus
1541 875 1608 902 quos
1623 867 1783 894 Athanasius

1005 916 1184 943 ordinaverat.
1206 915 1230 942 ls
1242 922 1322 950 porro
1333 914 1465 949 Georgius
1477 914 1612 948 ingressus
1626 917 1667 940 est
1692 913 1719 939 in
1740 920 1783 939 ec-

1005 961 1113 988 clesiam
1128 961 1295 989 Alexandria:
1307 968 1353 995 per
1366 960 1465 991 dolum.
1484 964 1530 987 aut
1544 964 1572 986 ut
1583 959 1626 986 alii
1642 959 1734 986 dicunt
1746 959 1782 986 in-

1005 1007 1145 1034 troductus
1162 1014 1207 1041 per
1226 1006 1324 1033 milites
1337 1005 1383 1040 qui
1400 1013 1459 1032 cum
1478 1005 1525 1032 illo
1537 1010 1676 1036 venerant,
1694 1012 1708 1031 a
1721 1005 1781 1039 qui-

1004 1052 1055 1079 bus
1079 1052 1162 1079 occisi
1180 1056 1243 1078 snnt
1268 1059 1299 1078 ex
1326 1050 1479 1078 Christiana
1506 1050 1582 1084 plebe
1607 1050 1714 1085 plurimi
1737 1049 1781 1084 qui

1005 1107 1065 1127 eum
1080 1099 1230 1127 Athanasio
1245 1098 1405 1131 sentiebant,
1422 1098 1457 1124 ita
1472 1101 1500 1124 ut
1518 1097 1627 1131 sanguis
1639 1097 1783 1123 inundarct

1004 1146 1166 1177 ecclesiam,
1192 1150 1220 1173 et
1243 1145 1275 1171 ad
1304 1151 1390 1179 genua
1409 1144 1582 1178 pertingeret.
1607 1142 1676 1169 Vasa
1701 1142 1782 1169 etiam

1004 1201 1081 1222 sacra
1099 1194 1206 1228 praidati
1222 1197 1293 1224 sunt,
1311 1197 1339 1219 et
1364 1191 1514 1226 virginibus
1530 1197 1589 1224 qua:
1604 1194 1680 1217 erant
1700 1189 1726 1216 in
1738 1196 1783 1216 ec-

1004 1240 1085 1267 clesia
1098 1239 1191 1266 vitium
1206 1238 1368 1266 obtulerunt.
1380 1236 1544 1264 Athanasius
1557 1236 1657 1263 latebat
1669 1235 1781 1266 interea,

1004 1290 1027 1311 et
1044 1291 1090 1318 per
1104 1284 1212 1318 longum
1230 1287 1334 1317 tempus
1351 1281 1497 1308 Christiani
1526 1281 1551 1307 in
1581 1279 1715 1314 speluncis
1733 1279 1781 1306 de-

1004 1329 1083 1356 sertis
1095 1334 1119 1356 et
1137 1328 1255 1355 latibulis
1265 1335 1312 1362 per
1333 1327 1470 1353 universas
1483 1331 1566 1359 usque
1577 1325 1609 1351 ad
1618 1324 1781 1351 Thebaidem

1004 1374 1109 1409 lgypti
1118 1373 1269 1408 previncias
1276 1379 1351 1399 sacra
1361 1371 1486 1406 mysteria
1502 1369 1692 1403 percipiebaut.
1704 1369 1781 1396 Aria~

1005 1421 1031 1447 ni
1044 1428 1118 1452 vero,
1136 1419 1240 1446 favente
1253 1419 1414 1453 imperatore
1429 1416 1472 1443 cui
1485 1416 1667 1449 adlizerebant,
1683 1415 1782 1449 ubique

1004 1467 1105 1501 primas
1114 1465 1287 1492 obtinuerunt

1039 1511 1169 1545 Serapion
1179 1514 1305 1537 tuncerat
1316 1509 1456 1543 episcopus
1473 1507 1598 1534 Tmueos.
1616 1506 1638 1533 ls
1655 1506 1781 1532 adAtha-

1006 1557 1110 1584 nnsinm
1121 1560 1147 1582 et
1160 1556 1314 1583 universum
1328 1553 1453 1589 populum
1475 1552 1579 1580 litteras
1595 1551 1713 1586 scripsit,
1726 1558 1783 1578 mo-

1005 1610 1071 1629 nens
1099 1606 1127 1628 ut
1155 1601 1188 1628 ab
1216 1600 1323 1627 Arianis
1342 1603 1477 1626 caverent.
1505 1597 1610 1632 Elapsis
1630 1597 1708 1624 annis
1734 1604 1780 1624 sex

1002 1646 1167 1674 Athanasius
1181 1645 1305 1680 prodiens
1313 1645 1339 1672 in
1349 1645 1495 1679 publicum,
1504 1643 1569 1670 adiit
1580 1644 1780 1678 imperatorem.

1000 1691 1124 1726 judicans
1139 1691 1173 1717 ab
1189 1690 1235 1717 illo
1257 1697 1287 1717 se
1304 1690 1382 1717 morti
1410 1688 1598 1721 addicendum,
1618 1693 1697 1722 atque
1715 1689 1782 1716 adeo

1003 1736 1125 1770 martyrii
1143 1742 1269 1763 coronam
1284 1739 1482 1769 percepturum.

1036 1780 1119 1808 Jnssit
1131 1780 1276 1814 imperator
1287 1784 1315 1806 ut
1330 1778 1459 1806 navicula:
1475 1772 1782 1813 imponerettir,'absquc

1002 1833 1070 1861 pane
1083 1830 1130 1852 aut
1147 1833 1224 1860 aqua,
1241 1825 1330 1852 nautis
1343 1829 1388 1852 aut
1401 1825 1589 1859 gubernatore,
1605 1824 1651 1852 sed
1666 1825 1723 1859 ipse
1739 1833 1783 1852 so-
1804 1829 1844 1861 ε’

1001 1872 1043 1899 ius
1056 1873 1082 1899 iu
1096 1880 1154 1899 eam
1169 1871 1325 1906 injiceretur
1339 1876 1366 1898 et
1377 1871 1403 1898 in
1419 1878 1492 1897 mare
1509 1870 1685 1898 deduceretur
1696 1879 1702 1903 ;
1712 1872 1781 1905 quod

1002 1919 1101 1944 factum
1119 1922 1169 1945 est.
1186 1917 1296 1945 Fluctus
1311 1925 1382 1949 vero,
1399 1917 1625 1944 Deocustodicnte
1654 1917 1726 1944 illum
1756 1923 1783 1943 et

1001 1963 1178 1998 gubernante,
1199 1963 1368 1990 deduxerunt
1386 1970 1460 1995 eum,
1484 1963 1520 1989 ita
1539 1967 1567 1989 ut
1590 1962 1780 1990 Alexandriam

1002 2009 1082 2035 tertio
1103 2009 1161 2043 ipso
1182 2008 1226 2035 die
1242 2008 1405 2042 pervenerit.
1423 2007 1516 2034 Clerus
1539 2011 1565 2034 et
1578 2007 1652 2042 plebs
1665 2008 1696 2034 ad
1719 2014 1780 2034 eum

1001 2056 1115 2091 profecti
1129 2060 1306 2083 occurrerunt
1321 2055 1371 2089 ipsi
1389 2062 1448 2081 cum
1473 2054 1579 2088 gaudio,
1592 2059 1619 2081 et
1635 2054 1782 2082 honoriﬁce

1000 2105 1175 2135 exceperunt,
1189 2108 1273 2135 usque
1284 2101 1346 2127 dum
1371 2100 1396 2126 in
1419 2099 1561 2126 ecclesiam
1579 2100 1717 2134 ingressus
1729 2104 1780 2130 est,

1001 2155 1034 2175 ex
1048 2155 1100 2181 qua
1115 2146 1260 2181 Georgium
1275 2146 1354 2180 ejecit
1370 2149 1396 2172 et
1410 2153 1456 2174 eos
1478 2146 1523 2180 qui
1545 2153 1696 2179 perversam
1725 2145 1782 2178 ejus

967 2187 981 2209 θ
1003 2195 1082 2222 ﬁdem
1097 2193 1287 2228 sequebantur.
1305 2191 1343 2219 Eo
1368 2192 1411 2218 die
1427 2191 1590 2219 Athanasius
1606 2191 1703 2216 festum
1728 2189 1781 2215 Dco

126 2248 128 2250 τ
169 2235 296 2268 angulum
324 2234 358 2260 ad
384 2234 582 2261 exonerandam
610 2234 698 2261 alvum
724 2233 867 2261 secesserit
887 2243 893 2260 :
912 2238 950 2260 at-
965 2243 987 2271 ῃ
1002 2241 1159 2274 celebravit,
1176 2240 1319 2273 omnisque
1338 2238 1450 2272 populus
1474 2246 1521 2273 per
1539 2243 1623 2265 telam
1637 2236 1781 2272 IEgyptutu

168 2288 220 2315 que
235 2280 269 2308 ibi
288 2279 390 2307 viscera
407 2280 496 2307 omnia
511 2287 559 2307 sua
570 2279 688 2314 ejecerit.
708 2279 774 2307 Cum
797 2279 879 2314 igitur
906 2280 951 2308 ille

169 2316 369 2359 ex'conspectu
400 2332 430 2352 se
457 2324 646 2357 subtraxisset,
675 2325 857 2359 quaesiverunt
888 2332 948 2353 eum

167 2378 218 2398 nec
230 2371 399 2403 invenerunt,
409 2371 567 2403 tandemque
576 2375 716 2404 postquam
726 2370 869 2406 diligenter
879 2378 951 2406 quaa-

168 2416 293 2444 sivissent
313 2421 473 2450 repererunt
486 2423 547 2443 eum
572 2416 723 2448 sedentem,
741 2416 878 2452 frigidum,
903 2424 949 2444 ar-

169 2455 371 2496 tubus'solutis,
397 2466 491 2489 ventre
516 2462 648 2496 projecto.
675 2462 787 2494 siceum,
807 2467 835 2490 ct
858 2463 949 2490 omnia

168 2507 273 2535 viscera
289 2507 348 2542 ejus
364 2506 448 2535 eﬂ‘usa
463 2515 553 2534 coram
565 2515 607 2535 eo.
624 2507 816 2541 Signiﬁcarunt
831 2509 886 2536 huic
896 2513 950 2536 sta-

169 2554 215 2581 tim
245 2554 414 2588 patriarchae,
441 2554 485 2588 qui
505 2558 616 2588 stupens
633 2558 661 2580 et
679 2553 761 2581 silens
774 2554 875 2588 gratias
896 2555 950 2589 egit

167 2600 280 2629 Domino
303 2600 366 2628 Jesu
378 2601 497 2633 Christo,
519 2605 546 2628 et
563 2600 681 2627 laudavit
700 2608 760 2627 eutn
783 2601 827 2635 qui
854 2601 948 2628 Arium

163 2645 326 2680 judicasset,
352 2654 468 2681 eumque
496 2647 637 2675 subitaneo
665 2649 748 2675 exitio
769 2648 948 2683 perdidisset,

167 2697 277 2726 propter
293 2691 441 2726 periurium
453 2692 511 2727 ejus
527 2697 552 2720 et
566 2694 644 2721 iidem
659 2694 848 2728 perniciosam.
861 2694 948 2729 Impe-

166 2738 249 2765 ratori
270 2745 376 2773 quoque
402 2743 429 2765 et
451 2739 584 2766 universa:
615 2739 778 2766 multitudini
806 2740 947 2767 manifesta

166 2784 293 2817 apparuit
304 2784 403 2811 veritas
416 2791 508 2812 eorum
530 2792 589 2819 qua:
608 2785 705 2812 Petrus
718 2789 819 2820 martyr
831 2786 948 2820 patriar-

167 2830 218 2856 cha
251 2829 447 2858 Alexandrinus
475 2831 645 2865 praedixerat.
671 2831 764 2865 itaque
793 2830 949 2858 Alexander

166 2873 478 2909 Constantinopolitanus
503 2877 655 2911 patriarcha
688 2876 820 2911 liturgiatn
849 2885 880 2905 eo
907 2877 948 2904 die

1001 2287 1028 2314 in
1044 2295 1147 2314 summa
1163 2286 1255 2312 laetitia
1279 2284 1338 2311 fuit.
1357 2284 1420 2311 Post
1434 2291 1519 2310 annos
1539 2287 1643 2317 septem
1659 2282 1733 2308 venit
1755 2282 1781 2307 in

1002 2333 1146 2368 Egyptum
1159 2332 1200 2359 vir
1214 2331 1323 2366 quidam
1336 2330 1483 2365 Gregorius
1501 2329 1608 2356 nomine
1635 2336 1696 2355 cum
1713 2329 1780 2355 dno-

1001 2379 1050 2406 btts
1077 2379 1189 2405 militum
1215 2377 1343 2409 millibus,
1367 2376 1412 2410 qui
1428 2376 1571 2404 ecclesiam
1599 2374 1724 2409 spoliavit
1753 2379 1781 2400 et

999 2423 1174 2450 Athanasium
1190 2421 1403 2456 comprehendit,
1420 2428 1498 2454 quem
1513 2420 1657 2453 imperator
1673 2417 1782 2444 tradidit

1000 2469 1082 2502 impio
1095 2468 1200 2495 cuidam
1217 2468 1275 2494 viro
1297 2467 1405 2494 nomine
1421 2465 1502 2498 Salis,
1528 2465 1659 2492 idolorum
1673 2463 1780 2491 cultori.

1000 2514 1074 2541 Illum
1101 2514 1182 2540 etiam
1205 2513 1329 2541 occidere
1357 2513 1507 2547 designavit
1535 2516 1563 2538 ut
1588 2516 1615 2538 et
1642 2509 1780 2537 Liberium

999 2561 1149 2588 Romanum
1165 2559 1355 2594 patriarcham,
1373 2562 1400 2585 et
1418 2557 1573 2592 Dionysium
1585 2555 1781 2583 Autiochenum

1001 2605 1044 2639 qui
1064 2609 1154 2639 patres
1170 2609 1249 2630 erant
1259 2604 1415 2631 orthodoxae
1428 2603 1499 2635 lidei,
1520 2602 1567 2629 sed
1584 2601 1644 2628 illos
1663 2601 1731 2628 Deus
1748 2607 1782 2627 ex

1000 2649 1122 2676 manibus
1131 2649 1189 2683 ejus
1200 2649 1333 2680 liberavit,
1348 2648 1490 2682 salvosque
1506 2647 1643 2682 praestitit:
1655 2647 1782 2681 venitque

999 2695 1162 2721 Athanasius
1174 2701 1233 2720 cum
1247 2693 1352 2720 Liberio
1367 2694 1490 2724 Romam,
1509 2698 1536 2719 et
1547 2693 1617 2727 apud
1629 2700 1689 2719 eum
1706 2699 1777 2718 mau-

998 2740 1042 2772 sit,
1063 2740 1148 2767 donec
1169 2744 1290 2766 mortuus
1304 2743 1345 2766 est
1361 2739 1546 2771 Constantius,
1562 2743 1589 2765 et
1601 2737 1731 2764 successit
1743 2736 1780 2763 illi

999 2786 1069 2813 ﬁlius
1078 2786 1135 2820 ejus
1143 2785 1285 2813 Constans.
1300 2784 1323 2812 is
1339 2785 1503 2811 orthodoxus
1517 2791 1577 2810 cum
1589 2787 1671 2815 esset,
1690 2782 1780 2811 statim

1000 2837 1080 2865 atque
1092 2831 1215 2857 thronum
1232 2830 1357 2862 obtinuit,
1373 2829 1516 2865 imperavit
1530 2833 1558 2857 ut
1570 2828 1737 2857 Athanasius
1752 2827 1782 2857 in

1000 2877 1090 2904 sedent
1104 2883 1179 2904 suam
1190 2875 1395 2903 ’rcstitueretur.
