2027 3042
267 183 314 203 CCL

948 170 1216 200 I‘ROLEGOMENA.

304 232 368 260 Erat
381 239 413 259 eo
427 236 547 267 tempore
558 232 802 268 Hierosolymorum
823 232 974 267 patriarcha
997 231 1049 266 Cy-
1064 232 1087 260 Α
1101 229 1212 263 legendo
1231 228 1299 255 bene
1313 225 1438 254 didicisti
1465 229 1511 252 aut
1525 231 1661 252 memoria:
1673 223 1829 257 mandasti;
1847 224 1882 253 ἐἰ

270 276 354 310 rillus,
374 285 421 311 per
434 285 512 312 quem
527 278 654 304 miracula
670 285 764 313 magna
781 277 852 305 edita
871 283 933 305 sunt
949 287 956 305 :
977 277 1048 303 inter

268 323 320 350 alia
335 324 458 357 apparuit
473 324 595 350 columna
610 324 687 358 ignea
707 331 787 358 super
804 323 958 358 sepulcrum
969 322 1048 350 Chri-

268 368 302 395 sti
318 368 422 395 Domini
439 367 586 396 Salvatoris
606 369 701 401 nostri,
720 377 798 403 quam
824 369 924 396 ethnici
940 375 1047 400 omnes,

267 417 294 439 et
307 413 458 448 quicunque
473 419 535 441 tunc
543 414 569 441 in
579 414 644 441 urbe
659 414 808 441 autvicinis
825 414 891 441 locis
909 418 987 441 erant
1000 414 1049 442 ob-

268 464 444 486 servaverunt
459 467 466 485 :
491 459 659 494 durabatque
683 460 717 486 ab
734 461 800 487 hora
824 459 901 486 tertia
915 466 999 494 usque
1016 459 1050 486 ad

269 513 391 533 nonam:
415 513 495 540 porro
520 506 552 533 ad
569 513 628 533 eam
655 505 794 532 videndam
820 505 914 541 ingens
932 505 1050 539 undique

269 558 416 579 concursus
432 552 570 579 hominum
590 552 680 578 ﬁebat.
704 551 818 585 Scripsit
830 550 921 585 itaque
934 549 1049 585 Cyrillus

268 597 301 623 ad
322 597 529 625 Constantinum
554 598 742 631 imperatorem
758 596 881 630 _litteras,
900 596 999 631 quibus
1018 596 1051 623 de

268 643 321 670 hoc
341 643 472 670 miraculo
495 643 673 675 signiﬁcabat.
701 642 847 677 Imperator
874 642 1051 669 Athanasium

268 688 403 722 diligebat,
420 690 464 724 qui
481 694 571 724 postea
581 697 661 724 quam
675 689 731 716 sedi
745 696 800 716 sua:
815 689 954 716 restitutus
969 692 1051 720 esset,

268 733 497 769 vigintiquinque
517 741 601 761 annos
621 735 647 761 in
669 741 735 769 pace
753 739 780 761 et
801 733 996 768 tranquillitate
1009 733 1048 760 vi-

267 776 318 809 xit,
336 784 397 804 cum
418 782 496 805 antea
520 785 604 805 annos
620 777 688 805 duos
702 782 729 805 et
749 778 843 813 viginti
859 785 892 805 ex
907 786 961 813 quo
987 785 1047 805 eam

269 821 421 848 obtinuerat
431 822 458 849 in
470 816 810 854 exsilio,certaminibus'et
822 823 1052 857 persecutionibus

268 867 455 902 trausegisset.
465 867 584 896 Mortuus
598 876 659 896 cum
672 874 744 897 esset
754 868 896 901 Constans,
911 869 1050 904 imperium

269 911 328 947 eius
352 912 409 940 loco
431 913 550 947 suscepit
570 912 692 948 Julianus
721 919 842 948 apostata
859 903 973 941 ethnicae
988 914 1050 941 reli-
1067 903 1089 930 Β

269 957 343 990 gioni
362 961 389 984 et
412 957 544 984 idolorum
572 959 654 985 cultui
688 959 810 986 addictus
829 970 834 986 :
861 959 931 985 lilius
949 959 1050 986 sororis

269 1001 445 1030 Constantini.
453 1002 550 1037 Magni.
567 1002 591 1029 Is
601 1002 723 1031 Julianus
735 1004 824 1031 statim
839 1004 978 1039 gentilium
987 1008 1051 1031 tem-

268 1047 312 1082 pla
328 1048 426 1082 aperiri
439 1048 528 1082 jussit.
542 1049 691 1077 Antiochiae
702 1050 858 1085 permansit,
878 1057 964 1084 neque
978 1050 1050 1077 enim

270 1093 367 1128 dignus
378 1098 436 1121 erat
449 1095 494 1129 qui
504 1094 611 1122 domum
622 1095 711 1130 magni
721 1095 891 1123 Constantini
906 1096 1050 1123 habitaret.

269 1138 351 1166 Venit
366 1139 510 1174 aliquando
528 1140 554 1167 in
571 1141 697 1175 templum
714 1141 856 1174 idolorum,
868 1146 895 1168 et
910 1146 1050 1177 acceptum

271 1185 371 1219 gallum
400 1186 576 1220 gallinaceum
609 1187 721 1214 tradidit
742 1187 872 1215 idolorum
893 1188 1047 1220 sacerdoti;

269 1237 349 1264 quem
366 1238 426 1258 cum
445 1231 551 1259 diabolo
575 1231 726 1265 obtulisset,
741 1233 845 1267 accepit
861 1240 909 1260 cor
935 1233 1051 1261 victima:

270 1281 298 1303 et
312 1277 437 1304 comedit.

306 1322 371 1350 Erat
393 1323 500 1352 Juliano
528 1332 612 1359 nepos
625 1333 657 1352 ex
683 1333 789 1358 sorore,
810 1325 931 1353 Julianus
945 1332 1051 1360 quoque

271 1370 429 1404 appellatus,
440 1371 537 1405 impius
548 1371 670 1398 avunculi
684 1372 724 1398 sui
743 1371 876 1405 exemplo.
886 1371 911 1398 Is
928 1371 1051 1398 sacerdo-

272 1421 326 1443 tem
341 1416 510 1445 Theodotum
524 1417 753 1452 comprehendens
768 1417 886 1449 occidit,
900 1417 971 1451 quod
988 1424 1050 1445 cum

271 1461 389 1495 fecisset.
407 1463 537 1491 avunculo
549 1463 707 1498 signiﬁcavit
719 1486 726 1496 ,
747 1464 791 1498 qui
809 1468 904 1491 contra
915 1471 976 1491 eum
993 1471 1051 1490 ma—

270 1514 388 1542 gnopere
412 1507 565 1542 indignatus
586 1518 592 1535 ε
618 1507 780 1541 Noluissem,
809 1509 906 1543 inquit,
922 1513 952 1536 ut
975 1509 1048 1536 illum

271 1551 430 1586 occidisses,
447 1553 577 1587 siquidem
590 1553 736 1581 Christiani
751 1553 860 1589 gloriari
874 1554 962 1581 solent
986 1561 1048 1582 cum

271 1597 442 1632 occiduntur,
459 1599 578 1627 dicentes
599 1606 629 1627 se
645 1600 704 1627 ﬁeri
725 1605 868 1635 martyres.
887 1601 986 1628 Verum
1002 1608 1052 1635 ego

271 1643 309 1670 ita
328 1645 397 1678 apud
411 1651 454 1671 me
470 1645 610 1678 constitui,
630 1650 660 1672 ut
675 1653 736 1673 cum
758 1646 865 1673 rediero
884 1653 916 1674 ex
945 1646 1053 1674 Persica

272 1690 455 1724 expeditione,
475 1692 642 1726 accipiantur
656 1700 711 1727 pro
728 1699 890 1727 quocunque
901 1692 1054 1720 Christiano

271 1740 328 1764 tres
355 1737 439 1764 unciae
467 1737 585 1772 naplita,
599 1738 692 1766 volens
713 1738 814 1766 scilicet
843 1738 946 1765 infundi
974 1745 1054 1772 super

272 1780 442 1810 Christianos
466 1783 550 1811 donec
571 1783 643 1811 idola
658 1783 716 1817 ejus
733 1784 1053 1817 adorarent,existimans

272 1834 320 1855 eos
331 1827 458 1862 nap’htam
474 1828 611 1856 ardentem
625 1829 757 1857 sustinuere
771 1837 825 1857 non
841 1836 929 1864 posse.

309 1873 373 1900 Erat
386 1878 450 1902 tunc
476 1873 596 1902 Ecclesia
621 1874 705 1908 dives,
720 1879 836 1909 quatuor
849 1874 981 1902 columnis
995 1874 1052 1902 suf-

271 1918 349 1952 fulta,
364 1926 460 1954 nempe
474 1919 621 1947 Athanasio
643 1920 807 1955 patriarcha,
833 1920 951 1948 Antonio
966 1925 993 1948 et
1003 1921 1054 1948 Pa-

271 1963 381 1992 chomio
395 1964 535 1992 monachis
550 1964 686 2000 Egyptiis
701 1971 728 1992 et
743 1958 843 1993 Basilio
856 1966 984 2000 episcopo
993 1966 1052 1994 Cae-

271 2015 358 2037 sarea:
369 2009 393 2035 in
410 2009 589 2044 Cappadocia.
613 2010 636 2037 ls
648 2015 676 2037 et
689 2010 814 2038 Liberius
831 2011 985 2046 patriarcha
999 2011 1053 2039 Ro-

273 2061 380 2086 manus,
398 2054 479 2081 amici
491 2053 600 2082 fuerunt
611 2054 709 2082 Iuliani
724 2055 906 2090 imperatoris,
923 2057 948 2091 in
958 2058 1054 2088 eadem,

271 2107 334 2127 cum
348 2099 401 2135 .illo
425 2099 518 2127 schola
535 2099 659 2127 instituti.
678 2099 745 2127 Cum
759 2101 907 2128 audiissth
917 2109 981 2129 vero
995 2109 1053 2139 p_ra-

270 2153 321 2173 vas
333 2145 474 2179 opiniones
484 2153 551 2180 quas
565 2145 751 2180 profitebatur,
763 2147 907 2181 assumptis
919 2147 1052 2183 episcopis

270 2193 304 2220 ad
321 2201 382 2220 eum
401 2192 512 2227 profecti
524 2197 596 2220 sunt.
611 2192 661 2225 Qui
684 2192 878 2226 contemplatus
895 2193 1050 2228 aliquandiu

1098 275 1170 302 enim
1186 280 1245 300 eam
1259 272 1443 308 cognovisses,
1462 275 1507 298 aut
1527 271 1617 298 animo
1627 270 1786 305 complexus
1795 277 1881 303 esses,

1099 327 1233 354 nunquam
1250 318 1406 352 abiecisses.
1420 318 1567 352 Imperator
1576 317 1660 344 dixit:
1672 316 1784 351 Oportet
1795 321 1827 344 ut
1835 324 1883 344 vos

1099 366 1216 393 detineri
1235 365 1262 392 in
1283 365 1398 392 vinculis
1412 364 1533 398 iubeam,
1554 363 1640 390 donec
1658 363 1693 390 ab
1713 362 1883 397 expeditione

1103 411 1210 438 Persica
1229 410 1361 442 redivero,
1378 414 1405 437 et
1416 409 1608 444 exspectabitis
1618 408 1798 443 quodcunque
1807 408 1883 435 dein-

1100 463 1164 490 ceps
1175 455 1306 483 futurum.
1324 455 1395 482 Dixit
1411 459 1438 482 et
1451 454 1567 481 Basilius
1582 462 1590 481 :
1603 453 1632 481 Si
1647 453 1882 487 proﬁciscaris,,et

1101 502 1243 534 rediveris,
1256 502 1326 529 Deus
1346 503 1373 528 in
1395 508 1438 527 me
1453 501 1557 528 locutus
1570 507 1622 527 non
1635 503 1687 527 est.
1706 498 1824 526 Tandem
1839 498 1881 526 Ju-

1100 549 1212 576 lianus:
1245 547 1324 582 Quid,
1342 548 1438 582 inquit,
1466 546 1562 574 faciam
1595 547 1722 573 adversus
1744 544 1882 573 Galilaum

1102 594 1182 621 istum
1209 593 1377 624 mendacem,
1406 593 1451 619 aui
1474 592 1564 619 dixit:
1585 592 1726 618 Destruam
1755 590 1882 625 templum

1101 640 1171 674 quod
1187 639 1274 667 Judaei
1290 638 1510 666 :ediﬁcaverunt?
1531 637 1670 665 aediﬁcabo
1687 637 1792 665 scilicet
1818 637 1884 664 illud

1101 685 1175 720 regia
1191 684 1401 719 magniﬁcentia,
1419 689 1499 718 atque
1523 683 1559 710 ita
1577 683 1721 717 unicuique
1742 681 1884 709 manifesta

1101 731 1152 758 erit
1166 730 1271 757 falsitas
1287 730 1346 764 eius
1362 738 1369 756 :
1384 729 1452 756 dixit
1463 729 1533 756 enim
1547 736 1599 756 non
1619 728 1732 762 amplius
1747 727 1885 754 aedifican-

1101 777 1164 803 dum
1184 775 1250 803 fore.
1267 775 1364 803 Postea
1380 775 1496 810 coniecit
1521 775 1548 802 in
1561 780 1698 801 carcerem
1713 773 1842 800 Basiliam
1858 777 1886 800 et

1101 822 1168 850 duos
1179 821 1225 856 qui
1243 829 1304 849 cum
1317 829 1349 849 eo
1361 825 1502 854 venerant,
1510 825 1537 848 et
1548 821 1574 848 in
1590 820 1734 847 Persarum
1748 819 1884 853 regionem

1101 868 1249 904 profectus,
1263 868 1390 896 transivit
1409 875 1458 902 per
1470 866 1694 902 Hierosolymam.
1715 865 1751 892 Ibi
1769 872 1829 893 cum
1843 865 1884 891 vi-

1103 914 1187 941 disset
1213 914 1342 949 templum
1362 914 1538 944 destructum,
1561 912 1627 939 adeo
1646 916 1675 938 ut
1692 911 1780 938 nullus
1796 910 1886 946 paries

1101 959 1126 986 in
1142 966 1173 986 eo
1187 963 1340 993 superesset
1350 966 1383 986 ex
1399 965 1451 993 quo
1465 957 1645 992 Vespasianus
1663 956 1808 990 imperator
1820 955 1886 982 illud

1100 1004 1247 1036 destruxit,
1267 1003 1427 1038 Judaeosque
1444 1003 1560 1038 perdidit
1575 1006 1602 1030 et
1620 1002 1647 1029 in
1664 1002 1822 1029 servitutem
1838 1001 1887 1029 ad-

1101 1050 1191 1083 duxit;
1207 1049 1330 1078 Julianus
1346 1057 1411 1078 vero
1421 1049 1511 1084 iussit,
1528 1054 1556 1076 ut
1572 1049 1630 1076 loco
1642 1048 1771 1076 mundato
1784 1055 1885 1075 novum

1100 1094 1243 1122 aediﬁcium
1260 1099 1471 1122 construeretur.
1482 1094 1516 1121 Et
1526 1094 1663 1128 profectus
1674 1098 1725 1125 est,
1737 1093 1832 1121 relicto
1840 1092 1886 1127 qui

1100 1141 1173 1175 operi
1189 1145 1330 1175 praesset;
1350 1140 1395 1168 ille
1409 1141 1492 1175 caspit
1513 1141 1607 1168 eodem
1625 1140 1650 1167 in
1669 1139 1728 1167 loco
1744 1139 1887 1167 mdiﬁcium

1101 1187 1273 1215 instaurare:
1298 1193 1361 1213 nam
1374 1187 1450 1213 ruina
1464 1186 1554 1221 templi
1573 1185 1633 1213 talis
1647 1190 1706 1213 erat
1729 1189 1759 1213 ut
1779 1192 1812 1213 ne
1826 1185 1886 1219 qui-

1100 1231 1161 1258 dem
1181 1231 1290 1258 relictus
1314 1234 1386 1258 esset
1410 1231 1478 1266 lapis
1501 1238 1582 1265 super
1594 1230 1721 1265 lapidem,
1735 1230 1806 1257 sicut
1821 1229 1887 1257 dicit

1101 1276 1273 1311 Evangelium
1288 1281 1409 1304 sanctum
1430 1277 1450 1303 ‘.
1475 1275 1607 1310 Prazcepit
1624 1277 1716 1310 itaque
1739 1282 1838 1303 novum
1851 1282 1886 1302 ex

1102 1323 1209 1358 integro
1221 1321 1364 1350 aadiﬁcium
1382 1322 1507 1354 excitari,
1526 1322 1649 1357 cogitans
1660 1322 1788 1356 templum
1803 1321 1887 1349 idolo-

1102 1376 1160 1395 rum
1172 1367 1237 1395 illud
1251 1367 1349 1395 facere.
1362 1367 1486 1402 Operarii
1503 1372 1559 1395 toto
1576 1368 1620 1395 die
1635 1375 1719 1402 usque
1733 1368 1765 1395 ad
1779 1372 1886 1395 noctem

1102 1414 1288 1442 aediﬁcabant:
1303 1414 1434 1449 postridie
1450 1422 1509 1441 cum
1534 1419 1746 1446 reverterentur,
1764 1414 1887 1441 invenie-

1101 1462 1166 1488 bant
1190 1462 1369 1496 quodcunque
1394 1461 1597 1489 aadilicaverant
1620 1460 1787 1488 destructum
1805 1467 1888 1487 manu

1103 1507 1153 1534 alia
1164 1515 1244 1542 quam
1258 1508 1378 1535 hominis
1397 1508 1465 1535 :sed
1484 1507 1657 1542 reperiebant
1677 1507 1795 1542 parietes
1817 1507 1887 1533 inte-

1065 1569 1086 1598 ο
1102 1561 1164 1587 gres
1181 1561 1288 1581 eversos
1308 1561 1324 1580 a
1346 1553 1526 1581 fundamentis
1540 1558 1567 1580 et
1593 1554 1619 1581 in
1638 1557 1739 1580 terram
1752 1552 1884 1588 deiectos.

1103 1599 1345 1626 Perseveraverunt
1359 1598 1532 1626 nihilominus
1545 1599 1682 1626 mensibus
1697 1597 1813 1630 duobus,
1831 1605 1882 1625 ne-

1102 1651 1154 1678 que
1167 1643 1314 1678 quidquam
1327 1643 1462 1671 aediﬁcare
1475 1647 1630 1678 potuerunt.
1652 1643 1837 1678 Dixeruntque
1849 1635 1885 1671 ad

1102 1696 1148 1717 eos
1161 1689 1244 1716 Judaei
1259 1698 1266 1716 :
1286 1689 1376 1724 Ignem
1394 1689 1495 1723 iniicite
1512 1689 1643 1724 sepulcris
1662 1689 1721 1716 istis
1744 1689 1771 1716 in
1790 1689 1888 1723 quibus

1102 1734 1248 1761 Christiani
1269 1734 1373 1768 iacent,
1399 1738 1427 1761 et
1453 1733 1539 1761 solida
1564 1733 1617 1762 erit
1643 1733 1785 1761 aediﬁcatio
1805 1740 1887 1768 quam

1103 1780 1244 1806 molimini.
1264 1779 1355 1814 Ignem
1382 1778 1463 1814 igitur
1486 1779 1639 1814 iniecerunt
1664 1778 1807 1813 sepulcris,
1819 1778 1888 1805 inci-

1103 1825 1206 1858 pientes
1226 1832 1241 1850 a
1259 1824 1382 1857 duobus;
1404 1825 1430 1851 in
1453 1824 1550 1859 quibus
1563 1828 1641 1852 erant
1661 1832 1774 1860 corpora
1798 1823 1888 1852 Elisaai

1103 1871 1239 1904 propheta!
1254 1873 1281 1897 et
1295 1869 1406 1898 Joannis
1418 1869 1560 1904 Baptistte:
1578 1870 1624 1898 sed
1638 1870 1708 1905 ignis
1724 1870 1796 1898 nullo
1808 1870 1888 1898 modo

1102 1916 1147 1944 illa
1163 1918 1302 1944 absumere
1313 1917 1417 1952 potuit;
1440 1917 1511 1945 unde
1529 1916 1658 1951 maiorem
1672 1916 1698 1944 in
1717 1917 1824 1944 modum
1839 1917 1888 1944 ob-

1102 1963 1243 1997 stupefacti
1263 1968 1345 1996 sunt,
1365 1971 1427 1991 cum
1455 1970 1503 1998 per
1520 1962 1578 1990 dies
1594 1962 1693 1990 inultos
1708 1963 1777 1998 ignis
1791 1963 1889 1991 ardens

1102 2009 1136 2036 ad
1150 2017 1182 2037 ea
1195 2017 1250 2038 non
1264 2010 1413 2037 accederet.
1433 2009 1540 2036 Fideles
1553 2016 1632 2044 porro
1648 2009 1756 2043 quidam
1770 2009 1803 2036 ad
1820 2017 1889 2044 pras-

1101 2054 1201 2082 fectum
1215 2054 1356 2088 adeuntes,
1371 2055 1460 2083 oblata
1488 2056 1613 2090 pecunia,
1638 2055 1773 2089 petierunt
1789 2059 1819 2082 ut
1835 2056 1888 2083 sibi

1102 2100 1195 2128 liceret
1211 2109 1324 2136 corpora
1345 2102 1398 2129 duo
1422 2109 1455 2128 ex
1475 2101 1607 2136 sepulcris
1631 2101 1779 2128 transferre
1795 2111 1802 2129 :
1816 2101 1888 2136 quod

1102 2145 1147 2172 ille
1161 2147 1301 2174 concessit.
1315 2146 1354 2174 Illi
1371 2147 1457 2174 levata
1473 2151 1566 2174 sancta
1582 2154 1693 2181 corpora
1709 2147 1839 2174 miserunt
1853 2147 1887 2174 ad

1102 2193 1277 2220 Athanasium
1287 2193 1468 2228 patriarcham
1487 2193 1710 2220 Alexandrinum.
1726 2192 1773 2220 Ille
1785 2200 1843 2220 cum
1855 2200 1886 2219 ea

269 2239 397 2266 vestitum
409 2245 503 2265 eorum
517 2243 543 2265 et
556 2238 678 2270 barbam,
690 2239 821 2265 dixiteis:
837 2238 906 2271 Quid
915 2239 1052 2273 quaeritis?
1067 2241 1090 2269 D
1105 2238 1263 2273 recepisset,
1278 2245 1370 2273 parem
1389 2239 1451 2266 inde
1476 2238 1595 2265 lattitiam
1617 2238 1710 2272 carpit,
1730 2245 1762 2264 ae
1785 2237 1806 2264 si
1827 2237 1887 2264 illos

270 2284 431 2319 Quaerimus,
444 2284 539 2318 inquit,
552 2288 686 2319 pastorem
698 2284 804 2318 ,bonum
816 2284 860 2319 qui
874 2292 923 2312 nos
947 2290 1050 2320 pascat.

272 2330 340 2357 Tum
359 2330 404 2357 ille
417 2331 449 2357 ad
469 2329 597 2357 Basilium
612 2339 618 2356 :
635 2329 697 2361 Ubi,
717 2329 815 2364 inquit,
834 2329 966 2365 reliquisti
983 2330 1052 2358 fabri

269 2375 367 2408 ﬁlium,
385 2377 449 2403 dum
468 2376 520 2403 huc
537 2376 570 2403 ad
585 2382 629 2403 me
641 2376 756 2404 venisti?
772 2375 876 2410 Reliqui
908 2376 993 2408 illum,
1012 2377 1052 2403 in-

269 2421 328 2455 quit
344 2421 470 2453 Basilius,
486 2426 645 2455 oceupatum
660 2421 687 2447 in
698 2420 893 2455 compingendo
912 2421 959 2448 tibi
976 2420 1049 2449 fere-

269 2472 322 2499 tro,
336 2471 365 2494 ut
387 2466 453 2494 tein
478 2466 543 2494 illud
561 2466 715 2494 collocaret.
744 2465 784 2493 Ad
806 2474 864 2501 qua
880 2467 1024 2501 imperator
1041 2477 1049 2495 :

267 2512 337 2546 Nisi,
353 2513 450 2547 inquit,
464 2513 567 2540 amicus
580 2520 654 2540 meus
669 2519 752 2545 esses,
770 2517 797 2539 et
811 2517 883 2540 esset
902 2513 930 2539 in
950 2520 992 2540 me
1003 2521 1050 2541 vo-

268 2558 381 2586 luntatis
393 2566 456 2593 erga
471 2563 496 2586 te
509 2559 664 2593 propensio,
680 2559 732 2585 hoc
753 2563 888 2585 momento
907 2563 987 2592 caput
1003 2558 1050 2585 tibi

268 2606 378 2640 praecidi
399 2605 533 2640 iuberem.
559 2604 634 2632 Tunc
648 2604 762 2632 Basilius
783 2613 789 2630 :
813 2605 921 2636 Annon,
951 2604 1049 2639 inquit,

268 2652 399 2679 doctrinae
411 2651 545 2686 quondam
571 2658 664 2678 amore
681 2649 825 2684 ﬂagrabas,
847 2657 896 2676 cur
911 2649 993 2684 igitur
1007 2657 1051 2677 sa-

267 2698 396 2732 pientiam
419 2697 580 2724 deseruisti?
609 2696 756 2730 Respondit
786 2695 955 2729 imperator:
978 2694 1050 2729 Legi,

269 2744 365 2775 inut-it,
387 2750 447 2779 qua
467 2743 499 2770 ad
514 2750 574 2770 eam
591 2742 737 2777 pertinent,
756 2741 893 2768 memoriae
915 2748 1052 2768 commen-

269 2788 329 2816 davi
344 2793 371 2816 et
390 2788 489 2824 abieci.
506 2788 617 2822 Verum,
634 2788 722 2823 inquit
737 2787 862 2822 Basilius,
878 2795 964 2819 neque
990 2795 1050 2816 eam

305 2879 314 2895 ¹
327 2878 420 2906 Matth.
433 2886 495 2906 xxiv
515 2879 542 2905 ‘2.

1106 2285 1226 2312 viventes
1239 2290 1309 2312 esset
1323 2285 1434 2311 intuitus
1448 2294 1454 2312 :
1474 2290 1639 2319 acceptaque
1654 2291 1767 2318 corpora
1780 2284 1806 2310 in
1822 2290 1887 2318 quo-

1107 2330 1169 2356 dam
1183 2329 1242 2357 loco
1256 2329 1380 2364 deposuit
1404 2330 1490 2356 donec
1511 2329 1674 2357 aediﬁcandas
1694 2328 1745 2356 illis
1766 2328 1886 2356 ecclesiae

1104 2376 1208 2410 copiam
1226 2375 1437 2403 nancisceretur.
1452 2375 1572 2408 Quodam
1584 2375 1627 2402 die
1646 2382 1706 2402 eum
1721 2374 1885 2401 Athanasius

1104 2423 1176 2450 domi
1191 2424 1307 2456 sederet,
1326 2424 1459 2458 simulque
1476 2423 1567 2450 lideles
1583 2423 1659 2450 multi
1675 2423 1708 2449 ad
1723 2422 1884 2450 audiendum

1103 2476 1254 2496 sermonem
1267 2470 1336 2505 eius.
1351 2470 1376 2496 in
1391 2477 1444 2504 quo
1458 2470 1510 2496 vita
1527 2475 1586 2496 erat
1602 2469 1754 2496 animarum
1768 2468 1883 2499 illorum,

1103 2515 1200 2542 levavit
1214 2515 1315 2546 oculos,
1330 2515 1479 2549 vidensque
1489 2514 1571 2542 colles
1589 2514 1656 2542 duos
1670 2521 1685 2541 e
1711 2514 1822 2549 regione
1833 2513 1883 2541 loci

1103 2561 1130 2587 in
1145 2568 1198 2594 quo
1214 2565 1282 2592 erat,
1307 2560 1373 2587 dixit
1388 2569 1395 2587 :
1414 2560 1530 2594 Tempus
1541 2560 1596 2594 iam
1611 2559 1711 2594 reperi,
1725 2567 1779 2593 quo
1806 2566 1885 2593 super

1103 2605 1163 2632 illos
1179 2606 1261 2633 colles
1275 2606 1403 2633 aediﬁcem
1429 2606 1570 2634 ecclesiam
1592 2605 1688 2632 Joanni
1713 2604 1840 2640 Baptistae
1857 2609 1885 2632 et

1105 2651 1202 2678 Elisaao
1217 2652 1364 2686 prophetae.
1379 2651 1610 2686 Tbeophiluseius
1619 2650 1707 2678 scriba
1724 2650 1835 2678 sedebat
1851 2650 1884 2676 ad

1105 2704 1223 2724 mensam
1244 2705 1328 2732 prope
1339 2698 1426 2731 illum,
1442 2705 1502 2725 cum
1524 2697 1584 2725 aliis
1597 2696 1719 2724 ﬁdelibus
1736 2695 1836 2728 multis,
1857 2699 1885 2721 et

1104 2743 1161 2769 haec
1176 2744 1258 2770 verba
1282 2751 1343 2770 cum
1356 2744 1496 2775 audiisset,
1513 2743 1631 2771 servavit
1645 2742 1713 2778 apud
1725 2750 1766 2770 se.
1782 2742 1884 2769 Interea

1103 2788 1237 2816 lulianum
1264 2789 1455 2824 imperatorem
1478 2793 1639 2825 apostatam.
1664 2795 1725 2817 cum
1749 2789 1775 2816 in
1788 2787 1885 2816 Persas
