2027 3042
575 160 655 188 VlTA
676 158 705 186 S.
726 154 912 185 ATHANASII
933 153 978 181 EX
996 150 1145 180 ARABlCO
1164 148 1286 177 VERSA.

138 223 273 260 profectus
289 225 371 254 esset,

140 276 247 302 manus,
259 272 415 296 sanctorum
430 272 513 293 causa
527 271 594 299 quos
604 264 632 291 in
642 262 750 290 vincula
767 260 922 295 coniecerat

141 321 203 344 ante
221 313 427 351 profectionem,
443 315 470 339 et
484 318 577 339 eorum
603 317 663 344 quae
675 308 728 336 illis
744 306 923 335 comminatus

142 362 239 389 fuerat.
257 358 352 386 Mortis
368 356 427 391 ejus
440 355 501 384 talis
513 355 582 382 ratio
596 354 661 381 fuit:
673 353 755 381 Nocte
767 352 834 380 vidit
843 358 924 386 quos-

143 406 204 434 dam
222 405 321 433 milites
337 404 451 438 desuper
465 409 499 429 ex
512 407 575 428 aere
587 400 614 427 in
627 407 687 428 eum
701 399 844 430 irruentes,
862 404 926 431 quo-

144 459 205 479 rum
220 457 290 478 unus
305 449 401 476 lancea
425 447 559 482 percussit
573 453 634 474 eum
652 445 679 472 in
695 443 794 478 capite,
811 448 925 477 eamque

146 496 236 532 adegit
250 502 336 531 usque
359 494 387 521 in
403 497 525 521 ventrem
544 491 612 526 ejus.
628 489 765 518 lntellexit
775 488 850 516 illum
867 493 927 514 esse

149 541 265 576 aliquem
285 548 320 568 ex
334 538 497 574 martyribus
510 556 520 570 ,
535 536 708 571 implevitque
729 541 836 561 manum
851 539 926 560 suam

149 586 281 622 sanguine
291 593 370 620 quem
393 591 500 613 sursum
515 583 620 617 jaciens
638 581 707 608 dixit
725 589 732 607 :
750 580 847 614 Accipe
865 578 928 611 hoc,

149 632 224 665 «Iesu,
246 638 342 667 nempe
358 630 446 658 locum
466 629 599 663 integrum
616 627 701 662 capis.
717 625 756 653 Ita
781 632 842 652 cum
857 624 929 651 blas-

150 678 314 714 phemasset,
328 676 432 704 corruit
446 679 579 705 mortuus,
602 671 778 706 liberavitque
795 671 866 698 Deus
883 676 930 704 po-

151 721 242 758 pulum
256 729 347 755 suum,
362 720 529 755 Romanique
553 718 584 746 ad
599 718 720 753 proprias
733 716 810 744 sedes
831 715 932 743 reversi

152 773 224 797 sunt.
237 767 338 795 Triduo
363 771 452 794 autem
469 770 531 793 ante
549 768 663 792 mortem
692 762 803 796 Iuliani,
819 761 934 790 Basilius

153 821 214 841 cum
226 817 299 841 esset
317 813 345 840 in
357 819 476 845 carcere,
498 810 628 845 evigilans
644 817 660 837 a
677 815 772 837 somno
785 807 853 835 dixit
869 807 934 834 duo-

153 859 205 887 bus
224 859 269 894 qui
283 865 376 887 secum
398 861 496 886 erant:
510 856 570 884 Vidi
585 856 636 883 hac
648 859 725 882 nocte
744 854 772 881 S.
788 857 934 888 martyrem

155 905 317 933 Mercurium
340 904 485 931 intrantem
506 902 532 930 in
553 901 694 930 ecclesiam
706 907 793 933 suam;
809 899 846 927 ibi
860 905 936 926 acce-

155 952 308 986 pithastam
320 957 407 983 suam,
424 954 452 977 et
462 948 529 976 dixit
543 956 550 974 :
568 947 648 975 Certe
662 954 715 974 non
729 946 814 973 sinam
826 945 936 979 impium

158 996 231 1024 hunc
240 995 429 1030 blasphemare
448 993 577 1021 advorsus
588 992 670 1019 Deum
686 997 784 1018 meum.
798 989 860 1017 Haec
877 997 936 1016 cum

159 1041 272 1070 dixisset
282 1040 415 1076 disparuit
423 1040 457 1067 ab
471 1039 558 1066 oculis
565 1037 632 1065 meis
641 1044 729 1071 neque
743 1035 856 1070 amplius
864 1034 937 1062 illum

160 1087 261 1123 aspexi.
281 1086 402 1121 Uterque
424 1084 531 1113 illorum
556 1083 624 1111 dixit
651 1083 684 1110 ad
705 1089 766 1109 eum
784 1090 791 1108 :
809 1080 939 1116 Equidem

160 1133 215 1160 vidi
237 1139 345 1168 quoque
368 1130 435 1158 illud
447 1131 545 1165 ipsum.
570 1129 637 1156 Tum
659 1129 729 1156 inter
750 1135 780 1156 se
791 1128 939 1155 dixerunt:

161 1178 305 1207 Credimus
320 1177 441 1212 profecto
456 1182 531 1209 vere,
544 1175 614 1210 quod
631 1182 674 1202 res
689 1174 740 1202 ista
751 1173 805 1201 fiet.
815 1173 944 1201 Miserunt

164 1225 248 1260 igitur
264 1223 298 1251 ad
314 1222 457 1251 ecclesiam
479 1221 606 1257 martyris
620 1219 755 1253 Mercurii,
769 1219 815 1255 qui
828 1219 943 1254 inspice-

163 1273 226 1297 rent
240 1268 361 1296 lanceam
382 1267 440 1303 ejus
467 1273 528 1302 qua:
542 1266 681 1299 illic‘erat,
695 1269 784 1292 utrum
797 1263 851 1292 illic
875 1267 946 1292 esset

166 1318 212 1341 aut
227 1320 281 1341 non
297 1319 347 1340 :ea
363 1319 416 1340 non
431 1311 550 1344 inventa,
565 1315 666 1339 certam
680 1310 834 1338 habuerunt
849 1309 946 1338 somnii

167 1360 319 1388 veritatem.
334 1359 430 1394 Elapso
454 1357 544 1386 triduo
561 1356 662 1384 litterae
675 1360 702 1384 et
719 1355 804 1383 nuntii
818 1355 851 1382 de
862 1359 949 1382 morte

168 1405 266 1434 Juliani
286 1404 459 1432 Antiochiam
483 1406 673 1438 pervenerunt.
690 1400 882 1435 Principesque
897 1399 947 1427 im-

167 1451 236 1487 perii
246 1450 400 1486 congregati
408 1450 496 1477 virum
502 1448 609 1476 nomine
616 1446 755 1475 Iovianum
766 1446 799 1474 ad
809 1445 950 1480 imperium

169 1500 326 1525 erexerunt.
344 1495 409 1523 Erat
426 1495 472 1522 ille
483 1494 578 1527 fidelis,
591 1497 712 1526 sanctus,
722 1492 819 1519 timens
835 1491 917 1519 Deum
935 1497 950 1516 a

169 1541 307 1576 iuventute
318 1546 367 1568 sua
383 1548 391 1567 :
404 1543 432 1566 et
442 1539 532 1566 statim
545 1544 626 1573 atque
642 1536 785 1572 capessivit
801 1535 952 1570 imperium,

172 1586 265 1615 Patres
281 1593 297 1614 e
312 1592 422 1613 carcere
447 1584 563 1615 liberare
575 1583 666 1618 jussit.
680 1584 717 1610 lta
731 1581 903 1616 comprobata
913 1585 954 1608 est

172 1632 273 1661 veritas
283 1632 417 1660 sermonis
431 1638 510 1666 quem
521 1629 636 1658 Basilius
650 1628 772 1656 columna
784 1625 906 1655 veritatis
920 1626 954 1653 ad

173 1677 308 1707 lulianum
328 1681 476 1713 apostatam
499 1675 641 1708 habuerat,
653 1674 724 1710 quod
741 1673 876 1701 rediturus
902 1678 955 1698 non

175 1729 257 1756 esset,
269 1730 345 1759 reque
358 1731 391 1751 ac
409 1721 481 1758 quod
501 1721 623 1749 Michzeas
643 1719 771 1754 propheta
786 1717 895 1745 Achabo
906 1717 957 1744 im-

176 1770 221 1806 pio
231 1769 409 1797 Israelitarum
425 1767 481 1802 regi
496 1765 666 1802 praedixerat.
684 1764 754 1792 Deus
769 1763 841 1791 enim
854 1762 900 1798 qui
918 1762 957 1789 fa-

177 1815 214 1843 cit
231 1813 375 1846 mirabilia,
388 1814 444 1848 ipse
452 1812 592 1839 amborum
607 1810 743 1846 prophetae
757 1809 861 1837 scilicet
870 1808 957 1840 istius,

177 1865 205 1888 et
219 1860 304 1888 sancti
316 1859 387 1886 illius
408 1858 498 1885 Patris
509 1857 580 1884 Deus
589 1861 658 1890 erat,
670 1856 716 1891 qui
725 1855 866 1889 utriusque
878 1854 959 1882 verba

179 1911 288 1941 accepta
317 1904 420 1933 habuit.
450 1904 577 1932 Iovianus
602 1898 698 1930 deinde
716 1906 772 1929 tres
788 1901 847 1928 illus
867 1899 961 1927 Patres

178 1953 272 1981 venire
291 1952 324 1979 ad
348 1959 377 1979 se
400 1951 501 1985 jussos,
523 1950 626 1977 honore
647 1948 745 1980 aliecit,
762 1947 898 1980 multaque
910 1945 962 1973 illis

182 1998 292 2033 largitus
306 2004 417 2025 munera
429 2003 475 2024 eos
489 1996 521 2023 ad
534 1995 612 2035 sedes
627 2002 689 2023 suas
702 1993 812 2021 dimisit.
822 1991 963 2020 Orationes

181 2052 242 2080 quae
253 2045 281 2072 in
293 2043 414 2072 ecclesiis
426 2043 483 2070 ﬁeri
498 2042 585 2069 solent
596 2040 793 2076 frequentabat.
809 2037 884 2065 Dedit
898 2043 963 2071 quo-

183 2098 236 2126 que
249 2090 283 2118 ad
296 2090 473 2118 Athanasium
497 2088 677 2124 patriarcham
692 2085 904 2114 Alexandrinum
920 2083 964 2110 lita

184 2142 267 2171 teras,
282 2135 434 2171 inquibus
449 2136 487 2163 ita
512 2142 572 2162 eum
600 2132 806 2168 alloquebatur:
827 2130 850 2158 0
875 2129 964 2161 Pater,

183 2187 277 2218 pastor
294 2190 357 2210 vere
367 2187 395 2210 et
408 2181 495 2210 fidelis
517 2180 647 2208 Athanasi
665 2183 769 2213 martyr
784 2176 896 2206 Christi.
921 2174 966 2210 qui

184 2229 257 2257 Deus
270 2232 312 2256 est
326 2227 431 2262 imperii
447 2226 516 2260 mei,
531 2226 587 2260 ipse
603 2229 629 2252 te
647 2224 736 2252 foveat
750 2227 777 2251 et
795 2222 924 2258 majorem
939 2221 965 2248 in

186 2273 295 2302 modum
301 2273 462 2301 consoletur.
472 2270 601 2299 Coniorta
615 2277 662 2298 cor
672 2274 746 2297 tuum
760 2273 787 2297 et
796 2266 967 2302 apprehende

186 2320 291 2355 virgam
304 2317 497 2346 sacerdotalem
513 2321 539 2345 et
549 2324 609 2344 cum
619 2323 651 2344 ea
661 2315 765 2351 depelle
773 2315 849 2349 lupos
857 2319 967 2348 rapaces

188 2371 203 2392 a
215 2371 295 2400 grege
307 2362 440 2398 spirituali
457 2370 464 2389 :
478 2361 549 2393 illos,
562 2362 681 2394 inquam,
697 2366 810 2394 quorum
829 2365 877 2385 ora
890 2357 968 2392 plena

189 2415 250 2439 sunt
263 2410 451 2438 maledictione
468 2413 495 2436 et
518 2406 697 2435 amaritudine
724 2404 819 2432 veneni
835 2403 968 2438 aspidum,

189 2456 288 2491 quique
301 2456 406 2484 animas
418 2453 553 2484 occidunt.
570 2451 658 2479 Lectze
673 2454 736 2478 sunt
755 2448 807 2476 illa:
825 2448 921 2476 littera:
939 2447 967 2474 in

192 2503 305 2532 ecclesia
316 2501 499 2530 Alexandrina
512 2520 520 2534 ,
539 2498 666 2533 misitque
686 2503 732 2524 eas
743 2494 907 2524 Athanasius
923 2500 971 2529 pa-

949 886 972 916 Β

1690 147 1746 168 CCI!

401 218 511 248 tradidit
525 219 595 246 Deus
616 219 644 246 in
666 215 784 246 hostium
812 221 921 243 suorum
936 213 959 242 Α.
972 210 1087 239 triarcha
1115 209 1141 237 in
1160 206 1311 243 provincias
1333 202 1452 239 Egypti,
1474 200 1519 228 ubi
1543 200 1618 227 lectae
1639 202 1700 225 sunt
1725 198 1751 223 in

972 256 1094 285 ecclesiis
1114 256 1147 282 ad
1167 251 1363 282 confirmandos
1386 254 1412 277 et
1438 247 1627 276 confortandos
1650 244 1752 271 ﬁdeles.

972 302 1082 338 Expulsi
1109 301 1192 329 etiam
1224 300 1332 326 fuerunt
1360 300 1508 324 sectatores
1536 292 1604 326 Arii,
1639 290 1754 317 Vincen-

975 348 1038 382 tius,
1051 352 1151 375 etc.....

1008 415 1103 443 Postea
1131 413 1238 448 quidam
1266 410 1374 438 illorum
1393 407 1536 436 Jovianum
1566 405 1755 438 imperatorem

977 462 1117 494 adeuntes,
1140 458 1264 494 querelas
1278 461 1372 485 contra
1387 453 1564 482 Athanasium
1588 449 1756 479 detulerunt;

978 513 1090 541 quarum
1118 504 1162 532 ille
1184 503 1285 530 nullam
1310 501 1442 528 rationem
1460 497 1564 527 habuit,
1591 495 1760 529 perspectam

978 550 1080 578 habens
1094 549 1201 576 illorum
1218 546 1357 573 malitiam.
1372 543 1431 570 lam
1455 548 1521 569 vero
1535 538 1696 566 Athanasius
1717 543 1761 563 se-

979 600 1075 624 nuerat
1090 602 1151 622 cum
1168 593 1267 621 multos
1294 595 1372 618 antea
1400 588 1541 615 Tractatus
1566 590 1593 611 et
1619 583 1762 612 Orationes

980 641 1144 676 scripsisset.
1163 637 1278 673 Scripsit
1298 636 1369 663 inter
1386 634 1437 662 alia
1455 633 1488 660 de
1510 629 1702 657 Melchisedeco
1715 636 1721 654 :
1735 631 1763 654 et

980 687 1013 715 de
1029 673 1109 714 l’atre
1129 683 1257 716 Antonio,
1269 681 1345 716 cujus
1360 680 1441 707 vitam
1465 675 1618 710 descripsit.
1632 673 1764 701 Prmterea

981 732 1157 768 quadraginta
1171 734 1272 764 septem
1283 725 1466 755 Heortasticas
1481 730 1528 751 seu
1543 719 1688 748 Paschales
1703 718 1766 753 Epi-

983 766 1075 810 stolas,
1088 766 1123 805 de
1135 782 1225 808 cruce,
1241 774 1274 802 de
1281 772 1387 800 Christo
1402 769 1524 801 Domino,
1541 766 1611 802 quod
1625 772 1689 800 erga
1706 771 1766 791 eum

984 823 1107 852 diabolus
1130 821 1198 849 nihil
1213 819 1321 852 viderit,
1344 816 1502 844 existimans
1517 813 1590 840 illum
1601 819 1659 839 esse
1672 817 1769 843 purum

985 870 1132 901 hominem,
1149 872 1176 895 et
1198 873 1260 894 cum
1285 864 1319 892 ad
1333 870 1394 891 eum
1409 860 1525 889 accessit
1544 858 1686 886 anathema
1703 854 1771 883 dixit

986 915 1037 950 ipsi
1052 915 1079 942 in
1095 913 1192 940 faciem
1221 910 1360 941 Dominus,
1384 907 1466 942 digito
1491 912 1545 932 uno
1564 904 1609 939 qui
1626 899 1772 929 auriculari

986 945 1126 997 proximus
1144 963 1185 986 est
1199 968 1205 986 :
1218 961 1245 985 et
1263 964 1324 984 cum
1340 952 1473 982 destruxit
1486 950 1592 986 quando
1613 945 1771 983 (apostolos)

989 991 1103 1034 vicarius
1117 1011 1180 1031 suos
1195 1001 1345 1030 constituit.
1360 999 1460 1033 Nempe
1477 999 1636 1032 potestatem
1651 992 1708 1026 ejus
1719 991 1774 1019 dis-

990 1051 1087 1087 sipavit
1101 1055 1128 1078 et
1147 1048 1265 1077 abolevit
1279 1046 1467 1079 iniit-memque
1489 1041 1604 1069 reddidit
1620 1049 1626 1067 :
1643 1037 1774 1067 ostendit-

991 1083 1042 1134 que
1064 1097 1142 1125 nobis
1170 1102 1199 1123 se
1226 1101 1276 1129 per
1298 1091 1480 1119 infirmitatem
1505 1087 1601 1115 vicisse
1628 1083 1775 1119 potentiam

992 1130 1107 1172 diaboli:
1121 1149 1153 1170 eo
1168 1141 1240 1168 enim
1261 1139 1345 1174 digito
1362 1136 1405 1172 qui
1421 1139 1463 1163 est
1475 1133 1509 1161 ab
1522 1130 1666 1160 auriculari
1677 1136 1774 1157 secun-

994 1189 1053 1221 dus,
1068 1187 1147 1214 homo
1160 1185 1226 1213 nihil
1239 1184 1294 1219 agit
1310 1190 1371 1211 cum
1385 1181 1421 1208 sit
1434 1179 1576 1215 digitorum
1591 1173 1752 1203 imbecillior
1767 1180 1775 1199 τ

995 1235 1042 1263 sed
1053 1240 1138 1268 neque
1155 1231 1243 1260 subito
1254 1229 1318 1257 illud
1334 1233 1478 1263 aggressus
1488 1228 1541 1256 est,
1557 1222 1603 1250 sed
1617 1223 1779 1256 potestatem

996 1280 1053 1315 ejus
1064 1265 1171 1306 inanem
1189 1275 1312 1307 reddiditl
1325 1274 1393 1302 sicut
1409 1272 1435 1300 in
1451 1270 1552 1306 psalmo
1562 1275 1634 1295 vau
1649 1265 1779 1300 scriptum

997 1310 1040 1352 est
1054 1333 1060 1351 :
1083 1323 1215 1356 Exsurgat
1231 1319 1297 1347 Deus
1305 1323 1328 1346 et
1340 1317 1473 1351 disperdat
1487 1314 1606 1341 inimico:
1623 1319 1695 1338 suos.
1709 1310 1780 1337 Scri-

999 1369 1053 1406 psit
1066 1368 1147 1396 etiam
1160 1355 1324 1394 Athanasius
1337 1363 1389 1390 alia
1415 1360 1498 1389 multa
1513 1365 1573 1394 qua:
1589 1357 1622 1385 ad
1631 1355 1779 1384 doctrinam

1000 1401 1183 1443 Christianam
1198 1413 1353 1446 spectantet
1369 1408 1420 1434 alia
1436 1407 1586 1433 innumera.
1598 1403 1638 1430 Ad
1653 1401 1782 1429 Basilium

1001 1466 1107 1496 quoque
1121 1459 1223 1486 litteras
1236 1455 1318 1484 semel
1328 1458 1357 1481 et
1372 1454 1468 1480 iterum
1478 1449 1597 1485 scripsit,
1612 1448 1646 1476 ad
1660 1454 1727 1482 quas
1739 1446 1784 1473 ille

1002 1491 1149 1542 respondit.
1172 1503 1237 1531 Item
1259 1501 1293 1529 ad
1318 1499 1461 1540 Arsenium
1483 1496 1516 1523 de
1540 1499 1626 1522 morte
1650 1491 1785 1520 Theodori

967 1560 989 1589 ε
1005 1536 1211 1582 consolatorias,
1226 1548 1252 1575 in
1268 1546 1366 1582 quibus
1383 1536 1491 1578 scripsit
1505 1542 1576 1569 inter
1586 1539 1656 1567 alia:
1674 1538 1785 1566 Utinam

1006 1599 1120 1634 quisque
1132 1599 1268 1627 nostrum,
1285 1600 1345 1620 eum
1362 1597 1440 1626 quem
1453 1587 1611 1616 Theodorus
1629 1585 1713 1613 frater
1725 1588 1787 1610 tuus

1004 1629 1091 1671 locum
1102 1643 1294 1674 consequatur,
1312 1641 1339 1665 et
1350 1635 1425 1663 navis
1442 1637 1535 1661 nostra
1555 1631 1587 1658 ad
1608 1637 1668 1658 eum
1682 1629 1710 1655 in
1733 1633 1788 1662 quo

1006 1694 1130 1723 receptus
1152 1691 1194 1714 est
1215 1689 1320 1721 portum
1346 1680 1498 1718 perveniat!
1518 1677 1633 1712 Scripsit
1655 1678 1787 1710 praeterea

1007 1719 1083 1771 opus,
1097 1741 1150 1769 quo
1165 1719 1342 1762 denicnstrat,
1355 1728 1453 1756 malum
1469 1732 1529 1754 esse
1543 1732 1558 1751 a
1571 1721 1689 1754 diabolo,
1703 1719 1788 1755 quod-

1007 1765 1060 1816 que
1072 1765 1176 1807 in—Deo.
1192 1777 1280 1804 locum
1297 1782 1349 1802 non
1376 1773 1474 1800 habeat
1499 1769 1619 1797 omnino.
1635 1768 1672 1794 De
1695 1765 1790 1793 eodem

1010 1810 1090 1854 Dtitrc
1115 1823 1263 1852 Athanasio
1277 1818 1430 1856 patriarcha
1448 1816 1556 1847 dicitur,
1584 1812 1656 1849 quod
1681 1810 1792 1845 angelus

1012 1870 1117 1899 Domini
1133 1876 1194 1897 eum
1205 1866 1345 1896 sustulerit
1359 1864 1422 1891 dum
1432 1870 1479 1898 per
1490 1861 1567 1895 longa
1586 1859 1682 1886 itinera
1701 1856 1793 1890 fugere

1011 1921 1154 1953 cogeretur
1164 1915 1198 1943 ab
1215 1913 1305 1948 impiis
1319 1909 1536 1946 imperatoribus,
1550 1912 1664 1940 eumque
1679 1910 1732 1938 quo
1746 1909 1794 1929 vo-

1012 1948 1230 1994 lebatdetuleril,
1249 1960 1320 1988 sicut
1336 1958 1399 1985 olint
1415 1955 1540 1983 Habacue
1556 1952 1686 1989 propheta
1697 1948 1794 1976 Hiero-

1013 2009 1122 2045 solymis
1135 2007 1297 2042 Babylonem
1315 2004 1418 2032 delatus
1442 2006 1495 2033 est,
1518 2005 1546 2028 et
1564 1996 1690 2026 Ezechiel
1709 1995 1797 2030 Baby-

1013 2042 1075 2084 lone
1089 2053 1273 2088 Hierosolyma
1286 2059 1292 2077 :
1310 2049 1475 2084 nequeenim
1491 2047 1543 2074 hoc
1555 2045 1609 2072 Deo
1624 2042 1730 2071 dilIicile
1744 2044 1795 2068 est.

1014 2103 1080 2130 Erat
1090 2099 1258 2128 Alexandria:
1270 2097 1369 2124 idolum
1386 2094 1494 2122 nomine
1517 2091 1607 2118 Rarail
1623 2097 1632 2117 :
1658 2095 1718 2116 cum
1734 2094 1798 2113 vero

1015 2147 1156 2175 Athanasii
1169 2146 1224 2181 jam
1241 2144 1317 2172 febre
1329 2141 1446 2176 correpti
1465 2139 1541 2174 quies
1558 2135 1796 2171 appropinquaret.

1017 2194 1086 2222 dixit
1109 2203 1116 2221 :
1146 2192 1175 2219 Si
1196 2190 1306 2218 invenio
1337 2184 1550 2215 misericordiam
1571 2181 1641 2216 apud
1662 2178 1801 2206 Christum

981 2234 1004 2262 Ῑ)
1019 2239 1161 2267 Dominum
1173 2243 1274 2268 mettm,
1290 2233 1428 2269 procidam
1451 2237 1542 2258 coram
1559 2234 1592 2254 eo
1607 2231 1693 2260 neque
1705 2222 1800 2250 faciem

1021 2292 1108 2313 meam
1145 2267 1371 2313 levabopdoncc
1411 2276 1572 2304 claudantur
1606 2273 1678 2299 fores
1711 2267 1802 2303 templi

1022 2330 1085 2358 idoli
1109 2329 1196 2357 istius.
1220 2326 1321 2354 Testati
1349 2331 1413 2351 vero
1433 2326 1495 2350 sunt
1511 2319 1665 2348 sacerdotes
1687 2315 1804 2342 Alexan~

1023 2377 1112 2410 drini,
1135 2375 1206 2410 quod
1230 2378 1330 2408 septem
1351 2370 1445 2398 diebus
1461 2368 1560 2404 elapsis
1585 2365 1618 2393 ah
1636 2364 1693 2398 ejus
1717 2361 1802 2392 obitu,

1023 2423 1098 2451 misit
1113 2421 1241 2449 Iovianus
1270 2419 1416 2452 imperator
1444 2413 1529 2441 fidelis
1547 2411 1682 2441 mandata,
1704 2413 1804 2436 secun-

1024 2469 1086 2497 dum
1104 2473 1162 2502 quae
1182 2464 1309 2500 templum
1324 2462 1388 2490 illud
1407 2459 1546 2488 occlusum
1567 2462 1618 2485 est.
