2027 3042
284 170 356 193 σαι-ιι

956 155 1227 187 PROLEGOMENA.

292 248 1894 274 ______________________————-

773 403 976 462 JUSTI
1015 397 1412 460 FONTANINI

877 565 1142 601 A’Rcutsptscom
1160 566 1335 598 ANCYRANI

424 697 476 727 DE
495 695 601 725 ANNO
620 693 837 724 EMORTUALI
857 693 993 723 SANCTI
1012 691 1218 720 ATHANASII
1237 688 1488 718 PATRIARCH£
1507 683 1768 716 ALEXANDRINI

967 736 1222 767 DISSERTATIO.

815 849 890 881 (Opp.
901 832 1018 874 Albanas.
1033 848 1073 873 ed.
1086 847 1176 873 Venet.
1187 846 1257 878 1777,
1270 849 1328 872 tom.
1341 847 1373 878 Ι.)

1071 981 1105 988 ..-

321 1132 340 1161 Ι.
351 1131 525 1160 Eruditorum
543 1129 649 1156 animos
661 1126 822 1163 iampridem
839 1125 920 1153 variae
931 1123 1072 1152 sententia!
1087 1123 1110 1151 A
1126 1126 1204 1157 parte
1217 1128 1250 1154 Il,
1262 1127 1322 1155 cap.
1337 1120 1382 1150 Η.
1399 1119 1582 1153 astipulantur
1598 1117 1768 1146 Bollandiani
1781 1122 1899 1146 auctores

277 1170 469 1206 ‘distinuerunt
481 1176 516 1204 de
531 1183 603 1203 anno
629 1173 775 1202 emcrtuali
799 1172 887 1200 sancti
906 1170 1069 1203 Athanasii;

283 1225 330 1253 hic
343 1232 359 1252 a
378 1223 457 1251 nobis
468 1221 624 1250 necessario
645 1219 843 1252 examinandae,
859 1224 888 1245 ut
905 1222 1010 1252 tempus
1033 1216 1072 1244 ei-

283 1271 345 1297 dem
365 1277 435 1297 anno
451 1275 613 1300 connexum,
634 1274 688 1301 quo
709 1266 822 1293 Melania
853 1269 879 1292 et
904 1263 1017 1290 Ruﬁnus
1045 1263 1071 1290 in

289 1316 408 1352 Egypto
426 1315 542 1351 primum
556 1317 751 1348 apparuerunt,
778 1311 882 1338 ﬁrmius
907 1310 1069 1337 stabiliatur.

284 1362 390 1390 Etenim
407 1361 497 1388 aliiA.
517 1360 548 1386 D.
569 1359 639 1390 57l,
667 1358 711 1385 alii
739 1358 772 1384 A.
800 1358 830 1385 Ι).
852 1357 904 1383 575
930 1355 1071 1383 sanctissi-

282 1416 355 1436 mum
365 1407 546 1443 patriarcham
555 1405 703 1433 decessisse
711 1402 885 1435 contendunt,
893 1401 999 1436 utrique
1015 1407 1071 1427 me-

284 1454 335 1481 diae
372 1453 423 1481 via;
463 1459 545 1487 quam
584 1450 670 1478 tenuit
710 1448 841 1476 Baronius
878 1446 1071 1482 propemodum

283 1500 372 1532 obliti,
386 1499 449 1527 dum
468 1499 490 1526 is
510 1498 542 1525 A.
565 1497 596 1524 Ι).
618 1495 671 1523 572
687 1500 824 1523 strenuum
852 1493 914 1520 ﬁdei
934 1492 1072 1520 catholicae

284 1545 455 1574 defensorem
467 1544 500 1571 ad
519 1543 629 1578 praemia
645 1547 745 1570 aeterna
758 1544 883 1567 vocatum
895 1537 1070 1566 existimavit.

282 1590 378 1623 Nobis,
394 1590 440 1625 qui
459 1589 568 1616 Barouii
588 1587 716 1622 suﬁragio
730 1586 780 1614 hac
796 1586 822 1613 in
838 1593 867 1612 re
883 1584 997 1612 libenter
1026 1591 1072 1610 ac-

285 1638 408 1665 cedimus
423 1656 432 1670 ,
451 1636 514 1671 quia
544 1636 615 1663 inter
641 1642 736 1662 omnes
755 1638 879 1661 auctores
905 1631 1070 1667 przecipuam

282 1684 391 1711 laudem
410 1682 490 1717 hujus
504 1681 665 1717 quastionis
679 1688 762 1716 penes
781 1680 856 1707 illum
878 1684 987 1707 exstare
999 1677 1072 1705 arbi-

283 1734 389 1756 tramur
401 1748 410 1762 ,
438 1727 604 1762 singulorum
625 1725 732 1760 pondus
753 1723 920 1759 perpendere
936 1729 1004 1756 opus
1017 1725 1070 1752 est,

283 1780 314 1801 ut
326 1773 377 1800 viri
396 1772 486 1807 magni
503 1771 623 1799 calculos
640 1770 719 1805 longe
741 1767 966 1796 accuratissimos
984 1770 1069 1792 cmte-

1123 1168 1150 1195 in
1168 1172 1240 1194 tonio
1256 1166 1354 1203 lMaii,‘
1366 1173 1393 1200 p.
1416 1165 1479 1198 248,
1496 1165 1648 1200 iterumque
1673 1165 1700 1191 in
1719 1164 1834 1192 Historia
1854 1173 1900 1198 pa-

1127 1213 1303 1243 triarcharum
1313 1212 1563 1244 Alexandrinorum,
1581 1216 1655 1238 tomo
1665 1210 1686 1236 V
1699 1211 1769 1238 Junii
1789 1210 1900 1245 praeﬁxa,

1123 1259 1173 1287 hoc
1200 1259 1258 1285 l'uiti
1287 1257 1395 1285 Baronii
1429 1257 1563 1284 axiomate
1579 1275 1588 1288 ,
1614 1256 1684 1290 quod
1709 1264 1742 1284 ex
1758 1257 1790 1283 A.
1808 1256 1838 1283 Ι).
1850 1254 1900 1287 69,

1122 1305 1237 1341 §xxxvr,
1250 1305 1276 1331 in
1284 1303 1400 1330 medium
1411 1303 1511 1331 sistunt
1525 1311 1532 1330 :
1545 1302 1671 1336 Tempora
1684 1306 1853 1329 unnumerata
1860 1307 1902 1335 per

1122 1351 1242 1379 consules
1261 1349 1441 1376 libentioribus
1464 1354 1524 1376 sunt
1540 1349 1694 1382 accipienda
1713 1349 1829 1380 auribus,
1848 1354 1900 1373 cum

1122 1398 1222 1424 cwteris
1233 1396 1280 1423 iila
1295 1395 1467 1431 frequentior,
1493 1394 1628 1421 liberalior
1653 1399 1678 1420 et
1698 1394 1783 1421 verior
1794 1401 1846 1420 εισι
1859 1399 1901 1419 no-

1121 1449 1212 1472 scatur
1230 1442 1454 1478 chronographia,
1466 1449 1524 1476 quae
1540 1449 1555 1468 a
1573 1441 1648 1475 fauis
1665 1441 1777 1468 deducta
1797 1444 1833 1467 est
1846 1446 1901 1465 con-

1121 1490 1267 1518 talaribus.

1157 1537 1222 1570 Hac,
1243 1540 1273 1563 ut
1299 1539 1374 1570 puto.
1397 1534 1499 1561 ratione
1518 1533 1603 1560 victus
1627 1529 1897 1566 chronologoruml‘a-

1121 1584 1172 1612 cile
1198 1583 1322 1618 princeps
1346 1581 1490 1615 Dionysius
1517 1579 1642 1606 Petavius
1664 1578 1691 1605 in
1717 1578 1765 1606 lib.
1794 1585 1840 1618 xui
1867 1576 1900 1602 De

1121 1616 1241 1657 doctrina
1270 1616 1414 1664 temporum
1439 1628 1471 1654 A.
1501 1626 1533 1653 D.
1554 1625 1617 1658 571,
1632 1630 1713 1659 atque
1731 1624 1794 1652 alibi
1817 1616 1899 1653 etiam.

1122 1677 1243 1705 Socratis
1256 1674 1403 1703 narrationi
1416 1672 1560 1708 acquievit.
1584 1672 1620 1699 At
1636 1678 1702 1699 vero
1716 1671 1762 1698 lib.
1776 1678 1806 1701 ιι,
1826 1669 1899 1703 epist.

1122 1722 1139 1750 9
1162 1723 1194 1750 ad
1214 1722 1299 1749 alium
1318 1720 1408 1754 magni
1430 1719 1547 1747 nominis
1567 1717 1762 1752 chronologum
1775 1715 1900 1751 AEgidium

1126 1769 1301 1801 Eucherium,
1319 1768 1360 1795 sui
1376 1766 1528 1801 argumenti
1542 1765 1647 1800 pondus
1662 1764 1726 1791 inde
1745 1762 1835 1797 augeri
1847 1760 1900 1788 exi-

283 1819 321 1846 ris
335 1823 463 1852 prmstare
478 1817 666 1849 ostendamus,
681 1815 753 1850 quod
766 1821 888 1842 seorsum
907 1812 940 1840 ab
951 1810 1070 1838 Historia

1124 1815 1255 1847 stimavit,
1275 1814 1345 1849 quod
1376 1813 1544 1847 Nicephorus
1569 1815 1682 1838 testetur
1709 1809 1737 1837 in
1756 1808 1900 1837 Chronico,

287 1865 420 1892 litterario
432 1863 592 1899 Aquileiensi
609 1863 700 1890 facere
712 1861 798 1888 visum
814 1865 866 1892 est,
879 1866 912 1886 ne
925 1858 996 1885 illius
1009 1864 1072 1885 cur-

284 1918 330 1938 sus
357 1910 473 1945 longiori
490 1910 681 1944 disquisitione
710 1907 928 1942 perturbaretur.
958 1904 1071 1939 Nequa-

285 1963 365 1991 quam
380 1960 470 1983 tanten
488 1959 529 1982 est
553 1955 660 1982 animus
679 1958 709 1981 ut
729 1953 902 1987 scriptorum,
920 1959 987 1986 quos
1016 1958 1072 1977 me-

286 2003 338 2029 rita
355 2002 381 2029 in
397 2009 453 2028 rem
483 2001 643 2028 litterariam
675 1999 842 2027 clarissimos
871 1997 1047 2025 reddiderunt
1062 2015 1070 2028 ,

284 2048 393 2076 laudum
409 2047 519 2074 cumulo
536 2046 578 2074 vel
605 2046 750 2073 minimum
767 2044 926 2071 detrahatur
942 2063 950 2075 ,
984 2041 1071 2069 sicubi

284 2093 410 2121 veritatis
425 2091 593 2127 inquirenda;
610 2099 691 2118 causa
709 2090 742 2117 ab
758 2089 863 2117 illorum
891 2088 992 2122 judicio
1013 2087 1070 2114 dis-

285 2140 419 2172 cedimus,
439 2137 658 2173 quandoquidem
673 2137 740 2164 citra
757 2136 838 2163 ullius
861 2135 986 2169 iniuriam
1001 2133 1071 2161 haud

284 2186 361 2222 parvi
382 2185 503 2221 profecto
516 2185 648 2216 interest,
663 2183 766 2210 obitum
780 2180 919 2209 Athanasii
937 2187 986 2208 suo
1001 2186 1072 2206 anno

285 2233 410 2266 restitui;
428 2233 455 2259 in
471 2239 524 2266 quo
539 2230 711 2258 restituendo
737 2229 788 2256 viri
807 2227 977 2256 celeberrimi
990 2226 1072 2253 desu~

283 2278 394 2310 darunt,
414 2285 475 2304 cum
492 2276 536 2304 ille
547 2276 583 2304 sit
595 2275 718 2311 quaedam
735 2274 817 2301 veluti
842 2273 944 2308 epocha
959 2279 1072 2307 genera-

283 2323 328 2356 lis,
343 2323 415 2350 unde
433 2322 559 2350 maxima
572 2322 600 2348 in
623 2320 788 2355 antiquitate
816 2318 1001 2346 ecclesiastica
1027 2324 1072 2344 res

285 2369 426 2405 pendent;
443 2376 493 2396 nec
512 2367 599 2395 solum
615 2367 686 2395 enim
703 2365 857 2401 persecutio
878 2365 939 2391 inde
953 2363 1071 2391 Alexan-

285 2416 364 2443 drina
386 2414 540 2447 deducitur,
562 2413 610 2441 sed
637 2417 711 2448 gesta
744 2409 910 2446 Hieronymi,
924 2409 1024 2442 liuﬁni,
1046 2412 1073 2435 et

285 2461 419 2494 Melanize,
437 2460 552 2488 historia
576 2460 657 2488 etiam
673 2457 796 2490 Palladii,
811 2462 838 2485 et
852 2456 955 2484 Paulini
977 2455 1071 2482 Nolani

281 2507 404 2544 epistolae
429 2514 480 2534 non
501 2506 636 2533 modicum
657 2505 841 2536 illustrantur,
860 2507 890 2530 ut
906 2503 932 2529 in
950 2501 1070 2528 Historia

282 2558 376 2581 nostra
393 2551 480 2578 visum
502 2556 556 2583 est,
581 2549 658 2585 cujus
689 2549 859 2585 potissimum
880 2547 993 2581 scriptio
1021 2553 1070 2572 nos

280 2599 400 2635 perpulit
427 2603 455 2625 ut
474 2599 501 2625 in
515 2598 639 2625 eumdem
661 2604 760 2624 annum
776 2603 791 2623 e
812 2594 932 2622 tenebris
950 2591 1070 2627 antiqui-

280 2646 346 2674 tatis
370 2644 541 2677 eruendum,
569 2644 693 2678 gnaviter
716 2641 949 2670 incumberemus.
973 2640 1072 2667 Primte

280 2699 345 2727 ergo
358 2691 499 2719 sententia:
511 2695 606 2717 auctor
618 2694 660 2717 est
673 2689 812 2720 Socrates,
825 2687 871 2714 lib.
886 2695 922 2719 tv,
939 2693 1001 2720 cap.
1025 2684 1069 2717 19,

281 2738 326 2764 ubi
355 2737 535 2764 Athanasium
564 2737 737 2764 demortuum
769 2735 833 2762 facit
863 2733 994 2761 Gratiano
1011 2740 1028 2759 ll
1043 2737 1071 2759 et

281 2783 372 2810 Probo
395 2790 481 2815 coss.,
512 2790 608 2817 nempe
627 2783 660 2810 A.
683 2783 714 2810 D.
732 2782 796 2814 571,
814 2781 893 2816 eique
907 2786 1006 2815 pratter
1017 2779 1071 2806 Go-

280 2828 415 2856 delridum
433 2828 616 2856 Hermannmn
637 2829 664 2855 in
684 2828 755 2861 Vita,
773 2828 819 2856 lib.
834 2835 873 2859 xi,
895 2834 955 2861 cap.
980 2826 1023 2858 17,
1042 2830 1070 2852 et

280 2873 391 2902 Petrum
403 2874 578 2902 Franciscum
596 2874 793 2903 Cliiﬂlctiumiu
808 2873 920 2901 Paulino
937 2871 1069 2899 illustralo

1128 1861 1308 1896 Theophilum
1335 1858 1485 1886 Athanasio
1513 1862 1698 1885 successorem
1723 1855 1813 1883 datum
1839 1859 1902 1880 anno

1127 1916 1161 1935 xv
1189 1912 1249 1942 post
1263 1906 1382 1941 ejusdem
1396 1905 1508 1932 obitum.
1523 1904 1608 1931 Datus
1621 1907 1663 1930 est
1685 1906 1775 1929 autem
1791 1899 1898 1927 Arcadio

1123 1960 1150 1981 et
1166 1954 1286 1981 Bautone
1297 1959 1370 1979 coss.
1385 1951 1416 1977 A.
1434 1950 1465 1977 ι).
1483 1949 1546 1982 585,
1559 1956 1593 1976 ex
1612 1948 1726 1975 Socrate
1741 1947 1789 1974 lib.
1807 1954 1833 1978 ν,
1847 1951 1900 1978 cap.

1126 2000 1171 2033 12,
1190 2004 1217 2026 et
1231 1998 1339 2033 quidem
1353 2001 1414 2032 post
1426 1997 1498 2024 diem
1513 2002 1578 2022 xxvt
1591 1994 1666 2026 Julii,
1683 2001 1738 2029 quo
1754 1991 1901 2020 Timotheus

1125 2046 1255 2073 decessit.
1283 2044 1335 2071 Sed
1364 2043 1428 2070 hinc
1465 2041 1553 2077 potius
1585 2045 1744 2075 sequeretur
1771 2034 1902 2066 Athanasii

1128 2092 1231 2119 obitum
1253 2089 1397 2125 contigisse
1425 2089 1458 2116 A.
1473 2088 1504 2114 D.
1520 2086 1595 2118 57ος
1617 2086 1709 2120 itaque
1731 2085 1843 2119 benigna
1860 2088 1902 2110 ex-

1124 2138 1275 2174 plicatione
1288 2135 1423 2171 juvandus
1440 2139 1492 2166 est,
1506 2133 1551 2161 ubi
1567 2133 1606 2160 ait
1622 2140 1684 2167 pag.
1712 2131 1776 2163 416,
1800 2130 1902 2157 Petrum

1123 2173 1185 2218 post
1208 2181 1388 2210 Athanasium
1411 2180 1439 2208 in
1467 2179 1564 2208 exsilio
1574 2179 1674 2206 vixisse
1690 2185 1760 2204 anno
1779 2183 1840 2206 uno.
1856 2173 1903 2201 Lu-

1123 2230 1196 2258 cium
1208 2229 1288 2256 annis
1295 2236 1322 2261 v,
1330 2228 1439 2255 Petrum
1452 2226 1571 2254 secundo
1583 2232 1653 2252 anno
1665 2232 1728 2257 uno,
1739 2222 1902 2251 Timotheum

1123 2276 1202 2303 annis
1230 2283 1292 2308 vin,
1313 2281 1392 2309 quem
1417 2273 1525 2308 excepit
1554 2271 1732 2306 Theophilus.
1766 2267 1844 2297 Aliud
1864 2269 1902 2293 es!

1125 2321 1307 2356 Theophilum
1321 2327 1407 2347 annos
1422 2327 1467 2352 xv,
1478 2319 1512 2346 ab
1522 2318 1662 2345 Athanasii
1679 2316 1793 2344 decessu
1807 2313 1902 2348 episco-

1126 2375 1190 2402 pum
1208 2367 1325 2399 sedisse,
1346 2365 1418 2392 aliud
1433 2366 1528 2392 sedere
1540 2364 1655 2398 coapisse
1670 2366 1812 2397 postquam
1826 2358 1902 2386 Atha-

1125 2413 1194 2440 nasii
1212 2417 1331 2447 quatuor
1349 2417 1525 2439 successores
1544 2416 1629 2436 annos
1645 2415 1678 2435 xv
1701 2407 1728 2433 in
1742 2406 1834 2433 eadem
1846 2402 1902 2430 sede

1124 2460 1319 2494 explevissent.
1337 2457 1406 2484 lliuc
1419 2457 1490 2484 enim
1508 2455 1631 2490 sequitur
1646 2452 1824 2487 Theophilum
1839 2453 1901 2476 anno

1124 2507 1231 2534 demum
1245 2513 1288 2532 xvr
1299 2504 1333 2531 iis
1346 2509 1529 2532 successorem
1537 2501 1648 2528 datum:
1659 2499 1746 2527 critici
1759 2496 1829 2524 ιιιιιιιί
1841 2500 1900 2530 prat-

1125 2553 1204 2580 conio
1224 2551 1351 2585 majores,
1369 2550 1438 2578 duce
1453 2548 1579 2580 Baronio,
1600 2555 1662 2575 cum
1690 2545 1804 2573 Socrate
1832 2542 1900 2576 signa

1126 2597 1286 2629 conferunt;
1304 2603 1354 2623 nec
1371 2600 1460 2622 tamen
1480 2600 1576 2621 omnes
1595 2593 1621 2620 in
1646 2591 1770 2620 eumdem
1799 2592 1900 2622 scopum

1125 2650 1200 2670 arma
1220 2641 1386 2673 collineant;
1412 2647 1475 2666 nam
1489 2638 1621 2666 Batonius
1632 2641 1687 2664 stat
1706 2643 1754 2672 pro
1762 2635 1794 2662 A.
1807 2630 1899 2661 0.572.

1124 2686 1215 2714 ceteri
1241 2692 1288 2720 pro
1302 2684 1376 2712 A.D.
1393 2684 1445 2711 575
1459 2684 1531 2711 haud
1546 2682 1666 2718 segniter
1682 2684 1815 2716 pugnant;
1830 2681 1901 2710 atque

1125 2733 1153 2760 hi
1173 2738 1235 2760 sunt
1251 2731 1384 2759 Henricus
1400 2730 1525 2758 Norisius
1539 2730 1566 2757 in
1580 2735 1698 2757 censura
1719 2731 1810 2754 contra
1825 2723 1901 2751 Joan-

1124 2770 1185 2806 izem
1198 2779 1370 2811 Garnerium,
1387 2784 1448 2813 pag.
1466 2777 1513 2811 45,
1530 2776 1576 2804 ubi
1601 2775 1764 2804 sententiam
1782 2765 1911 2813 ωηιξη-ξ

1126 2803 1187 2853 nam
1201 2803 1513 2860 oliui
1527 2803 1669 2858 probatam
1683 2821 1710 2847 in
1725 2817 1842 2846 Historia
1855 2803 1911 2860 ff-l

1127 2857 1337 2908 [αυίαηα-Ιὼξι,
1356 2877 1415 2906 cap.
1434 2869 1467 2906 2,
1485 2857 1622 2898 Antonius
1641 2866 1740 2903 Pagius
1752 2866 1784 2893 A.
1803 2863 1831 2890 D.
1844 2857 1899 2890 579,
