2027 3042
637 148 681 176 DE
702 148 797 177 ANNO
818 147 1019 176 EMOR'I‘UALI
1039 149 1068 176 S.
1087 148 1285 177 ATHANASlI.

1703 158 1782 180 εειιη

161 208 176 246 ς
203 217 242 241 lx.
266 208 440 237 Sebastianus
457 207 569 242 Nonius,
596 209 781 237 Tillemoutios
809 210 835 237 in
862 209 945 236 Com-
960 218 984 246 Α
999 210 1076 238 terim
1093 210 1199 238 Socrati
1211 215 1239 237 et
1257 208 1367 245 Cyrillo,
1382 208 1408 236 in
1420 208 1512 236 eodem
1525 214 1638 236 numero
1650 216 1782 237 annorum

160 256 301 285 mentariis
317 255 442 283 Historia
453 256 636 283 ecclesiaslica:
656 261 728 284 tomo
744 255 787 288 Vl,
803 263 862 291 pag.
882 256 945 288 582,

160 307 185 329 et
196 300 344 332 tomonll,
360 308 420 336 pag.
434 300 550 332 252,721
567 309 574 334 ;
587 305 614 327 et
622 300 776 328 Bernardus
789 301 824 328 de
838 300 939 327 Monte-

159 346 284 380 falconis,
315 346 430 381 insignis
459 346 640 374 Benedictinaa
660 347 768 374 familia:
782 348 942 381 monachus,

160 393 186 420 in
211 392 282 425 Vita,
297 400 378 427 quam
390 392 518 428 operibus
531 393 725 420 Athanasianis
739 393 873 427 praeﬁxit;
893 402 942 422 nu-

160 447 259 475 perque
273 439 361 466 adhuc
375 438 533 474 locupletius
550 439 575 467 in
591 439 707 473 epistola
734 440 862 474 inscripta
879 449 885 467 :
903 440 943 468 An

160 493 220 512 vera
235 485 353 512 narratio
376 484 467 518 Ruﬁni
490 485 522 512 de
535 485 673 520 baptismi:
687 486 776 520 pueris
796 486 828 513 ab
855 486 938 513 Allia-

161 531 236 558 nasia
245 539 336 564 puero,
353 531 380 558 in
397 538 449 565 qua
464 538 584 558 summus
597 537 624 559 et
639 533 680 559 vir
693 537 720 559 et
733 533 836 560 amicus
855 536 944 560 anim-

160 577 286 610 advertit,
308 576 446 604 Socratem
465 585 518 604 non
539 584 601 604 raro
616 577 769 611 confusum,
780 586 824 606 res
836 579 946 607 omnino

160 622 311 657 disparatas
340 621 513 658 conjungere,
533 627 614 658 atque
624 624 691 651 adeo
706 628 769 651 tunc
779 631 839 652 esse
851 625 946 660 praeci-

159 676 212 704 pue
228 674 394 703 accuratum,
408 671 515 705 quando
531 675 591 698 acta
607 670 714 705 publica
727 679 787 699 cum
797 671 869 699 notis
880 679 946 699 con-

160 715 295 743 sularibus
316 716 422 748 recitat,
440 723 493 743 non
510 715 546 743 ita
561 724 626 744 vero
638 716 682 744 ubi
710 725 771 745 cum
787 717 880 744 iisdem
897 725 946 744 no-

161 762 204 792 tis.
233 762 343 796 proprio
357 768 442 789 marte
456 762 606 797 dispositis,
622 763 729 798 aliquod
740 768 844 798 gestum
862 772 944 792 enar-

159 812 213 835 rat.
229 807 319 841 Quare
326 807 434 836 ell‘atum
449 808 557 836 laronii
568 816 616 844 per
629 809 784 845 hagiologos
792 809 944 837 Bollandia-

159 861 209 881 nos
219 854 375 888 adductum,
386 854 418 881 de
426 855 541 889 antiquis
559 855 729 889 scriptoribus
743 855 941 890 accipiendum,

998 255 1358 289 determinando,consomt
1389 254 1471 281 etiam
1497 253 1611 282 Ruﬁnus
1640 255 1781 282 Athanasii

997 301 1060 328 olim
1082 301 1168 328 funeri
1195 307 1324 335 praesens,
1342 299 1389 326 ubi
1413 299 1450 326 ait
1470 299 1516 326 lib.
1531 307 1570 332 χι,
1585 307 1645 333 cap.
1663 300 1690 332 5,
1707 300 1782 327 illum

996 347 1132 381 quievisse
1144 346 1343 381 quadragesimo
1358 350 1382 372 et
1393 349 1466 372 sexto
1483 353 1552 372 anno
1577 345 1717 372 sacerdotii
1728 345 1781 372 uti.

996 393 1068 421 Idem
1096 392 1195 421 habent
1219 391 1386 419 Sozomenus
1415 391 1462 418 lib.
1481 399 1525 423 VI,
1544 399 1604 426 cap.
1622 390 1673 423 l9,
1689 396 1783 417 auctor

996 437 1142 472 farraginis
1153 437 1348 464 Alexandrinae
1362 434 1388 463 i'n
1403 435 1538 470 excerptis
1552 435 1709 462 Euseliianis
1721 435 1783 462 Sca-

996 483 1071 518 ligeri
1086 491 1148 518 pag.
1176 483 1221 514 84,
1240 482 1427 516 Theophanes,
1453 481 1613 508 Anastasius
1633 480 1780 509 Bibliothe-

995 531 1087 556 carius
1106 535 1133 556 et
1150 528 1316 563 Nicephorus
1332 529 1358 555 in
1372 527 1510 555 Chronicis
1534 535 1688 563 quanquam
1716 528 1783 556 alias

995 575 1029 602 ab
1041 582 1134 602 errore
1153 582 1206 602 non
1222 575 1300 602 vacui
1317 583 1325 602 :
1344 574 1442 609 quibus
1464 574 1599 602 Arabicos
1614 575 1696 602 etiam
1714 575 1783 602 scri-

995 621 1185 656 ptoresjungit
1201 621 1332 649 Eusebius
1351 621 1537 648 Renaudotius
1551 621 1577 648 in
1598 620 1719 648 Historia
1731 629 1782 655 pa-

995 668 1172 694 triarcharum
1197 667 1436 694 Alexandrinorum
1451 665 1645 700 Jacobitarum,
1659 674 1721 702 pag.
1735 667 1780 695 96.

996 713 1166 747 Quapropter
1185 714 1242 740 hinc
1268 713 1358 740 omnia
1389 712 1552 746 coniunctim
1577 713 1701 748 exposita
1717 733 1726 746 ,
1754 713 1781 740 in

994 758 1080 786 sancti
1094 757 1233 785 Athanasii
1251 765 1384 785 annorum
1396 757 1590 792 episcopalium
1610 766 1723 786 numero
1733 766 1783 786 ex-

993 811 1086 839 presse
1098 803 1264 834 deﬁniendo,
1281 803 1353 830 nulla
1378 808 1437 830 arte
1454 803 1586 831 inﬁrmari
1602 811 1682 838 posse
1694 803 1783 831 credi-

995 849 1098 881 derim;
1116 849 1230 884 ideoque
1245 848 1375 876 Rufiniet
1397 853 1554 876 catterorum
1581 857 1668 877 annos
1695 849 1782 877 haud-

159 904 190 927 ut
204 901 320 934 ipsemet
338 900 512 929 doctissimus
522 901 668 929 cardinalis
679 902 771 929 statim
780 909 810 929 se
820 902 941 936 accipere

994 903 1129 931 quaquam
1153 903 1256 929 cavos,
1282 895 1330 922 sed
1352 895 1473 930 undique
1494 895 1587 930 plenos
1607 901 1635 924 et
1660 895 1781 931 integros

161 945 296 980 explicat,
314 945 441 973 nimirum
465 946 499 973 de
513 946 670 980 aequalibus,
690 955 743 974 non
763 947 800 974 ita
818 947 852 974 de
867 947 920 974 illis
932 968 940 980 ,

158 991 203 1026 qui
219 998 277 1018 rem
303 990 374 1018 notis
388 990 576 1018 consularibus
603 996 698 1026 suopte
722 991 829 1025 ingenio
845 990 942 1018 distin-

157 1040 253 1071 guunt,
269 1036 311 1064 cui
330 1040 418 1063 tamen
431 1036 481 1071 ipsi
495 1036 708 1072 haudquaquam
724 1037 858 1072 aequales,
889 1037 935 1064 sed

155 1081 323 1115 posteriores
352 1081 470 1109 fuerunt.
487 1082 546 1109 Alia
574 1083 598 1108 id
621 1090 706 1116 genus
724 1083 750 1109 in
765 1082 878 1110 Socrate
893 1083 938 1110 de-

155 1127 299 1162 prehendit
310 1126 352 1155 vir
365 1127 477 1156 illustris
503 1128 536 1156 de
550 1127 764 1160 Montefalcouis,
783 1129 935 1164 cuiusmodi

158 1178 210 1204 est,
226 1173 272 1200 uhi
291 1173 386 1200 scribit
398 1173 546 1202 historicus
559 1175 736 1202 Athanasium
763 1174 934 1202 demortuum

155 1223 216 1252 post
231 1219 407 1255 quadraginta
419 1228 465 1248 rex
477 1229 560 1248 annos
569 1222 596 1247 in
609 1221 761 1256 episcopatu
772 1221 920 1256 completos
932 1231 938 1248 :

157 1265 203 1300 qui
219 1273 348 1293 numerus
361 1267 468 1301 quidem
481 1273 555 1295 certe
579 1267 684 1295 Socrati
711 1269 873 1302 opponitur:
891 1269 938 1295 sed

157 1314 248 1338 tamen
262 1310 339 1338 nobis
355 1311 461 1349 facilem
477 1313 546 1339 viam
559 1313 657 1340 sternit
672 1313 705 1339 ad
731 1313 872 1340 Athanasii
891 1321 942 1340 an-

159 1363 222 1382 num
250 1356 424 1384 emortualem
451 1358 574 1392 proxime
610 1357 800 1392 detegendum.
832 1358 938 1385 Etenim

156 1406 267 1429 sanctus
282 1401 436 1430 Alexander
462 1403 604 1437 episcopus
627 1403 822 1431 Alexandrinus
843 1411 856 1430 a
877 1411 941 1431 con-

157 1446 219 1474 cilio
241 1446 348 1475 Nicaeuo
373 1448 454 1475 redux
480 1448 514 1475 A.
534 1448 563 1475 ι).
583 1448 646 1480 526,
660 1448 809 1476 Athanasio
833 1449 885 1476 sibi
913 1449 939 1476 in

158 1501 340 1522 Successorem
359 1494 468 1528 allecto,
484 1494 553 1521 diem
570 1495 636 1521 obiit
656 1495 750 1523 eodem
765 1503 847 1526 anno.
863 1503 940 1522 men-

157 1539 231 1567 sibus
247 1540 368 1574 quinque
385 1539 502 1567 nondum
519 1541 623 1568 exactis
649 1542 682 1567 ab
708 1540 863 1573 receptione
886 1539 939 1567 Me-

157 1584 331 1618 lelianorum,
344 1593 404 1620 qua:
425 1586 538 1620 contigit
553 1593 607 1613 uno
623 1585 663 1613 vel
680 1585 766 1613 altero
778 1593 871 1612 mense
881 1591 942 1620 post

159 1631 315 1658 absolutum
335 1632 491 1659 concilium.
511 1632 538 1659 ld
552 1636 666 1659 testatur
687 1632 798 1666 ipsemet
818 1631 943 1658 Athana-

158 1677 213 1704 sius
231 1678 257 1704 in
284 1677 413 1712 Apologia
441 1685 472 1710 ιι,
491 1682 562 1705 tomo
577 1677 586 1705 |
599 1678 715 1712 Operam
733 1685 794 1712 pag.
812 1677 863 1704 140
880 1677 943 1710 (Ve-

159 1727 226 1750 netae
256 1723 414 1757 editionis),
440 1729 468 1750 et
487 1723 677 1751 Theodoritus.
709 1723 742 1750 At
764 1731 828 1751 vero
854 1731 941 1750 anno-

158 1776 217 1795 rum
239 1776 379 1796 numerum
402 1769 465 1797 hinc
480 1769 513 1796 ad
530 1769 563 1796 A.
586 1769 617 1796 D.
638 1768 687 1796 371
716 1768 871 1801 deductum,
888 1775 942 1802 quo

158 1815 284 1844 Socrates
302 1817 361 1852 ejus
382 1816 485 1843 obitum
507 1816 607 1850 signat,
634 1823 686 1843 non
703 1815 881 1850 quadraginta
896 1823 943 1842 seu

157 1870 252 1894 annos,
280 1861 328 1890 sed
357 1861 428 1890 solos
457 1861 634 1897 quadraginta
666 1862 777 1896 quinque
809 1861 944 1888 coniicere

157 1907 326 1942 exploratum
340 1912 392 1935 est.
406 1906 499 1942 Neque
511 1907 556 1935 hic
569 1914 702 1935 annorum
718 1914 846 1934 numerus
865 1914 942 1934 com-

158 1953 224 1988 pleri
253 1954 363 1988 poterit,
380 1953 486 1981 etiamsi
514 1953 587 1980 illum
607 1961 668 1980 cum
687 1953 767 1980 sociis
783 1953 937 1981 Bollandia-

157 1999 210 2031 nis,
228 2004 325 2034 praeter
342 2000 485 2027 vetustatis
497 2007 660 2027 consensum
678 1999 808 2026 inchoare
826 1999 941 2027 velimus

159 2047 193 2072 ab
203 2046 246 2073 die
274 2054 341 2074 xvnt
370 2046 502 2080 Januarii,
519 2054 571 2074 non
598 2053 661 2074 vero
679 2046 714 2074 ab
725 2051 842 2074 exeunte
855 2046 940 2081 Aprili

159 2091 222 2117 anni
239 2091 302 2124 526,
327 2097 382 2119 tres
404 2092 477 2119 enim
492 2100 600 2120 menses
619 2097 646 2120 et
673 2092 777 2128 aliquot
801 2092 871 2126 dies,
895 2093 942 2128 qui

158 2136 222 2164 inde
234 2137 331 2172 reliqui
345 2143 533 2173 exsurgerent,
546 2139 723 2174 quadraginta
736 2139 850 2174 quinque
861 2146 943 2166 annos

158 2189 279 2216 eousque
293 2181 457 2217 ampliﬁcare
474 2191 526 2210 non
539 2188 662 2218 possunt,
672 2188 701 2211 ut
710 2184 887 2219 quadraginta
899 2192 945 2211 tea:

159 2228 272 2284 integros
285 2228 448 2284 constituere
462 2230 613 2282 videantur.
626 2230 770 2284 Enimvero
780 2230 898 2284 C-yrillu's
917 2230 943 2257 in
961 2240 982 2268 ι)
995 2228 1070 2284 dem;
1081 2228 1239 2283 Amm'mﬁo)

159 2275 224 2302 sede
234 2274 426 2309 Alexandrina,
442 2275 520 2303 annis
543 2276 654 2304 circiter
672 2276 850 2311 quadraginta
875 2277 943 2303 dun-

158 2324 232 2347 taxat
242 2326 301 2355 post
315 2321 504 2355 Athanasium.
516 2323 669 2357 episcopus.
688 2323 808 2350 disertim
826 2327 945 2350 testatur

159 2365 186 2393 in
198 2367 309 2401 epistola
324 2359 386 2395 l'ad
403 2368 549 2401 solitarius,
562 2373 627 2395 tom.
642 2368 663 2395 V
680 2368 796 2403 Operum
812 2373 886 2403 parte
912 2376 942 2402 ll,

159 2419 219 2447 pag.
238 2413 265 2444 5,
281 2414 405 2440 eumdem
419 2414 589 2441 decessorem
606 2422 682 2441 suum
693 2414 882 2441 Alexandrinae
894 2414 944 2441 Ec-

159 2457 247 2485 clesiae
264 2459 404 2493 praefuisse
416 2460 491 2487 annis
507 2461 615 2495 integris
630 2461 806 2495 quadraginta
817 2469 863 2487 sea:
878 2469 887 2487 .'
900 2461 943 2495 ἐφ’

159 2503 229 2535 ὅλοις
251 2503 324 2531 ἔτεσι
354 2506 557 2541 τεσσαράκοντα
575 2506 622 2532 καὶ
651 2505 688 2538 ἐξ,
707 2506 778 2540 quod
805 2506 839 2534 de
866 2508 944 2535 annis

156 2548 317 2583 jampridem
328 2550 438 2585 elapsis,
454 2559 507 2578 non
535 2551 567 2578 de
591 2551 725 2585 elapsuris
741 2552 942 2585 intelligendum

159 2602 229 2627 esse,
247 2604 336 2627 nemo,
356 2602 385 2624 ut
408 2603 483 2632 puto,
499 2598 620 2632 negabit,
636 2605 789 2632 quanquam
808 2605 888 2625 secus
903 2599 942 2625 vi-

159 2648 218 2668 sum
237 2641 317 2669 fuerit
330 2641 476 2670 Paschasio
492 2642 645 2675 Quesnello,
660 2643 704 2677 qui
723 2643 894 2677 probationes
910 2651 943 2670 ex

159 2694 272 2714 numero
287 2695 419 2715 annorum
433 2689 615 2723 pontiﬁcatus,
630 2689 776 2716 indirectas
795 2689 921 2722 judicans
934 2709 941 2722 ,

159 2733 266 2760 easdem
280 2741 341 2761 cum
366 2734 524 2763 Proteriana
554 2735 649 2762 mortis
670 2735 811 2762 Athanasii
827 2736 942 2770 epocha,

159 2783 258 2806 etcum
273 2779 430 2816 Hieronymi
445 2781 550 2809 calculo
563 2786 647 2809 stare~
660 2789 739 2816 posse
760 2783 944 2816 pronuntiavit

159 2824 188 2851 in
204 2829 276 2853 tomo
301 2825 324 2853 ll
348 2826 466 2862 Operum
491 2828 577 2856 sancti
597 2828 693 2856 Leonis
715 2836 776 2864 pag.
793 2828 855 2856 900.
875 2829 944 2862 Quot

161 2875 251 2899 autent
261 2878 367 2901 errores
380 2872 424 2901 hic
437 2874 546 2910 cubent,
560 2874 728 2910 postmodum
745 2875 892 2908 apparebit.
902 2875 943 2902 ln-

992 942 1086 978 Cyrilli
1100 941 1248 969 auctoritas
1263 942 1352 969 reddit
1369 951 1375 969 :
1390 942 1433 976 qui
1445 943 1485 968 sui
1500 942 1650 969 decessoris
1663 942 1779 977 elogium

994 988 1084 1015 dedita
1101 994 1184 1022 opera
1210 987 1343 1020 scribens,
1370 995 1426 1014 rem
1441 987 1509 1015 adeo
1537 987 1672 1022 vulgatam
1699 993 1782 1022 atque

993 1037 1118 1060 testatum
1146 1033 1270 1066 ignorare
1285 1041 1337 1060 non
1365 1033 1468 1068 potuit;
1488 1033 1588 1068 quique
1602 1033 1781 1068 quadraginta

991 1086 1038 1106 sea:
1062 1086 1145 1105 annos
1175 1079 1287 1113 integros
1315 1085 1368 1105 non
1399 1078 1571 1113 appellasset,
1600 1078 1646 1113 qui
1676 1083 1780 1105 tantum

991 1125 1167 1160 quadraginta
1192 1125 1306 1159 quinque
1335 1124 1469 1152 fuissent.‘
1479 1124 1569 1158 Quare
1591 1123 1712 1160 etiamsi!
1727 1129 1781 1152 tres

991 1179 1101 1198 mensus
1122 1178 1137 1198 a
1162 1170 1343 1198 Bollandianis
1369 1171 1535 1206 excogitatos
1558 1171 1779 1204 admitteremus,

992 1217 1081 1244 adhuc
1094 1216 1263 1252 probandum
1287 1221 1369 1251 esset,
1386 1221 1443 1244 tres
1461 1217 1522 1246 illos
1536 1217 1644 1245 eosdem
1673 1224 1780 1245 menses

991 1263 1093 1290 diserto
1117 1267 1144 1290 et
1168 1263 1306 1290 luculento
1330 1263 1461 1291 vocabulo
1473 1272 1525 1291 non
1544 1264 1630 1292 solum
1644 1265 1716 1298 anni,
1734 1265 1780 1292 sed

991 1309 1054 1335 anni
1070 1309 1176 1343 integri,
1189 1309 1246 1336 sive
1263 1309 1334 1345 pleni
1346 1315 1374 1336 et
1386 1310 1514 1343 absoluti,
1533 1309 1567 1338 ab
1579 1310 1680 1345 Cyrillo
1695 1311 1780 1338 deno-

992 1353 1042 1379 tari
1054 1353 1183 1387 potuisse.

1028 1418 1057 1445 ll.
1075 1418 1158 1446 Multa
1175 1419 1226 1446 alia
1239 1419 1302 1447 huic
1319 1419 1379 1448 loco
1393 1427 1500 1455 possem
1514 1425 1646 1453 auertere,
1661 1421 1706 1448 sed
1721 1429 1781 1456 quze

992 1465 1069 1493 docte
1082 1469 1109 1492 et
1131 1467 1240 1500 copiose
1268 1466 1377 1494 disserit
1393 1465 1433 1495 Cl.
1458 1465 1696 1498 Montcfalconius,
1710 1467 1781 1494 iuvi-

993 1516 1034 1539 tos
1048 1512 1130 1539 etiam
1147 1513 1225 1540 fateri
1243 1516 1354 1548 cogunt,
1366 1513 1507 1540 Athanasii
1525 1518 1638 1540 mortem
1659 1513 1684 1539 in
1703 1513 1735 1540 A.
1748 1513 1779 1540 D.

992 1558 1054 1590 δτι.
1075 1558 1109 1586 ab
1136 1558 1328 1586 laudatissimis
1355 1559 1422 1586 viris
1444 1559 1543 1586 frustra
1558 1559 1665 1586 referri.
1679 1558 1782 1586 Vereor

994 1608 1082 1631 tamen
1095 1625 1102 1635 ι
1118 1609 1147 1631 ut
1167 1605 1261 1631 eadem
1279 1604 1410 1631 felicitate
1425 1624 1432 1637 ,
1452 1612 1504 1639 qua
1533 1603 1607 1631 illinc
1634 1604 1759 1639 dejicitur
1772 1625 1780 1638 ,

994 1650 1088 1684 conjici
1112 1650 1197 1685 possit
1213 1651 1239 1678 in
1263 1650 1296 1678 A.
1316 1651 1348 1677 Ο.
1366 1651 1427 1682 575,
1454 1650 1680 1685 quemadmodum
1697 1649 1782 1684 conji-

995 1696 1118 1722 cicndam
1133 1703 1192 1723 esse
1205 1703 1258 1723 non
1272 1696 1396 1723 dubitant
1415 1700 1580 1730 przcstautcs
1596 1696 1646 1722 viri
1671 1695 1780 1731 Pagius,

995 1740 1183 1769 Tillemontius
1201 1746 1228 1769 et
1254 1746 1314 1776 post
1326 1749 1372 1769 eos
1398 1741 1632 1775 Montefalconius,
1666 1743 1712 1777 qui
1733 1750 1781 1776 po-

993 1792 1112 1815 stremus
1128 1788 1252 1815 omnium
1264 1788 1401 1815 uberrime
1417 1788 1488 1816 hanc
1511 1792 1630 1823 spartam
1653 1789 1779 1822 ornavit,

995 1834 1031 1860 ita
1045 1840 1072 1860 ut
1090 1834 1156 1861 nihil
1170 1834 1222 1861 sibi
1244 1834 1338 1869 reliqui
1360 1833 1454 1861 fecerit
1469 1834 1494 1860 in
1518 1841 1549 1861 ea
1568 1842 1649 1869 quatit
1678 1843 1780 1863 memo-

993 1880 1050 1907 ravi
1066 1880 1179 1913 epistola
1197 1880 1230 1908 de
1250 1879 1412 1907 Narratione
1433 1879 1533 1914 Rufini.
1548 1880 1656 1908 Fundus
1674 1882 1699 1908 in
1727 1889 1781 1917 quo

994 1925 1059 1952 tanti
1080 1925 1129 1952 \‘iri
1149 1926 1303 1953 consistunt
1329 1930 1370 1953 est
1392 1926 1504 1960 epistola
1530 1927 1644 1954 Proterii
1661 1927 1781 1955 Alexan-

993 1972 1063 1999 drini
1082 1971 1114 1998 ad
1143 1970 1299 2006 p0ntilicein
1326 1972 1444 2000 Leonem
1467 1973 1592 2007 Magnum
1620 1974 1652 2000 A.
1680 1974 1712 2001 l).
1729 1973 1781 2000 454

993 2019 1157 2053 couscripta,
1186 2026 1266 2053 quam
1293 2024 1352 2053 post
1377 2019 1516 2046 Petavium
1548 2019 1642 2047 Latine
1665 2019 1782 2055 vulgavit

993 2064 1118 2100 (Egidins
1148 2064 1298 2093 Burherins
1323 2066 1349 2092 in
1371 2065 1572 2093 Commentario
1597 2066 1636 2093 De
1660 2067 1782 2093 doctrina

994 2115 1137 2144 temporum
1149 2119 1158 2143 ;
1174 2110 1209 2137 ibi
1228 2110 1299 2137 enim
1312 2117 1372 2145 pag.
1384 2109 1418 2137 84
1433 2110 1491 2137 hmo
1503 2110 1628 2145 leguntur
1641 2120 1647 2137 :
1663 2110 1695 2137 ln
1709 2115 1782 2137 octo-

993 2157 1091 2190 gesinto
1108 2164 1176 2183 nono
1194 2164 1263 2183 antro
1282 2156 1314 2183 ab
1331 2156 1443 2190 imperio
1461 2155 1628 2190 Diocletiani,
1645 2157 1781 2190 superstite

995 2203 1077 2230 beatw
1090 2203 1222 2229 memoria:
1244 2207 1318 2236 patre
1340 2209 1428 2229 nostro
1451 2207 1476 2229 et
1501 2203 1620 2237 episcopo
1639 2203 1781 2229 Anastasio

1259 2257 1318 2275 cum
1334 2257 1378 2276 xiv
1393 2248 1456 2275 luna
1484 2248 1621 2275 Paschalis
1635 2255 1716 2275 xxvtn
1738 2249 1781 2275 die

994 2293 1090 2320 mensis
1103 2292 1270 2325 Pliaminolh,
1283 2294 1309 2320 id
1321 2300 1357 2320 est
1371 2302 1438 2320 nono
1455 2293 1635 2321 Kalendarum
1650 2293 1780 2328 Aprilium

994 2339 1036 2366 die
1046 2342 1214 2374 provenisset,
1230 2340 1272 2367 die
1286 2340 1433 2373 Dominica,
1444 2341 1470 2367 in
1483 2341 1678 2375 subsequentem
1693 2345 1781 2366 trans—

1000 2385 1056 2411 lata
1072 2390 1110 2412 est
1126 2385 1323 2418 hebdomadem,
1341 2387 1377 2412 ita
1401 2390 1429 2412 ut
1449 2386 1540 2421 quinta
1560 2386 1602 2412 die
1631 2384 1779 2419 Pharmati,

993 2430 1042 2456 hoc
1061 2435 1097 2456 est
1125 2430 1208 2464 pridie
1230 2429 1414 2458 Kalendarum
1434 2431 1578 2465 Aprilium,
1600 2430 1775 2458 celebraretur

993 2475 1098 2503 Pascha
1122 2476 1298 2503 Dominicum.

1029 2543 1076 2570 liae
1105 2548 1174 2569 noue
1198 2543 1394 2579 chronologicaa
1418 2544 1444 2572 in
1469 2552 1571 2571 annum
1595 2543 1699 2571 Domini
1727 2543 1781 2571 575

994 2591 1128 2625 quadrare
1160 2594 1330 2617 noscuntur:
1356 2597 1409 2624 quo
1432 2590 1534 2617 Pascha
1562 2591 1588 2617 in
1615 2590 1782 2624 subsequen-

994 2642 1047 2664 tem
1073 2636 1248 2668 Dominicam,
1275 2638 1333 2664 sive
1361 2637 1433 2664 diem
1457 2644 1522 2663 xui
1550 2635 1639 2662 Martii
1663 2635 1766 2663 transla

994 2687 1050 2710 tum
1080 2682 1162 2710 fuisse
1188 2682 1269 2709 tradit
1285 2682 1421 2717 epistola:
1449 2687 1478 2710 et
1506 2682 1653 2716 superstite
1667 2682 1777 2716 quidem

993 2729 1154 2760 Athanasio,
1171 2729 1217 2763 qui
1234 2729 1406 2763 postmodum
1438 2728 1510 2755 inter
1535 2728 1663 2755 mortales
1689 2728 1780 2756 vivere

994 2775 1116 2806 desierit.
1131 2775 1154 2802 si
1168 2773 1351 2802 assertoribus
1365 2775 1485 2810 ejusdem
1511 2774 1575 2801 anni
1606 2774 1658 2801 575
1672 2774 1781 2801 auscul-

995 2824 1052 2848 tare
1068 2820 1193 2848 velimus.
1207 2819 1269 2848 Haec
1283 2820 1354 2848 enim
1367 2820 1449 2847 variis
1469 2820 1556 2847 doctis
1574 2823 1778 2854 persuaserunt,

995 2872 1150 2900 Supremum
1168 2865 1238 2893 diem
1251 2865 1392 2894 Athanasii
1403 2870 1478 2894 extra
1495 2865 1527 2893 A.
1541 2865 1572 2893 Β.
1588 2865 1641 2893 575
1651 2873 1704 2893 non
1719 2871 1780 2893 esse
