2027 3042
261 164 336 185 CCLIV

920 156 1104 185 PROLEGOM
1109 157 1184 185 ENA.

261 208 446 247 querendum.
473 211 527 242 Nec
540 211 662 247 profecto
689 211 795 239 illorum
815 215 948 240 sententia
975 215 1044 242 male
1057 217 1080 244 Α
1095 213 1220 241 mercede
1236 211 1354 239 restituti
1373 211 1462 240 catulo
1473 220 1523 239 suo
1542 213 1680 241 oculorum
1693 221 1769 247 u5us,
1787 215 1877 244 Marco

263 258 436 292 procederet,
452 258 634 285 dummodo-et
645 258 741 292 reliqui
754 258 940 292 characteres,
950 267 1044 294 quem-

261 303 403 330 admodum
418 303 452 330 ab
466 303 500 331 A.
515 304 546 332 ι).
569 303 618 330 571
638 303 795 336 abhorrent,
809 303 846 331 ita
866 309 893 331 et
913 312 973 332 cum
986 305 1044 331 vul-

261 354 323 383 gato
334 349 448 376 Proterii
467 348 569 376 calculo
583 349 610 376 in
627 357 726 377 annum
743 351 796 378 575
823 355 919 385 sponte
943 357 990 377 sua
1015 356 1043 377 et

261 401 338 428 aequo
356 395 424 429 pede
446 399 650 423 concurrerent.
675 396 774 423 Verum
790 396 835 424 hic
862 396 972 424 Rhodus
1001 397 1044 424 hic

261 441 363 474 saltus;
379 440 424 468 ubi
439 442 510 468 enim
532 442 602 469 hanc
624 443 841 477 supputationem
857 443 982 477 amplecti
997 450 1043 470 ve-

261 486 351 520 limus,
365 494 451 514 annos
466 487 606 515 Athanasii
619 496 672 516 non
684 493 788 516 tantum
801 489 979 524 quadraginta
996 497 1043 516 sea:

260 531 377 567 integros
394 540 427 560 ex
443 537 565 560 veterum
590 535 751 569 scriptorum
766 542 898 562 consensu
921 535 957 562 illi
972 534 1045 561 attri-

260 579 339 607 butos
358 580 572 613 numerabimus,
591 582 637 608 sed
662 582 839 616 quadraginta
864 587 970 617 septem,
984 583 1045 609 uni-

261 632 343 653 versa
362 626 524 661 antiquitate
542 627 717 660 reclamante,
735 628 870 655 numerari
882 628 1043 655 videbimus.

260 670 349 706 Atque
359 671 418 698 haec
430 678 509 698 causa
523 677 563 699 est
574 680 623 699 cur
641 673 725 699 tutius
754 678 782 700 et
804 673 971 700 commodius
987 673 1044 700 exi-

260 716 368 744 stimem
381 737 389 749 ,
410 724 444 744 ne
470 716 551 744 latum
566 718 672 752 quidem
688 725 802 753 unguem
813 718 953 746 deflectere
965 727 980 746 a
992 719 1044 746 Ba-

261 762 331 790 ronii
344 763 489 796 sententia,
501 764 547 799 qui
563 764 596 790 A.
614 763 644 791 Ι).
667 764 731 797 572,
750 763 764 800 ς
780 764 824 797 12,
843 764 964 792 Socratis
987 765 1043 792 col-

261 805 332 842 legio
343 807 479 835 consulari
494 807 660 843 posthabito,
675 808 738 835 licet
753 809 787 835 ab
802 815 831 836 sc
844 809 908 836 olim
931 814 1044 844 excepto

261 851 289 880 in
303 853 375 880 notis
389 854 422 881 ad
435 854 668 889 Martyrologium,
679 855 736 882 haec
750 855 847 883 litteris
857 855 1042 891 consignavit:

1100 259 1201 290 abbati,
1218 258 1324 285 Marcus
1349 262 1439 293 postea
1457 259 1605 287 Athanasio
1630 261 1776 289 obtulerat.
1792 262 1819 289 Ill
1842 271 1874 289 ex

1096 312 1143 331 ore
1159 304 1278 331 Melania:
1293 311 1322 331 se
1339 304 1475 339 accepisse
1490 305 1571 332 tradit
1586 305 1723 333 Palladius
1738 306 1765 333 in
1787 306 1875 333 Para-

1095 351 1152 376 diso
1184 349 1340 382 Heraclidis,
1360 357 1421 384 cap.
1436 350 1463 383 6,
1480 357 1540 386 pag.
1567 350 1620 378 951
1635 351 1761 379 editionis
1775 360 1794 379 ιι
1821 351 1875 379 He-

1095 396 1189 423 riberti
1205 396 1356 431 llosweydi.
1379 395 1434 423 Hac
1457 396 1527 423 enim
1547 397 1658 431 antiqua
1679 398 1803 425 versione
1827 398 1876 425 Hi—

1097 443 1187 469 storia:
1204 441 1341 469 Lausiaca:
1358 442 1402 470 hic
1419 442 1533 469 libenter
1562 447 1643 477 atque
1672 443 1735 471 alibi
1751 444 1852 471 utimur
1865 466 1873 477 ,

1095 488 1309 523 quotiescunque
1338 488 1476 516 recentior
1492 488 1626 523 interpres
1648 488 1797 517 Gentianus
1810 489 1874 517 Her-

1096 538 1174 561 retus
1185 533 1219 561 ob
1229 533 1317 561 Graeci
1334 533 1434 561 codicis
1452 534 1653 568 corruptionem
1669 534 1703 562 ab
1715 542 1807 563 errore
1822 543 1874 562 non

1096 583 1184 606 vacat.
1213 579 1285 606 Sane
1315 579 1520 614 haudquaquam
1546 587 1645 607 vacare
1669 580 1876 614 deprehenditur

1095 632 1155 659 cap.
1174 624 1209 651 20
1226 624 1260 652 de
1271 624 1351 652 ovina
1379 624 1447 659 pelle
1463 632 1615 652 sermonem
1637 625 1748 653 faciens.
1763 625 1814 653 Adi
1826 625 1876 653 Pa-

1095 669 1168 705 gium
1182 669 1216 697 A.
1237 669 1270 697 D.
1285 669 1348 703 572,
1363 670 1377 705 §
1390 669 1434 701 19,
1452 670 1497 697 ubi
1517 670 1605 698 locum
1621 678 1653 698 ex
1665 671 1817 705 conjectura
1833 671 1875 698 fc-

1095 716 1183 744 liciter
1196 716 1359 748 emendavit,
1372 717 1405 743 ad
1416 724 1494 751 quem
1505 717 1644 751 multiplici
1657 717 1720 744 limo
1728 717 1875 749 turbatum,

1095 762 1205 789 haesisse
1221 761 1358 796 comperio
1378 770 1429 789 non
1453 763 1541 790 solum
1565 763 1741 798 [tosweydum
1763 763 1788 790 in
1805 764 1877 791 notis

1096 809 1129 835 ad
1147 807 1295 835 Palladium
1311 815 1374 843 pag.
1391 807 1452 840 786,
1467 808 1480 843 §
1497 808 1541 842 52,
1563 810 1610 837 sed
1626 814 1754 844 praeterea
1765 809 1876 837 Cltitile-
1918 821 1920 823 ·

1096 854 1161 881 tium
1175 855 1202 881 in
1219 854 1335 881 Paulino
1346 854 1489 888 illastrato,
1507 861 1581 891 parte
1595 864 1626 888 ll,
1639 863 1699 891 pag.
1717 857 1762 888 11,
1779 861 1805 882 et
1820 855 1876 884 Til-

261 898 319 926 Hoc
332 898 394 925 item
412 907 493 932 anno,
508 900 651 934 iisdemque
673 901 822 928 consulibus
850 901 859 936 (
872 900 990 928 Modesto
1019 906 1043 928 et
1060 899 1081 928 Β
1096 899 1251 927 lemontium
1263 901 1296 928 ad
1315 899 1401 927 Vitam
1415 901 1498 928 sancti
1512 901 1636 934 Macarii,
1653 906 1725 929 tomo
1739 901 1804 934 Vill,
1814 910 1875 936 pag.

262 944 410 980 Arintheo),
429 950 535 972 sanctus
554 946 716 974 Athanasius
731 947 865 981 episcopus
886 947 1044 974 Alexandri-

261 999 310 1018 nus
320 997 377 1026 post
390 992 541 1019 innumeros
557 1000 604 1027 pro
622 994 719 1020 tuenda
738 993 790 1027 [ide
814 993 943 1020 catholica
956 1001 1045 1020 susce-

260 1041 319 1072 ptos
341 1037 454 1070 labores,
481 1046 540 1064 cum
556 1039 662 1065 sedisset
678 1047 761 1066 annos
777 1045 964 1070 QUADRAGINTA
982 1046 1043 1070 sex,

261 1087 333 1109 sexto
352 1091 433 1109 nonas
447 1082 512 1110 Maii
525 1083 626 1111 solutus
639 1084 725 1110 carnis
741 1084 862 1118 vinculis,
885 1089 1043 1117 accepturus

260 1128 469 1156 immortalitatis
501 1138 624 1157 coronam
651 1131 771 1165 migrauit
796 1131 824 1158 in
856 1130 958 1158 uelum.
991 1131 1042 1158 Hic

261 1173 346 1207 primo
357 1175 512 1210 corrigimus
533 1177 604 1211 quod
627 1176 774 1212 aliquando
790 1184 848 1203 cum
866 1175 974 1205 Socrate
998 1185 1045 1205 nos

261 1220 360 1248 dixisse
376 1222 554 1262 meminimus,
578 1223 665 1257 ipsum
687 1231 757 1249 anno
781 1224 935 1257 superiori,
955 1231 1044 1258 nempe

262 1267 444 1295 trecentesimo
473 1269 665 1303 septuagesimo
686 1269 783 1303 primo,
801 1269 952 1304 defunctum
977 1278 1042 1298 esse.

261 1311 348 1340 Porro
361 1321 421 1340 cum
444 1318 544 1341 constet
559 1322 629 1341 anno
642 1315 786 1350 sequentia
797 1313 907 1342 Nicteno
923 1315 1044 1348 concilio,

262 1366 352 1392 nempe
368 1358 475 1386 Domini
503 1361 684 1387 trecentesimo
702 1361 822 1388 vicesimo
842 1366 915 1388 sexto
927 1380 935 1393 ,
965 1361 1046 1395 fuisse

263 1409 381 1431 creatum
405 1406 554 1440 episcopum
572 1406 802 1439 Alexandrinum;
821 1407 855 1433 ad
872 1407 940 1433 hunc
966 1414 1046 1442 usque

264 1459 364 1478 annum
385 1452 502 1485 oportuit
523 1452 689 1485 peruenisse;
715 1452 776 1479 licet
801 1453 871 1486 apud
892 1451 1046 1487 Hieronymi

263 1495 415 1523 Chronicon
431 1504 500 1523 anno
519 1497 638 1531 sequenti
650 1502 767 1531 ponatur
781 1497 933 1524 substitutio
943 1505 1046 1524 succes-

263 1541 343 1568 soris.
359 1540 398 1568 lta
413 1541 546 1570 Baronius
560 1551 568 1569 :
596 1542 673 1578 cujus
685 1548 775 1570 tamen
792 1542 904 1571 calculis
918 1542 1046 1578 Hierony-

264 1594 338 1613 mum
353 1587 435 1614 etiam
449 1587 604 1621 concinere,
626 1594 705 1615 secus
718 1593 799 1623 atque
818 1589 869 1623 ipsi
894 1588 981 1616 visum
995 1593 1045 1620 est,

265 1629 381 1658 inferius
400 1631 567 1659 monstrabo.
583 1632 656 1660 ldem
676 1633 718 1660 vir
732 1638 893 1668 purpuratus
906 1638 1047 1668 postquam

264 1675 354 1710 [lu/ini
367 1680 423 1704 tum
448 1677 475 1704 in
499 1677 616 1714 {Egypto
632 1687 694 1707 cum
722 1679 839 1706 Melania
855 1680 1002 1711 versantis,
1022 1684 1049 1706 et

264 1723 360 1758 Cyrilli
374 1731 481 1759 quoque
499 1725 673 1753 Alexandrini
689 1725 840 1754 testimonia
862 1727 895 1754 de
918 1727 1003 1754 annis:
1016 1727 1049 1754 ab

265 1768 416 1797 Athanasio
434 1770 459 1796 in
477 1771 633 1806 episcopatu
649 1772 805 1805 transactis,
827 1772 980 1806 recitasset,
996 1771 1048 1807 Cy-

266 1814 356 1841 rillum
378 1815 434 1842 Itth
460 1817 550 1843 omnia
573 1816 789 1851 exploratissimo
816 1817 937 1844 habuisse
954 1818 1051 1845 merito

266 1865 370 1894 censet,
386 1866 476 1896 utpote
492 1862 610 1896 ejusdem
629 1860 756 1890 Ecclesiae
782 1862 951 1896 episcopum;
970 1867 1050 1898 atque

267 1906 331 1933 hinc
345 1907 476 1933 mendacii
499 1907 638 1934 Socratem
669 1908 768 1942 arguit,
797 1908 843 1943 qui
859 1916 920 1936 cum
944 1909 1051 1936 totidem

268 1951 324 1987 ejus
341 1952 410 1979 sedis
422 1960 505 1979 annos
519 1953 665 1980 Athanasio
684 1954 797 1985 tribuat,
810 1953 950 1981 decessisse
964 1959 1051 1981 tamen

269 1999 307 2025 ait
319 2006 389 2024 anno
406 1998 547 2032 superiori,
570 1998 700 2026 Gratiano
716 2004 740 2026 et
766 1998 854 2026 Probo
880 1999 1050 2033 consulibus;

268 2051 423 2079 quanquam
437 2045 507 2072 haud
518 2052 584 2072 sane
596 2046 737 2073 mentitum
748 2045 886 2074 Socratem
901 2051 966 2081 puto
982 2054 988 2072 :
1005 2045 1051 2073 sed

270 2090 381 2117 humani
395 2089 496 2125 aliquid
508 2098 628 2125 passum,
642 2095 670 2117 ut
681 2091 747 2119 viris
761 2091 844 2118 etiam
872 2091 984 2119 summis
998 2098 1051 2118 non

270 2143 334 2164 raro
344 2136 454 2170 accidit,
464 2144 546 2164 mum
557 2144 605 2171 par
617 2137 756 2164 consulum
768 2138 916 2165 oscitanter
927 2144 975 2171 pro
987 2136 1051 2170 alio,

269 2184 358 2212 eidem
372 2184 508 2219 proximo,
523 2183 671 2218 sumpsisse
682 2190 734 2210 non
745 2183 848 2210 dubito.
866 2182 905 2210 Ad
917 2182 1052 2210 Proteria-

1093 945 1158 974 811.
1177 946 1276 977 Alium,
1293 947 1340 974 sed
1356 946 1470 974 similem
1485 952 1622 980 eventum,
1650 947 1762 975 Ruﬁnus
1775 948 1808 975 de
1819 948 1876 975 Ma-

1094 992 1169 1020 cario
1183 997 1275 1020 narrat
1289 992 1337 1019 lib.
1353 1000 1392 1024 xi,
1409 999 1469 1027 cap.
1481 993 1509 1019 1.
1525 993 1611 1020 Alium
1624 993 1686 1021 item
1699 993 1732 1021 de
1750 993 1803 1021 alio
1820 1001 1878 1021 mo-

1070 1055 1074 1059 μ
1095 1038 1183 1066 nacho
1197 1038 1331 1074 Sulpicius
1344 1039 1369 1066 in
1387 1039 1496 1075 Dialogo
1511 1047 1530 1072 ι,
1552 1047 1611 1074 cap.
1628 1040 1661 1072 9,
1687 1039 1775 1067 locum
1791 1040 1877 1067 Palla-

1096 1085 1132 1113 dii
1154 1093 1240 1121 nuper
1253 1086 1395 1113 adductum
1411 1087 1443 1113 ad
1459 1091 1574 1114 mentem
1594 1086 1668 1122 Pagii
1693 1094 1725 1114 ex
1739 1087 1876 1115 codicibus

1095 1138 1160 1159 mss.
1175 1136 1267 1168 postea
1279 1132 1399 1160 restituit
1418 1132 1636 1160 Montetalconius
1656 1139 1717 1167 pag.
1732 1132 1775 1159 40.

1132 1223 1175 1250 lll.
1190 1223 1301 1251 Constat
1322 1230 1385 1257 ergo
1403 1223 1559 1255 Melanium,
1585 1223 1643 1258 ipsa
1661 1222 1778 1250 Melania
1807 1224 1877 1258 apud

1096 1267 1244 1295 Palladium
1265 1276 1342 1296 suum
1366 1269 1548 1296 necessarium
1564 1272 1700 1300 narrante,
1716 1268 1811 1302 pellem
1824 1269 1878 1296 ovi-

1098 1322 1158 1342 nam
1171 1315 1310 1349 accepisee
1325 1315 1360 1342 ab
1372 1315 1531 1342 Athanasio.
1547 1314 1622 1342 lianc
1636 1319 1723 1342 tamen
1741 1315 1878 1349 accepisse

1100 1369 1153 1388 non
1169 1362 1268 1396 potuit,
1287 1361 1339 1388 nisi
1349 1362 1381 1388 Α.
1396 1361 1427 1388 D.
1443 1361 1507 1394 572,
1523 1367 1575 1395 quo
1591 1360 1734 1396 Egyptum
1745 1361 1876 1393 intravit;

1097 1414 1160 1433 nam
1174 1411 1242 1434 teste
1255 1407 1388 1439 Palladio,
1402 1414 1463 1441 cap.
1479 1407 1540 1439 117,
1553 1414 1599 1434 sex
1613 1413 1720 1433 menses
1731 1411 1833 1434 tantum
1851 1407 1878 1434 in

1098 1452 1216 1487 Egypto
1231 1457 1333 1480 morata
1346 1457 1398 1479 est.
1415 1452 1448 1479 Et
1463 1451 1689 1487 quemadmodum
1702 1451 1808 1479 Marcus
1821 1458 1879 1479 mo-

1101 1497 1204 1525 riturus
1222 1497 1316 1532 pellem
1334 1497 1485 1524 Athanasio
1508 1497 1676 1531 reliquerat,
1702 1497 1739 1524 ita
1756 1502 1783 1524 et
1797 1497 1881 1525 Atha-

1103 1543 1208 1570 nasium
1225 1543 1330 1570 nonnisi
1346 1543 1505 1570 moriturum
1519 1543 1612 1570 eodem
1625 1543 1658 1572 A.
1676 1542 1707 1572 Β.
1733 1543 1785 1570 572
1801 1543 1881 1570 Mela-

1100 1589 1151 1616 nite
1171 1588 1244 1615 illam
1260 1588 1400 1622 reliquisse
1415 1595 1464 1622 pro
1476 1591 1551 1614 certo
1564 1587 1658 1614 habeo.
1673 1587 1727 1615 Cur
1737 1588 1808 1615 enim
1824 1593 1880 1615 tarn

1099 1633 1154 1661 cito
1169 1638 1315 1668 antequam
1328 1637 1479 1659 moreretur
1499 1632 1633 1667 pretiosas
1660 1633 1773 1661 exuvias
1793 1640 1808 1660 a
1821 1633 1881 1660 viro

1100 1682 1195 1706 sancto
1219 1678 1364 1713 postremis
1381 1677 1480 1704 tabulis
1502 1677 1554 1704 sibi
1571 1676 1690 1710 relictas,
1705 1678 1731 1704 in
1750 1682 1882 1706 matronae

1100 1725 1215 1761 insignis
1243 1725 1361 1759 quidem,
1389 1724 1438 1751 sed
1470 1723 1630 1758 peregrinae,
1652 1728 1679 1751 et
1700 1723 1808 1751 vixdum
1828 1725 1881 1752 sibi

1106 1771 1221 1799 fortasse
1246 1775 1316 1798 notae
1339 1769 1535 1805 possessionem
1559 1769 1706 1797 transferre
1727 1769 1882 1797 voluisset?

1101 1817 1181 1845 Aliud
1204 1817 1231 1844 in
1257 1817 1310 1844 hac
1337 1815 1533 1850 disceptatione
1547 1814 1663 1842 validum
1691 1820 1879 1849 argumentum

1103 1864 1222 1898 suppetit
1236 1870 1270 1890 ex
1295 1861 1403 1895 Ruﬁno,
1430 1862 1456 1888 in
1472 1868 1502 1888 re
1522 1868 1602 1896 quam
1619 1861 1700 1894 vidit,
1713 1860 1766 1889 fide
1779 1861 1883 1896 dignis-

1105 1911 1192 1944 simo;
1209 1910 1232 1937 is
1245 1910 1316 1937 enim
1331 1910 1357 1937 in
1369 1909 1416 1937 lib.
1434 1917 1471 1942 ιι,
1485 1916 1546 1943 cap.
1562 1908 1590 1941 2,
1607 1913 1635 1936 et
1651 1908 1667 1935 5
1683 1911 1809 1939 testatur,
1820 1907 1884 1934 Ale-

1108 1955 1229 1983 xandriae
1254 1962 1387 1982 conrnune
1414 1959 1470 1988 post
1488 1953 1626 1980 Athanasii
1643 1953 1739 1980 obitum
1759 1958 1883 1986 persecu-

1110 2003 1210 2030 tionem
1227 2003 1254 2029 in
1266 2001 1419 2029 Catholicos
1441 1999 1631 2028 excitatamab
1653 1999 1769 2030 Arianis,
1785 1998 1884 2033 quibus

1106 2048 1207 2075 Valens
1225 2048 1362 2083 Augustus
1375 2047 1493 2080 favebat,
1511 2046 1622 2073 Tatiano
1636 2045 1803 2072 Alexandria:
1815 2052 1885 2078 prte-

1105 2094 1205 2120 sidente
1216 2101 1225 2119 :
1242 2093 1312 2128 quod
1328 2092 1433 2120 nonnisi
1449 2093 1480 2121 A.
1504 2092 1533 2119 D.
1548 2090 1601 2117 572
1620 2090 1774 2124 contingere
1787 2089 1882 2123 potuit.

1105 2139 1211 2166 Etenim
1227 2146 1297 2166 anno
1311 2138 1434 2173 sequenti
1448 2137 1510 2170 575,
1525 2144 1577 2164 non
1601 2135 1715 2170 amplius
1743 2134 1883 2166 'I'atianus,

1108 2185 1155 2212 sed
1173 2183 1325 2217 Palladius,
1337 2184 1383 2218 qui
1396 2183 1483 2210 eidem
1498 2182 1525 2209 in
1540 2180 1697 2216 praefectura
1707 2178 1816 2215 Egypti
1827 2186 1885 2206 suc-

271 2237 333 2257 nam
345 2230 496 2265 epistolam,
517 2237 609 2265 quam,
627 2233 723 2264 utpote
735 2236 784 2256 suo
800 2233 922 2263 tempore
935 2228 1048 2255 necdum
1064 2235 1090 2266 υ
1103 2235 1234 2263 cesserat,
1247 2229 1417 2256 Alexandriae
1430 2227 1600 2264 pmsidebat,
1610 2234 1643 2254 ex
1661 2226 1772 2252 Socrate
1782 2225 1827 2252 lib.
1846 2232 1883 2256 tv,

269 2276 381 2309 editam,
396 2276 530 2305 Baronius
556 2283 608 2304 non
637 2276 715 2309 vidit,
744 2275 916 2310 postmodum
931 2278 1052 2302 reverte-

269 2330 341 2350 mur.

308 2367 381 2396 Sane
406 2372 506 2404 praeter
537 2371 661 2395 exactum
683 2366 726 2401 et:
740 2365 900 2402 praefinitum
922 2373 1053 2393 annorum

269 2422 424 2448 numerum,
437 2418 534 2442 caztera
556 2413 647 2440 omnia
669 2413 731 2440 huic
753 2413 786 2439 A.
814 2413 845 2440 D.
868 2413 920 2441 572
943 2420 1054 2447 prorsus

270 2459 444 2490 conveniunt,
457 2466 516 2494 quae
530 2465 616 2493 neque
629 2458 662 2485 A.
678 2458 708 2485 D.
722 2458 786 2490 571,
801 2465 890 2493 neque
901 2457 1053 2492 575_aptari

271 2506 326 2533 ullo
341 2507 421 2534 modo
433 2509 556 2540 possunt,
580 2509 610 2532 ut
633 2504 724 2532 statim
744 2504 826 2531 visuri
838 2511 942 2531 sumus.
954 2503 987 2531 Et
999 2504 1055 2538 pri-

271 2559 346 2578 mum
359 2551 424 2578 illud
437 2551 601 2585 peculiarem
612 2550 829 2578 observationem
840 2554 970 2580 meretur,
983 2548 1054 2584 quod

272 2605 325 2624 non
341 2595 534 2632 solumPagius
547 2597 580 2624 A.
595 2595 625 2623 Ι).
637 2595 699 2628 572,
712 2595 726 2630 §
741 2595 785 2628 15,
798 2595 845 2622 sed
860 2594 941 2622 etiam
951 2593 1055 2620 Monte-

272 2643 405 2670 falconius
435 2650 497 2678 pag.
512 2643 566 2676 11,
581 2649 635 2670 uno
658 2648 706 2669 ore
729 2641 903 2672 confirmant,
928 2639 1054 2666 Ruﬁnum

272 2689 377 2717 scilicet
390 2696 421 2716 ac
438 2688 592 2719 Melaniam,
604 2687 650 2722 qui
664 2687 699 2714 Δ.
715 2686 747 2714 D.
769 2686 833 2718 571,
847 2686 982 2721 ingruente
996 2684 1055 2718 jam

273 2736 376 2768 hieme,
400 2743 433 2764 ex
451 2734 608 2768 Hieronymi
638 2733 750 2768 epistola
776 2732 829 2765 22,
857 2731 924 2759 alias
948 2730 1000 2763 25,
1028 2730 1055 2757 in

273 2780 446 2808 Palzestinam
459 2779 619 2815 profecturi,
640 2785 675 2806 ex
690 2778 761 2806 Urbe
780 2778 972 2808 discesserant,
992 2774 1056 2802 Ale-

276 2826 399 2854 xandria:
416 2827 488 2854 visos
506 2826 538 2853 A.
560 2825 591 2852 D.
607 2825 670 2856 572,
688 2831 741 2858 quo
765 2822 878 2850 Melania
903 2822 938 2848 ab
963 2825 1056 2848 sancto

276 2871 427 2899 Athanasio
451 2870 519 2905 pelle
534 2870 614 2898 ovina
627 2871 724 2897 donata
749 2872 801 2901 est,
821 2874 902 2902 quam
915 2867 1001 2902 hyena
1029 2865 1056 2894 in

1107 2282 1168 2309 cap.
1178 2274 1221 2306 20,
1237 2279 1265 2302 et
1282 2282 1314 2302 ex
1332 2273 1500 2301 Theodoreto
1511 2272 1558 2299 lib.
1576 2279 1613 2303 IV,
1629 2277 1690 2305 cap.
1706 2269 1754 2296 22.
1773 2268 1884 2302 Ruﬁnus

1107 2329 1188 2356 porro
1204 2328 1310 2348 onmem
1330 2320 1380 2347 hac
1401 2320 1428 2346 in
1440 2325 1522 2346 causa
1536 2317 1732 2345 dubitationem
1747 2315 1884 2345 convellit,

1104 2368 1168 2396 dum
1196 2367 1352 2403 przefectum
1378 2365 1508 2398 nominat,
1529 2363 1579 2391 sub
1603 2369 1657 2398 quo
1677 2368 1808 2389 conriuuo
1829 2365 1885 2395 post

1104 2414 1243 2441 Athanasii
1262 2413 1360 2440 obitum
1383 2419 1415 2439 ea
1432 2409 1583 2446 persecutio
1604 2408 1706 2436 exarsit
1720 2417 1735 2440 :_
1754 2407 1780 2434 in
1794 2415 1845 2445 qua
1859 2412 1886 2434 et.

1106 2462 1224 2496 ipsemet
1240 2459 1350 2492 Ruﬁnus
1374 2457 1468 2485 exsilia
1488 2461 1516 2483 et
1537 2461 1661 2483 carceres
1687 2453 1789 2486 subiit;
1816 2453 1886 2480 unde

1103 2507 1141 2534 ait
1154 2516 1159 2534 :
1175 2505 1242 2538 Quae
1253 2512 1365 2539 prtcsens
1376 2510 1443 2534 vmt,
1453 2503 1559 2537 loquor;
1572 2505 1693 2528 eteorum
1703 2505 1777 2535 gesta
1788 2499 1885 2533 refero,

1112 2561 1228 2589 quorum
1239 2551 1404 2586 pastionibus
1421 2549 1507 2576 socius
1521 2556 1576 2575 esse
1589 2547 1731 2582 promerui.
1743 2545 1885 2573 Melanium

1105 2601 1132 2626 in
1147 2599 1196 2627 hac
1210 2600 1304 2626 eadem
1317 2596 1515 2633 persecutione,
1529 2601 1662 2622 CONTINUO
1677 2597 1734 2628 post
1749 2591 1886 2619 Athanasii

1106 2643 1209 2670 obitum
1222 2641 1349 2673 conflata,
1365 2641 1435 2667 intra
1455 2639 1515 2666 illos
1530 2646 1576 2665 sea:
1591 2645 1701 2669 menses,
1715 2643 1782 2671 quos
1798 2636 1824 2663 in
1837 2635 1883 2663 ιΕ-

1110 2694 1192 2723 gypto
1206 2688 1338 2723 transegit
1354 2687 1388 2713 A.
1418 2685 1450 2713 D.
1465 2685 1527 2717 572,
1545 2684 1650 2718 fugatos
1662 2688 1690 2710 et
1705 2682 1888 2718 apprehensus

1109 2735 1238 2767 fovendo,
1254 2733 1410 2762 Christiana
1439 2732 1538 2759 virtute
1557 2730 1726 2761 excelluisse,
1749 2733 1885 2755 auctorem

1107 2782 1194 2810 habeo
1210 2781 1351 2809 Paulinum
1362 2779 1506 2810 Nolanum,
1523 2778 1568 2812 qui
1592 2777 1671 2811 epist.
1684 2769 1802 2803 29'alias
1816 2772 1886 2807 10,§

1107 2829 1152 2862 H,
1174 2829 1231 2855 haec
1242 2836 1294 2855 non
1313 2825 1497 2861 perfunctorie
1513 2823 1623 2858 legenda
1653 2821 1746 2850 scribit
1755 2820 1788 2848 ad
1804 2818 1887 2852 Seve:

1110 2881 1170 2902 rum
1183 2873 1331 2906 Sulpicium
1347 2882 1353 2900 ί
1372 2871 1409 2899 De
1429 2869 1618 2898 multis-tamen
1633 2867 1661 2894 in
1678 2867 1725 2909 illa
1749 2862 1885 2896 (Melania)
