2027 3042
638 173 683 200 DE
702 165 797 203 ANNO
816 175 1021 204 EMORTUALI
1046 176 1074 204 S.
1097 176 1304 205 ATIIANASll.'

1718 182 1784 204 CCLV

165 229 301 257 νῖνιυιῖιηιι
318 228 386 262 Dei.
407 237 488 256 "nam
518 230 619 262 saltem,
642 232 674 259 de
702 240 754 268 qua
781 235 838 268 ejus
865 234 952 260 omnia
968 237 991 264 Α
1005 237 1073 267 viil;
1090 235 1224 269 posterius
1238 241 1303 262 vero
1328 233 1471 264 Palladius,
1492 232 1538 267 qui
1565 231 1784 266 persecutionem

165 275 326 302 testimentur
340 283 429 308 opera.
439 275 588 310 prtedicabo
597 285 606 303 :
617 276 741 313 Tempore
754 278 800 306 illo
821 278 945 312 Valentis,

164 320 267 354 quando
295 319 438 348 Ecclesium
460 322 506 349 Dei
529 323 580 350 vivi
603 323 680 358 furor
699 324 870 357 Arianorum,
889 333 947 360 rege

163 366 221 400 ipso
245 367 385 400 impietatis
417 368 538 400 satellite,
571 370 781 404 persequebatur,
804 371 860 397 hare
886 376 942 398 erat

164 414 285 447 princeps
312 413 351 441 vel
369 414 499 449 particeps
516 416 615 443 cunctis
629 424 676 450 pro
699 416 751 450 ﬁde
774 417 943 445 instantibus.

170 457 234 485 Ηωε
249 459 352 494 fugatos
369 461 520 495 recipiebat,
547 467 592 488 aut
618 462 789 496 apprehensus
803 464 946 491 comitaba-

163 508 217 533 tur.
234 504 285 532 Sed
304 513 363 532 cum
380 514 423 533 eos
438 507 574 540 recepisset
593 508 619 535 in
633 508 769 541 latebram,
787 509 831 543 qui
841 514 946 544 propter

169 551 296 586 insignem
314 551 390 585 ﬁdem
405 553 505 587 majore
518 557 542 580 et
553 554 735 581 haereticorum
752 555 812 581 odio
831 555 939 589 infesta-

166 596 272 629 bantur,
286 602 310 623 et
324 598 512 624 occultantium
535 599 722 634 detegebantur
735 601 845 633 invidia,
872 601 945 635 gravi

162 646 224 668 tunc
240 642 369 668 seditione
392 642 530 670 diabolicis
553 643 842 678 [acibusinﬂammatm
868 647 944 680 quasi

163 694 257 717 contra
278 689 358 724 legem
387 690 518 725 publicam
538 696 679 719 contumax
694 693 826 726 protrahi,
850 701 880 720 ac
889 693 945 726 pati

165 735 242 769 jussa
260 739 308 766 est,
329 743 386 769 qua:
402 736 462 762 illas
482 737 631 770 manebant,
651 737 702 764 nisi
714 738 822 771 prodere
834 738 943 765 maluis-

160 785 209 808 set.
226 779 358 808 Processit
382 782 512 815 impavide
523 783 620 817 cupida
640 783 772 818 passionis
803 788 828 810 et
844 784 943 816 injuria

160 825 346 860 publicationis
380 826 525 861 exsultans,
551 830 668 863 quamvis
691 837 742 856 non
772 833 944 864 exspectasset

160 872 241 904 trahi,
257 876 388 899 tracturos
400 873 550 900 antevolans
562 874 596 900 ad
603 874 721 909 judicem
735 882 744 901 :
756 875 802 910 qui
819 875 943 909 confusus

1000 283 1034 310 ab
1062 281 1176 308 Tatiano
1201 280 1346 314 inceptam,
1369 279 1462 306 eadem
1481 282 1578 307 aestate.
1597 277 1785 309 continuavit,

1000 336 1043 355 res
1056 327 1252 355 Alexandrinas
1266 334 1315 361 pro
1330 325 1443 353 Valente
1459 324 1580 360 Augusto
1608 323 1726 358 supremi
1742 321 1785 356 ju-

998 375 1072 402 diecs
1090 372 1349 400 administraverint.
1366 371 1466 406 Agebat
1483 378 1515 398 eo
1538 374 1658 404 tempore
1683 368 1784 396 Valens

997 420 1159 452 Antiochite,
1175 419 1220 446 ubi
1238 419 1323 453 legem
1334 418 1415 452 jussit
1428 418 1469 445 die
1480 425 1529 444 xm
1538 415 1600 443 Maii
1613 423 1646 442 ex
1662 415 1785 443 Chrono—

998 466 1067 499 logia
1080 465 1249 497 Gothofredi,
1265 472 1325 500 pag.
1336 464 1381 493 9L
1392 463 1480 497 Quare
1491 468 1559 491 teste
1571 462 1782 494 Socratelibuv,

995 518 1054 544 cap.
1081 510 1126 542 21,
1160 509 1253 536 Ariani
1284 509 1379 544 absque
1410 516 1484 535 mora
1519 507 1687 541 imperatori,
1721 510 1783 532 tunc

995 556 1142 583 Antiochia:
1155 556 1253 590 agenti,
1275 560 1431 582 curaverunt
1450 554 1653 589 signiﬁcandam
1665 552 1783 579 Athana—

996 603 1028 630 sii
1047 607 1165 629 mortem.
1194 601 1265 629 Idem
1283 601 1430 629 historicus
1441 601 1499 628 haec
1515 605 1607 635 postea
1620 599 1757 634 subjungit
1773 607 1781 626 :

996 647 1093 675 PAUCIS
1109 655 1202 675 urceus
1219 647 1373 682 interjectis,
1392 646 1510 674 Euzaius
1528 646 1696 673 Antiochense
1710 645 1781 672 sedis

995 694 1075 720 simul
1087 699 1109 720 et
1123 694 1251 720 hereseos
1265 694 1372 720 Arianw
1388 701 1494 728 prrcses,
1508 692 1630 726 temporis
1644 691 1780 718 occasione

995 743 1110 770 captata,
1126 739 1237 766 decrevit
1261 740 1299 766 ire
1323 738 1528 770 Alexandriam,
1547 738 1586 764 uti
1609 736 1782 764 administra-

995 786 1092 812 tionem
1104 784 1283 812 Ecclesiarum
1298 785 1396 812 ibidem
1411 784 1492 812 Lucio
1503 783 1708 819 parilerAriano
1722 786 1781 809 tra-

995 830 1076 857 deret.

160 917 326 944 ueneratione
347 919 494 951 priest-ruis,
510 927 561 946 non
576 907 713 947 exsecutus
730 907 767 947 est
778 907 943 954 inﬁdelitatis
959 907 981 937 Β
1029 915 1074 944 W-
1095 916 1158 945 Hatc
1172 917 1228 945 sine
1242 925 1316 945 mam
1344 921 1369 944 et
1389 917 1481 951 paucis
1500 917 1642 951 interjectis
1659 917 1749 944 diebus
1764 924 1779 944 a

159 962 240 994 iram,
267 963 328 989 dum
348 963 410 997 [idsi
422 964 536 991 miratur
547 965 695 992 audaciam.
722 965 785 993 Haec
810 965 940 994 Paulinus

160 1008 195 1036 de
219 1008 333 1036 Melania
350 1029 359 1042 ,
388 1009 414 1036 in
438 1014 503 1037 aestu
534 1011 720 1039 Alexandrinae
749 1013 943 1047 perseeutionis

159 1053 292 1089 intrepida
312 1064 320 1083 :
348 1062 407 1089 quae
426 1055 519 1083 Latine
533 1057 634 1085 referre
654 1057 740 1085 visum
752 1063 804 1091 est,
823 1065 943 1094 propter-

158 1106 189 1127 ea
202 1101 272 1135 quod
299 1102 414 1128 multum
445 1102 477 1129 ad
506 1102 556 1129 hoc
589 1108 774 1139 argumentum
804 1105 939 1132 illustran-

162 1146 225 1173 dum
237 1146 361 1175 conferre
385 1149 536 1176 videantur.
553 1149 591 1177 Ne
605 1157 669 1178 vero
681 1151 748 1178 alios
765 1159 844 1185 quam
864 1151 944 1188 [Egy-

165 1191 239 1224 ptios
255 1192 288 1219 ab
301 1196 412 1220 strenua
429 1194 541 1222 muliere
554 1195 659 1230 adjutos
674 1195 863 1230 intelligamus,
885 1197 942 1224 [nec

159 1235 279 1265 Nolanus
293 1238 405 1266 antistes
416 1239 452 1267 ibi
480 1240 570 1268 statim
588 1241 744 1276 subiungit:
764 1241 865 1269 Eadem
881 1247 943 1270 tem-

157 1287 257 1316 pestate
285 1291 330 1316 per
349 1284 466 1311 triduum
482 1286 594 1321 quinque
611 1287 693 1314 millia
703 1287 888 1315 monachorum
901 1288 943 1315 la—

159 1327 270 1354 tentium
289 1329 403 1362 panibus
411 1330 466 1357 suis
474 1332 555 1365 pavit.
571 1332 608 1359 De
619 1333 758 1360 monachis
766 1332 870 1365 Nitriae,
880 1339 943 1361 tunc

153 1377 220 1408 post
236 1375 311 1402 cives
327 1375 526 1404 Alexandrinos
549 1377 583 1404 ab
607 1378 704 1405 eadem
734 1379 850 1413 procella
867 1387 942 1407 com-

156 1420 269 1453 pressis,
286 1421 340 1456 agit
353 1421 466 1451 Ruﬁnus
480 1422 506 1450 in
523 1422 582 1451 loco
596 1431 611 1450 a
631 1423 709 1451 nobis
729 1424 852 1459 superius
863 1425 931 1452 indi-

157 1469 227 1493 cato.

185 1545 320 1581 'Tatianus
337 1554 437 1586 {mense
463 1555 533 1583 Maio
553 1556 586 1584 A.
606 1557 636 1584 Ι).
649 1557 711 1590 567,
728 1556 844 1593 Egypto
870 1565 939 1593 prte-

157 1604 236 1633 erat,
261 1608 295 1628 ex
326 1601 491 1630 Gothofredo
508 1603 535 1630 in
562 1603 739 1638 Chronologia
757 1604 857 1631 codicis
872 1603 941 1631 The-

155 1645 288 1678 odosiani,
326 1653 388 1680 pag.
413 1647 456 1675 70.
494 1648 595 1675 Auctor
630 1649 784 1682 Farraginis
822 1648 940 1676 Alexan-

160 1691 243 1719 drinae
262 1693 355 1719 testari
373 1693 478 1721 videtur
494 1693 637 1722 Tatianum
654 1694 772 1731 Egypto
801 1695 940 1729 praefuisse

163 1744 212 1772 per
237 1738 454 1773 quadriennium,
474 1740 578 1767 scilicet
604 1740 747 1775 integrum,
761 1748 813 1768 non
830 1749 940 1776 compu-

156 1787 211 1810 tato
235 1783 323 1818 primo
341 1791 424 1816 anno,
445 1793 498 1819 quo
522 1786 621 1820 capit;
646 1793 732 1820 neque
749 1786 851 1819 ultimo,
868 1787 939 1814 haud

154 1827 271 1864 integro,
286 1836 340 1863 quo
355 1829 542 1864 prmiecturam
561 1830 647 1863 llniit,
661 1830 776 1858 fortasse
797 1836 938 1867 propterea

154 1875 225 1909 quod
242 1873 279 1901 illi
293 1875 348 1902 duo
363 1875 426 1902 anni
455 1875 527 1910 pleni
544 1870 721 1912 nonessent;
744 1877 801 1904 sive
820 1877 938 1912 primum

153 1918 302 1953 decessori,
317 1919 442 1947 ultimum
454 1910 606 1949 successori
619 1922 709 1956 potius
722 1922 871 1956 reliquerit.
884 1923 938 1951 Sed

152 1964 224 1992 idem
256 1969 351 1992 auctor
378 1965 421 1992 vel
449 1967 622 2000 sarcinator,
641 1972 734 2001 utpote
761 1968 890 1997 confusus
910 1973 937 1997 et

153 2010 296 2043 barbarus,
312 2019 409 2046 magna
437 2012 496 2039 luce
512 2020 565 2040 non
587 2020 650 2040 raro
668 2013 780 2048 indiget,
802 2019 833 2042 ut
847 2015 936 2043 critici

155 2060 268 2083 norunt.
284 2056 330 2083 Ait
342 2061 430 2084 tamen
448 2057 559 2090 diserte,
574 2058 625 2085 sub
640 2056 752 2085 Tatiano
778 2059 935 2094 Augustalio

152 2101 331 2130 Athanasium
344 2103 454 2136 obiisse,
467 2103 546 2138 eique
559 2103 700 2131 sutiectum
714 2104 824 2132 Petrum
844 2107 935 2134 archi-

151 2148 351 2183 presbyterum.
385 2149 515 2177 Eumdem
541 2149 684 2177 Tatianum
701 2151 735 2179 A.
753 2152 783 2178 D.
800 2151 864 2184 574,
891 2160 936 2180 ex-

150 2194 280 2229 praefecto
303 2195 411 2230 Egypti
443 2197 570 2224 comitem
599 2204 739 2225 sacrarum
762 2198 934 2234 largitionum

151 2239 284 2267 habemus
297 2241 324 2268 in
339 2241 519 2277 Cbronologia
533 2242 710 2276 Gothofredi,
738 2252 799 2279 pag.
824 2245 868 2275 94,
887 2246 934 2273 sed
949 2258 972 2286 ι)

151 2285 249 2312 iterum
262 2291 353 2321 postea
366 2294 415 2322 per
433 2288 578 2316 triennium
599 2289 717 2325 Egypto
731 2291 838 2325 praefuit
851 2290 885 2318 A.
902 2291 932 2318 D.

149 2331 213 2364 574,
225 2332 287 2365 575,
301 2333 363 2365 376,
379 2334 412 2361 de
424 2341 478 2369 quo
491 2340 585 2363 auctor
595 2335 754 2371 Farraginis
774 2336 933 2365 Alexandri-

150 2383 192 2404 ηε
201 2383 261 2412 pag.
278 2377 324 2410 84,
349 2379 395 2406 ubi
424 2383 512 2407 tamen
527 2380 654 2407 consules
678 2381 798 2409 turbatos
811 2388 871 2409 esse
884 2383 933 2410 ob-

149 2427 245 2449 servat
256 2422 450 2452 Gothofredus.
467 2424 536 2458 Quia
549 2432 613 2453 vero
624 2426 650 2452 in
665 2427 759 2454 eadem
772 2427 930 2462 Farragine,

150 2466 268 2496 Modesto
281 2473 307 2495 et
329 2470 454 2497 Arintheo
481 2478 554 2499 coss.
570 2472 660 2499 statim
682 2477 742 2506 post
765 2472 907 2501 Tatianum
923 2494 930 2507 ,

149 2512 261 2541 Publius
277 2516 452 2550 Augustulius
469 2517 591 2544 occurrit
616 2517 698 2553 (quod
714 2519 833 2547 fortasse
850 2520 932 2548 fuerit.

149 2558 260 2587 Palladii
274 2567 439 2596 praenomen,
456 2562 507 2590 nisi
528 2571 589 2590 cum
603 2563 686 2599 Pagio
700 2564 734 2591 A.
747 2564 779 2592 D.
793 2566 845 2593 572
859 2565 872 2602 §
886 2566 929 2598 l2,

149 2603 304 2633 Palladium
321 2614 372 2642 pro
396 2607 493 2635 Publio
511 2609 600 2642 legere
613 2611 760 2644 malimus),
775 2612 838 2639 hinc
850 2613 930 2640 disci-

147 2659 218 2685 mus,
232 2652 283 2680 hoc
297 2653 392 2680 eodem
405 2653 438 2680 A.
452 2654 482 2682 D.
494 2654 558 2687 572,
574 2663 627 2690 quo
639 2657 719 2684 iidem
736 2657 860 2686 consules
873 2666 933 2693 pro-

147 2702 296 2730 cesserunt,
323 2698 465 2726 Tatianum
488 2707 626 2735 egressum
655 2706 682 2729 et
701 2702 851 2730 Palladium
887 2705 928 2731 in-

146 2750 268 2776 gressum
280 2744 468 2778 praefecturam
480 2745 588 2781 Egypti
598 2755 606 2780 ;
618 2747 653 2775 ita
666 2752 695 2775 ut
707 2749 781 2782 prius
798 2755 931 2777 semestre

147 2789 265 2823 spatium
279 2789 424 2824 Tatianus,
444 2791 490 2826 qui
502 2792 594 2819 statim
618 2798 678 2827 post
693 2799 827 2822 mortuum
842 2795 927 2823 Atha-

147 2835 252 2864 nasium
268 2843 361 2865 mense
378 2836 458 2871 Maio,
476 2839 502 2866 in
516 2839 671 2868 Catholicos
683 2840 865 2873 praeferocitcr
877 2849 929 2870 sae-

995 969 1082 990 morte
1110 963 1250 991 Athanasii
1277 963 1336 990 fieri
1366 963 1457 990 omnia
1484 970 1536 990 non
1564 965 1716 997 potuissent
1744 962 1777 989 A.

997 1008 1029 1036 D.
1045 1009 1108 1041 573,
1122 1009 1184 1044 quia
1201 1008 1298 1035 Valens
1316 1008 1404 1035 hieme
1417 1011 1520 1034 tantum
1532 1007 1610 1041 hujus
1623 1007 1686 1034 anni
1703 1015 1780 1034 man-

993 1054 1030 1081 sit
1053 1054 1220 1086 Antiochiae;
1256 1058 1379 1081 mstatem
1410 1060 1492 1086 vero,
1511 1060 1582 1088 .qua
1617 1052 1779 1080 Athanasius

995 1099 1122 1131 obiisset,
1144 1107 1197 1126 non
1213 1099 1379 1132 Antiochize,
1398 1099 1445 1126 sed
1459 1098 1553 1133 procul
1577 1097 1603 1125 in
1627 1098 1696 1126 bello
1713 1105 1779 1126 con-

995 1150 1036 1171 tra
1056 1144 1184 1178 Saporem
1198 1144 1341 1172 Persarum
1363 1151 1452 1180 regem
1471 1144 1589 1172 traduxit
1604 1164 1611 1175 ,
1635 1152 1651 1172 e
1669 1151 1722 1179 quo
1736 1144 1778 1171 vi-

993 1195 1054 1217 ctor
1069 1190 1237 1218 Antiochiam
1255 1191 1288 1217 ad
1301 1191 1398 1218 stativa
1415 1191 1528 1218 hiberna
1543 1191 1681 1219 remeavit.
1694 1190 1730 1217 Ita
1744 1197 1778 1218 ex

993 1236 1135 1263 Ammiano
1158 1241 1185 1263 et
1208 1235 1316 1263 Zosimo
1342 1236 1537 1270 Tillemontius,
1568 1240 1632 1264 tom.
1661 1235 1681 1263 V
1703 1236 1776 1263 ttist.

992 1282 1190 1316 imperatorum,
1217 1289 1278 1317 pag.
1294 1282 1356 1309 l05.
1378 1283 1467 1316 Quare
1486 1282 1584 1310 Valens
1609 1283 1641 1310 A.
1663 1283 1694 1310 ι).
1723 1282 1778 1310 572

992 1331 1112 1354 aestatem
1133 1335 1214 1362 agens
1229 1328 1379 1355 Antiochia:
1397 1328 1520 1356 nuntium
1541 1328 1646 1362 accepit
1657 1329 1690 1355 de
1704 1335 1778 1356 mor-

994 1376 1020 1398 te
1030 1371 1188 1405 Athanasii,
1215 1373 1426 1408 imperavitque,
1453 1378 1483 1400 ut
1507 1378 1601 1400 auctor
1621 1377 1663 1401 est
1679 1373 1776 1401 Socra-

994 1421 1049 1449 tes,
1072 1417 1167 1453 Magno
1189 1419 1281 1446 comiti
1302 1419 1474 1454 largitionum
1505 1425 1533 1446 et
1565 1419 1704 1452 Palladio,
1730 1420 1776 1454 qui

992 1462 1102 1490 Tatiana
1128 1463 1155 1490 in
1175 1464 1335 1498 praefectura
1351 1463 1460 1499 Egypti
1487 1469 1549 1492 tunc
1563 1472 1658 1492 recens
1681 1466 1775 1493 eodem

992 1514 1063 1535 anno
1075 1513 1243 1536 successerat
1253 1527 1260 1541 .
1275 1513 1304 1536 ut
1316 1509 1391 1544 impii
1406 1509 1498 1536 Euzoii
1512 1510 1677 1544 propositum
1691 1511 1778 1545 copiis

993 1553 1153 1582 militaribus
1177 1554 1344 1589 adiuvarent.
1372 1554 1401 1582 In
1428 1555 1480 1583 hoc
1508 1556 1662 1583 Theodorili
1693 1556 1774 1583 etiam

993 1600 1176 1627 testimonium
1195 1599 1356 1634 concurrit,
1371 1601 1417 1635 qui
1432 1601 1479 1629 lib.
1493 1609 1530 1634 tv,
1544 1609 1604 1636 cap.
1617 1602 1756 1636 2l,{tradit
1767 1622 1774 1634 ,

994 1649 1055 1680 post
1071 1645 1229 1673 collocatum
1248 1646 1275 1673 in
1292 1647 1389 1675 throno
1410 1647 1556 1682 pontiﬁcali
1577 1647 1697 1680 Petrum,
1712 1656 1775 1675 con-

991 1690 1078 1725 festim
1101 1691 1248 1726 provincia:
1272 1692 1433 1726 praefectum
1453 1693 1613 1726 Palladium,
1637 1694 1774 1721 hominem

990 1735 1064 1763 cultu
1088 1735 1277 1770 idololatram,
1309 1745 1369 1765 cum
1397 1739 1537 1773 gentilium
1567 1743 1594 1767 et
1620 1739 1774 1768 Judteorum

990 1781 1125 1815 phalange
1149 1783 1292 1810 ecclesiam
1313 1783 1515 1812 Catholicorum
1541 1784 1669 1818 vallasse,
1698 1790 1727 1813 ut
1745 1785 1774 1813 in

989 1826 1100 1854 Petrum
1119 1834 1216 1872 manus
1232 1828 1368 1856 iniiceret.

1025 1914 1058 1942 V.
1081 1915 1217 1943 Fortassis
1237 1916 1295 1945 haec
1314 1921 1368 1944 tam
1389 1916 1448 1945 fuse
1470 1919 1657 1954 persequendo
1674 1920 1773 1949 nimius

989 1959 1100 1993 videar;
1120 1962 1167 1988 sed
1185 1966 1277 1990 tamen
1292 1962 1401 1997 quando
1413 1963 1465 1990 huc
1477 1965 1600 1998 pervenit
1610 1965 1707 2000 oratio,
1721 1974 1771 1994 no-

988 2013 1050 2033 vum
1065 2007 1153 2034 adhuc
1167 2007 1250 2035 robur
1268 2015 1300 2035 ex
1316 2014 1412 2036 sancto
1429 2008 1595 2045 Hieronymo
1615 2011 1770 2046 adjungam,

988 2052 1021 2080 de
1041 2060 1094 2087 quo
1121 2058 1319 2088 peropportune
1340 2062 1383 2082 me
1406 2060 1515 2082 monent
1533 2056 1580 2091 qui
1602 2056 1660 2091 ejus
1677 2063 1770 2085 aucto-

993 2097 1100 2126 ritatem
1127 2099 1169 2126 vel
1195 2103 1296 2127 temere
1314 2100 1433 2133 elevant,
1450 2101 1492 2128 vel
1514 2109 1654 2137 perperam
1675 2103 1770 2131 citant.

986 2143 1166 2179 Hieronymus
1192 2152 1256 2180 ergo
1270 2145 1296 2173 in
1315 2145 1450 2174 Chronico
1471 2147 1622 2175 Eusebiano
1637 2149 1671 2175 ab
1682 2156 1711 2176 se
1720 2156 1770 2175 au—

986 2194 1031 2218 cto
1042 2190 1113 2218 Petri
1128 2191 1276 2219 Athanasio
1286 2192 1389 2219 sulfecti
1400 2193 1597 2221 ordinationem
1614 2194 1709 2221 statuit
1720 2195 1770 2222 sub

987 2243 1057 2264 anno
1082 2244 1091 2264 ι
1125 2236 1290 2272 Olympiadis
1317 2238 1386 2272 288,
1417 2239 1461 2266 cui
1488 2239 1650 2273 respondere
1675 2245 1770 2274 putant.

986 2289 1085 2309 annum
1109 2282 1301 2318 Dionysianum
1319 2283 1389 2319 575,;
1416 2290 1495 2319 atque
1520 2285 1584 2312 hinc
1609 2285 1648 2317 ﬁt,
1667 2289 1696 2312 ut
1708 2293 1770 2312 cer-

987 2332 1074 2354 tantes
1103 2335 1152 2362 pro
1162 2335 1232 2355 anno
1247 2329 1387 2356 emortuali
1403 2329 1464 2362 371,
1482 2329 1638 2365 Hieronymi
1652 2330 1768 2357 chrono-

985 2371 1088 2406 logicos
1100 2380 1218 2400 canones
1231 2373 1341 2408 insuper
1353 2375 1471 2402 habeant
1486 2383 1492 2400 :
1510 2375 1555 2409 qui
1571 2382 1636 2403 vero
1647 2380 1769 2409 pugnant

983 2425 1033 2452 pro
1049 2419 1080 2445 A.
1103 2418 1132 2445 ι).
1161 2418 1224 2451 575,
1245 2419 1357 2447 .illorum
1381 2428 1410 2448 se
1423 2420 1549 2455 praesidio
1564 2425 1700 2449 tueantur.
1723 2420 1769 2449 Sic

983 2471 1065 2499 porro
1081 2463 1237 2499 Hieronymi
1254 2465 1403 2492 auctoritas
1419 2466 1521 2492 variam
1534 2466 1671 2493 fortunam
1684 2466 1766 2493 subit.

984 2508 1037 2536 Sed
1053 2508 1102 2535 viri
1126 2507 1199 2536 docti
1216 2509 1249 2536 ad
1273 2509 1326 2537 alia
1345 2514 1524 2545 properantes
1542 2511 1768 2539 animadvertisse

983 2554 1191 2588 haudquaquam
1213 2555 1348 2588 vitientur,
1373 2556 1423 2584 sub
1450 2556 1495 2583 illo
1525 2557 1619 2584 eodem
1642 2565 1713 2585 anno
1740 2559 1767 2585 in

982 2600 1119 2628 Chronico
1146 2601 1297 2630 Eusebiano
1324 2602 1451 2630 nonnulla
1479 2603 1542 2638 alia,
1562 2603 1634 2631 Petri
1659 2604 1768 2632 ordina-

984 2648 1050 2676 tioni
1086 2648 1248 2683 conjuncta,
1283 2650 1443 2683 memorari,
1483 2658 1543 2686 qua:
1570 2655 1659 2678 tamen
1693 2651 1768 2678 nullo

982 2699 1061 2729 pacto
1081 2695 1109 2722 in
1128 2696 1161 2722 A.
1181 2694 1212 2723 D.
1236 2695 1288 2723 575
1312 2695 1409 2730 conjici
1436 2700 1559 2730 possunt.
1583 2696 1645 2724 llaec
1670 2701 1700 2724 ut
1719 2703 1767 2724 ex-

982 2740 1113 2775 ploratius
1125 2741 1266 2776 pateﬁant,
1281 2741 1414 2776 integrum
1427 2741 1583 2778 Hieronymi
1594 2742 1766 2776 laterculum,

983 2789 1012 2812 ut
1031 2789 1135 2819 prostat
1159 2786 1186 2813 in
1208 2786 1327 2814 editione
1348 2785 1495 2822 Scaligeri,
1525 2787 1570 2815 hic
1596 2786 1668 2816 lubet
1695 2795 1765 2816 cnu-

981 2831 1081 2861 cleare.
