2027 3042
268 154 348 178 ωινι

933 139 1117 171 Ριιοιεϐου
1121 139 1184 166 ENA
1189 158 1196 164 .

548 200 736 232 Latereulus
751 197 900 231 Chronici
916 194 1105 231 Eusebiani,
1123 197 1251 224 auctore
1269 195 1377 223 saneto
1390 191 1597 231 Hieronymo;

277 248 1870 272 _____________________._____

648 350 768 378 Saxones
783 349 846 377 caesi
859 349 981 376 Densone
1001 347 1027 373 in
1046 346 1153 380 regione
1168 343 1347 371 Francorum.

683 572 855 599 seenderuttt.

338 619 366 652 3

339 654 366 681 ἐν·

371 393 397 433 ζ

372 438 390 452 =

372 456 390 471 ε

371 475 390 488 ω

371 502 399 522 ﬁ

371 525 399 567 Ξ

372 571 394 594 εί

373 622 393 651 ἐς

375 655 393 667 νδ

374 671 393 686 =

373 691 392 706 ,τι

374 710 401 743 ἓ.

374 747 393 762 =

374 764 393 772 ..

374 789 401 808 ιη

374 811 394 842 Ξ

375 844 402 886 ἓ

375 889 394 904 ε

375 909 395 933 Ξ

542 397 567 414 ao

542 420 560 445 Ξ

542 458 561 489 Ξ

543 503 570 533 Ξ

543 546 562 572 Ξ

543 577 570 638 Ξ

544 664 571 699 ἓ

544 702 572 744 ξ’·

464 399 491 428 ἶ

465 431 483 474 Ξ

464 478 483 489 ω

465 504 491 512 ..-

466 524 493 554 Ξ

458 557 485 582 ’Ξ

465 583 485 599 =

459 603 492 627 Ξ.

467 631 493 662 Ξ

467 675 486 688 ω

467 698 493 714 ιθ

467 716 494 761 Ξ

611 413 1862 432 _____’___________

651 527 866 561 Burgundionum
897 529 1032 563 octoginta
1052 529 1107 557 fere
1121 529 1214 561 millia,
1229 529 1299 563 quod
1317 535 1452 564 nunquam
1476 527 1583 562 ANTE,
1610 528 1643 555 ad
1671 527 1794 555 Rhenum
1819 528 1862 555 de-

1684 615 1702 633 ὃ

1222 687 1264 715 lll.

651 732 797 760 Clearchus
818 733 962 768 praefectus
984 733 1058 760 urbis
1077 733 1326 769 Constantinopolis
1350 733 1587 768 AGNOSClTUR;
1609 741 1623 761 a
1648 741 1700 769 quo
1721 734 1866 761 necessaria

687 785 714 807 et
726 781 770 808 diu
785 786 937 815 exspectata
953 781 1021 808 votis
1035 788 1104 816 aqua
1119 782 1254 808 inducitur
1270 782 1382 809 civitati.

1227 891 1270 918 IV.

654 937 824 965 Alexandria:
840 938 1042 967 0RDINATUR
1061 941 1203 974 episcopus
1223 939 1337 972 Petrus,
1356 940 1400 974 qui
1426 945 1487 974 post
1508 938 1630 967 Valentis
1647 939 1796 972 interitum,
1820 946 1870 968 tam

689 982 803 1010 ali‘abilis
819 983 844 1010 in
861 984 1020 1019 recipiendis
1037 985 1169 1012 hatreticis
1183 984 1243 1017 l'uit,
1257 990 1285 1012 ut
1302 985 1435 1012 nonnullis
1455 985 1633 1020 suspicionem
1654 991 1773 1021 acceptae
1797 994 1870 1021 pecu-

691 1030 741 1056 llia‘.
755 1029 883 1057 intulerit.

325 1135 350 1161 1.
372 1134 449 1162 Nunc
470 1134 545 1162 locus
561 1135 677 1169 postulat
692 1139 720 1162 itt
736 1135 847 1169 hujusce
867 1135 988 1163 latereuli
1001 1136 1061 1163 llie-
1078 1140 1100 1167 Α
1150 1137 1178 1165 2.
1199 1136 1322 1164 Valesius
1338 1142 1367 1164 ut
1386 1137 1453 1163 duas
1468 1136 1605 1164 Saxonum
1624 1137 1723 1169 clades,
1741 1137 1778 1164 ita
1793 1141 1819 1164 et
1831 1138 1892 1165 duas

282 1180 434 1215 ronyiniani
451 1180 554 1215 singula
582 1185 721 1213 segmenta
747 1181 891 1215 explicem,
915 1183 984 1209 unde
1008 1191 1063 1209 nta-

279 1233 359 1260 gnam
395 1225 482 1252 lucem
516 1233 587 1253 anno
615 1226 756 1253 emortuali
795 1229 880 1255 sancti
921 1228 1063 1255 Athanasii

281 1271 411 1305 aﬂ'ulgere
439 1278 528 1302 nemo,
561 1276 591 1297 ut
617 1279 744 1306 auguror,
763 1271 788 1298 in
814 1272 922 1300 dubium
947 1274 1062 1301 vociihil.

279 1317 401 1344 Saxones
418 1324 467 1351 per
482 1316 662 1344 Theodosiutn
685 1318 811 1346 comitem
837 1319 909 1346 bellis
930 1319 1064 1346 navalibus

280 1368 454 1398 consumptos
467 1363 516 1390 sub
526 1362 716 1390 Valentiniano
729 1364 795 1400 imp.
823 1366 856 1393 A.
878 1366 909 1393 Ι).
925 1364 976 1392 569
991 1365 1064 1391 erui-

281 1417 342 1436 mus
370 1416 402 1436 ex
433 1409 532 1436 Pacato
551 1409 578 1436 in
603 1416 664 1445 cap.
685 1408 701 1438 5
724 1410 879 1446 Paitegyrici
894 1411 925 1437 ad
943 1410 1066 1437 Theodo-

280 1455 350 1483 sium
378 1455 522 1489 Magnum,
560 1453 679 1490 eju‘sdem
709 1456 816 1484 comitis
845 1456 938 1482 lilium.
967 1455 1065 1482 lterum

279 1507 374 1538 postea
403 1503 540 1530 occisione
557 1502 640 1529 occisi
653 1502 760 1529 luerunt
777 1501 959 1528 Valentiniano
977 1506 1003 1528 et
1015 1500 1066 1527 Va—

280 1550 352 1578 lente
372 1549 500 1584 Augustis
513 1557 542 1576 itt
554 1557 637 1582 coss.,
669 1556 763 1585 nempe
780 1549 812 1576 A.
830 1548 860 1575 Ι).
876 1548 937 1579 3'10,
954 1556 985 1575 ex
1001 1548 1066 1574 Am-

281 1596 372 1623 miano
393 1595 440 1622 lib.
458 1603 557 1626 xxvnt,
578 1601 638 1628 cap.
651 1594 677 1621 5.
694 1594 734 1621 Oli
749 1594 818 1620 hanc
840 1594 963 1629 injuriam
983 1601 1066 1628 popu-

281 1641 383 1668 laribus
395 1641 494 1668 illatam
522 1648 583 1667 eum
600 1641 721 1668 Saxones
738 1641 771 1666 A.
788 1641 818 1667 Ι).
832 1639 885 1666 572
909 1640 1017 1666 tertium
1040 1639 1066 1666 in

282 1686 384 1714 Gallias
404 1687 526 1721 erupturi
539 1693 589 1721 per
602 1686 776 1713 Germaniam
796 1693 892 1720 magno
907 1685 1013 1719 agmine
1026 1685 1067 1712 in-

281 1736 419 1768 gruerent,
445 1731 654 1759 Valentinianus
685 1732 836 1759 Deusonem
867 1731 973 1758 illorum
993 1730 1068 1758 clade

281 1778 434 1805 nobilitavit
451 1786 458 1803 2
474 1778 546 1813 quod
560 1783 660 1812 prmter
674 1777 866 1813 Hieronymum
887 1777 981 1804 scribit
997 1776 1065 1803 Pau-

1114 1182 1333 1217 Burgnndiouum
1358 1183 1543 1216 expeditiones
1567 1182 1663 1209 iisdem
1680 1183 1760 1209 annis
1783 1183 1892 1217 illigatas

1114 1228 1271 1262 distinguit;
1289 1229 1401 1255 alteram
1427 1228 1534 1262 quidem
1562 1227 1596 1254 ab
1615 1226 1769 1260 Ammiano,
1787 1228 1891 1255 alteram

1114 1276 1148 1302 ab
1171 1275 1341 1309 llieronyitio,
1366 1275 1461 1302 Orosio
1488 1280 1516 1301 et
1539 1274 1700 1302 Cassiodoro
1723 1283 1777 1302 uno
1792 1275 1893 1302 eodem—

1118 1327 1170 1354 que
1186 1328 1298 1347 numero
1312 1321 1442 1354 octoginta
1463 1320 1575 1347 millium
1592 1320 1809 1347 determinatam.
1832 1321 1893 1347 Pro-

1116 1365 1187 1392 fecto
1212 1366 1269 1392 haec
1291 1366 1370 1393 verba
1388 1366 1543 1401 Hieronymi
1561 1374 1568 1392 :
1591 1365 1810 1400 Burgundionum
1825 1370 1893 1392 octo-

1115 1412 1187 1445 ginta
1203 1411 1256 1445 fere
1276 1411 1370 1445 millia,
1391 1412 1459 1446 quod
1487 1419 1612 1443 numquam
1628 1419 1706 1444 ANTE,
1730 1412 1766 1437 ad
1783 1411 1893 1437 Rhenum

1116 1458 1327 1490 descenderunt,
1351 1462 1508 1492 argumento
1532 1463 1595 1484 sunt
1620 1458 1686 1485 alias
1713 1457 1894 1492 expeditiones

1117 1510 1210 1531 contra
1224 1504 1315 1532 Gallos
1329 1512 1342 1531 a
1355 1504 1592 1539 Burgundionibus
1607 1510 1666 1532 ante
1679 1510 1835 1539 su5ceptas;
1850 1511 1894 1531 tie-

1117 1557 1168 1583 que
1184 1548 1387 1584 Hieronymum,
1401 1554 1497 1576 testem
1515 1549 1658 1584 mqualem,
1679 1550 1704 1576 in
1718 1557 1746 1576 re
1763 1555 1815 1576 tant
1831 1556 1894 1575 nova

1119 1596 1240 1630 legitimo
1255 1596 1366 1630 tempori
1378 1596 1572 1631 eonsignanda,
1598 1595 1664 1622 falli.
1677 1595 1805 1623 debuisse
1822 1595 1895 1622 facile

1117 1642 1307 1676 reputaverint.
1332 1640 1469 1668 Petaviuni
1483 1642 1508 1668 in
1523 1641 1592 1668 hanc
1603 1641 1724 1668 eamdem
1737 1641 1892 1668 sententiain

1121 1687 1202 1714 ivisse
1229 1687 1366 1722 conspicio
1378 1687 1403 1713 in
1420 1687 1465 1713 lib.
1486 1695 1535 1714 xttt
1557 1686 1596 1713 De
1612 1687 1731 1713 doctrina
1745 1691 1894 1720 temporum,

1116 1735 1162 1761 ubi
1179 1733 1288 1768 periodo
1312 1732 1417 1759 Iuliana
1443 1732 1523 1764 5085,
1542 1732 1575 1758 A.
1591 1732 1622 1758 D.
1643 1730 1706 1764 572,
1730 1729 1895 1766 Burgnnd'o-

1117 1787 1180 1806 num
1197 1779 1229 1805 ad
1246 1778 1370 1806 Rhenum
1383 1778 1542 1805 descensum
1560 1777 1710 1812 consignat.

281 1822 325 1850 lus
339 1823 451 1850 Orosius
473 1824 499 1850 in
529 1823 576 1850 lib.
604 1831 652 1855 vtt,
679 1831 739 1858 cap.
752 1823 796 1856 32,
822 1830 936 1857 quorum
953 1823 1026 1857 prior
1040 1823 1065 1849 itt
1082 1819 1104 1849 Β
1153 1825 1180 1852 5.
1200 1825 1348 1852 Clearchus
1367 1823 1600 1859 Coustanlinopoli
1623 1831 1738 1858 prmesse
1765 1823 1845 1858 coepit
1865 1823 1893 1849 A.

282 1869 392 1903 regione
419 1868 596 1901 Francorum,
632 1869 702 1895 alter
731 1869 758 1896 in
792 1869 957 1896 Francorum
987 1869 1066 1895 terris

284 1915 393 1941 eosdem
416 1914 538 1941 Saxones
561 1915 593 1941 ab
613 1913 801 1941 Valentiniano
830 1915 950 1942 devictos
971 1914 1067 1941 litteris

283 1958 410 1992 prodidit.
434 1959 584 1986 Densonetn
607 1966 689 1993 porro
703 1959 831 1994 oppidutn
850 1959 922 1986 cultu
946 1959 1067 1986 Herculis

285 2003 312 2030 in
344 2003 461 2030 nummis
490 2003 610 2030 Postumi
635 2004 748 2038 Augusti
778 2005 842 2031 olim
861 2004 975 2039 insigne,
997 2012 1067 2031 nuttc

285 2049 369 2084 vulgo
385 2048 520 2075 Duiirium
545 2055 577 2076 ex
599 2049 713 2077 adverso
733 2049 851 2077 Colonia:
870 2049 1022 2085 Agrippina:
1041 2050 1066 2076 in

284 2095 396 2130 regione
412 2095 579 2122 Francorum
595 2097 712 2127 stetisse,
731 2095 808 2122 docet
833 2095 950 2123 Joannes
966 2096 1066 2124 lsacius

284 2140 424 2169 Pontanus
443 2141 469 2168 in
488 2141 641 2176 Originibus
659 2140 799 2168 Francieis
813 2141 858 2168 lib.
874 2149 904 2174 tt,
923 2148 981 2176 cap.
997 2141 1023 2172 5,
1041 2147 1068 2168 et

285 2188 404 2216 Thomas
421 2188 562 2215 Reinesius
573 2189 651 2222 epist.
667 2188 702 2215 '55
720 2187 751 2214 ad
762 2187 921 2221 Rnpertum,
932 2195 993 2222 pag.
1005 2187 1066 2214 276.

285 2233 361 2260 Hane
374 2233 508 2268 duplicem
525 2233 662 2260 Saxonum
678 2232 782 2259 cladem
806 2233 839 2259 ab
872 2232 932 2259 aliis
945 2233 970 2258 in
987 2241 1069 2259 nmini

285 2279 428 2306 cottllatam
468 2279 591 2306 distinxit
615 2279 750 2306 Adrianus
778 2278 902 2305 Valesius
934 2278 960 2305 in
984 2278 1069 2305 Rebus

285 2325 424 2353 Francici:
447 2326 525 2357 lib.t,
542 2333 602 2360 pag.
615 2325 660 2358 47,
679 2329 818 2360 propterea
837 2325 909 2359 quod
927 2325 1010 2351 altera
1027 2325 1068 2351 itt-

285 2373 376 2400 eursio
395 2371 509 2404 navalis,
527 2372 609 2399 altera
623 2372 755 2407 pedestris
766 2372 909 2399 exstiterit.
924 2371 994 2399 lllattt
1004 2372 1069 2399 Am-

284 2419 402 2451 mianus,
419 2418 606 2446 Valentiniano
623 2424 650 2445 et
663 2417 775 2444 Valente
789 2418 918 2452 Augustis
933 2425 982 2452 iit;
1001 2417 1070 2445 hanc

286 2463 471 2494 Cassiodorus,
492 2464 518 2490 in
539 2463 668 2490 Chronico
686 2462 780 2489 iisdem
803 2462 931 2497 Augustis
952 2470 978 2488 tv
1003 2469 1069 2489 con-

286 2510 390 2538 sulibus
424 2509 521 2536 factam
549 2513 690 2536 testantur.
722 2509 774 2537 Sed
804 2509 866 2543 quia
891 2507 1069 2543 Hieronymus

285 2556 463 2591 posteriorem
491 2555 562 2582 locat
590 2555 667 2582 initio
700 2555 763 2581 anni
788 2563 795 2582 t
825 2553 983 2589 olytnpiadis
1006 2553 1069 2587 288,

286 2602 357 2636 quod
373 2603 404 2628 A.
421 2601 451 2628 Ι).
467 2601 519 2627 572
539 2601 718 2636 separandum
737 2608 790 2628 non
809 2607 868 2627 esse
881 2607 940 2626 mox
958 2607 1071 2634 appare-

285 2647 335 2678 bit,
353 2647 412 2674 ideo
429 2646 500 2673 illam
523 2647 572 2674 sub
595 2647 675 2673 ﬁnem
695 2646 815 2681 ejusdem
840 2645 902 2672 anni
926 2646 1071 2680 contigisse

286 2693 459 2726 crediderint,
477 2700 559 2728 quam
582 2697 675 2728 postea
698 2693 724 2719 in
745 2692 899 2728 longinquis
914 2691 1070 2726 regionibus

287 2739 364 2766 initio
387 2740 451 2766 anni
477 2739 615 2774 sequentis
641 2738 787 2773 vulgatam,
827 2737 1003 2765 Cassiodorus
1028 2737 1068 2764 illi

288 2793 360 2812 anno
375 2785 518 2818 deﬁxerit,
538 2784 589 2811 nisi
611 2784 699 2818 potius
718 2791 751 2810 ex
772 2783 841 2809 tnale
856 2783 991 2817 perceptis
1004 2782 1067 2809 Hie-

289 2829 395 2864 ronymi
411 2829 521 2856 calculis
543 2829 616 2856 illam
636 2827 814 2855 Cassiodorus
836 2827 861 2853 in
878 2827 1002 2855 eumdem
1020 2835 1069 2855 an-

292 2881 356 2901 num
375 2872 468 2907 rejecit
479 2882 486 2908 ;
500 2874 571 2909 quod
582 2873 710 2901 libentius
719 2871 938 2900 existimaverim.

1116 1870 1147 1897 Ι).
1163 1870 1223 1901 572,
1243 1877 1274 1897 ex
1293 1869 1461 1897 Gntholredo
1473 1869 1499 1896 in
1511 1869 1688 1903 Cltronologia
1698 1869 1802 1895 codicis
1814 1868 1895 1894 Theo-

1116 1915 1218 1942 dosiatti
1229 1923 1289 1950 pag.
1302 1913 1353 1946 90;
1364 1914 1451 1948 quoin
1468 1921 1579 1940 munere
1593 1914 1728 1940 bienniutn
1742 1913 1893 1947 insumpsit,

1116 1961 1203 1995 deque
1227 1961 1338 1988 exordio
1360 1960 1527 1995 praefectura:
1552 1958 1675 1986 Clearchi
1704 1958 1893 1994 Hieronymum

1117 2007 1201 2042 loqui,
1226 2006 1318 2040 pandit
1331 2006 1442 2032 verbum
1459 2005 1618 2039 agnoscitur.

1153 2052 1180 2079 ι.
1202 2051 1252 2079 Ubi
1272 2051 1448 2087 Hieronymus
1475 2052 1518 2078 isti
1539 2051 1651 2078 exordio
1672 2051 1811 2087 coniungit
1828 2050 1895 2078 ordi-

1117 2099 1253 2126 nationem
1276 2098 1366 2129 Petri,
1386 2097 1533 2124 Athanasio
1554 2096 1668 2129 sull‘et-ti,
1692 2098 1769 2132 cujus
1800 2097 1895 2124 obitum

1119 2144 1189 2175 silet,
1209 2144 1275 2170 satis
1295 2148 1386 2177 aperte
1407 2143 1505 2170 indicat
1520 2143 1641 2170 eamdem
1659 2143 1853 2170 ordinationem
1866 2142 1896 2168 ab

1118 2196 1148 2215 se
1164 2187 1284 2222 copulari
1300 2195 1360 2214 cuin
1382 2187 1414 2214 A.
1435 2187 1466 2214 Ι).
1487 2187 1549 2220 372,
1567 2195 1619 2214 non
1641 2192 1729 2214 autent
1753 2195 1813 2214 eum
1831 2194 1896 2214 anno

1120 2234 1272 2268 insequenti
1286 2233 1347 2261 575.
1367 2232 1499 2260 Eusebius
1523 2233 1627 2268 pariter
1645 2238 1725 2267 atque
1740 2233 1798 2267 ejus
1813 2233 1895 2260 conli-

1120 2286 1218 2307 nuator
1233 2278 1411 2315 Hieronymus
1427 2287 1526 2306 annum
1541 2280 1655 2314 primum
1668 2279 1832 2314 Olympiadis
1840 2286 1895 2306 ettnt

1124 2326 1299 2359 auspicantur
1322 2325 1356 2352 ab
1380 2324 1507 2351 Kalendis
1526 2324 1697 2357 Octobribus,
1731 2323 1895 2359 Olympiadas

1121 2370 1248 2404 vulgares
1268 2371 1301 2398 ab
1322 2370 1437 2397 solstitio
1460 2370 1563 2403 aestivo,
1580 2371 1635 2397 sive
1659 2370 1692 2397 ab
1710 2370 1754 2397 die
1775 2378 1821 2397 xix
1831 2368 1895 2395 Junii

1121 2417 1272 2448 inchoatas,
1285 2416 1517 2446 antecedentibus.
1532 2416 1617 2442 eidem
1636 2423 1705 2442 anno
1723 2415 1895 2451 olympiadico

1123 2462 1158 2488 ita
1173 2461 1289 2488 deducto
1306 2465 1416 2488 caeteras
1438 2461 1553 2495 epoclias
1571 2462 1694 2496 jungunt.
1715 2461 1772 2489 Hoc
1790 2461 1894 2489 adnota-

1122 2513 1183 2535 rnut
1195 2507 1322 2534 Petavius
1336 2507 1373 2533 De
1384 2507 1510 2539 doctrina,
1522 2512 1665 2541 temporum
1679 2507 1725 2535 lib.
1744 2516 1770 2535 ix
1781 2527 1788 2539 ,
1806 2515 1863 2541 cap.
1881 2505 1892 2531 Ι

1120 2558 1147 2580 et
1159 2553 1203 2584 ιιϐ,
1219 2557 1246 2580 et
1259 2551 1357 2586 Pagius
1370 2552 1394 2578 iit
1409 2551 1602 2579 Dissertatione
1615 2552 1647 2578 de
1663 2553 1772 2586 periodo
1788 2552 1891 2579 Graeco-

1121 2598 1254 2629 Romana,
1273 2597 1286 2633 ξ
1311 2596 1356 2624 85.
1380 2595 1429 2623 Hie
1456 2601 1545 2623 tamen
1566 2596 1662 2630 legitur
1684 2595 1838 2630 Septembris
1852 2601 1894 2629 pro

1128 2642 1260 2674 Octobris,
1279 2641 1422 2668 manifesto
1430 2648 1521 2668 errore
1531 2641 1687 2676 typographi
1699 2641 1741 2668 vel
1756 2640 1893 2673 exscriptov

1121 2689 1171 2718 ris,
1194 2694 1334 2722 propterea
1363 2687 1529 2714 emendando
1558 2695 1590 2714 ex
1619 2687 1633 2722 §
1666 2686 1700 2714 29
1728 2684 1893 2721 priefationis.

1122 2735 1168 2763 ubi
1182 2735 1251 2761 idem
1266 2734 1364 2770 Pagius
1374 2734 1481 2760 ittitium
1496 2733 1558 2760 anni
1573 2732 1777 2764 Abrahamitici,
1794 2731 1835 2759 cui
1847 2730 1892 2756 ini-

1123 2781 1191 2808 tium
1209 2788 1315 2815 qttoque
1332 2780 1395 2806 anui
1411 2779 1587 2814 Olympiadici
1610 2779 1679 2813 apud
1699 2777 1838 2805 Eusebium
1853 2782 1890 2801 et»

1123 2826 1241 2862 pnlatnr,
1257 2826 1364 2853 deducit
1382 2827 1416 2853 ab
1435 2825 1561 2852 Kalendis
1581 2824 1752 2856 Octobribus,
1768 2831 1819 2850 non
1837 2827 1893 2847 Vero

1127 2871 1342 2908 Septembribus.
1361 2871 1426 2899 Cum
1441 2878 1504 2906 ergo
1520 2870 1631 2905 quilibet
1646 2865 1880 2906 annusolynipiadi
