  <div class='ocr_page' id='page_1' title='image "/cluster/home/n/w/nwhite01/storage/ocr_20150623/25/njp.32101010944591/262.png"; bbox 0 0 2027 3042; ppageno 0'>
   <div class='ocr_carea' id='block_1_1' title="bbox 644 166 1283 196">
    <p class='ocr_par' dir='ltr' id='par_1_1' title="bbox 644 166 1283 196">
     <span class='ocr_line' id='line_1_1' title="bbox 644 166 1283 196; baseline 0.003 -3"><span class='ocrx_word' id='word_1_1' title='bbox 644 166 687 193; x_wconf 84' lang='lat' dir='ltr'><strong>DE</strong></span> <span class='ocrx_word' id='word_1_2' title='bbox 704 167 797 195; x_wconf 77' lang='lat' dir='ltr'><strong>ANNO</strong></span> <span class='ocrx_word' id='word_1_3' title='bbox 817 167 1015 196; x_wconf 74' lang='lat' dir='ltr'><strong>EMORTL‘ALI</strong></span> <span class='ocrx_word' id='word_1_4' title='bbox 1037 168 1065 196; x_wconf 90' lang='lat' dir='ltr'><strong>S.</strong></span> <span class='ocrx_word' id='word_1_5' title='bbox 1085 167 1283 196; x_wconf 74' lang='lat' dir='ltr'><strong>ATIlANASll.</strong></span> 
     </span>
    </p>
   </div>
   <div class='ocr_carea' id='block_1_2' title="bbox 1694 174 1780 195">
    <p class='ocr_par' dir='ltr' id='par_1_2' title="bbox 1694 174 1780 195">
     <span class='ocr_line' id='line_1_2' title="bbox 1694 174 1780 195; baseline -0.012 0"><span class='ocrx_word' id='word_1_6' title='bbox 1694 174 1780 195; x_wconf 77' lang='lat' dir='ltr'><strong>CCLV&quot;</strong></span> 
     </span>
    </p>
   </div>
   <div class='ocr_carea' id='block_1_3' title="bbox 169 225 1783 263">
    <p class='ocr_par' dir='ltr' id='par_1_3' title="bbox 169 225 1783 263">
     <span class='ocr_line' id='line_1_3' title="bbox 169 225 1783 263; baseline 0 -10"><span class='ocrx_word' id='word_1_7' title='bbox 169 233 216 253; x_wconf 87' lang='lat' dir='ltr'><strong>cus</strong></span> <span class='ocrx_word' id='word_1_8' title='bbox 233 233 265 253; x_wconf 83' lang='lat' dir='ltr'><strong>cx</strong></span> <span class='ocrx_word' id='word_1_9' title='bbox 278 225 339 252; x_wconf 92' lang='lat' dir='ltr'><strong>anni</strong></span> <span class='ocrx_word' id='word_1_10' title='bbox 353 227 526 261; x_wconf 58' lang='lat' dir='ltr'><strong>praecedentis</strong></span> <span class='ocrx_word' id='word_1_11' title='bbox 538 231 665 254; x_wconf 80' lang='lat' dir='ltr'><strong>autumno</strong></span> <span class='ocrx_word' id='word_1_12' title='bbox 677 228 808 261; x_wconf 88' lang='lat' dir='ltr'><strong>trahatur,</strong></span> <span class='ocrx_word' id='word_1_13' title='bbox 827 229 950 256; x_wconf 91' lang='lat' dir='ltr'><strong>eumdem</strong></span> <span class='ocrx_word' id='word_1_14' title='bbox 965 232 988 260; x_wconf 80' lang='grc' dir='ltr'>Α</span> <span class='ocrx_word' id='word_1_15' title='bbox 1039 229 1066 256; x_wconf 83' lang='grc'>5.</span> <span class='ocrx_word' id='word_1_16' title='bbox 1088 228 1163 257; x_wconf 84' lang='lat' dir='ltr'><strong>Nunc</strong></span> <span class='ocrx_word' id='word_1_17' title='bbox 1177 228 1308 263; x_wconf 86' lang='lat' dir='ltr'><strong>reliquum</strong></span> <span class='ocrx_word' id='word_1_18' title='bbox 1320 232 1373 260; x_wconf 83' lang='lat' dir='ltr'><strong>est,</strong></span> <span class='ocrx_word' id='word_1_19' title='bbox 1387 231 1416 254; x_wconf 91' lang='lat' dir='ltr'><strong>ut</strong></span> <span class='ocrx_word' id='word_1_20' title='bbox 1432 232 1591 262; x_wconf 88' lang='lat' dir='ltr'><strong>argumento</strong></span> <span class='ocrx_word' id='word_1_21' title='bbox 1607 233 1783 254; x_wconf 76' lang='lat' dir='ltr'><strong>occurramus</strong></span> 
     </span>
    </p>
   </div>
   <div class='ocr_carea' id='block_1_4' title="bbox 169 272 951 308">
    <p class='ocr_par' dir='ltr' id='par_1_4' title="bbox 169 272 951 308">
     <span class='ocr_line' id='line_1_4' title="bbox 169 272 951 308; baseline 0.003 -8"><span class='ocrx_word' id='word_1_22' title='bbox 169 280 274 308; x_wconf 87' lang='lat' dir='ltr'><strong>quoque</strong></span> <span class='ocrx_word' id='word_1_23' title='bbox 298 280 396 299; x_wconf 91' lang='lat' dir='ltr'><strong>annum</strong></span> <span class='ocrx_word' id='word_1_24' title='bbox 413 272 628 308; x_wconf 86' lang='lat' dir='ltr'><strong>Olympiadicum</strong></span> <span class='ocrx_word' id='word_1_25' title='bbox 650 273 711 300; x_wconf 89' lang='lat' dir='ltr'><strong>inde</strong></span> <span class='ocrx_word' id='word_1_26' title='bbox 732 281 822 301; x_wconf 82' lang='lat' dir='ltr'><strong>secum</strong></span> <span class='ocrx_word' id='word_1_27' title='bbox 839 281 882 302; x_wconf 84' lang='lat' dir='ltr'><strong>res</strong></span> <span class='ocrx_word' id='word_1_28' title='bbox 896 279 951 302; x_wconf 86' lang='lat' dir='ltr'><strong>tra-</strong></span> 
     </span>
    </p>
   </div>
   <div class='ocr_carea' id='block_1_5' title="bbox 170 319 954 354">
    <p class='ocr_par' dir='ltr' id='par_1_5' title="bbox 170 319 954 354">
     <span class='ocr_line' id='line_1_5' title="bbox 170 319 954 354; baseline 0.004 -9"><span class='ocrx_word' id='word_1_29' title='bbox 170 319 235 346; x_wconf 84' lang='lat' dir='ltr'><strong>here</strong></span> <span class='ocrx_word' id='word_1_30' title='bbox 250 326 361 346; x_wconf 85' lang='lat' dir='ltr'><strong>necesse</strong></span> <span class='ocrx_word' id='word_1_31' title='bbox 371 323 423 349; x_wconf 86' lang='lat' dir='ltr'><strong>est.</strong></span> <span class='ocrx_word' id='word_1_32' title='bbox 438 326 499 354; x_wconf 73' lang='lat' dir='ltr'><strong>quae</strong></span> <span class='ocrx_word' id='word_1_33' title='bbox 515 319 554 345; x_wconf 93' lang='lat' dir='ltr'><strong>illi</strong></span> <span class='ocrx_word' id='word_1_34' title='bbox 570 319 684 353; x_wconf 92' lang='lat' dir='ltr'><strong>tempori</strong></span> <span class='ocrx_word' id='word_1_35' title='bbox 701 320 855 353; x_wconf 81' lang='lat' dir='ltr'><strong>adhaerent;</strong></span> <span class='ocrx_word' id='word_1_36' title='bbox 873 321 908 348; x_wconf 90' lang='lat' dir='ltr'><strong>ita</strong></span> <span class='ocrx_word' id='word_1_37' title='bbox 923 325 954 348; x_wconf 92' lang='lat' dir='ltr'><strong>ut</strong></span> 
     </span>
    </p>
   </div>
   <div class='ocr_carea' id='block_1_6' title="bbox 170 363 953 401">
    <p class='ocr_par' dir='ltr' id='par_1_6' title="bbox 170 363 953 401">
     <span class='ocr_line' id='line_1_6' title="bbox 170 363 953 401; baseline 0.005 -11"><span class='ocrx_word' id='word_1_38' title='bbox 170 371 256 390; x_wconf 86' lang='lat' dir='ltr'><strong>annus</strong></span> <span class='ocrx_word' id='word_1_39' title='bbox 280 364 381 399; x_wconf 90' lang='lat' dir='ltr'><strong>primus</strong></span> <span class='ocrx_word' id='word_1_40' title='bbox 405 363 570 400; x_wconf 87' lang='lat' dir='ltr'><strong>Olympiadis</strong></span> <span class='ocrx_word' id='word_1_41' title='bbox 599 365 652 392; x_wconf 77' lang='lat'><strong>288</strong></span> <span class='ocrx_word' id='word_1_42' title='bbox 677 365 703 392; x_wconf 93' lang='lat' dir='ltr'><strong>in</strong></span> <span class='ocrx_word' id='word_1_43' title='bbox 724 373 810 394; x_wconf 87' lang='lat' dir='ltr'><strong>annos</strong></span> <span class='ocrx_word' id='word_1_44' title='bbox 828 366 953 401; x_wconf 84' lang='lat' dir='ltr'><strong>vulgares</strong></span> 
     </span>
    </p>
   </div>
   <div class='ocr_carea' id='block_1_7' title="bbox 168 408 953 446">
    <p class='ocr_par' dir='ltr' id='par_1_7' title="bbox 168 408 953 446">
     <span class='ocr_line' id='line_1_7' title="bbox 168 408 953 446; baseline 0.005 -11"><span class='ocrx_word' id='word_1_45' title='bbox 168 408 220 435; x_wconf 77' lang='lat'><strong>572</strong></span> <span class='ocrx_word' id='word_1_46' title='bbox 247 414 272 436; x_wconf 89' lang='lat' dir='ltr'><strong>et</strong></span> <span class='ocrx_word' id='word_1_47' title='bbox 293 409 345 436; x_wconf 87' lang='grc'><strong>575</strong></span> <span class='ocrx_word' id='word_1_48' title='bbox 377 417 407 437; x_wconf 86' lang='lat' dir='ltr'><strong>se</strong></span> <span class='ocrx_word' id='word_1_49' title='bbox 427 409 564 437; x_wconf 82' lang='lat' dir='ltr'><strong>extendat.</strong></span> <span class='ocrx_word' id='word_1_50' title='bbox 581 409 670 443; x_wconf 80' lang='lat' dir='ltr'><strong>Quare</strong></span> <span class='ocrx_word' id='word_1_51' title='bbox 698 418 749 438; x_wconf 93' lang='lat' dir='ltr'><strong>non</strong></span> <span class='ocrx_word' id='word_1_52' title='bbox 771 418 875 446; x_wconf 83' lang='lat' dir='ltr'><strong>semper</strong></span> <span class='ocrx_word' id='word_1_53' title='bbox 893 419 953 446; x_wconf 62' lang='lat' dir='ltr'><strong>qua:</strong></span> 
     </span>
    </p>
   </div>
   <div class='ocr_carea' id='block_1_8' title="bbox 169 454 952 491">
    <p class='ocr_par' dir='ltr' id='par_1_8' title="bbox 169 454 952 491">
     <span class='ocr_line' id='line_1_8' title="bbox 169 454 952 491; baseline 0.005 -11"><span class='ocrx_word' id='word_1_54' title='bbox 169 455 247 482; x_wconf 86' lang='lat' dir='ltr'><strong>annis</strong></span> <span class='ocrx_word' id='word_1_55' title='bbox 283 454 398 488; x_wconf 82' lang='lat' dir='ltr'><strong>singulis</strong></span> <span class='ocrx_word' id='word_1_56' title='bbox 419 454 605 490; x_wconf 86' lang='lat' dir='ltr'><strong>olympiadicis</strong></span> <span class='ocrx_word' id='word_1_57' title='bbox 624 456 795 491; x_wconf 80' lang='lat' dir='ltr'><strong>assignantur</strong></span> <span class='ocrx_word' id='word_1_58' title='bbox 814 457 848 484; x_wconf 91' lang='lat' dir='ltr'><strong>ad</strong></span> <span class='ocrx_word' id='word_1_59' title='bbox 870 465 952 484; x_wconf 91' lang='lat' dir='ltr'><strong>unum</strong></span> 
     </span>
    </p>
   </div>
   <div class='ocr_carea' id='block_1_9' title="bbox 169 499 953 536">
    <p class='ocr_par' dir='ltr' id='par_1_9' title="bbox 169 499 953 536">
     <span class='ocr_line' id='line_1_9' title="bbox 169 499 953 536; baseline 0.005 -10"><span class='ocrx_word' id='word_1_60' title='bbox 169 500 353 527; x_wconf 78' lang='lat' dir='ltr'><strong>tantummodo</strong></span> <span class='ocrx_word' id='word_1_61' title='bbox 363 499 465 527; x_wconf 88' lang='lat' dir='ltr'><strong>Christi</strong></span> <span class='ocrx_word' id='word_1_62' title='bbox 481 508 590 533; x_wconf 84' lang='lat' dir='ltr'><strong>annum,</strong></span> <span class='ocrx_word' id='word_1_63' title='bbox 609 503 655 529; x_wconf 89' lang='lat' dir='ltr'><strong>sed</strong></span> <span class='ocrx_word' id='word_1_64' title='bbox 669 503 702 529; x_wconf 89' lang='lat' dir='ltr'><strong>ad</strong></span> <span class='ocrx_word' id='word_1_65' title='bbox 718 502 891 536; x_wconf 86' lang='lat' dir='ltr'><strong>alterutrum,</strong></span> <span class='ocrx_word' id='word_1_66' title='bbox 909 503 953 531; x_wconf 85' lang='lat' dir='ltr'><strong>vel</strong></span> 
     </span>
    </p>
   </div>
   <div class='ocr_carea' id='block_1_10' title="bbox 169 545 952 579">
    <p class='ocr_par' dir='ltr' id='par_1_10' title="bbox 169 545 952 579">
     <span class='ocr_line' id='line_1_10' title="bbox 169 545 952 579; baseline 0.005 -8"><span class='ocrx_word' id='word_1_67' title='bbox 169 545 202 572; x_wconf 88' lang='lat' dir='ltr'><strong>ad</strong></span> <span class='ocrx_word' id='word_1_68' title='bbox 215 550 358 579; x_wconf 86' lang='lat' dir='ltr'><strong>utrumque</strong></span> <span class='ocrx_word' id='word_1_69' title='bbox 371 546 506 579; x_wconf 84' lang='lat' dir='ltr'><strong>pertinere</strong></span> <span class='ocrx_word' id='word_1_70' title='bbox 522 545 633 573; x_wconf 88' lang='lat' dir='ltr'><strong>dicenda</strong></span> <span class='ocrx_word' id='word_1_71' title='bbox 649 551 719 574; x_wconf 91' lang='lat' dir='ltr'><strong>sunt.</strong></span> <span class='ocrx_word' id='word_1_72' title='bbox 734 547 792 574; x_wconf 86' lang='lat' dir='ltr'><strong>Huc</strong></span> <span class='ocrx_word' id='word_1_73' title='bbox 806 552 890 575; x_wconf 80' lang='lat' dir='ltr'><strong>totum</strong></span> <span class='ocrx_word' id='word_1_74' title='bbox 913 549 952 575; x_wconf 88' lang='lat' dir='ltr'><strong>la-</strong></span> 
     </span>
    </p>
   </div>
   <div class='ocr_carea' id='block_1_11' title="bbox 170 590 951 627">
    <p class='ocr_par' dir='ltr' id='par_1_11' title="bbox 170 590 951 627">
     <span class='ocr_line' id='line_1_11' title="bbox 170 590 951 627; baseline 0.005 -10"><span class='ocrx_word' id='word_1_75' title='bbox 170 590 299 618; x_wconf 88' lang='lat' dir='ltr'><strong>terculum</strong></span> <span class='ocrx_word' id='word_1_76' title='bbox 312 590 433 625; x_wconf 84' lang='lat' dir='ltr'><strong>proxime</strong></span> <span class='ocrx_word' id='word_1_77' title='bbox 442 591 593 625; x_wconf 90' lang='lat' dir='ltr'><strong>expositum</strong></span> <span class='ocrx_word' id='word_1_78' title='bbox 608 592 712 624; x_wconf 83' lang='lat' dir='ltr'><strong>venire,</strong></span> <span class='ocrx_word' id='word_1_79' title='bbox 727 600 840 627; x_wconf 68' lang='lat' dir='ltr'><strong>quaeque</strong></span> <span class='ocrx_word' id='word_1_80' title='bbox 853 594 951 621; x_wconf 81' lang='lat' dir='ltr'><strong>ibidem</strong></span> 
     </span>
    </p>
   </div>
   <div class='ocr_carea' id='block_1_12' title="bbox 169 636 950 675">
    <p class='ocr_par' dir='ltr' id='par_1_12' title="bbox 169 636 950 675">
     <span class='ocr_line' id='line_1_12' title="bbox 169 636 950 675; baseline 0.005 -12"><span class='ocrx_word' id='word_1_81' title='bbox 169 636 337 670; x_wconf 86' lang='lat' dir='ltr'><strong>clauduntur,</strong></span> <span class='ocrx_word' id='word_1_82' title='bbox 368 637 435 664; x_wconf 88' lang='lat' dir='ltr'><strong>citra</strong></span> <span class='ocrx_word' id='word_1_83' title='bbox 463 637 494 664; x_wconf 85' lang='lat' dir='ltr'><strong>A.</strong></span> <span class='ocrx_word' id='word_1_84' title='bbox 521 638 549 665; x_wconf 82' lang='grc' dir='ltr'><strong>ι).</strong></span> <span class='ocrx_word' id='word_1_85' title='bbox 580 637 632 665; x_wconf 78' lang='grc'>572</span> <span class='ocrx_word' id='word_1_86' title='bbox 665 646 833 674; x_wconf 85' lang='lat' dir='ltr'><strong>nequaquam</strong></span> <span class='ocrx_word' id='word_1_87' title='bbox 849 640 950 675; x_wconf 83' lang='lat' dir='ltr'><strong>egredi,</strong></span> 
     </span>
    </p>
   </div>
   <div class='ocr_carea' id='block_1_13' title="bbox 169 683 952 718">
    <p class='ocr_par' dir='ltr' id='par_1_13' title="bbox 169 683 952 718">
     <span class='ocr_line' id='line_1_13' title="bbox 169 683 952 718; baseline 0.005 -9"><span class='ocrx_word' id='word_1_88' title='bbox 169 683 348 710; x_wconf 86' lang='lat' dir='ltr'><strong>certissimum</strong></span> <span class='ocrx_word' id='word_1_89' title='bbox 358 688 431 718; x_wconf 39' lang='lat' dir='ltr'><strong>Mest.</strong></span> <span class='ocrx_word' id='word_1_90' title='bbox 461 683 563 710; x_wconf 79' lang='lat' dir='ltr'><strong>Rursus</strong></span> <span class='ocrx_word' id='word_1_91' title='bbox 586 684 693 712; x_wconf 87' lang='lat' dir='ltr'><strong>aliunde</strong></span> <span class='ocrx_word' id='word_1_92' title='bbox 715 686 845 712; x_wconf 88' lang='lat' dir='ltr'><strong>astruitur</strong></span> <span class='ocrx_word' id='word_1_93' title='bbox 865 693 952 713; x_wconf 89' lang='lat' dir='ltr'><strong>annus</strong></span> 
     </span>
    </p>
   </div>
   <div class='ocr_carea' id='block_1_14' title="bbox 169 725 950 763">
    <p class='ocr_par' dir='ltr' id='par_1_14' title="bbox 169 725 950 763">
     <span class='ocr_line' id='line_1_14' title="bbox 169 725 950 763; baseline 0.006 -11"><span class='ocrx_word' id='word_1_94' title='bbox 169 725 345 761; x_wconf 88' lang='lat' dir='ltr'><strong>Dionysianus</strong></span> <span class='ocrx_word' id='word_1_95' title='bbox 367 726 432 759; x_wconf 74' lang='lat'><strong>372,</strong></span> <span class='ocrx_word' id='word_1_96' title='bbox 448 727 474 754; x_wconf 91' lang='lat' dir='ltr'><strong>in</strong></span> <span class='ocrx_word' id='word_1_97' title='bbox 491 733 650 761; x_wconf 71' lang='lat' dir='ltr'><strong>praesentem</strong></span> <span class='ocrx_word' id='word_1_98' title='bbox 673 730 848 763; x_wconf 59' lang='lat' dir='ltr'><strong>quaestionem</strong></span> <span class='ocrx_word' id='word_1_99' title='bbox 870 738 950 757; x_wconf 87' lang='lat' dir='ltr'><strong>voca-</strong></span> 
     </span>
    </p>
   </div>
   <div class='ocr_carea' id='block_1_15' title="bbox 168 771 950 803">
    <p class='ocr_par' dir='ltr' id='par_1_15' title="bbox 168 771 950 803">
     <span class='ocr_line' id='line_1_15' title="bbox 168 771 950 803; baseline 0.006 -5"><span class='ocrx_word' id='word_1_100' title='bbox 168 776 219 800; x_wconf 91' lang='lat' dir='ltr'><strong>tus.</strong></span> <span class='ocrx_word' id='word_1_101' title='bbox 235 772 264 798; x_wconf 91' lang='lat' dir='ltr'><strong>1n</strong></span> <span class='ocrx_word' id='word_1_102' title='bbox 283 771 414 800; x_wconf 85' lang='lat' dir='ltr'><strong>laterculo</strong></span> <span class='ocrx_word' id='word_1_103' title='bbox 425 779 440 799; x_wconf 92' lang='lat' dir='ltr'><strong>a</strong></span> <span class='ocrx_word' id='word_1_104' title='bbox 454 772 530 800; x_wconf 89' lang='lat' dir='ltr'><strong>nobis</strong></span> <span class='ocrx_word' id='word_1_105' title='bbox 555 774 674 801; x_wconf 89' lang='lat' dir='ltr'><strong>exhibito</strong></span> <span class='ocrx_word' id='word_1_106' title='bbox 688 774 758 801; x_wconf 90' lang='lat' dir='ltr'><strong>Petri</strong></span> <span class='ocrx_word' id='word_1_107' title='bbox 775 775 950 803; x_wconf 80' lang='lat' dir='ltr'><strong>Alexandrini</strong></span> 
     </span>
    </p>
   </div>
   <div class='ocr_carea' id='block_1_16' title="bbox 167 819 949 850">
    <p class='ocr_par' dir='ltr' id='par_1_16' title="bbox 167 819 949 850">
     <span class='ocr_line' id='line_1_16' title="bbox 167 819 949 850; baseline 0.005 -4"><span class='ocrx_word' id='word_1_108' title='bbox 167 820 300 847; x_wconf 79' lang='lat' dir='ltr'><strong>ordinatio</strong></span> <span class='ocrx_word' id='word_1_109' title='bbox 314 819 483 848; x_wconf 81' lang='lat' dir='ltr'><strong>connectitur</strong></span> <span class='ocrx_word' id='word_1_110' title='bbox 495 828 566 848; x_wconf 90' lang='lat' dir='ltr'><strong>anno</strong></span> <span class='ocrx_word' id='word_1_111' title='bbox 578 821 785 849; x_wconf 87' lang='lat' dir='ltr'><strong>Abrahamitico</strong></span> <span class='ocrx_word' id='word_1_112' title='bbox 798 822 878 850; x_wconf 73' lang='lat'><strong>2389.</strong></span> <span class='ocrx_word' id='word_1_113' title='bbox 893 822 949 850; x_wconf 88' lang='lat' dir='ltr'><strong>De-</strong></span> 
     </span>
    </p>
   </div>
   <div class='ocr_carea' id='block_1_17' title="bbox 169 866 949 902">
    <p class='ocr_par' dir='ltr' id='par_1_17' title="bbox 169 866 949 902">
     <span class='ocr_line' id='line_1_17' title="bbox 169 866 949 902; baseline 0.004 -10"><span class='ocrx_word' id='word_1_114' title='bbox 169 874 212 892; x_wconf 89' lang='lat' dir='ltr'><strong>me</strong></span> <span class='ocrx_word' id='word_1_115' title='bbox 232 866 295 893; x_wconf 90' lang='lat' dir='ltr'><strong>hinc</strong></span> <span class='ocrx_word' id='word_1_116' title='bbox 317 874 442 894; x_wconf 86' lang='lat' dir='ltr'><strong>numeros</strong></span> <span class='ocrx_word' id='word_1_117' title='bbox 461 866 625 894; x_wconf 87' lang='lat' dir='ltr'><strong>millenarios</strong></span> <span class='ocrx_word' id='word_1_118' title='bbox 644 872 671 894; x_wconf 87' lang='lat' dir='ltr'><strong>et</strong></span> <span class='ocrx_word' id='word_1_119' title='bbox 685 868 891 902; x_wconf 88' lang='lat' dir='ltr'><strong>septetndecim,</strong></span> <span class='ocrx_word' id='word_1_120' title='bbox 905 876 949 895; x_wconf 90' lang='lat' dir='ltr'><strong>su-</strong></span> 
     </span>
    </p>
   </div>
   <div class='ocr_carea' id='block_1_18' title="bbox 1004 273 1785 310">
    <p class='ocr_par' dir='ltr' id='par_1_18' title="bbox 1004 273 1785 310">
     <span class='ocr_line' id='line_1_18' title="bbox 1004 273 1785 310; baseline -0.003 -8"><span class='ocrx_word' id='word_1_121' title='bbox 1004 281 1035 301; x_wconf 86' lang='lat' dir='ltr'><strong>ex</strong></span> <span class='ocrx_word' id='word_1_122' title='bbox 1060 275 1200 302; x_wconf 83' lang='lat' dir='ltr'><strong>A-thanasii</strong></span> <span class='ocrx_word' id='word_1_123' title='bbox 1223 274 1344 310; x_wconf 83' lang='lat' dir='ltr'><strong>epistolis</strong></span> <span class='ocrx_word' id='word_1_124' title='bbox 1365 273 1539 301; x_wconf 80' lang='lat' dir='ltr'><strong>Paschalibus</strong></span> <span class='ocrx_word' id='word_1_125' title='bbox 1563 273 1699 306; x_wconf 79' lang='lat' dir='ltr'><strong>derivata;</strong></span> <span class='ocrx_word' id='word_1_126' title='bbox 1724 280 1785 307; x_wconf 74' lang='lat' dir='ltr'><strong>qua:</strong></span> 
     </span>
    </p>
   </div>
   <div class='ocr_carea' id='block_1_19' title="bbox 1003 317 1783 351">
    <p class='ocr_par' dir='ltr' id='par_1_19' title="bbox 1003 317 1783 351">
     <span class='ocr_line' id='line_1_19' title="bbox 1003 317 1783 351; baseline -0.001 -6"><span class='ocrx_word' id='word_1_127' title='bbox 1003 319 1066 347; x_wconf 85' lang='lat' dir='ltr'><strong>licet</strong></span> <span class='ocrx_word' id='word_1_128' title='bbox 1086 320 1203 347; x_wconf 89' lang='lat' dir='ltr'><strong>nondum</strong></span> <span class='ocrx_word' id='word_1_129' title='bbox 1226 318 1422 346; x_wconf 85' lang='lat' dir='ltr'><strong>recentioribus</strong></span> <span class='ocrx_word' id='word_1_130' title='bbox 1445 319 1519 351; x_wconf 62' lang='lat' dir='ltr'><strong>visat,</strong></span> <span class='ocrx_word' id='word_1_131' title='bbox 1541 323 1570 346; x_wconf 88' lang='lat' dir='ltr'><strong>ct</strong></span> <span class='ocrx_word' id='word_1_132' title='bbox 1587 317 1702 345; x_wconf 80' lang='lat' dir='ltr'><strong>fortasse</strong></span> <span class='ocrx_word' id='word_1_133' title='bbox 1718 318 1783 344; x_wconf 91' lang='lat' dir='ltr'><strong>olim</strong></span> 
     </span>
    </p>
   </div>
   <div class='ocr_carea' id='block_1_20' title="bbox 1002 364 1782 400">
    <p class='ocr_par' dir='ltr' id='par_1_20' title="bbox 1002 364 1782 400">
     <span class='ocr_line' id='line_1_20' title="bbox 1002 364 1782 400; baseline -0.003 -9"><span class='ocrx_word' id='word_1_134' title='bbox 1002 371 1114 400; x_wconf 84' lang='lat' dir='ltr'><strong>prorsus</strong></span> <span class='ocrx_word' id='word_1_135' title='bbox 1129 364 1286 399; x_wconf 67' lang='lat' dir='ltr'><strong>deperditus,</strong></span> <span class='ocrx_word' id='word_1_136' title='bbox 1305 371 1366 391; x_wconf 89' lang='lat' dir='ltr'><strong>cum</strong></span> <span class='ocrx_word' id='word_1_137' title='bbox 1383 368 1471 391; x_wconf 79' lang='lat' dir='ltr'><strong>tamen</strong></span> <span class='ocrx_word' id='word_1_138' title='bbox 1481 371 1595 391; x_wconf 89' lang='lat' dir='ltr'><strong>numero</strong></span> <span class='ocrx_word' id='word_1_139' title='bbox 1605 364 1782 399; x_wconf 73' lang='lat' dir='ltr'><strong>quadraginta</strong></span> 
     </span>
    </p>
   </div>
   <div class='ocr_carea' id='block_1_21' title="bbox 1003 409 1783 444">
    <p class='ocr_par' dir='ltr' id='par_1_21' title="bbox 1003 409 1783 444">
     <span class='ocr_line' id='line_1_21' title="bbox 1003 409 1783 444; baseline 0 -8"><span class='ocrx_word' id='word_1_140' title='bbox 1003 414 1100 443; x_wconf 76' lang='lat' dir='ltr'><strong>septem</strong></span> <span class='ocrx_word' id='word_1_141' title='bbox 1120 409 1146 437; x_wconf 88' lang='lat' dir='ltr'><strong>in</strong></span> <span class='ocrx_word' id='word_1_142' title='bbox 1162 409 1278 437; x_wconf 79' lang='lat' dir='ltr'><strong>Arabum</strong></span> <span class='ocrx_word' id='word_1_143' title='bbox 1301 409 1410 444; x_wconf 83' lang='lat' dir='ltr'><strong>scriptis</strong></span> <span class='ocrx_word' id='word_1_144' title='bbox 1425 414 1626 441; x_wconf 86' lang='lat' dir='ltr'><strong>recenseantur,</strong></span> <span class='ocrx_word' id='word_1_145' title='bbox 1649 410 1711 437; x_wconf 89' lang='lat' dir='ltr'><strong>inde</strong></span> <span class='ocrx_word' id='word_1_146' title='bbox 1726 409 1783 436; x_wconf 84' lang='lat' dir='ltr'><strong>cla-</strong></span> 
     </span>
    </p>
   </div>
   <div class='ocr_carea' id='block_1_22' title="bbox 1003 454 1782 490">
    <p class='ocr_par' dir='ltr' id='par_1_22' title="bbox 1003 454 1782 490">
     <span class='ocr_line' id='line_1_22' title="bbox 1003 454 1782 490; baseline 0.001 -9"><span class='ocrx_word' id='word_1_147' title='bbox 1003 455 1127 482; x_wconf 87' lang='lat' dir='ltr'><strong>rissimus</strong></span> <span class='ocrx_word' id='word_1_148' title='bbox 1148 454 1371 482; x_wconf 81' lang='lat' dir='ltr'><strong>Montel&#39;alconius</strong></span> <span class='ocrx_word' id='word_1_149' title='bbox 1395 455 1524 490; x_wconf 84' lang='lat' dir='ltr'><strong>consequi</strong></span> <span class='ocrx_word' id='word_1_150' title='bbox 1554 459 1630 489; x_wconf 92' lang='lat' dir='ltr'><strong>putat</strong></span> <span class='ocrx_word' id='word_1_151' title='bbox 1660 455 1782 482; x_wconf 80' lang='lat' dir='ltr'><strong>Athana-</strong></span> 
     </span>
    </p>
   </div>
   <div class='ocr_carea' id='block_1_23' title="bbox 1003 501 1782 537">
    <p class='ocr_par' dir='ltr' id='par_1_23' title="bbox 1003 501 1782 537">
     <span class='ocr_line' id='line_1_23' title="bbox 1003 501 1782 537; baseline 0.004 -10"><span class='ocrx_word' id='word_1_152' title='bbox 1003 501 1086 534; x_wconf 89' lang='lat' dir='ltr'><strong>sium,</strong></span> <span class='ocrx_word' id='word_1_153' title='bbox 1098 506 1157 535; x_wconf 91' lang='lat' dir='ltr'><strong>post</strong></span> <span class='ocrx_word' id='word_1_154' title='bbox 1168 501 1200 527; x_wconf 88' lang='lat' dir='ltr'><strong>A.</strong></span> <span class='ocrx_word' id='word_1_155' title='bbox 1214 501 1243 529; x_wconf 88' lang='lat' dir='ltr'><strong>D.</strong></span> <span class='ocrx_word' id='word_1_156' title='bbox 1256 501 1318 534; x_wconf 76' lang='grc'>526,</span> <span class='ocrx_word' id='word_1_157' title='bbox 1330 501 1438 529; x_wconf 79' lang='lat' dir='ltr'><strong>totidem</strong></span> <span class='ocrx_word' id='word_1_158' title='bbox 1455 501 1586 529; x_wconf 81' lang='lat' dir='ltr'><strong>Paschata</strong></span> <span class='ocrx_word' id='word_1_159' title='bbox 1596 502 1651 529; x_wconf 82' lang='lat' dir='ltr'><strong>suis</strong></span> <span class='ocrx_word' id='word_1_160' title='bbox 1661 502 1782 537; x_wconf 87' lang='lat' dir='ltr'><strong>epistolis</strong></span> 
     </span>
    </p>
   </div>
   <div class='ocr_carea' id='block_1_24' title="bbox 1003 546 1781 582">
    <p class='ocr_par' dir='ltr' id='par_1_24' title="bbox 1003 546 1781 582">
     <span class='ocr_line' id='line_1_24' title="bbox 1003 546 1781 582; baseline 0.004 -10"><span class='ocrx_word' id='word_1_161' title='bbox 1003 547 1210 579; x_wconf 64' lang='lat' dir='ltr'><strong>praenuntiasse,</strong></span> <span class='ocrx_word' id='word_1_162' title='bbox 1230 552 1295 580; x_wconf 87' lang='lat' dir='ltr'><strong>quot</strong></span> <span class='ocrx_word' id='word_1_163' title='bbox 1309 552 1408 581; x_wconf 75' lang='lat' dir='ltr'><strong>praeter</strong></span> <span class='ocrx_word' id='word_1_164' title='bbox 1420 546 1494 582; x_wconf 85' lang='lat' dir='ltr'><strong>lapsa</strong></span> <span class='ocrx_word' id='word_1_165' title='bbox 1511 552 1688 575; x_wconf 80' lang='lat' dir='ltr'><strong>numerantur</strong></span> <span class='ocrx_word' id='word_1_166' title='bbox 1698 548 1732 575; x_wconf 87' lang='lat' dir='ltr'><strong>ab</strong></span> <span class='ocrx_word' id='word_1_167' title='bbox 1746 548 1781 576; x_wconf 85' lang='lat' dir='ltr'><strong>A.</strong></span> 
     </span>
    </p>
   </div>
   <div class='ocr_carea' id='block_1_25' title="bbox 1003 589 1782 628">
    <p class='ocr_par' dir='ltr' id='par_1_25' title="bbox 1003 589 1782 628">
     <span class='ocr_line' id='line_1_25' title="bbox 1003 589 1782 628; baseline 0.005 -12"><span class='ocrx_word' id='word_1_168' title='bbox 1003 589 1035 616; x_wconf 90' lang='lat' dir='ltr'><strong>D.</strong></span> <span class='ocrx_word' id='word_1_169' title='bbox 1049 590 1113 622; x_wconf 69' lang='grc'>527,</span> <span class='ocrx_word' id='word_1_170' title='bbox 1133 599 1186 625; x_wconf 90' lang='lat' dir='ltr'><strong>quo</strong></span> <span class='ocrx_word' id='word_1_171' title='bbox 1199 593 1317 626; x_wconf 91' lang='lat' dir='ltr'><strong>primum</strong></span> <span class='ocrx_word' id='word_1_172' title='bbox 1336 591 1438 619; x_wconf 85' lang='lat' dir='ltr'><strong>Pascha</strong></span> <span class='ocrx_word' id='word_1_173' title='bbox 1454 592 1618 620; x_wconf 81' lang='lat' dir='ltr'><strong>Athanasius</strong></span> <span class='ocrx_word' id='word_1_174' title='bbox 1638 593 1782 628; x_wconf 85' lang='lat' dir='ltr'><strong>episcopus</strong></span> 
     </span>
    </p>
   </div>
   <div class='ocr_carea' id='block_1_26' title="bbox 1001 635 1782 671">
    <p class='ocr_par' dir='ltr' id='par_1_26' title="bbox 1001 635 1782 671">
     <span class='ocr_line' id='line_1_26' title="bbox 1001 635 1782 671; baseline 0.004 -10"><span class='ocrx_word' id='word_1_175' title='bbox 1001 635 1157 667; x_wconf 74' lang='lat' dir='ltr'><strong>celebravit,</strong></span> <span class='ocrx_word' id='word_1_176' title='bbox 1173 637 1206 662; x_wconf 90' lang='lat' dir='ltr'><strong>ad</strong></span> <span class='ocrx_word' id='word_1_177' title='bbox 1222 636 1255 663; x_wconf 87' lang='lat' dir='ltr'><strong>A.</strong></span> <span class='ocrx_word' id='word_1_178' title='bbox 1272 637 1303 663; x_wconf 90' lang='lat' dir='ltr'><strong>D.</strong></span> <span class='ocrx_word' id='word_1_179' title='bbox 1323 636 1387 669; x_wconf 90' lang='grc'>575,</span> <span class='ocrx_word' id='word_1_180' title='bbox 1402 644 1456 671; x_wconf 91' lang='lat' dir='ltr'><strong>quo</strong></span> <span class='ocrx_word' id='word_1_181' title='bbox 1470 637 1559 664; x_wconf 88' lang='lat' dir='ltr'><strong>virum</strong></span> <span class='ocrx_word' id='word_1_182' title='bbox 1580 637 1782 665; x_wconf 89' lang='lat' dir='ltr'><strong>sanctissimum</strong></span> 
     </span>
    </p>
   </div>
   <div class='ocr_carea' id='block_1_27' title="bbox 1001 679 1778 718">
    <p class='ocr_par' dir='ltr' id='par_1_27' title="bbox 1001 679 1778 718">
     <span class='ocr_line' id='line_1_27' title="bbox 1001 679 1778 718; baseline 0.005 -12"><span class='ocrx_word' id='word_1_183' title='bbox 1001 679 1159 708; x_wconf 75' lang='lat' dir='ltr'><strong>defunctum</strong></span> <span class='ocrx_word' id='word_1_184' title='bbox 1176 681 1258 709; x_wconf 76' lang='lat' dir='ltr'><strong>fuisse</strong></span> <span class='ocrx_word' id='word_1_185' title='bbox 1272 683 1420 710; x_wconf 86' lang='lat' dir='ltr'><strong>contendit.</strong></span> <span class='ocrx_word' id='word_1_186' title='bbox 1441 682 1492 710; x_wconf 87' lang='lat' dir='ltr'><strong>Sed</strong></span> <span class='ocrx_word' id='word_1_187' title='bbox 1510 683 1658 716; x_wconf 85' lang='lat' dir='ltr'><strong>enimvero,</strong></span> <span class='ocrx_word' id='word_1_188' title='bbox 1681 683 1703 710; x_wconf 90' lang='lat' dir='ltr'><strong>si</strong></span> <span class='ocrx_word' id='word_1_189' title='bbox 1720 683 1778 718; x_wconf 87' lang='lat' dir='ltr'><strong>jam</strong></span> 
     </span>
    </p>
   </div>
   <div class='ocr_carea' id='block_1_28' title="bbox 1001 725 1778 764">
    <p class='ocr_par' dir='ltr' id='par_1_28' title="bbox 1001 725 1778 764">
     <span class='ocr_line' id='line_1_28' title="bbox 1001 725 1778 764; baseline 0.008 -13"><span class='ocrx_word' id='word_1_190' title='bbox 1001 725 1230 760; x_wconf 71' lang='lat' dir='ltr'><strong>dictabucusque</strong></span> <span class='ocrx_word' id='word_1_191' title='bbox 1252 728 1336 761; x_wconf 86' lang='lat' dir='ltr'><strong>probe</strong></span> <span class='ocrx_word' id='word_1_192' title='bbox 1361 729 1522 761; x_wconf 87' lang='lat' dir='ltr'><strong>consistunt,</strong></span> <span class='ocrx_word' id='word_1_193' title='bbox 1546 737 1633 764; x_wconf 87' lang='lat' dir='ltr'><strong>neque</strong></span> <span class='ocrx_word' id='word_1_194' title='bbox 1650 737 1778 758; x_wconf 86' lang='lat' dir='ltr'><strong>numerus</strong></span> 
     </span>
    </p>
   </div>
   <div class='ocr_carea' id='block_1_29' title="bbox 1000 772 1781 807">
    <p class='ocr_par' dir='ltr' id='par_1_29' title="bbox 1000 772 1781 807">
     <span class='ocr_line' id='line_1_29' title="bbox 1000 772 1781 807; baseline 0.009 -11"><span class='ocrx_word' id='word_1_195' title='bbox 1000 772 1153 798; x_wconf 87' lang='lat' dir='ltr'><strong>earumdem</strong></span> <span class='ocrx_word' id='word_1_196' title='bbox 1176 772 1349 806; x_wconf 83' lang='lat' dir='ltr'><strong>epistularum</strong></span> <span class='ocrx_word' id='word_1_197' title='bbox 1376 773 1486 807; x_wconf 73' lang='lat' dir='ltr'><strong>latisoit,</strong></span> <span class='ocrx_word' id='word_1_198' title='bbox 1503 782 1612 802; x_wconf 86' lang='lat' dir='ltr'><strong>necesse</strong></span> <span class='ocrx_word' id='word_1_199' title='bbox 1632 780 1673 803; x_wconf 84' lang='lat' dir='ltr'><strong>est</strong></span> <span class='ocrx_word' id='word_1_200' title='bbox 1701 775 1781 803; x_wconf 81' lang='lat' dir='ltr'><strong>Atha-</strong></span> 
     </span>
    </p>
   </div>
   <div class='ocr_carea' id='block_1_30' title="bbox 1001 817 1780 857">
    <p class='ocr_par' dir='ltr' id='par_1_30' title="bbox 1001 817 1780 857">
     <span class='ocr_line' id='line_1_30' title="bbox 1001 817 1780 857; baseline 0.009 -14"><span class='ocrx_word' id='word_1_201' title='bbox 1001 817 1104 844; x_wconf 86' lang='lat' dir='ltr'><strong>nasium</strong></span> <span class='ocrx_word' id='word_1_202' title='bbox 1126 818 1213 845; x_wconf 91' lang='lat' dir='ltr'><strong>adhuc</strong></span> <span class='ocrx_word' id='word_1_203' title='bbox 1243 819 1414 853; x_wconf 83' lang='lat' dir='ltr'><strong>superstitem</strong></span> <span class='ocrx_word' id='word_1_204' title='bbox 1437 820 1471 848; x_wconf 82' lang='lat' dir='ltr'><strong>A.</strong></span> <span class='ocrx_word' id='word_1_205' title='bbox 1497 821 1529 849; x_wconf 89' lang='lat' dir='ltr'><strong>D.</strong></span> <span class='ocrx_word' id='word_1_206' title='bbox 1552 822 1615 854; x_wconf 71' lang='grc'>572,</span> <span class='ocrx_word' id='word_1_207' title='bbox 1639 822 1780 857; x_wconf 84' lang='lat' dir='ltr'><strong>epistolam</strong></span> 
     </span>
    </p>
   </div>
   <div class='ocr_carea' id='block_1_31' title="bbox 1002 863 1780 902">
    <p class='ocr_par' dir='ltr' id='par_1_31' title="bbox 1002 863 1780 902">
     <span class='ocr_line' id='line_1_31' title="bbox 1002 863 1780 902; baseline 0.008 -12"><span class='ocrx_word' id='word_1_208' title='bbox 1002 863 1162 891; x_wconf 87' lang='lat' dir='ltr'><strong>Paschalem</strong></span> <span class='ocrx_word' id='word_1_209' title='bbox 1177 864 1212 891; x_wconf 74' lang='grc'>47</span> <span class='ocrx_word' id='word_1_210' title='bbox 1233 872 1360 893; x_wconf 85' lang='lat' dir='ltr'><strong>exarasse</strong></span> <span class='ocrx_word' id='word_1_211' title='bbox 1388 873 1437 899; x_wconf 91' lang='lat' dir='ltr'><strong>pro</strong></span> <span class='ocrx_word' id='word_1_212' title='bbox 1455 867 1605 902; x_wconf 85' lang='lat' dir='ltr'><strong>insequenti</strong></span> <span class='ocrx_word' id='word_1_213' title='bbox 1622 868 1655 895; x_wconf 79' lang='grc' dir='ltr'><strong>Α.</strong></span> <span class='ocrx_word' id='word_1_214' title='bbox 1671 869 1702 896; x_wconf 91' lang='lat' dir='ltr'><strong>D.</strong></span> <span class='ocrx_word' id='word_1_215' title='bbox 1717 868 1780 900; x_wconf 80' lang='grc'>575,</span> 
     </span>
    </p>
   </div>
   <div class='ocr_carea' id='block_1_32' title="bbox 167 909 944 948">
    <p class='ocr_par' dir='ltr' id='par_1_32' title="bbox 167 912 944 948">
     <span class='ocr_line' id='line_1_32' title="bbox 167 912 944 948; baseline 0.004 -10"><span class='ocrx_word' id='word_1_216' title='bbox 167 912 267 946; x_wconf 86' lang='lat' dir='ltr'><strong>pererit</strong></span> <span class='ocrx_word' id='word_1_217' title='bbox 279 919 365 940; x_wconf 88' lang='lat' dir='ltr'><strong>annus</strong></span> <span class='ocrx_word' id='word_1_218' title='bbox 377 912 556 948; x_wconf 87' lang='lat' dir='ltr'><strong>Dionysianus</strong></span> <span class='ocrx_word' id='word_1_219' title='bbox 565 913 628 946; x_wconf 73' lang='lat'><strong>572,</strong></span> <span class='ocrx_word' id='word_1_220' title='bbox 639 921 693 948; x_wconf 94' lang='lat' dir='ltr'><strong>quo</strong></span> <span class='ocrx_word' id='word_1_221' title='bbox 703 914 792 941; x_wconf 88' lang='lat' dir='ltr'><strong>obitus</strong></span> <span class='ocrx_word' id='word_1_222' title='bbox 803 915 944 942; x_wconf 80' lang='lat' dir='ltr'><strong>Athanasii</strong></span> 
     </span>
    </p>
   </div>
   <div class='ocr_carea' id='block_1_33' title="bbox 996 909 1780 948">
    <p class='ocr_par' dir='ltr' id='par_1_33' title="bbox 1002 909 1780 947">
     <span class='ocr_line' id='line_1_33' title="bbox 1002 909 1780 947; baseline 0.008 -12"><span class='ocrx_word' id='word_1_223' title='bbox 1002 913 1031 936; x_wconf 91' lang='lat' dir='ltr'><strong>ut</strong></span> <span class='ocrx_word' id='word_1_224' title='bbox 1041 916 1093 936; x_wconf 90' lang='lat' dir='ltr'><strong>non</strong></span> <span class='ocrx_word' id='word_1_225' title='bbox 1103 909 1161 936; x_wconf 86' lang='lat' dir='ltr'><strong>leve</strong></span> <span class='ocrx_word' id='word_1_226' title='bbox 1173 910 1300 937; x_wconf 89' lang='lat' dir='ltr'><strong>indicium</strong></span> <span class='ocrx_word' id='word_1_227' title='bbox 1316 912 1392 938; x_wconf 85' lang='lat' dir='ltr'><strong>nobis</strong></span> <span class='ocrx_word' id='word_1_228' title='bbox 1405 913 1558 947; x_wconf 85' lang='lat' dir='ltr'><strong>suppeditat</strong></span> <span class='ocrx_word' id='word_1_229' title='bbox 1569 913 1680 947; x_wconf 86' lang='lat' dir='ltr'><strong>epistola</strong></span> <span class='ocrx_word' id='word_1_230' title='bbox 1692 915 1780 942; x_wconf 85' lang='lat' dir='ltr'><strong>sancti</strong></span> 
     </span>
    </p>
   </div>
   <div class='ocr_carea' id='block_1_34' title="bbox 166 957 948 994">
    <p class='ocr_par' dir='ltr' id='par_1_34' title="bbox 166 957 948 994">
     <span class='ocr_line' id='line_1_34' title="bbox 166 957 948 994; baseline 0.004 -10"><span class='ocrx_word' id='word_1_231' title='bbox 166 963 194 985; x_wconf 91' lang='lat' dir='ltr'><strong>et</strong></span> <span class='ocrx_word' id='word_1_232' title='bbox 212 957 283 985; x_wconf 79' lang='lat' dir='ltr'><strong>Petri</strong></span> <span class='ocrx_word' id='word_1_233' title='bbox 302 958 437 986; x_wconf 84' lang='lat' dir='ltr'><strong>ordinatio</strong></span> <span class='ocrx_word' id='word_1_234' title='bbox 453 964 609 990; x_wconf 88' lang='lat' dir='ltr'><strong>evenerunt,</strong></span> <span class='ocrx_word' id='word_1_235' title='bbox 634 960 709 994; x_wconf 88' lang='lat' dir='ltr'><strong>cyclo</strong></span> <span class='ocrx_word' id='word_1_236' title='bbox 731 960 798 986; x_wconf 84' lang='lat' dir='ltr'><strong>solis</strong></span> <span class='ocrx_word' id='word_1_237' title='bbox 818 967 884 992; x_wconf 84' lang='lat' dir='ltr'><strong>xvn,</strong></span> <span class='ocrx_word' id='word_1_238' title='bbox 907 960 948 987; x_wconf 95' lang='lat' dir='ltr'><strong>lu-</strong></span> 
     </span>
    </p>
   </div>
   <div class='ocr_carea' id='block_1_35' title="bbox 168 1004 947 1043">
    <p class='ocr_par' dir='ltr' id='par_1_35' title="bbox 168 1004 947 1043">
     <span class='ocr_line' id='line_1_35' title="bbox 168 1004 947 1043; baseline 0.005 -13"><span class='ocrx_word' id='word_1_239' title='bbox 168 1011 208 1030; x_wconf 70' lang='lat' dir='ltr'><strong>nze</strong></span> <span class='ocrx_word' id='word_1_240' title='bbox 219 1011 267 1032; x_wconf 89' lang='lat' dir='ltr'><strong>xtt.</strong></span> <span class='ocrx_word' id='word_1_241' title='bbox 286 1004 381 1031; x_wconf 88' lang='lat' dir='ltr'><strong>litteris</strong></span> <span class='ocrx_word' id='word_1_242' title='bbox 397 1004 602 1043; x_wconf 78' lang='lat' dir='ltr'><strong>Dominicalibus</strong></span> <span class='ocrx_word' id='word_1_243' title='bbox 612 1006 644 1033; x_wconf 86' lang='lat' dir='ltr'><strong>A.</strong></span> <span class='ocrx_word' id='word_1_244' title='bbox 661 1005 706 1037; x_wconf 88' lang='lat' dir='ltr'><strong>G.,</strong></span> <span class='ocrx_word' id='word_1_245' title='bbox 717 1006 809 1032; x_wconf 90' lang='lat' dir='ltr'><strong>indict.</strong></span> <span class='ocrx_word' id='word_1_246' title='bbox 825 1014 868 1034; x_wconf 89' lang='lat' dir='ltr'><strong>xv.</strong></span> <span class='ocrx_word' id='word_1_247' title='bbox 879 1006 947 1040; x_wconf 88' lang='lat' dir='ltr'><strong>Quia</strong></span> 
     </span>
    </p>
   </div>
   <div class='ocr_carea' id='block_1_36' title="bbox 168 1050 945 1088">
    <p class='ocr_par' dir='ltr' id='par_1_36' title="bbox 168 1050 945 1088">
     <span class='ocr_line' id='line_1_36' title="bbox 168 1050 945 1088; baseline 0.005 -12"><span class='ocrx_word' id='word_1_248' title='bbox 168 1058 231 1078; x_wconf 83' lang='lat' dir='ltr'><strong>vero</strong></span> <span class='ocrx_word' id='word_1_249' title='bbox 246 1050 308 1077; x_wconf 90' lang='lat' dir='ltr'><strong>anni</strong></span> <span class='ocrx_word' id='word_1_250' title='bbox 320 1051 469 1078; x_wconf 81' lang='lat' dir='ltr'><strong>Abrahnmi</strong></span> <span class='ocrx_word' id='word_1_251' title='bbox 481 1051 585 1080; x_wconf 90' lang='lat' dir='ltr'><strong>duobus</strong></span> <span class='ocrx_word' id='word_1_252' title='bbox 600 1053 683 1087; x_wconf 82' lang='lat' dir='ltr'><strong>cyclis</strong></span> <span class='ocrx_word' id='word_1_253' title='bbox 701 1052 841 1080; x_wconf 87' lang='lat' dir='ltr'><strong>lunaribus</strong></span> <span class='ocrx_word' id='word_1_254' title='bbox 853 1053 945 1088; x_wconf 89' lang='lat' dir='ltr'><strong>cyclos</strong></span> 
     </span>
    </p>
   </div>
   <div class='ocr_carea' id='block_1_37' title="bbox 130 1096 946 1142">
    <p class='ocr_par' dir='ltr' id='par_1_37' title="bbox 130 1096 946 1142">
     <span class='ocr_line' id='line_1_37' title="bbox 130 1096 946 1142; baseline 0.004 -19"><span class='ocrx_word' id='word_1_255' title='bbox 130 1131 138 1142; x_wconf 40' lang='grc' dir='ltr'>ι</span> <span class='ocrx_word' id='word_1_256' title='bbox 168 1096 345 1131; x_wconf 82' lang='lat' dir='ltr'><strong>Dionysianos</strong></span> <span class='ocrx_word' id='word_1_257' title='bbox 356 1097 580 1132; x_wconf 81' lang='lat' dir='ltr'><strong>Superant,deme</strong></span> <span class='ocrx_word' id='word_1_258' title='bbox 595 1098 664 1131; x_wconf 89' lang='lat' dir='ltr'><strong>illos,</strong></span> <span class='ocrx_word' id='word_1_259' title='bbox 678 1104 704 1125; x_wconf 91' lang='lat' dir='ltr'><strong>et</strong></span> <span class='ocrx_word' id='word_1_260' title='bbox 720 1099 830 1126; x_wconf 87' lang='lat' dir='ltr'><strong>habebis</strong></span> <span class='ocrx_word' id='word_1_261' title='bbox 840 1099 946 1134; x_wconf 76' lang='lat' dir='ltr'><strong>cyclum</strong></span> 
     </span>
    </p>
   </div>
   <div class='ocr_carea' id='block_1_38' title="bbox 166 1142 944 1180">
    <p class='ocr_par' dir='ltr' id='par_1_38' title="bbox 166 1142 944 1180">
     <span class='ocr_line' id='line_1_38' title="bbox 166 1142 944 1180; baseline 0.004 -11"><span class='ocrx_word' id='word_1_262' title='bbox 166 1142 235 1170; x_wconf 78' lang='lat' dir='ltr'><strong>luna:</strong></span> <span class='ocrx_word' id='word_1_263' title='bbox 253 1143 367 1177; x_wconf 83' lang='lat' dir='ltr'><strong>xn,jam</strong></span> <span class='ocrx_word' id='word_1_264' title='bbox 385 1143 554 1172; x_wconf 87' lang='lat' dir='ltr'><strong>adnotatum.</strong></span> <span class='ocrx_word' id='word_1_265' title='bbox 584 1143 647 1172; x_wconf 65' lang='lat' dir='ltr'><strong>llaec</strong></span> <span class='ocrx_word' id='word_1_266' title='bbox 667 1151 700 1172; x_wconf 82' lang='lat' dir='ltr'><strong>ex</strong></span> <span class='ocrx_word' id='word_1_267' title='bbox 722 1145 849 1172; x_wconf 85' lang='lat' dir='ltr'><strong>methodo</strong></span> <span class='ocrx_word' id='word_1_268' title='bbox 863 1152 944 1180; x_wconf 91' lang='lat' dir='ltr'><strong>quam</strong></span> 
     </span>
    </p>
   </div>
   <div class='ocr_carea' id='block_1_39' title="bbox 167 1188 946 1226">
    <p class='ocr_par' dir='ltr' id='par_1_39' title="bbox 167 1188 946 1226">
     <span class='ocr_line' id='line_1_39' title="bbox 167 1188 946 1226; baseline 0.004 -11"><span class='ocrx_word' id='word_1_269' title='bbox 167 1188 262 1224; x_wconf 81' lang='lat' dir='ltr'><strong>Pagius</strong></span> <span class='ocrx_word' id='word_1_270' title='bbox 275 1189 307 1215; x_wconf 79' lang='lat' dir='ltr'><strong>ad</strong></span> <span class='ocrx_word' id='word_1_271' title='bbox 319 1196 404 1216; x_wconf 89' lang='lat' dir='ltr'><strong>annos</strong></span> <span class='ocrx_word' id='word_1_272' title='bbox 418 1189 634 1217; x_wconf 85' lang='lat' dir='ltr'><strong>Abrahamiticos</strong></span> <span class='ocrx_word' id='word_1_273' title='bbox 648 1198 708 1218; x_wconf 92' lang='lat' dir='ltr'><strong>cum</strong></span> <span class='ocrx_word' id='word_1_274' title='bbox 733 1191 905 1226; x_wconf 85' lang='lat' dir='ltr'><strong>Dionysianis</strong></span> <span class='ocrx_word' id='word_1_275' title='bbox 920 1192 946 1218; x_wconf 90' lang='lat' dir='ltr'><strong>in</strong></span> 
     </span>
    </p>
   </div>
   <div class='ocr_carea' id='block_1_40' title="bbox 167 1234 947 1270">
    <p class='ocr_par' dir='ltr' id='par_1_40' title="bbox 167 1234 947 1270">
     <span class='ocr_line' id='line_1_40' title="bbox 167 1234 947 1270; baseline 0.005 -10"><span class='ocrx_word' id='word_1_276' title='bbox 167 1234 295 1261; x_wconf 79' lang='lat' dir='ltr'><strong>Chronico</strong></span> <span class='ocrx_word' id='word_1_277' title='bbox 313 1234 418 1262; x_wconf 83' lang='lat' dir='ltr'><strong>Eusebii</strong></span> <span class='ocrx_word' id='word_1_278' title='bbox 438 1235 604 1270; x_wconf 90' lang='lat' dir='ltr'><strong>copulandos</strong></span> <span class='ocrx_word' id='word_1_279' title='bbox 630 1236 740 1264; x_wconf 88' lang='lat' dir='ltr'><strong>tradidit</strong></span> <span class='ocrx_word' id='word_1_280' title='bbox 763 1237 790 1263; x_wconf 95' lang='lat' dir='ltr'><strong>in</strong></span> <span class='ocrx_word' id='word_1_281' title='bbox 814 1237 947 1264; x_wconf 86' lang='lat' dir='ltr'><strong>Disserta-</strong></span> 
     </span>
    </p>
   </div>
   <div class='ocr_carea' id='block_1_41' title="bbox 168 1280 943 1318">
    <p class='ocr_par' dir='ltr' id='par_1_41' title="bbox 168 1280 943 1318">
     <span class='ocr_line' id='line_1_41' title="bbox 168 1280 943 1318; baseline 0.005 -12"><span class='ocrx_word' id='word_1_282' title='bbox 168 1280 240 1306; x_wconf 85' lang='lat' dir='ltr'><strong>tione</strong></span> <span class='ocrx_word' id='word_1_283' title='bbox 257 1280 289 1307; x_wconf 86' lang='lat' dir='ltr'><strong>de</strong></span> <span class='ocrx_word' id='word_1_284' title='bbox 302 1281 409 1314; x_wconf 85' lang='lat' dir='ltr'><strong>periodo</strong></span> <span class='ocrx_word' id='word_1_285' title='bbox 423 1281 649 1310; x_wconf 68' lang='lat' dir='ltr'><strong>Gnaeo-Romana</strong></span> <span class='ocrx_word' id='word_1_286' title='bbox 663 1282 676 1318; x_wconf 63' lang='grc' dir='ltr'>ᾗ</span> <span class='ocrx_word' id='word_1_287' title='bbox 691 1282 736 1314; x_wconf 88' lang='grc'><strong>79,</strong></span> <span class='ocrx_word' id='word_1_288' title='bbox 754 1290 815 1318; x_wconf 78' lang='lat' dir='ltr'><strong>qua:</strong></span> <span class='ocrx_word' id='word_1_289' title='bbox 835 1283 943 1317; x_wconf 88' lang='lat' dir='ltr'><strong>quidem</strong></span> 
     </span>
    </p>
   </div>
   <div class='ocr_carea' id='block_1_42' title="bbox 168 1326 946 1361">
    <p class='ocr_par' dir='ltr' id='par_1_42' title="bbox 168 1326 946 1361">
     <span class='ocr_line' id='line_1_42' title="bbox 168 1326 946 1361; baseline 0.005 -9"><span class='ocrx_word' id='word_1_290' title='bbox 168 1326 478 1361; x_wconf 78' lang='lat' dir='ltr'><strong>methmlns,quanquam</strong></span> <span class='ocrx_word' id='word_1_291' title='bbox 491 1332 532 1355; x_wconf 86' lang='lat' dir='ltr'><strong>est</strong></span> <span class='ocrx_word' id='word_1_292' title='bbox 543 1328 638 1361; x_wconf 78' lang='lat' dir='ltr'><strong>facilis,</strong></span> <span class='ocrx_word' id='word_1_293' title='bbox 652 1329 751 1356; x_wconf 88' lang='lat' dir='ltr'><strong>nemini</strong></span> <span class='ocrx_word' id='word_1_294' title='bbox 765 1331 854 1356; x_wconf 85' lang='lat' dir='ltr'><strong>tamen</strong></span> <span class='ocrx_word' id='word_1_295' title='bbox 866 1334 946 1356; x_wconf 80' lang='lat' dir='ltr'><strong>antea</strong></span> 
     </span>
    </p>
   </div>
   <div class='ocr_carea' id='block_1_43' title="bbox 165 1372 947 1403">
    <p class='ocr_par' dir='ltr' id='par_1_43' title="bbox 165 1372 947 1403">
     <span class='ocr_line' id='line_1_43' title="bbox 165 1372 947 1403; baseline 0.003 -4"><span class='ocrx_word' id='word_1_296' title='bbox 165 1372 318 1400; x_wconf 83' lang='lat' dir='ltr'><strong>observata.</strong></span> <span class='ocrx_word' id='word_1_297' title='bbox 338 1372 478 1400; x_wconf 88' lang='lat' dir='ltr'><strong>Postremo</strong></span> <span class='ocrx_word' id='word_1_298' title='bbox 496 1374 552 1401; x_wconf 72' lang='lat' dir='ltr'><strong>haec</strong></span> <span class='ocrx_word' id='word_1_299' title='bbox 564 1374 654 1402; x_wconf 90' lang='lat' dir='ltr'><strong>omnia</strong></span> <span class='ocrx_word' id='word_1_300' title='bbox 670 1374 783 1402; x_wconf 82' lang='lat' dir='ltr'><strong>miriﬁce</strong></span> <span class='ocrx_word' id='word_1_301' title='bbox 797 1375 947 1403; x_wconf 84' lang='lat' dir='ltr'><strong>solidantur</strong></span> 
     </span>
    </p>
   </div>
   <div class='ocr_carea' id='block_1_44' title="bbox 166 1417 946 1455">
    <p class='ocr_par' dir='ltr' id='par_1_44' title="bbox 166 1417 946 1455">
     <span class='ocr_line' id='line_1_44' title="bbox 166 1417 946 1455; baseline 0.005 -12"><span class='ocrx_word' id='word_1_302' title='bbox 166 1426 197 1444; x_wconf 80' lang='lat' dir='ltr'><strong>rx</strong></span> <span class='ocrx_word' id='word_1_303' title='bbox 213 1417 245 1444; x_wconf 90' lang='lat' dir='ltr'><strong>A.</strong></span> <span class='ocrx_word' id='word_1_304' title='bbox 263 1417 294 1444; x_wconf 92' lang='lat' dir='ltr'><strong>D.</strong></span> <span class='ocrx_word' id='word_1_305' title='bbox 311 1417 374 1450; x_wconf 73' lang='grc'>574,</span> <span class='ocrx_word' id='word_1_306' title='bbox 386 1419 428 1446; x_wconf 92' lang='lat' dir='ltr'><strong>cui</strong></span> <span class='ocrx_word' id='word_1_307' title='bbox 440 1426 527 1446; x_wconf 87' lang='lat' dir='ltr'><strong>annus</strong></span> <span class='ocrx_word' id='word_1_308' title='bbox 541 1420 644 1454; x_wconf 90' lang='lat' dir='ltr'><strong>primus</strong></span> <span class='ocrx_word' id='word_1_309' title='bbox 656 1419 820 1455; x_wconf 82' lang='lat' dir='ltr'><strong>Olympiadis</strong></span> <span class='ocrx_word' id='word_1_310' title='bbox 842 1420 868 1446; x_wconf 91' lang='lat' dir='ltr'><strong>in</strong></span> <span class='ocrx_word' id='word_1_311' title='bbox 885 1419 946 1447; x_wconf 88' lang='lat' dir='ltr'><strong>Hie-</strong></span> 
     </span>
    </p>
   </div>
   <div class='ocr_carea' id='block_1_45' title="bbox 168 1463 946 1500">
    <p class='ocr_par' dir='ltr' id='par_1_45' title="bbox 168 1463 946 1500">
     <span class='ocr_line' id='line_1_45' title="bbox 168 1463 946 1500; baseline 0.003 -10"><span class='ocrx_word' id='word_1_312' title='bbox 168 1464 325 1497; x_wconf 75' lang='lat' dir='ltr'><strong>ronymiano</strong></span> <span class='ocrx_word' id='word_1_313' title='bbox 338 1463 467 1491; x_wconf 77' lang='lat' dir='ltr'><strong>Chronico</strong></span> <span class='ocrx_word' id='word_1_314' title='bbox 488 1465 650 1498; x_wconf 85' lang='lat' dir='ltr'><strong>adnectitur,</strong></span> <span class='ocrx_word' id='word_1_315' title='bbox 668 1473 729 1493; x_wconf 92' lang='lat' dir='ltr'><strong>nam</strong></span> <span class='ocrx_word' id='word_1_316' title='bbox 741 1466 843 1500; x_wconf 86' lang='lat' dir='ltr'><strong>epocha</strong></span> <span class='ocrx_word' id='word_1_317' title='bbox 856 1465 946 1492; x_wconf 85' lang='lat' dir='ltr'><strong>incar-</strong></span> 
     </span>
    </p>
   </div>
   <div class='ocr_carea' id='block_1_46' title="bbox 167 1509 946 1546">
    <p class='ocr_par' dir='ltr' id='par_1_46' title="bbox 167 1509 946 1546">
     <span class='ocr_line' id='line_1_46' title="bbox 167 1509 946 1546; baseline 0.005 -11"><span class='ocrx_word' id='word_1_318' title='bbox 167 1509 293 1542; x_wconf 89' lang='lat' dir='ltr'><strong>nationis,</strong></span> <span class='ocrx_word' id='word_1_319' title='bbox 309 1517 361 1544; x_wconf 87' lang='lat' dir='ltr'><strong>qua</strong></span> <span class='ocrx_word' id='word_1_320' title='bbox 381 1511 467 1537; x_wconf 87' lang='lat' dir='ltr'><strong>utitur</strong></span> <span class='ocrx_word' id='word_1_321' title='bbox 487 1510 620 1538; x_wconf 84' lang='lat' dir='ltr'><strong>Eusebius</strong></span> <span class='ocrx_word' id='word_1_322' title='bbox 643 1515 670 1538; x_wconf 88' lang='lat' dir='ltr'><strong>et</strong></span> <span class='ocrx_word' id='word_1_323' title='bbox 692 1511 751 1546; x_wconf 87' lang='lat' dir='ltr'><strong>ejus</strong></span> <span class='ocrx_word' id='word_1_324' title='bbox 773 1512 946 1539; x_wconf 87' lang='lat' dir='ltr'><strong>continuator</strong></span> 
     </span>
    </p>
   </div>
   <div class='ocr_carea' id='block_1_47' title="bbox 166 1555 942 1592">
    <p class='ocr_par' dir='ltr' id='par_1_47' title="bbox 166 1555 942 1592">
     <span class='ocr_line' id='line_1_47' title="bbox 166 1555 942 1592; baseline 0.003 -10"><span class='ocrx_word' id='word_1_325' title='bbox 166 1555 356 1591; x_wconf 80' lang='lat' dir='ltr'><strong>Hieronymus,</strong></span> <span class='ocrx_word' id='word_1_326' title='bbox 381 1556 488 1583; x_wconf 84' lang='lat' dir='ltr'><strong>biennio</strong></span> <span class='ocrx_word' id='word_1_327' title='bbox 517 1556 707 1592; x_wconf 87' lang='lat' dir='ltr'><strong>Dionysianam</strong></span> <span class='ocrx_word' id='word_1_328' title='bbox 734 1559 887 1589; x_wconf 85' lang='lat' dir='ltr'><strong>antevertit,</strong></span> <span class='ocrx_word' id='word_1_329' title='bbox 909 1565 942 1584; x_wconf 88' lang='lat' dir='ltr'><strong>ex</strong></span> 
     </span>
    </p>
   </div>
   <div class='ocr_carea' id='block_1_48' title="bbox 165 1601 942 1638">
    <p class='ocr_par' dir='ltr' id='par_1_48' title="bbox 165 1601 942 1638">
     <span class='ocr_line' id='line_1_48' title="bbox 165 1601 942 1638; baseline 0.003 -10"><span class='ocrx_word' id='word_1_330' title='bbox 165 1601 247 1636; x_wconf 77' lang='lat' dir='ltr'><strong>l’agio</strong></span> <span class='ocrx_word' id='word_1_331' title='bbox 274 1602 396 1636; x_wconf 78' lang='lat' dir='ltr'><strong>proxime</strong></span> <span class='ocrx_word' id='word_1_332' title='bbox 427 1601 543 1629; x_wconf 81' lang='lat' dir='ltr'><strong>adducto</strong></span> <span class='ocrx_word' id='word_1_333' title='bbox 575 1601 589 1638; x_wconf 83' lang='lat'><strong>§</strong></span> <span class='ocrx_word' id='word_1_334' title='bbox 619 1602 670 1635; x_wconf 83' lang='lat'><strong>78,</strong></span> <span class='ocrx_word' id='word_1_335' title='bbox 708 1603 828 1638; x_wconf 85' lang='lat' dir='ltr'><strong>adeoque</strong></span> <span class='ocrx_word' id='word_1_336' title='bbox 855 1611 942 1631; x_wconf 88' lang='lat' dir='ltr'><strong>annus</strong></span> 
     </span>
    </p>
   </div>
   <div class='ocr_carea' id='block_1_49' title="bbox 165 1646 942 1681">
    <p class='ocr_par' dir='ltr' id='par_1_49' title="bbox 165 1646 942 1681">
     <span class='ocr_line' id='line_1_49' title="bbox 165 1646 942 1681; baseline 0.001 -7"><span class='ocrx_word' id='word_1_337' title='bbox 165 1646 264 1674; x_wconf 79' lang='lat' dir='ltr'><strong>Ch&#39;risti</strong></span> <span class='ocrx_word' id='word_1_338' title='bbox 276 1647 338 1680; x_wconf 70' lang='grc'>574,</span> <span class='ocrx_word' id='word_1_339' title='bbox 358 1647 402 1681; x_wconf 91' lang='lat' dir='ltr'><strong>qui</strong></span> <span class='ocrx_word' id='word_1_340' title='bbox 419 1647 517 1674; x_wconf 91' lang='lat' dir='ltr'><strong>ibidem</strong></span> <span class='ocrx_word' id='word_1_341' title='bbox 542 1647 675 1680; x_wconf 80' lang='lat' dir='ltr'><strong>signatur,</strong></span> <span class='ocrx_word' id='word_1_342' title='bbox 690 1648 811 1675; x_wconf 89' lang='lat' dir='ltr'><strong>detracto</strong></span> <span class='ocrx_word' id='word_1_343' title='bbox 824 1648 942 1680; x_wconf 89' lang='lat' dir='ltr'><strong>biennio,</strong></span> 
     </span>
    </p>
   </div>
   <div class='ocr_carea' id='block_1_50' title="bbox 164 1692 944 1729">
    <p class='ocr_par' dir='ltr' id='par_1_50' title="bbox 164 1692 944 1729">
     <span class='ocr_line' id='line_1_50' title="bbox 164 1692 944 1729; baseline 0.003 -10"><span class='ocrx_word' id='word_1_344' title='bbox 164 1693 290 1726; x_wconf 87' lang='lat' dir='ltr'><strong>exprimit</strong></span> <span class='ocrx_word' id='word_1_345' title='bbox 307 1700 405 1720; x_wconf 91' lang='lat' dir='ltr'><strong>annum</strong></span> <span class='ocrx_word' id='word_1_346' title='bbox 420 1692 556 1728; x_wconf 76' lang='lat' dir='ltr'><strong>vulgarem</strong></span> <span class='ocrx_word' id='word_1_347' title='bbox 567 1693 756 1729; x_wconf 87' lang='lat' dir='ltr'><strong>Dionysianum</strong></span> <span class='ocrx_word' id='word_1_348' title='bbox 766 1693 829 1720; x_wconf 76' lang='grc'>572.</span> <span class='ocrx_word' id='word_1_349' title='bbox 842 1692 944 1722; x_wconf 77' lang='lat' dir='ltr'><strong>Vereor</strong></span> 
     </span>
    </p>
   </div>
   <div class='ocr_carea' id='block_1_51' title="bbox 166 1738 944 1774">
    <p class='ocr_par' dir='ltr' id='par_1_51' title="bbox 166 1738 944 1774">
     <span class='ocr_line' id='line_1_51' title="bbox 166 1738 944 1774; baseline 0.001 -8"><span class='ocrx_word' id='word_1_350' title='bbox 166 1747 199 1766; x_wconf 90' lang='lat' dir='ltr'><strong>ne</strong></span> <span class='ocrx_word' id='word_1_351' title='bbox 209 1744 262 1766; x_wconf 89' lang='lat' dir='ltr'><strong>tam</strong></span> <span class='ocrx_word' id='word_1_352' title='bbox 275 1739 363 1774; x_wconf 86' lang='lat' dir='ltr'><strong>spissa</strong></span> <span class='ocrx_word' id='word_1_353' title='bbox 380 1738 508 1766; x_wconf 87' lang='lat' dir='ltr'><strong>tricarum</strong></span> <span class='ocrx_word' id='word_1_354' title='bbox 522 1739 677 1773; x_wconf 74' lang='lat' dir='ltr'><strong>huiusmodi</strong></span> <span class='ocrx_word' id='word_1_355' title='bbox 689 1739 859 1774; x_wconf 78' lang='lat' dir='ltr'><strong>conglobatio</strong></span> <span class='ocrx_word' id='word_1_356' title='bbox 868 1739 944 1768; x_wconf 77' lang='lat' dir='ltr'><strong>fasti-</strong></span> 
     </span>
    </p>
   </div>
   <div class='ocr_carea' id='block_1_52' title="bbox 165 1785 944 1820">
    <p class='ocr_par' dir='ltr' id='par_1_52' title="bbox 165 1785 944 1820">
     <span class='ocr_line' id='line_1_52' title="bbox 165 1785 944 1820; baseline 0.003 -8"><span class='ocrx_word' id='word_1_357' title='bbox 165 1785 237 1812; x_wconf 90' lang='lat' dir='ltr'><strong>dium</strong></span> <span class='ocrx_word' id='word_1_358' title='bbox 255 1785 359 1820; x_wconf 81' lang='lat' dir='ltr'><strong>pariat;</strong></span> <span class='ocrx_word' id='word_1_359' title='bbox 376 1786 423 1813; x_wconf 89' lang='lat' dir='ltr'><strong>sed</strong></span> <span class='ocrx_word' id='word_1_360' title='bbox 440 1785 484 1812; x_wconf 91' lang='lat' dir='ltr'><strong>illa</strong></span> <span class='ocrx_word' id='word_1_361' title='bbox 499 1785 698 1820; x_wconf 91' lang='lat' dir='ltr'><strong>quodammodo</strong></span> <span class='ocrx_word' id='word_1_362' title='bbox 718 1786 870 1813; x_wconf 85' lang='lat' dir='ltr'><strong>necessaria</strong></span> <span class='ocrx_word' id='word_1_363' title='bbox 885 1790 944 1814; x_wconf 84' lang='lat' dir='ltr'><strong>erat</strong></span> 
     </span>
    </p>
   </div>
   <div class='ocr_carea' id='block_1_53' title="bbox 165 1831 943 1859">
    <p class='ocr_par' dir='ltr' id='par_1_53' title="bbox 165 1831 943 1859">
     <span class='ocr_line' id='line_1_53' title="bbox 165 1831 943 1859; baseline 0.001 -1"><span class='ocrx_word' id='word_1_364' title='bbox 165 1832 197 1858; x_wconf 89' lang='lat' dir='ltr'><strong>ad</strong></span> <span class='ocrx_word' id='word_1_365' title='bbox 213 1831 450 1858; x_wconf 86' lang='lat' dir='ltr'><strong>demonstrandum</strong></span> <span class='ocrx_word' id='word_1_366' title='bbox 468 1836 508 1858; x_wconf 92' lang='lat' dir='ltr'><strong>tot</strong></span> <span class='ocrx_word' id='word_1_367' title='bbox 523 1835 550 1858; x_wconf 93' lang='lat' dir='ltr'><strong>et</strong></span> <span class='ocrx_word' id='word_1_368' title='bbox 567 1835 620 1857; x_wconf 88' lang='lat' dir='ltr'><strong>tam</strong></span> <span class='ocrx_word' id='word_1_369' title='bbox 636 1831 784 1858; x_wconf 88' lang='lat' dir='ltr'><strong>luculentis</strong></span> <span class='ocrx_word' id='word_1_370' title='bbox 799 1831 943 1859; x_wconf 90' lang='lat' dir='ltr'><strong>chronolo-</strong></span> 
     </span>
    </p>
   </div>
   <div class='ocr_carea' id='block_1_54' title="bbox 164 1876 942 1913">
    <p class='ocr_par' dir='ltr' id='par_1_54' title="bbox 164 1876 942 1913">
     <span class='ocr_line' id='line_1_54' title="bbox 164 1876 942 1913; baseline 0 -9"><span class='ocrx_word' id='word_1_371' title='bbox 164 1878 213 1913; x_wconf 69' lang='lat' dir='ltr'><strong>gite</strong></span> <span class='ocrx_word' id='word_1_372' title='bbox 224 1877 438 1910; x_wconf 65' lang='lat' dir='ltr'><strong>characteribus,</strong></span> <span class='ocrx_word' id='word_1_373' title='bbox 455 1877 651 1905; x_wconf 90' lang='lat' dir='ltr'><strong>ordinationem</strong></span> <span class='ocrx_word' id='word_1_374' title='bbox 677 1876 749 1904; x_wconf 89' lang='lat' dir='ltr'><strong>Petri</strong></span> <span class='ocrx_word' id='word_1_375' title='bbox 769 1876 796 1903; x_wconf 95' lang='lat' dir='ltr'><strong>in</strong></span> <span class='ocrx_word' id='word_1_376' title='bbox 818 1877 942 1904; x_wconf 87' lang='lat' dir='ltr'><strong>eumdem</strong></span> 
     </span>
    </p>
   </div>
   <div class='ocr_carea' id='block_1_55' title="bbox 163 1922 944 1957">
    <p class='ocr_par' dir='ltr' id='par_1_55' title="bbox 163 1922 944 1957">
     <span class='ocr_line' id='line_1_55' title="bbox 163 1922 944 1957; baseline -0.003 -7"><span class='ocrx_word' id='word_1_377' title='bbox 163 1932 261 1951; x_wconf 90' lang='lat' dir='ltr'><strong>annum</strong></span> <span class='ocrx_word' id='word_1_378' title='bbox 282 1931 342 1951; x_wconf 90' lang='lat' dir='ltr'><strong>esse</strong></span> <span class='ocrx_word' id='word_1_379' title='bbox 358 1923 486 1957; x_wconf 80' lang='lat' dir='ltr'><strong>deﬁxam;</strong></span> <span class='ocrx_word' id='word_1_380' title='bbox 505 1928 586 1957; x_wconf 86' lang='lat' dir='ltr'><strong>atque</strong></span> <span class='ocrx_word' id='word_1_381' title='bbox 606 1923 668 1949; x_wconf 88' lang='lat' dir='ltr'><strong>hinc</strong></span> <span class='ocrx_word' id='word_1_382' title='bbox 687 1926 790 1949; x_wconf 88' lang='lat' dir='ltr'><strong>tantum</strong></span> <span class='ocrx_word' id='word_1_383' title='bbox 810 1922 886 1949; x_wconf 89' lang='lat' dir='ltr'><strong>abest</strong></span> <span class='ocrx_word' id='word_1_384' title='bbox 914 1926 944 1949; x_wconf 92' lang='lat' dir='ltr'><strong>ut</strong></span> 
     </span>
    </p>
   </div>
   <div class='ocr_carea' id='block_1_56' title="bbox 165 1966 942 2003">
    <p class='ocr_par' dir='ltr' id='par_1_56' title="bbox 165 1966 942 2003">
     <span class='ocr_line' id='line_1_56' title="bbox 165 1966 942 2003; baseline -0.004 -8"><span class='ocrx_word' id='word_1_385' title='bbox 165 1968 342 2003; x_wconf 79' lang='lat' dir='ltr'><strong>Hieronymus</strong></span> <span class='ocrx_word' id='word_1_386' title='bbox 359 1975 453 1995; x_wconf 90' lang='lat' dir='ltr'><strong>eorum</strong></span> <span class='ocrx_word' id='word_1_387' title='bbox 477 1968 639 1994; x_wconf 84' lang='lat' dir='ltr'><strong>sententiam</strong></span> <span class='ocrx_word' id='word_1_388' title='bbox 663 1970 777 1998; x_wconf 85' lang='lat' dir='ltr'><strong>astruat,</strong></span> <span class='ocrx_word' id='word_1_389' title='bbox 797 1966 842 2001; x_wconf 88' lang='lat' dir='ltr'><strong>qui</strong></span> <span class='ocrx_word' id='word_1_390' title='bbox 865 1967 891 1993; x_wconf 89' lang='lat' dir='ltr'><strong>in</strong></span> <span class='ocrx_word' id='word_1_391' title='bbox 907 1966 942 1992; x_wconf 87' lang='lat' dir='ltr'><strong>A.</strong></span> 
     </span>
    </p>
   </div>
   <div class='ocr_carea' id='block_1_57' title="bbox 166 2012 942 2043">
    <p class='ocr_par' dir='ltr' id='par_1_57' title="bbox 166 2012 942 2043">
     <span class='ocr_line' id='line_1_57' title="bbox 166 2012 942 2043; baseline -0.004 -2"><span class='ocrx_word' id='word_1_392' title='bbox 166 2015 195 2041; x_wconf 90' lang='lat' dir='ltr'><strong>D.</strong></span> <span class='ocrx_word' id='word_1_393' title='bbox 211 2014 264 2041; x_wconf 79' lang='grc'><strong>575</strong></span> <span class='ocrx_word' id='word_1_394' title='bbox 290 2013 430 2040; x_wconf 86' lang='lat' dir='ltr'><strong>Athanasii</strong></span> <span class='ocrx_word' id='word_1_395' title='bbox 452 2013 553 2040; x_wconf 89' lang='lat' dir='ltr'><strong>obitum</strong></span> <span class='ocrx_word' id='word_1_396' title='bbox 574 2012 704 2043; x_wconf 84' lang='lat' dir='ltr'><strong>referunt,</strong></span> <span class='ocrx_word' id='word_1_397' title='bbox 731 2016 759 2038; x_wconf 93' lang='lat' dir='ltr'><strong>ut</strong></span> <span class='ocrx_word' id='word_1_398' title='bbox 775 2018 791 2038; x_wconf 90' lang='lat' dir='ltr'><strong>e</strong></span> <span class='ocrx_word' id='word_1_399' title='bbox 807 2012 942 2038; x_wconf 88' lang='lat' dir='ltr'><strong>contrario</strong></span> 
     </span>
    </p>
   </div>
   <div class='ocr_carea' id='block_1_58' title="bbox 164 2056 941 2090">
    <p class='ocr_par' dir='ltr' id='par_1_58' title="bbox 164 2056 941 2090">
     <span class='ocr_line' id='line_1_58' title="bbox 164 2056 941 2090; baseline -0.004 -3"><span class='ocrx_word' id='word_1_400' title='bbox 164 2060 341 2087; x_wconf 87' lang='lat' dir='ltr'><strong>Baronianam</strong></span> <span class='ocrx_word' id='word_1_401' title='bbox 355 2064 382 2086; x_wconf 91' lang='lat' dir='ltr'><strong>et</strong></span> <span class='ocrx_word' id='word_1_402' title='bbox 397 2063 515 2086; x_wconf 89' lang='lat' dir='ltr'><strong>nostram</strong></span> <span class='ocrx_word' id='word_1_403' title='bbox 530 2059 640 2085; x_wconf 89' lang='lat' dir='ltr'><strong>omnino</strong></span> <span class='ocrx_word' id='word_1_404' title='bbox 653 2062 774 2090; x_wconf 89' lang='lat' dir='ltr'><strong>tueatur,</strong></span> <span class='ocrx_word' id='word_1_405' title='bbox 791 2058 853 2085; x_wconf 94' lang='lat' dir='ltr'><strong>dum</strong></span> <span class='ocrx_word' id='word_1_406' title='bbox 869 2056 941 2084; x_wconf 85' lang='lat' dir='ltr'><strong>Petri</strong></span> 
     </span>
    </p>
   </div>
   <div class='ocr_carea' id='block_1_59' title="bbox 163 2103 941 2138">
    <p class='ocr_par' dir='ltr' id='par_1_59' title="bbox 163 2103 941 2138">
     <span class='ocr_line' id='line_1_59' title="bbox 163 2103 941 2138; baseline -0.004 -6"><span class='ocrx_word' id='word_1_407' title='bbox 163 2106 357 2133; x_wconf 88' lang='lat' dir='ltr'><strong>ordinationem</strong></span> <span class='ocrx_word' id='word_1_408' title='bbox 373 2105 459 2132; x_wconf 88' lang='lat' dir='ltr'><strong>cidem</strong></span> <span class='ocrx_word' id='word_1_409' title='bbox 475 2111 544 2130; x_wconf 88' lang='lat' dir='ltr'><strong>anno</strong></span> <span class='ocrx_word' id='word_1_410' title='bbox 558 2104 610 2130; x_wconf 73' lang='lat'><strong>37‘2</strong></span> <span class='ocrx_word' id='word_1_411' title='bbox 627 2103 778 2137; x_wconf 82' lang='lat' dir='ltr'><strong>conjungit,</strong></span> <span class='ocrx_word' id='word_1_412' title='bbox 788 2110 841 2138; x_wconf 89' lang='lat' dir='ltr'><strong>quo</strong></span> <span class='ocrx_word' id='word_1_413' title='bbox 852 2103 941 2130; x_wconf 81' lang='lat' dir='ltr'><strong>Atha-</strong></span> 
     </span>
    </p>
   </div>
   <div class='ocr_carea' id='block_1_60' title="bbox 162 2149 941 2186">
    <p class='ocr_par' dir='ltr' id='par_1_60' title="bbox 162 2149 941 2186">
     <span class='ocr_line' id='line_1_60' title="bbox 162 2149 941 2186; baseline -0.004 -7"><span class='ocrx_word' id='word_1_414' title='bbox 162 2153 253 2179; x_wconf 87' lang='lat' dir='ltr'><strong>nasius</strong></span> <span class='ocrx_word' id='word_1_415' title='bbox 266 2151 293 2178; x_wconf 93' lang='lat' dir='ltr'><strong>in</strong></span> <span class='ocrx_word' id='word_1_416' title='bbox 311 2151 408 2178; x_wconf 77' lang='lat' dir='ltr'><strong>ctelum</strong></span> <span class='ocrx_word' id='word_1_417' title='bbox 424 2151 556 2186; x_wconf 81' lang='lat' dir='ltr'><strong>migravit.</strong></span> <span class='ocrx_word' id='word_1_418' title='bbox 574 2150 701 2176; x_wconf 83' lang='lat' dir='ltr'><strong>Desinant</strong></span> <span class='ocrx_word' id='word_1_419' title='bbox 719 2157 783 2184; x_wconf 85' lang='lat' dir='ltr'><strong>ergo</strong></span> <span class='ocrx_word' id='word_1_420' title='bbox 805 2149 941 2184; x_wconf 89' lang='lat' dir='ltr'><strong>llierony-</strong></span> 
     </span>
    </p>
   </div>
   <div class='ocr_carea' id='block_1_61' title="bbox 161 2194 941 2230">
    <p class='ocr_par' dir='ltr' id='par_1_61' title="bbox 161 2194 941 2230">
     <span class='ocr_line' id='line_1_61' title="bbox 161 2194 941 2230; baseline -0.004 -6"><span class='ocrx_word' id='word_1_421' title='bbox 161 2198 199 2224; x_wconf 86' lang='lat' dir='ltr'><strong>mi</strong></span> <span class='ocrx_word' id='word_1_422' title='bbox 224 2196 341 2224; x_wconf 73' lang='lat' dir='ltr'><strong>calculos</strong></span> <span class='ocrx_word' id='word_1_423' title='bbox 364 2195 512 2230; x_wconf 79' lang='lat' dir='ltr'><strong>aspernari,</strong></span> <span class='ocrx_word' id='word_1_424' title='bbox 529 2195 575 2230; x_wconf 92' lang='lat' dir='ltr'><strong>qui</strong></span> <span class='ocrx_word' id='word_1_425' title='bbox 591 2194 701 2222; x_wconf 85' lang='lat' dir='ltr'><strong>eosdem</strong></span> <span class='ocrx_word' id='word_1_426' title='bbox 722 2195 778 2222; x_wconf 86' lang='lat' dir='ltr'><strong>suis</strong></span> <span class='ocrx_word' id='word_1_427' title='bbox 798 2194 941 2221; x_wconf 87' lang='lat' dir='ltr'><strong>divinatio-</strong></span> 
     </span>
    </p>
   </div>
   <div class='ocr_carea' id='block_1_62' title="bbox 999 953 1779 991">
    <p class='ocr_par' dir='ltr' id='par_1_62' title="bbox 999 953 1779 991">
     <span class='ocr_line' id='line_1_62' title="bbox 999 953 1779 991; baseline 0.006 -10"><span class='ocrx_word' id='word_1_428' title='bbox 999 953 1128 987; x_wconf 81' lang='lat' dir='ltr'><strong>Proterii,</strong></span> <span class='ocrx_word' id='word_1_429' title='bbox 1143 956 1175 982; x_wconf 89' lang='lat' dir='ltr'><strong>de</strong></span> <span class='ocrx_word' id='word_1_430' title='bbox 1189 963 1242 990; x_wconf 86' lang='lat' dir='ltr'><strong>qua</strong></span> <span class='ocrx_word' id='word_1_431' title='bbox 1259 961 1364 991; x_wconf 88' lang='lat' dir='ltr'><strong>postea.</strong></span> <span class='ocrx_word' id='word_1_432' title='bbox 1381 957 1458 990; x_wconf 84' lang='lat' dir='ltr'><strong>Quod</strong></span> <span class='ocrx_word' id='word_1_433' title='bbox 1476 958 1499 985; x_wconf 87' lang='lat' dir='ltr'><strong>si</strong></span> <span class='ocrx_word' id='word_1_434' title='bbox 1519 958 1684 986; x_wconf 84' lang='lat' dir='ltr'><strong>Athanasius</strong></span> <span class='ocrx_word' id='word_1_435' title='bbox 1701 959 1734 986; x_wconf 82' lang='lat' dir='ltr'><strong>A.</strong></span> <span class='ocrx_word' id='word_1_436' title='bbox 1748 959 1779 987; x_wconf 88' lang='lat' dir='ltr'><strong>D.</strong></span> 
     </span>
    </p>
   </div>
   <div class='ocr_carea' id='block_1_63' title="bbox 997 1001 1782 1039">
    <p class='ocr_par' dir='ltr' id='par_1_63' title="bbox 997 1001 1782 1039">
     <span class='ocr_line' id='line_1_63' title="bbox 997 1001 1782 1039; baseline 0.006 -12"><span class='ocrx_word' id='word_1_437' title='bbox 997 1001 1048 1028; x_wconf 81' lang='grc'><strong>575</strong></span> <span class='ocrx_word' id='word_1_438' title='bbox 1068 1002 1249 1036; x_wconf 83' lang='lat' dir='ltr'><strong>exspirasset,</strong></span> <span class='ocrx_word' id='word_1_439' title='bbox 1272 1010 1324 1030; x_wconf 90' lang='lat' dir='ltr'><strong>non</strong></span> <span class='ocrx_word' id='word_1_440' title='bbox 1347 1003 1380 1030; x_wconf 68' lang='grc'>47</span> <span class='ocrx_word' id='word_1_441' title='bbox 1396 1004 1442 1031; x_wconf 89' lang='lat' dir='ltr'><strong>sed</strong></span> <span class='ocrx_word' id='word_1_442' title='bbox 1470 1003 1504 1031; x_wconf 71' lang='grc'><strong>48</strong></span> <span class='ocrx_word' id='word_1_443' title='bbox 1529 1004 1669 1038; x_wconf 83' lang='lat' dir='ltr'><strong>paschales</strong></span> <span class='ocrx_word' id='word_1_444' title='bbox 1681 1005 1782 1039; x_wconf 85' lang='lat' dir='ltr'><strong>episto-</strong></span> 
     </span>
    </p>
   </div>
   <div class='ocr_carea' id='block_1_64' title="bbox 997 1047 1780 1085">
    <p class='ocr_par' dir='ltr' id='par_1_64' title="bbox 997 1047 1780 1085">
     <span class='ocr_line' id='line_1_64' title="bbox 997 1047 1780 1085; baseline 0.006 -11"><span class='ocrx_word' id='word_1_445' title='bbox 997 1047 1037 1074; x_wconf 80' lang='lat' dir='ltr'><strong>las</strong></span> <span class='ocrx_word' id='word_1_446' title='bbox 1051 1047 1188 1080; x_wconf 78' lang='lat' dir='ltr'><strong>edidisset.</strong></span> <span class='ocrx_word' id='word_1_447' title='bbox 1203 1056 1315 1082; x_wconf 90' lang='lat' dir='ltr'><strong>quarum</strong></span> <span class='ocrx_word' id='word_1_448' title='bbox 1336 1050 1427 1076; x_wconf 91' lang='lat' dir='ltr'><strong>ultima</strong></span> <span class='ocrx_word' id='word_1_449' title='bbox 1456 1050 1519 1077; x_wconf 90' lang='lat' dir='ltr'><strong>anni</strong></span> <span class='ocrx_word' id='word_1_450' title='bbox 1542 1050 1710 1085; x_wconf 87' lang='lat' dir='ltr'><strong>insequentis</strong></span> <span class='ocrx_word' id='word_1_451' title='bbox 1726 1051 1780 1079; x_wconf 72' lang='grc'>574</span> 
     </span>
    </p>
   </div>
   <div class='ocr_carea' id='block_1_65' title="bbox 997 1093 1780 1131">
    <p class='ocr_par' dir='ltr' id='par_1_65' title="bbox 997 1093 1780 1131">
     <span class='ocr_line' id='line_1_65' title="bbox 997 1093 1780 1131; baseline 0.005 -11"><span class='ocrx_word' id='word_1_452' title='bbox 997 1093 1100 1121; x_wconf 82' lang='lat' dir='ltr'><strong>Pascha</strong></span> <span class='ocrx_word' id='word_1_453' title='bbox 1123 1094 1284 1122; x_wconf 74' lang='lat' dir='ltr'><strong>denuntiare</strong></span> <span class='ocrx_word' id='word_1_454' title='bbox 1311 1095 1459 1123; x_wconf 86' lang='lat' dir='ltr'><strong>debuisset.</strong></span> <span class='ocrx_word' id='word_1_455' title='bbox 1483 1095 1575 1131; x_wconf 83' lang='lat' dir='ltr'><strong>Neque</strong></span> <span class='ocrx_word' id='word_1_456' title='bbox 1601 1097 1672 1123; x_wconf 90' lang='lat' dir='ltr'><strong>enim</strong></span> <span class='ocrx_word' id='word_1_457' title='bbox 1704 1097 1780 1125; x_wconf 88' lang='lat' dir='ltr'><strong>litem</strong></span> 
     </span>
    </p>
   </div>
   <div class='ocr_carea' id='block_1_66' title="bbox 997 1138 1776 1170">
    <p class='ocr_par' dir='ltr' id='par_1_66' title="bbox 997 1138 1776 1170">
     <span class='ocr_line' id='line_1_66' title="bbox 997 1138 1776 1170; baseline 0.006 -5"><span class='ocrx_word' id='word_1_458' title='bbox 997 1138 1134 1166; x_wconf 86' lang='lat' dir='ltr'><strong>intendam</strong></span> <span class='ocrx_word' id='word_1_459' title='bbox 1154 1141 1187 1167; x_wconf 91' lang='lat' dir='ltr'><strong>de</strong></span> <span class='ocrx_word' id='word_1_460' title='bbox 1203 1141 1245 1167; x_wconf 90' lang='lat' dir='ltr'><strong>die</strong></span> <span class='ocrx_word' id='word_1_461' title='bbox 1258 1145 1285 1168; x_wconf 91' lang='lat' dir='ltr'><strong>et</strong></span> <span class='ocrx_word' id='word_1_462' title='bbox 1296 1148 1390 1168; x_wconf 83' lang='lat' dir='ltr'><strong>mense</strong></span> <span class='ocrx_word' id='word_1_463' title='bbox 1400 1142 1541 1169; x_wconf 78' lang='lat' dir='ltr'><strong>etnortuali</strong></span> <span class='ocrx_word' id='word_1_464' title='bbox 1557 1142 1644 1170; x_wconf 81' lang='lat' dir='ltr'><strong>sancti</strong></span> <span class='ocrx_word' id='word_1_465' title='bbox 1658 1143 1776 1170; x_wconf 83' lang='lat' dir='ltr'><strong>Alexan-</strong></span> 
     </span>
    </p>
   </div>
   <div class='ocr_carea' id='block_1_67' title="bbox 997 1185 1781 1221">
    <p class='ocr_par' dir='ltr' id='par_1_67' title="bbox 997 1185 1781 1221">
     <span class='ocr_line' id='line_1_67' title="bbox 997 1185 1781 1221; baseline 0.009 -10"><span class='ocrx_word' id='word_1_466' title='bbox 997 1185 1037 1212; x_wconf 88' lang='lat' dir='ltr'><strong>dri</strong></span> <span class='ocrx_word' id='word_1_467' title='bbox 1057 1186 1193 1220; x_wconf 74' lang='lat' dir='ltr'><strong>pontificis</strong></span> <span class='ocrx_word' id='word_1_468' title='bbox 1210 1187 1386 1214; x_wconf 86' lang='lat' dir='ltr'><strong>Alexandrini</strong></span> <span class='ocrx_word' id='word_1_469' title='bbox 1403 1192 1430 1215; x_wconf 94' lang='lat' dir='ltr'><strong>et</strong></span> <span class='ocrx_word' id='word_1_470' title='bbox 1443 1187 1501 1221; x_wconf 88' lang='lat' dir='ltr'><strong>ejus</strong></span> <span class='ocrx_word' id='word_1_471' title='bbox 1514 1189 1682 1217; x_wconf 86' lang='lat' dir='ltr'><strong>successoris</strong></span> <span class='ocrx_word' id='word_1_472' title='bbox 1696 1190 1781 1218; x_wconf 80' lang='lat' dir='ltr'><strong>Atha-</strong></span> 
     </span>
    </p>
   </div>
   <div class='ocr_carea' id='block_1_68' title="bbox 997 1230 1779 1265">
    <p class='ocr_par' dir='ltr' id='par_1_68' title="bbox 997 1230 1779 1265">
     <span class='ocr_line' id='line_1_68' title="bbox 997 1230 1779 1265; baseline 0.008 -9"><span class='ocrx_word' id='word_1_473' title='bbox 997 1230 1073 1260; x_wconf 88' lang='lat' dir='ltr'><strong>nasii.</strong></span> <span class='ocrx_word' id='word_1_474' title='bbox 1083 1238 1143 1257; x_wconf 89' lang='lat' dir='ltr'><strong>cum</strong></span> <span class='ocrx_word' id='word_1_475' title='bbox 1157 1238 1314 1265; x_wconf 87' lang='lat' dir='ltr'><strong>persuasum</strong></span> <span class='ocrx_word' id='word_1_476' title='bbox 1330 1232 1523 1259; x_wconf 87' lang='lat' dir='ltr'><strong>habeamillum</strong></span> <span class='ocrx_word' id='word_1_477' title='bbox 1537 1234 1664 1261; x_wconf 89' lang='lat' dir='ltr'><strong>denatum</strong></span> <span class='ocrx_word' id='word_1_478' title='bbox 1678 1235 1721 1262; x_wconf 88' lang='lat' dir='ltr'><strong>die</strong></span> <span class='ocrx_word' id='word_1_479' title='bbox 1744 1235 1779 1262; x_wconf 81' lang='grc'>17</span> 
     </span>
    </p>
   </div>
   <div class='ocr_carea' id='block_1_69' title="bbox 996 1275 1780 1310">
    <p class='ocr_par' dir='ltr' id='par_1_69' title="bbox 996 1275 1780 1310">
     <span class='ocr_line' id='line_1_69' title="bbox 996 1275 1780 1310; baseline 0.01 -9"><span class='ocrx_word' id='word_1_480' title='bbox 996 1275 1096 1310; x_wconf 89' lang='lat' dir='ltr'><strong>Aprilis</strong></span> <span class='ocrx_word' id='word_1_481' title='bbox 1107 1275 1139 1302; x_wconf 88' lang='lat' dir='ltr'><strong>A.</strong></span> <span class='ocrx_word' id='word_1_482' title='bbox 1158 1276 1187 1303; x_wconf 87' lang='grc' dir='ltr'><strong>Ι).</strong></span> <span class='ocrx_word' id='word_1_483' title='bbox 1199 1276 1260 1309; x_wconf 71' lang='grc'>526,</span> <span class='ocrx_word' id='word_1_484' title='bbox 1286 1277 1357 1304; x_wconf 87' lang='lat' dir='ltr'><strong>hunc</strong></span> <span class='ocrx_word' id='word_1_485' title='bbox 1371 1285 1435 1305; x_wconf 86' lang='lat' dir='ltr'><strong>vero</strong></span> <span class='ocrx_word' id='word_1_486' title='bbox 1451 1279 1493 1306; x_wconf 88' lang='lat' dir='ltr'><strong>die</strong></span> <span class='ocrx_word' id='word_1_487' title='bbox 1504 1278 1522 1305; x_wconf 74' lang='grc'><strong>2</strong></span> <span class='ocrx_word' id='word_1_488' title='bbox 1533 1278 1594 1307; x_wconf 80' lang='lat' dir='ltr'><strong>Maii</strong></span> <span class='ocrx_word' id='word_1_489' title='bbox 1609 1280 1641 1306; x_wconf 89' lang='lat' dir='ltr'><strong>A.</strong></span> <span class='ocrx_word' id='word_1_490' title='bbox 1660 1281 1691 1307; x_wconf 87' lang='grc' dir='ltr'><strong>Ι).</strong></span> <span class='ocrx_word' id='word_1_491' title='bbox 1707 1281 1780 1310; x_wconf 73' lang='lat'><strong>372:</strong></span> 
     </span>
    </p>
   </div>
   <div class='ocr_carea' id='block_1_70' title="bbox 997 1321 1780 1361">
    <p class='ocr_par' dir='ltr' id='par_1_70' title="bbox 997 1321 1780 1361">
     <span class='ocr_line' id='line_1_70' title="bbox 997 1321 1780 1361; baseline 0.01 -14"><span class='ocrx_word' id='word_1_492' title='bbox 997 1322 1067 1348; x_wconf 93' lang='lat' dir='ltr'><strong>unde</strong></span> <span class='ocrx_word' id='word_1_493' title='bbox 1087 1321 1199 1349; x_wconf 78' lang='lat' dir='ltr'><strong>efﬂuunt</strong></span> <span class='ocrx_word' id='word_1_494' title='bbox 1216 1323 1392 1358; x_wconf 82' lang='lat' dir='ltr'><strong>quadraginta</strong></span> <span class='ocrx_word' id='word_1_495' title='bbox 1407 1332 1452 1351; x_wconf 72' lang='lat' dir='ltr'><strong>se:</strong></span> <span class='ocrx_word' id='word_1_496' title='bbox 1467 1325 1530 1352; x_wconf 85' lang='lat' dir='ltr'><strong>anni</strong></span> <span class='ocrx_word' id='word_1_497' title='bbox 1548 1326 1644 1361; x_wconf 73' lang='lat' dir='ltr'><strong>integri</strong></span> <span class='ocrx_word' id='word_1_498' title='bbox 1658 1327 1780 1355; x_wconf 75' lang='lat' dir='ltr'><strong>Athana-</strong></span> 
     </span>
    </p>
   </div>
   <div class='ocr_carea' id='block_1_71' title="bbox 996 1367 1781 1401">
    <p class='ocr_par' dir='ltr' id='par_1_71' title="bbox 996 1367 1781 1401">
     <span class='ocr_line' id='line_1_71' title="bbox 996 1367 1781 1401; baseline 0.01 -8"><span class='ocrx_word' id='word_1_499' title='bbox 996 1367 1077 1394; x_wconf 70' lang='lat' dir='ltr'><strong>sianaa</strong></span> <span class='ocrx_word' id='word_1_500' title='bbox 1089 1369 1225 1396; x_wconf 82' lang='lat' dir='ltr'><strong>sessionis.</strong></span> <span class='ocrx_word' id='word_1_501' title='bbox 1244 1369 1271 1396; x_wconf 93' lang='lat' dir='ltr'><strong>In</strong></span> <span class='ocrx_word' id='word_1_502' title='bbox 1294 1370 1342 1398; x_wconf 89' lang='lat' dir='ltr'><strong>hos</strong></span> <span class='ocrx_word' id='word_1_503' title='bbox 1359 1370 1416 1398; x_wconf 82' lang='lat' dir='ltr'><strong>dies</strong></span> <span class='ocrx_word' id='word_1_504' title='bbox 1437 1372 1622 1400; x_wconf 84' lang='lat' dir='ltr'><strong>vetustissima</strong></span> <span class='ocrx_word' id='word_1_505' title='bbox 1647 1372 1781 1401; x_wconf 77' lang='lat' dir='ltr'><strong>Christia-</strong></span> 
     </span>
    </p>
   </div>
   <div class='ocr_carea' id='block_1_72' title="bbox 997 1417 1780 1451">
    <p class='ocr_par' dir='ltr' id='par_1_72' title="bbox 997 1417 1780 1451">
     <span class='ocr_line' id='line_1_72' title="bbox 997 1417 1780 1451; baseline 0.011 -12"><span class='ocrx_word' id='word_1_506' title='bbox 997 1420 1092 1440; x_wconf 91' lang='lat' dir='ltr'><strong>norum</strong></span> <span class='ocrx_word' id='word_1_507' title='bbox 1115 1420 1287 1442; x_wconf 90' lang='lat' dir='ltr'><strong>monumenta</strong></span> <span class='ocrx_word' id='word_1_508' title='bbox 1314 1417 1481 1451; x_wconf 85' lang='lat' dir='ltr'><strong>conspirant,</strong></span> <span class='ocrx_word' id='word_1_509' title='bbox 1503 1422 1531 1445; x_wconf 87' lang='lat' dir='ltr'><strong>et</strong></span> <span class='ocrx_word' id='word_1_510' title='bbox 1561 1418 1584 1445; x_wconf 89' lang='lat' dir='ltr'><strong>si</strong></span> <span class='ocrx_word' id='word_1_511' title='bbox 1607 1425 1658 1451; x_wconf 86' lang='lat' dir='ltr'><strong>qua</strong></span> <span class='ocrx_word' id='word_1_512' title='bbox 1681 1420 1715 1447; x_wconf 85' lang='lat' dir='ltr'><strong>ab</strong></span> <span class='ocrx_word' id='word_1_513' title='bbox 1737 1420 1780 1448; x_wconf 87' lang='lat' dir='ltr'><strong>his</strong></span> 
     </span>
    </p>
   </div>
   <div class='ocr_carea' id='block_1_73' title="bbox 996 1459 1775 1501">
    <p class='ocr_par' dir='ltr' id='par_1_73' title="bbox 996 1459 1775 1501">
     <span class='ocr_line' id='line_1_73' title="bbox 996 1459 1775 1501; baseline 0.01 -15"><span class='ocrx_word' id='word_1_514' title='bbox 996 1459 1118 1488; x_wconf 89' lang='lat' dir='ltr'><strong>diversos</strong></span> <span class='ocrx_word' id='word_1_515' title='bbox 1132 1461 1282 1496; x_wconf 88' lang='lat' dir='ltr'><strong>assignant,</strong></span> <span class='ocrx_word' id='word_1_516' title='bbox 1300 1463 1332 1489; x_wconf 85' lang='lat' dir='ltr'><strong>ad</strong></span> <span class='ocrx_word' id='word_1_517' title='bbox 1354 1463 1422 1490; x_wconf 82' lang='lat' dir='ltr'><strong>alias</strong></span> <span class='ocrx_word' id='word_1_518' title='bbox 1439 1464 1550 1491; x_wconf 90' lang='lat' dir='ltr'><strong>omnino</strong></span> <span class='ocrx_word' id='word_1_519' title='bbox 1564 1472 1678 1498; x_wconf 84' lang='lat' dir='ltr'><strong>causas,</strong></span> <span class='ocrx_word' id='word_1_520' title='bbox 1693 1474 1775 1501; x_wconf 88' lang='lat' dir='ltr'><strong>quam</strong></span> 
     </span>
    </p>
   </div>
   <div class='ocr_carea' id='block_1_74' title="bbox 997 1506 1545 1545">
    <p class='ocr_par' dir='ltr' id='par_1_74' title="bbox 997 1506 1545 1545">
     <span class='ocr_line' id='line_1_74' title="bbox 997 1506 1545 1545; baseline 0.011 -14"><span class='ocrx_word' id='word_1_521' title='bbox 997 1506 1103 1537; x_wconf 80' lang='lat' dir='ltr'><strong>mortis,</strong></span> <span class='ocrx_word' id='word_1_522' title='bbox 1120 1506 1275 1534; x_wconf 82' lang='lat' dir='ltr'><strong>referendos</strong></span> <span class='ocrx_word' id='word_1_523' title='bbox 1288 1515 1350 1536; x_wconf 88' lang='lat' dir='ltr'><strong>esse</strong></span> <span class='ocrx_word' id='word_1_524' title='bbox 1363 1516 1414 1535; x_wconf 92' lang='lat' dir='ltr'><strong>non</strong></span> <span class='ocrx_word' id='word_1_525' title='bbox 1427 1509 1545 1545; x_wconf 80' lang='lat' dir='ltr'><strong>ambigo.</strong></span> 
     </span>
    </p>
   </div>
   <div class='ocr_carea' id='block_1_75' title="bbox 1032 1551 1779 1591">
    <p class='ocr_par' dir='ltr' id='par_1_75' title="bbox 1032 1551 1779 1591">
     <span class='ocr_line' id='line_1_75' title="bbox 1032 1551 1779 1591; baseline 0.011 -13"><span class='ocrx_word' id='word_1_526' title='bbox 1032 1551 1058 1578; x_wconf 89' lang='lat'><strong>6.</strong></span> <span class='ocrx_word' id='word_1_527' title='bbox 1073 1551 1162 1580; x_wconf 87' lang='lat' dir='ltr'><strong>Multis</strong></span> <span class='ocrx_word' id='word_1_528' title='bbox 1175 1554 1298 1581; x_wconf 88' lang='lat' dir='ltr'><strong>consulto</strong></span> <span class='ocrx_word' id='word_1_529' title='bbox 1316 1555 1459 1589; x_wconf 68' lang='lat' dir='ltr'><strong>praeteritis</strong></span> <span class='ocrx_word' id='word_1_530' title='bbox 1471 1575 1479 1588; x_wconf 93' lang='lat'><strong>,</strong></span> <span class='ocrx_word' id='word_1_531' title='bbox 1502 1563 1562 1591; x_wconf 72' lang='lat' dir='ltr'><strong>qua:</strong></span> <span class='ocrx_word' id='word_1_532' title='bbox 1588 1557 1660 1585; x_wconf 86' lang='lat' dir='ltr'><strong>sicut</strong></span> <span class='ocrx_word' id='word_1_533' title='bbox 1685 1563 1779 1586; x_wconf 88' lang='lat' dir='ltr'><strong>contra</strong></span> 
     </span>
    </p>
   </div>
   <div class='ocr_carea' id='block_1_76' title="bbox 995 1597 1775 1637">
    <p class='ocr_par' dir='ltr' id='par_1_76' title="bbox 995 1597 1775 1637">
     <span class='ocr_line' id='line_1_76' title="bbox 995 1597 1775 1637; baseline 0.009 -14"><span class='ocrx_word' id='word_1_534' title='bbox 995 1597 1028 1624; x_wconf 91' lang='lat' dir='ltr'><strong>A.</strong></span> <span class='ocrx_word' id='word_1_535' title='bbox 1055 1597 1087 1624; x_wconf 86' lang='grc' dir='ltr'><strong>Ι).</strong></span> <span class='ocrx_word' id='word_1_536' title='bbox 1113 1599 1163 1626; x_wconf 72' lang='grc'><strong>571</strong></span> <span class='ocrx_word' id='word_1_537' title='bbox 1184 1600 1284 1634; x_wconf 90' lang='lat' dir='ltr'><strong>optime</strong></span> <span class='ocrx_word' id='word_1_538' title='bbox 1303 1605 1436 1635; x_wconf 83' lang='lat' dir='ltr'><strong>pugnant,</strong></span> <span class='ocrx_word' id='word_1_539' title='bbox 1453 1601 1489 1628; x_wconf 92' lang='lat' dir='ltr'><strong>ita</strong></span> <span class='ocrx_word' id='word_1_540' title='bbox 1505 1609 1554 1637; x_wconf 92' lang='lat' dir='ltr'><strong>pro</strong></span> <span class='ocrx_word' id='word_1_541' title='bbox 1572 1610 1643 1630; x_wconf 91' lang='lat' dir='ltr'><strong>anno</strong></span> <span class='ocrx_word' id='word_1_542' title='bbox 1664 1603 1716 1630; x_wconf 88' lang='grc'><strong>575</strong></span> <span class='ocrx_word' id='word_1_543' title='bbox 1729 1612 1775 1630; x_wconf 86' lang='lat' dir='ltr'><strong>ne-</strong></span> 
     </span>
    </p>
   </div>
   <div class='ocr_carea' id='block_1_77' title="bbox 996 1643 1775 1683">
    <p class='ocr_par' dir='ltr' id='par_1_77' title="bbox 996 1643 1775 1683">
     <span class='ocr_line' id='line_1_77' title="bbox 996 1643 1775 1683; baseline 0.01 -15"><span class='ocrx_word' id='word_1_544' title='bbox 996 1650 1130 1678; x_wconf 84' lang='lat' dir='ltr'><strong>quaquam</strong></span> <span class='ocrx_word' id='word_1_545' title='bbox 1148 1643 1267 1678; x_wconf 79' lang='lat' dir='ltr'><strong>faciunt,</strong></span> <span class='ocrx_word' id='word_1_546' title='bbox 1284 1646 1394 1673; x_wconf 83' lang='lat' dir='ltr'><strong>silentio</strong></span> <span class='ocrx_word' id='word_1_547' title='bbox 1410 1647 1580 1681; x_wconf 68' lang='lat' dir='ltr'><strong>praetermitti</strong></span> <span class='ocrx_word' id='word_1_548' title='bbox 1605 1655 1775 1683; x_wconf 86' lang='lat' dir='ltr'><strong>nequaquam</strong></span> 
     </span>
    </p>
   </div>
   <div class='ocr_carea' id='block_1_78' title="bbox 996 1689 1778 1729">
    <p class='ocr_par' dir='ltr' id='par_1_78' title="bbox 996 1689 1778 1729">
     <span class='ocr_line' id='line_1_78' title="bbox 996 1689 1778 1729; baseline 0.008 -13"><span class='ocrx_word' id='word_1_549' title='bbox 996 1689 1074 1717; x_wconf 90' lang='lat' dir='ltr'><strong>debet</strong></span> <span class='ocrx_word' id='word_1_550' title='bbox 1084 1689 1201 1718; x_wconf 84' lang='lat' dir='ltr'><strong>Proterii</strong></span> <span class='ocrx_word' id='word_1_551' title='bbox 1213 1691 1389 1720; x_wconf 81' lang='lat' dir='ltr'><strong>Alexandrini</strong></span> <span class='ocrx_word' id='word_1_552' title='bbox 1413 1693 1524 1727; x_wconf 87' lang='lat' dir='ltr'><strong>epistula</strong></span> <span class='ocrx_word' id='word_1_553' title='bbox 1537 1703 1544 1727; x_wconf 91' lang='lat'><strong>;</strong></span> <span class='ocrx_word' id='word_1_554' title='bbox 1559 1694 1778 1729; x_wconf 85' lang='lat' dir='ltr'><strong>quandoquidem</strong></span> 
     </span>
    </p>
   </div>
   <div class='ocr_carea' id='block_1_79' title="bbox 996 1735 1779 1770">
    <p class='ocr_par' dir='ltr' id='par_1_79' title="bbox 996 1735 1779 1770">
     <span class='ocr_line' id='line_1_79' title="bbox 996 1735 1779 1770; baseline 0.009 -9"><span class='ocrx_word' id='word_1_555' title='bbox 996 1735 1022 1762; x_wconf 89' lang='lat' dir='ltr'><strong>in</strong></span> <span class='ocrx_word' id='word_1_556' title='bbox 1036 1742 1081 1768; x_wconf 86' lang='lat' dir='ltr'><strong>ea,</strong></span> <span class='ocrx_word' id='word_1_557' title='bbox 1099 1736 1171 1763; x_wconf 84' lang='lat' dir='ltr'><strong>velut</strong></span> <span class='ocrx_word' id='word_1_558' title='bbox 1184 1737 1209 1763; x_wconf 90' lang='lat' dir='ltr'><strong>in</strong></span> <span class='ocrx_word' id='word_1_559' title='bbox 1224 1745 1286 1765; x_wconf 88' lang='lat' dir='ltr'><strong>arce</strong></span> <span class='ocrx_word' id='word_1_560' title='bbox 1303 1738 1482 1765; x_wconf 83' lang='lat' dir='ltr'><strong>munitissima</strong></span> <span class='ocrx_word' id='word_1_561' title='bbox 1494 1759 1502 1770; x_wconf 92' lang='lat'><strong>,</strong></span> <span class='ocrx_word' id='word_1_562' title='bbox 1524 1740 1575 1766; x_wconf 87' lang='lat' dir='ltr'><strong>viri</strong></span> <span class='ocrx_word' id='word_1_563' title='bbox 1600 1740 1669 1767; x_wconf 85' lang='lat' dir='ltr'><strong>docti</strong></span> <span class='ocrx_word' id='word_1_564' title='bbox 1693 1741 1779 1769; x_wconf 79' lang='lat' dir='ltr'><strong>consi-</strong></span> 
     </span>
    </p>
   </div>
   <div class='ocr_carea' id='block_1_80' title="bbox 995 1781 1778 1821">
    <p class='ocr_par' dir='ltr' id='par_1_80' title="bbox 995 1781 1778 1821">
     <span class='ocr_line' id='line_1_80' title="bbox 995 1781 1778 1821; baseline 0.009 -13"><span class='ocrx_word' id='word_1_565' title='bbox 995 1786 1080 1808; x_wconf 89' lang='lat' dir='ltr'><strong>stunt.</strong></span> <span class='ocrx_word' id='word_1_566' title='bbox 1094 1781 1168 1809; x_wconf 84' lang='lat' dir='ltr'><strong>illam</strong></span> <span class='ocrx_word' id='word_1_567' title='bbox 1181 1782 1285 1817; x_wconf 70' lang='lat' dir='ltr'><strong>Graece,</strong></span> <span class='ocrx_word' id='word_1_568' title='bbox 1298 1788 1327 1810; x_wconf 92' lang='lat' dir='ltr'><strong>ut</strong></span> <span class='ocrx_word' id='word_1_569' title='bbox 1342 1784 1481 1813; x_wconf 82' lang='lat' dir='ltr'><strong>Proterins</strong></span> <span class='ocrx_word' id='word_1_570' title='bbox 1499 1786 1625 1820; x_wconf 90' lang='lat' dir='ltr'><strong>scripsit,</strong></span> <span class='ocrx_word' id='word_1_571' title='bbox 1655 1791 1716 1821; x_wconf 91' lang='lat' dir='ltr'><strong>post</strong></span> <span class='ocrx_word' id='word_1_572' title='bbox 1728 1795 1778 1815; x_wconf 65' lang='lat' dir='ltr'><strong>sm—</strong></span> 
     </span>
    </p>
   </div>
   <div class='ocr_carea' id='block_1_81' title="bbox 994 1827 1779 1864">
    <p class='ocr_par' dir='ltr' id='par_1_81' title="bbox 994 1827 1779 1864">
     <span class='ocr_line' id='line_1_81' title="bbox 994 1827 1779 1864; baseline 0.009 -11"><span class='ocrx_word' id='word_1_573' title='bbox 994 1827 1114 1854; x_wconf 87' lang='lat' dir='ltr'><strong>culorum</strong></span> <span class='ocrx_word' id='word_1_574' title='bbox 1127 1829 1284 1856; x_wconf 81' lang='lat' dir='ltr'><strong>memoriam</strong></span> <span class='ocrx_word' id='word_1_575' title='bbox 1306 1837 1384 1857; x_wconf 92' lang='lat' dir='ltr'><strong>nemo</strong></span> <span class='ocrx_word' id='word_1_576' title='bbox 1397 1831 1528 1858; x_wconf 86' lang='lat' dir='ltr'><strong>hactenus</strong></span> <span class='ocrx_word' id='word_1_577' title='bbox 1540 1832 1627 1864; x_wconf 91' lang='lat' dir='ltr'><strong>vidit,</strong></span> <span class='ocrx_word' id='word_1_578' title='bbox 1639 1832 1779 1860; x_wconf 68' lang='lat' dir='ltr'><strong>Lavinam-</strong></span> 
     </span>
    </p>
   </div>
   <div class='ocr_carea' id='block_1_82' title="bbox 993 1873 1776 1909">
    <p class='ocr_par' dir='ltr' id='par_1_82' title="bbox 993 1873 1776 1909">
     <span class='ocr_line' id='line_1_82' title="bbox 993 1873 1776 1909; baseline 0.009 -10"><span class='ocrx_word' id='word_1_579' title='bbox 993 1880 1046 1908; x_wconf 90' lang='lat' dir='ltr'><strong>que</strong></span> <span class='ocrx_word' id='word_1_580' title='bbox 1064 1873 1185 1908; x_wconf 77' lang='lat' dir='ltr'><strong>Dionysii</strong></span> <span class='ocrx_word' id='word_1_581' title='bbox 1200 1874 1292 1909; x_wconf 83' lang='lat' dir='ltr'><strong>Exigui</strong></span> <span class='ocrx_word' id='word_1_582' title='bbox 1307 1877 1459 1904; x_wconf 83' lang='lat' dir='ltr'><strong>versionem</strong></span> <span class='ocrx_word' id='word_1_583' title='bbox 1473 1884 1507 1904; x_wconf 87' lang='lat' dir='ltr'><strong>ex</strong></span> <span class='ocrx_word' id='word_1_584' title='bbox 1524 1878 1653 1905; x_wconf 83' lang='lat' dir='ltr'><strong>mendoso</strong></span> <span class='ocrx_word' id='word_1_585' title='bbox 1682 1880 1776 1906; x_wconf 87' lang='lat' dir='ltr'><strong>codice</strong></span> 
     </span>
    </p>
   </div>
   <div class='ocr_carea' id='block_1_83' title="bbox 993 1918 1776 1957">
    <p class='ocr_par' dir='ltr' id='par_1_83' title="bbox 993 1918 1776 1957">
     <span class='ocr_line' id='line_1_83' title="bbox 993 1918 1776 1957; baseline 0.009 -12"><span class='ocrx_word' id='word_1_586' title='bbox 993 1924 1053 1953; x_wconf 85' lang='lat' dir='ltr'><strong>post</strong></span> <span class='ocrx_word' id='word_1_587' title='bbox 1086 1918 1225 1947; x_wconf 82' lang='lat' dir='ltr'><strong>Petavium</strong></span> <span class='ocrx_word' id='word_1_588' title='bbox 1246 1921 1340 1948; x_wconf 80' lang='lat' dir='ltr'><strong>eduxit</strong></span> <span class='ocrx_word' id='word_1_589' title='bbox 1360 1921 1528 1955; x_wconf 87' lang='lat' dir='ltr'><strong>Bucherius,</strong></span> <span class='ocrx_word' id='word_1_590' title='bbox 1544 1928 1573 1950; x_wconf 91' lang='lat' dir='ltr'><strong>ut</strong></span> <span class='ocrx_word' id='word_1_591' title='bbox 1592 1923 1692 1951; x_wconf 89' lang='lat' dir='ltr'><strong>dictum</strong></span> <span class='ocrx_word' id='word_1_592' title='bbox 1716 1929 1776 1957; x_wconf 88' lang='lat' dir='ltr'><strong>est;</strong></span> 
     </span>
    </p>
   </div>
   <div class='ocr_carea' id='block_1_84' title="bbox 993 1965 1777 2003">
    <p class='ocr_par' dir='ltr' id='par_1_84' title="bbox 993 1965 1777 2003">
     <span class='ocr_line' id='line_1_84' title="bbox 993 1965 1777 2003; baseline 0.008 -12"><span class='ocrx_word' id='word_1_593' title='bbox 993 1966 1038 2000; x_wconf 92' lang='lat' dir='ltr'><strong>qui</strong></span> <span class='ocrx_word' id='word_1_594' title='bbox 1055 1973 1105 1993; x_wconf 89' lang='lat' dir='ltr'><strong>nec</strong></span> <span class='ocrx_word' id='word_1_595' title='bbox 1121 1965 1193 1993; x_wconf 78' lang='lat' dir='ltr'><strong>illam</strong></span> <span class='ocrx_word' id='word_1_596' title='bbox 1211 1967 1352 1995; x_wconf 88' lang='lat' dir='ltr'><strong>erroribus</strong></span> <span class='ocrx_word' id='word_1_597' title='bbox 1375 1973 1480 1996; x_wconf 86' lang='lat' dir='ltr'><strong>scatere</strong></span> <span class='ocrx_word' id='word_1_598' title='bbox 1506 1969 1702 2003; x_wconf 80' lang='lat' dir='ltr'><strong>dissimulavit,</strong></span> <span class='ocrx_word' id='word_1_599' title='bbox 1721 1974 1777 1997; x_wconf 86' lang='lat' dir='ltr'><strong>tum</strong></span> 
     </span>
    </p>
   </div>
   <div class='ocr_carea' id='block_1_85' title="bbox 994 2011 1777 2047">
    <p class='ocr_par' dir='ltr' id='par_1_85' title="bbox 994 2011 1777 2047">
     <span class='ocr_line' id='line_1_85' title="bbox 994 2011 1777 2047; baseline 0.006 -9"><span class='ocrx_word' id='word_1_600' title='bbox 994 2011 1019 2039; x_wconf 91' lang='lat' dir='ltr'><strong>in</strong></span> <span class='ocrx_word' id='word_1_601' title='bbox 1038 2011 1097 2046; x_wconf 89' lang='lat' dir='ltr'><strong>ipso</strong></span> <span class='ocrx_word' id='word_1_602' title='bbox 1111 2012 1220 2040; x_wconf 90' lang='lat' dir='ltr'><strong>nomine</strong></span> <span class='ocrx_word' id='word_1_603' title='bbox 1237 2013 1488 2047; x_wconf 88' lang='lat' dir='ltr'><strong>sanctiAthanasii,</strong></span> <span class='ocrx_word' id='word_1_604' title='bbox 1508 2019 1564 2042; x_wconf 89' lang='lat' dir='ltr'><strong>tum</strong></span> <span class='ocrx_word' id='word_1_605' title='bbox 1576 2016 1602 2042; x_wconf 89' lang='lat' dir='ltr'><strong>in</strong></span> <span class='ocrx_word' id='word_1_606' title='bbox 1617 2016 1686 2042; x_wconf 90' lang='lat' dir='ltr'><strong>notis</strong></span> <span class='ocrx_word' id='word_1_607' title='bbox 1694 2015 1777 2043; x_wconf 89' lang='lat' dir='ltr'><strong>etiam</strong></span> 
     </span>
    </p>
   </div>
   <div class='ocr_carea' id='block_1_86' title="bbox 993 2059 1777 2097">
    <p class='ocr_par' dir='ltr' id='par_1_86' title="bbox 993 2059 1777 2097">
     <span class='ocr_line' id='line_1_86' title="bbox 993 2059 1777 2097; baseline 0.008 -13"><span class='ocrx_word' id='word_1_608' title='bbox 993 2059 1193 2091; x_wconf 89' lang='lat' dir='ltr'><strong>numeralibus,</strong></span> <span class='ocrx_word' id='word_1_609' title='bbox 1220 2060 1288 2086; x_wconf 86' lang='lat' dir='ltr'><strong>etin</strong></span> <span class='ocrx_word' id='word_1_610' title='bbox 1314 2060 1373 2087; x_wconf 91' lang='lat' dir='ltr'><strong>aliis</strong></span> <span class='ocrx_word' id='word_1_611' title='bbox 1403 2061 1554 2093; x_wconf 82' lang='lat' dir='ltr'><strong>nonnullis,</strong></span> <span class='ocrx_word' id='word_1_612' title='bbox 1580 2062 1612 2088; x_wconf 89' lang='lat' dir='ltr'><strong>de</strong></span> <span class='ocrx_word' id='word_1_613' title='bbox 1634 2061 1777 2097; x_wconf 87' lang='lat' dir='ltr'><strong>quibusin</strong></span> 
     </span>
    </p>
   </div>
   <div class='ocr_carea' id='block_1_87' title="bbox 992 2104 1774 2142">
    <p class='ocr_par' dir='ltr' id='par_1_87' title="bbox 992 2104 1774 2142">
     <span class='ocr_line' id='line_1_87' title="bbox 992 2104 1774 2142; baseline 0.006 -11"><span class='ocrx_word' id='word_1_614' title='bbox 992 2111 1038 2130; x_wconf 77' lang='lat' dir='ltr'><strong>ora</strong></span> <span class='ocrx_word' id='word_1_615' title='bbox 1055 2104 1170 2133; x_wconf 82' lang='lat' dir='ltr'><strong>lectores</strong></span> <span class='ocrx_word' id='word_1_616' title='bbox 1186 2106 1333 2133; x_wconf 81' lang='lat' dir='ltr'><strong>identidem</strong></span> <span class='ocrx_word' id='word_1_617' title='bbox 1353 2107 1474 2140; x_wconf 88' lang='lat' dir='ltr'><strong>monuit,</strong></span> <span class='ocrx_word' id='word_1_618' title='bbox 1490 2114 1575 2142; x_wconf 88' lang='lat' dir='ltr'><strong>eaque</strong></span> <span class='ocrx_word' id='word_1_619' title='bbox 1602 2107 1774 2136; x_wconf 69' lang='lat' dir='ltr'><strong>Bollandista:</strong></span> 
     </span>
    </p>
   </div>
   <div class='ocr_carea' id='block_1_88' title="bbox 993 2151 1778 2188">
    <p class='ocr_par' dir='ltr' id='par_1_88' title="bbox 993 2151 1778 2188">
     <span class='ocr_line' id='line_1_88' title="bbox 993 2151 1778 2188; baseline 0.006 -12"><span class='ocrx_word' id='word_1_620' title='bbox 993 2155 1185 2178; x_wconf 87' lang='lat' dir='ltr'><strong>rccensuerunt</strong></span> <span class='ocrx_word' id='word_1_621' title='bbox 1204 2151 1248 2179; x_wconf 90' lang='lat' dir='ltr'><strong>die</strong></span> <span class='ocrx_word' id='word_1_622' title='bbox 1262 2158 1282 2178; x_wconf 88' lang='lat' dir='ltr'><strong>ll</strong></span> <span class='ocrx_word' id='word_1_623' title='bbox 1309 2151 1370 2178; x_wconf 86' lang='lat' dir='ltr'><strong>Maii</strong></span> <span class='ocrx_word' id='word_1_624' title='bbox 1384 2159 1445 2188; x_wconf 80' lang='lat' dir='ltr'><strong>pag.</strong></span> <span class='ocrx_word' id='word_1_625' title='bbox 1460 2152 1523 2186; x_wconf 72' lang='grc'><strong>248,</strong></span> <span class='ocrx_word' id='word_1_626' title='bbox 1540 2153 1553 2188; x_wconf 87' lang='lat'>§</span> <span class='ocrx_word' id='word_1_627' title='bbox 1571 2153 1632 2180; x_wconf 73' lang='grc'><strong>401.</strong></span> <span class='ocrx_word' id='word_1_628' title='bbox 1651 2153 1678 2180; x_wconf 90' lang='lat' dir='ltr'><strong>Id</strong></span> <span class='ocrx_word' id='word_1_629' title='bbox 1703 2158 1778 2182; x_wconf 90' lang='lat' dir='ltr'><strong>tanto</strong></span> 
     </span>
    </p>
   </div>
   <div class='ocr_carea' id='block_1_89' title="bbox 992 2194 1774 2233">
    <p class='ocr_par' dir='ltr' id='par_1_89' title="bbox 992 2194 1774 2233">
     <span class='ocr_line' id='line_1_89' title="bbox 992 2194 1774 2233; baseline 0.005 -12"><span class='ocrx_word' id='word_1_630' title='bbox 992 2201 1054 2222; x_wconf 91' lang='lat' dir='ltr'><strong>ante</strong></span> <span class='ocrx_word' id='word_1_631' title='bbox 1068 2194 1208 2223; x_wconf 82' lang='lat' dir='ltr'><strong>Proterius</strong></span> <span class='ocrx_word' id='word_1_632' title='bbox 1221 2196 1382 2229; x_wconf 70' lang='lat' dir='ltr'><strong>praedixerat</strong></span> <span class='ocrx_word' id='word_1_633' title='bbox 1399 2196 1426 2224; x_wconf 89' lang='lat' dir='ltr'><strong>in</strong></span> <span class='ocrx_word' id='word_1_634' title='bbox 1443 2196 1496 2224; x_wconf 84' lang='lat' dir='ltr'><strong>[lue</strong></span> <span class='ocrx_word' id='word_1_635' title='bbox 1507 2197 1627 2232; x_wconf 58' lang='lat' dir='ltr'><strong>epistolae</strong></span> <span class='ocrx_word' id='word_1_636' title='bbox 1639 2205 1669 2226; x_wconf 87' lang='lat' dir='ltr'><strong>se</strong></span> <span class='ocrx_word' id='word_1_637' title='bbox 1679 2205 1774 2233; x_wconf 88' lang='lat' dir='ltr'><strong>passu-</strong></span> 
     </span>
    </p>
   </div>
   <div class='ocr_carea' id='block_1_90' title="bbox 163 2240 1779 2280">
    <p class='ocr_par' dir='ltr' id='par_1_90' title="bbox 163 2240 1779 2280">
     <span class='ocr_line' id='line_1_90' title="bbox 163 2240 1779 2280; baseline 0 -9"><span class='ocrx_word' id='word_1_638' title='bbox 163 2244 242 2271; x_wconf 85' lang='lat' dir='ltr'><strong>tiihus</strong></span> <span class='ocrx_word' id='word_1_639' title='bbox 269 2242 441 2269; x_wconf 78' lang='lat' dir='ltr'><strong>adversantes</strong></span> <span class='ocrx_word' id='word_1_640' title='bbox 468 2241 615 2268; x_wconf 83' lang='lat' dir='ltr'><strong>oﬂ‘enduut.</strong></span> <span class='ocrx_word' id='word_1_641' title='bbox 646 2240 703 2267; x_wconf 85' lang='lat' dir='ltr'><strong>lluc</strong></span> <span class='ocrx_word' id='word_1_642' title='bbox 729 2240 834 2268; x_wconf 79' lang='lat' dir='ltr'><strong>iaciunt</strong></span> <span class='ocrx_word' id='word_1_643' title='bbox 857 2240 939 2268; x_wconf 85' lang='lat' dir='ltr'><strong>verba</strong></span> <span class='ocrx_word' id='word_1_644' title='bbox 956 2253 977 2280; x_wconf 82' lang='lat' dir='ltr'><strong>D</strong></span> <span class='ocrx_word' id='word_1_645' title='bbox 992 2249 1050 2268; x_wconf 87' lang='lat' dir='ltr'><strong>rum</strong></span> <span class='ocrx_word' id='word_1_646' title='bbox 1066 2249 1116 2277; x_wconf 85' lang='lat' dir='ltr'><strong>per</strong></span> <span class='ocrx_word' id='word_1_647' title='bbox 1133 2242 1306 2270; x_wconf 88' lang='lat' dir='ltr'><strong>librariorum</strong></span> <span class='ocrx_word' id='word_1_648' title='bbox 1325 2243 1465 2271; x_wconf 89' lang='lat' dir='ltr'><strong>audaciam</strong></span> <span class='ocrx_word' id='word_1_649' title='bbox 1479 2247 1506 2271; x_wconf 92' lang='lat' dir='ltr'><strong>et</strong></span> <span class='ocrx_word' id='word_1_650' title='bbox 1528 2244 1705 2278; x_wconf 85' lang='lat' dir='ltr'><strong>interpretum</strong></span> <span class='ocrx_word' id='word_1_651' title='bbox 1730 2244 1779 2271; x_wconf 85' lang='lat' dir='ltr'><strong>La-</strong></span> 
     </span>
    </p>
   </div>
   <div class='ocr_carea' id='block_1_91' title="bbox 161 2286 939 2322">
    <p class='ocr_par' dir='ltr' id='par_1_91' title="bbox 161 2286 939 2322">
     <span class='ocr_line' id='line_1_91' title="bbox 161 2286 939 2322; baseline -0.004 -6"><span class='ocrx_word' id='word_1_652' title='bbox 161 2287 380 2320; x_wconf 77' lang='lat' dir='ltr'><strong>Montel’alconii,</strong></span> <span class='ocrx_word' id='word_1_653' title='bbox 411 2287 444 2314; x_wconf 91' lang='lat' dir='ltr'><strong>ad</strong></span> <span class='ocrx_word' id='word_1_654' title='bbox 478 2287 692 2322; x_wconf 84' lang='lat' dir='ltr'><strong>Hieronymum,</strong></span> <span class='ocrx_word' id='word_1_655' title='bbox 726 2294 778 2313; x_wconf 92' lang='lat' dir='ltr'><strong>non</strong></span> <span class='ocrx_word' id='word_1_656' title='bbox 816 2293 864 2321; x_wconf 90' lang='lat' dir='ltr'><strong>pro</strong></span> <span class='ocrx_word' id='word_1_657' title='bbox 893 2286 939 2314; x_wconf 91' lang='lat' dir='ltr'><strong>illo</strong></span> 
     </span>
    </p>
   </div>
   <div class='ocr_carea' id='block_1_92' title="bbox 161 2333 940 2369">
    <p class='ocr_par' dir='ltr' id='par_1_92' title="bbox 161 2333 940 2369">
     <span class='ocr_line' id='line_1_92' title="bbox 161 2333 940 2369; baseline 0 -8"><span class='ocrx_word' id='word_1_658' title='bbox 161 2335 279 2369; x_wconf 85' lang='lat' dir='ltr'><strong>quidem.</strong></span> <span class='ocrx_word' id='word_1_659' title='bbox 296 2333 343 2361; x_wconf 92' lang='lat' dir='ltr'><strong>sed</strong></span> <span class='ocrx_word' id='word_1_660' title='bbox 361 2341 409 2368; x_wconf 91' lang='lat' dir='ltr'><strong>pro</strong></span> <span class='ocrx_word' id='word_1_661' title='bbox 426 2334 502 2360; x_wconf 86' lang='lat' dir='ltr'><strong>nobis</strong></span> <span class='ocrx_word' id='word_1_662' title='bbox 523 2333 676 2366; x_wconf 86' lang='lat' dir='ltr'><strong>loquentem</strong></span> <span class='ocrx_word' id='word_1_663' title='bbox 688 2352 695 2363; x_wconf 89' lang='lat'><strong>,</strong></span> <span class='ocrx_word' id='word_1_664' title='bbox 715 2333 917 2360; x_wconf 86' lang='lat' dir='ltr'><strong>accommodata</strong></span> <span class='ocrx_word' id='word_1_665' title='bbox 931 2341 940 2361; x_wconf 69' lang='grc' dir='ltr'><strong>ε</strong></span> 
     </span>
    </p>
   </div>
   <div class='ocr_carea' id='block_1_93' title="bbox 162 2378 940 2414">
    <p class='ocr_par' dir='ltr' id='par_1_93' title="bbox 162 2378 940 2414">
     <span class='ocr_line' id='line_1_93' title="bbox 162 2378 940 2414; baseline -0.001 -7"><span class='ocrx_word' id='word_1_666' title='bbox 162 2380 210 2407; x_wconf 84' lang='lat' dir='ltr'><strong>Ille</strong></span> <span class='ocrx_word' id='word_1_667' title='bbox 227 2388 294 2412; x_wconf 81' lang='lat' dir='ltr'><strong>vero,</strong></span> <span class='ocrx_word' id='word_1_668' title='bbox 312 2384 398 2414; x_wconf 83' lang='lat' dir='ltr'><strong>utpote</strong></span> <span class='ocrx_word' id='word_1_669' title='bbox 418 2379 563 2406; x_wconf 74' lang='lat' dir='ltr'><strong>Athanasio</strong></span> <span class='ocrx_word' id='word_1_670' title='bbox 583 2378 703 2413; x_wconf 71' lang='lat' dir='ltr'><strong>(aqualis,</strong></span> <span class='ocrx_word' id='word_1_671' title='bbox 721 2383 744 2406; x_wconf 84' lang='lat' dir='ltr'><strong>et</strong></span> <span class='ocrx_word' id='word_1_672' title='bbox 756 2378 890 2411; x_wconf 73' lang='lat' dir='ltr'><strong>oculatus,</strong></span> <span class='ocrx_word' id='word_1_673' title='bbox 911 2384 940 2406; x_wconf 88' lang='lat' dir='ltr'><strong>ut</strong></span> 
     </span>
    </p>
   </div>
   <div class='ocr_carea' id='block_1_94' title="bbox 160 2424 940 2459">
    <p class='ocr_par' dir='ltr' id='par_1_94' title="bbox 160 2424 940 2459">
     <span class='ocr_line' id='line_1_94' title="bbox 160 2424 940 2459; baseline -0.003 -7"><span class='ocrx_word' id='word_1_674' title='bbox 160 2426 255 2457; x_wconf 82' lang='lat' dir='ltr'><strong>dicam,</strong></span> <span class='ocrx_word' id='word_1_675' title='bbox 273 2426 354 2456; x_wconf 76' lang='lat' dir='ltr'><strong>testis.</strong></span> <span class='ocrx_word' id='word_1_676' title='bbox 380 2425 429 2451; x_wconf 80' lang='lat' dir='ltr'><strong>hac</strong></span> <span class='ocrx_word' id='word_1_677' title='bbox 452 2425 479 2451; x_wconf 76' lang='lat' dir='ltr'><strong>in</strong></span> <span class='ocrx_word' id='word_1_678' title='bbox 500 2432 528 2451; x_wconf 79' lang='lat' dir='ltr'><strong>re</strong></span> <span class='ocrx_word' id='word_1_679' title='bbox 548 2424 600 2458; x_wconf 81' lang='lat' dir='ltr'><strong>ﬁde</strong></span> <span class='ocrx_word' id='word_1_680' title='bbox 625 2424 719 2458; x_wconf 73' lang='lat' dir='ltr'><strong>dignus</strong></span> <span class='ocrx_word' id='word_1_681' title='bbox 730 2428 779 2456; x_wconf 80' lang='lat' dir='ltr'><strong>est,</strong></span> <span class='ocrx_word' id='word_1_682' title='bbox 803 2429 858 2450; x_wconf 84' lang='lat' dir='ltr'><strong>tant</strong></span> <span class='ocrx_word' id='word_1_683' title='bbox 876 2425 940 2459; x_wconf 83' lang='lat' dir='ltr'><strong>quia</strong></span> 
     </span>
    </p>
   </div>
   <div class='ocr_carea' id='block_1_95' title="bbox 159 2468 941 2505">
    <p class='ocr_par' dir='ltr' id='par_1_95' title="bbox 159 2468 941 2505">
     <span class='ocr_line' id='line_1_95' title="bbox 159 2468 941 2505; baseline -0.003 -7"><span class='ocrx_word' id='word_1_684' title='bbox 159 2472 226 2498; x_wconf 82' lang='lat' dir='ltr'><strong>tanti</strong></span> <span class='ocrx_word' id='word_1_685' title='bbox 244 2471 379 2503; x_wconf 75' lang='lat' dir='ltr'><strong>antistitis,</strong></span> <span class='ocrx_word' id='word_1_686' title='bbox 392 2472 436 2505; x_wconf 83' lang='lat' dir='ltr'><strong>qui</strong></span> <span class='ocrx_word' id='word_1_687' title='bbox 447 2470 491 2496; x_wconf 87' lang='lat' dir='ltr'><strong>illo</strong></span> <span class='ocrx_word' id='word_1_688' title='bbox 504 2478 556 2497; x_wconf 75' lang='lat' dir='ltr'><strong>(evo</strong></span> <span class='ocrx_word' id='word_1_689' title='bbox 568 2477 614 2502; x_wconf 90' lang='lat' dir='ltr'><strong>pro</strong></span> <span class='ocrx_word' id='word_1_690' title='bbox 626 2468 751 2497; x_wconf 75' lang='lat' dir='ltr'><strong>Ecclesitz</strong></span> <span class='ocrx_word' id='word_1_691' title='bbox 763 2470 864 2496; x_wconf 85' lang='lat' dir='ltr'><strong>lumine</strong></span> <span class='ocrx_word' id='word_1_692' title='bbox 881 2478 941 2504; x_wconf 85' lang='lat' dir='ltr'><strong>pas-</strong></span> 
     </span>
    </p>
   </div>
   <div class='ocr_carea' id='block_1_96' title="bbox 159 2515 938 2550">
    <p class='ocr_par' dir='ltr' id='par_1_96' title="bbox 159 2515 938 2550">
     <span class='ocr_line' id='line_1_96' title="bbox 159 2515 938 2550; baseline -0.003 -6"><span class='ocrx_word' id='word_1_693' title='bbox 159 2517 208 2544; x_wconf 75' lang='lat' dir='ltr'><strong>sim</strong></span> <span class='ocrx_word' id='word_1_694' title='bbox 224 2517 376 2548; x_wconf 80' lang='lat' dir='ltr'><strong>habebatur,</strong></span> <span class='ocrx_word' id='word_1_695' title='bbox 397 2524 494 2542; x_wconf 79' lang='lat' dir='ltr'><strong>annum</strong></span> <span class='ocrx_word' id='word_1_696' title='bbox 521 2516 606 2542; x_wconf 72' lang='lat' dir='ltr'><strong>obitus</strong></span> <span class='ocrx_word' id='word_1_697' title='bbox 629 2523 681 2542; x_wconf 86' lang='lat' dir='ltr'><strong>non</strong></span> <span class='ocrx_word' id='word_1_698' title='bbox 697 2515 799 2542; x_wconf 78' lang='lat' dir='ltr'><strong>videtur</strong></span> <span class='ocrx_word' id='word_1_699' title='bbox 814 2516 938 2550; x_wconf 79' lang='lat' dir='ltr'><strong>ignorare</strong></span> 
     </span>
    </p>
   </div>
   <div class='ocr_carea' id='block_1_97' title="bbox 159 2561 938 2597">
    <p class='ocr_par' dir='ltr' id='par_1_97' title="bbox 159 2561 938 2597">
     <span class='ocr_line' id='line_1_97' title="bbox 159 2561 938 2597; baseline 0 -9"><span class='ocrx_word' id='word_1_700' title='bbox 159 2562 286 2596; x_wconf 74' lang='lat' dir='ltr'><strong>potuisse;</strong></span> <span class='ocrx_word' id='word_1_701' title='bbox 309 2568 362 2589; x_wconf 87' lang='lat' dir='ltr'><strong>tum</strong></span> <span class='ocrx_word' id='word_1_702' title='bbox 391 2563 453 2597; x_wconf 82' lang='lat' dir='ltr'><strong>quia</strong></span> <span class='ocrx_word' id='word_1_703' title='bbox 475 2562 527 2596; x_wconf 79' lang='lat' dir='ltr'><strong>ﬁde</strong></span> <span class='ocrx_word' id='word_1_704' title='bbox 548 2561 727 2596; x_wconf 76' lang='lat' dir='ltr'><strong>dignioribus,</strong></span> <span class='ocrx_word' id='word_1_705' title='bbox 760 2569 850 2595; x_wconf 81' lang='lat' dir='ltr'><strong>nempe</strong></span> <span class='ocrx_word' id='word_1_706' title='bbox 874 2562 938 2595; x_wconf 70' lang='lat' dir='ltr'><strong>ipsi:</strong></span> 
     </span>
    </p>
   </div>
   <div class='ocr_carea' id='block_1_98' title="bbox 159 2606 935 2640">
    <p class='ocr_par' dir='ltr' id='par_1_98' title="bbox 159 2606 935 2640">
     <span class='ocr_line' id='line_1_98' title="bbox 159 2606 935 2640; baseline 0 -6"><span class='ocrx_word' id='word_1_707' title='bbox 159 2609 295 2634; x_wconf 75' lang='lat' dir='ltr'><strong>Athanasii</strong></span> <span class='ocrx_word' id='word_1_708' title='bbox 310 2607 510 2640; x_wconf 70' lang='lat' dir='ltr'><strong>successoribus,</strong></span> <span class='ocrx_word' id='word_1_709' title='bbox 523 2607 628 2633; x_wconf 81' lang='lat' dir='ltr'><strong>accinit.</strong></span> <span class='ocrx_word' id='word_1_710' title='bbox 643 2607 746 2633; x_wconf 85' lang='lat' dir='ltr'><strong>Eadem</strong></span> <span class='ocrx_word' id='word_1_711' title='bbox 761 2607 787 2633; x_wconf 91' lang='lat' dir='ltr'><strong>in</strong></span> <span class='ocrx_word' id='word_1_712' title='bbox 801 2606 935 2639; x_wconf 86' lang='lat' dir='ltr'><strong>Quesnel-</strong></span> 
     </span>
    </p>
   </div>
   <div class='ocr_carea' id='block_1_99' title="bbox 160 2652 940 2689">
    <p class='ocr_par' dir='ltr' id='par_1_99' title="bbox 160 2652 940 2689">
     <span class='ocr_line' id='line_1_99' title="bbox 160 2652 940 2689; baseline -0.001 -8"><span class='ocrx_word' id='word_1_713' title='bbox 160 2655 213 2682; x_wconf 90' lang='lat' dir='ltr'><strong>lnm</strong></span> <span class='ocrx_word' id='word_1_714' title='bbox 226 2658 394 2689; x_wconf 77' lang='lat' dir='ltr'><strong>regeruntur,</strong></span> <span class='ocrx_word' id='word_1_715' title='bbox 408 2654 454 2688; x_wconf 90' lang='lat' dir='ltr'><strong>qui</strong></span> <span class='ocrx_word' id='word_1_716' title='bbox 478 2653 634 2688; x_wconf 84' lang='lat' dir='ltr'><strong>Hieronymi</strong></span> <span class='ocrx_word' id='word_1_717' title='bbox 649 2652 840 2679; x_wconf 84' lang='lat' dir='ltr'><strong>auctoritatem</strong></span> <span class='ocrx_word' id='word_1_718' title='bbox 862 2653 896 2679; x_wconf 91' lang='lat' dir='ltr'><strong>ab</strong></span> <span class='ocrx_word' id='word_1_719' title='bbox 911 2659 940 2680; x_wconf 87' lang='lat' dir='ltr'><strong>sc</strong></span> 
     </span>
    </p>
   </div>
   <div class='ocr_carea' id='block_1_100' title="bbox 159 2697 940 2734">
    <p class='ocr_par' dir='ltr' id='par_1_100' title="bbox 159 2697 940 2734">
     <span class='ocr_line' id='line_1_100' title="bbox 159 2697 940 2734; baseline -0.004 -7"><span class='ocrx_word' id='word_1_720' title='bbox 159 2702 228 2727; x_wconf 83' lang='lat' dir='ltr'><strong>male</strong></span> <span class='ocrx_word' id='word_1_721' title='bbox 249 2704 401 2734; x_wconf 81' lang='lat' dir='ltr'><strong>perceptam</strong></span> <span class='ocrx_word' id='word_1_722' title='bbox 422 2707 482 2726; x_wconf 88' lang='lat' dir='ltr'><strong>cum</strong></span> <span class='ocrx_word' id='word_1_723' title='bbox 504 2698 626 2726; x_wconf 84' lang='lat' dir='ltr'><strong>Proterio</strong></span> <span class='ocrx_word' id='word_1_724' title='bbox 644 2698 768 2732; x_wconf 90' lang='lat' dir='ltr'><strong>componi</strong></span> <span class='ocrx_word' id='word_1_725' title='bbox 789 2705 867 2732; x_wconf 89' lang='lat' dir='ltr'><strong>posse</strong></span> <span class='ocrx_word' id='word_1_726' title='bbox 888 2697 940 2724; x_wconf 84' lang='lat' dir='ltr'><strong>itit-</strong></span> 
     </span>
    </p>
   </div>
   <div class='ocr_carea' id='block_1_101' title="bbox 159 2744 940 2778">
    <p class='ocr_par' dir='ltr' id='par_1_101' title="bbox 159 2744 940 2778">
     <span class='ocr_line' id='line_1_101' title="bbox 159 2744 940 2778; baseline -0.001 -7"><span class='ocrx_word' id='word_1_727' title='bbox 159 2747 254 2772; x_wconf 88' lang='lat' dir='ltr'><strong>merito</strong></span> <span class='ocrx_word' id='word_1_728' title='bbox 277 2746 390 2773; x_wconf 87' lang='lat' dir='ltr'><strong>censuit.</strong></span> <span class='ocrx_word' id='word_1_729' title='bbox 409 2745 471 2772; x_wconf 69' lang='lat' dir='ltr'><strong>Haec</strong></span> <span class='ocrx_word' id='word_1_730' title='bbox 492 2745 582 2772; x_wconf 83' lang='lat' dir='ltr'><strong>omnia</strong></span> <span class='ocrx_word' id='word_1_731' title='bbox 609 2745 643 2771; x_wconf 90' lang='lat' dir='ltr'><strong>oh</strong></span> <span class='ocrx_word' id='word_1_732' title='bbox 664 2744 758 2771; x_wconf 89' lang='lat' dir='ltr'><strong>oculos</strong></span> <span class='ocrx_word' id='word_1_733' title='bbox 791 2751 940 2778; x_wconf 64' lang='lat' dir='ltr'><strong>repraesen-</strong></span> 
     </span>
    </p>
   </div>
   <div class='ocr_carea' id='block_1_102' title="bbox 158 2789 938 2825">
    <p class='ocr_par' dir='ltr' id='par_1_102' title="bbox 158 2789 938 2825">
     <span class='ocr_line' id='line_1_102' title="bbox 158 2789 938 2825; baseline -0.003 -7"><span class='ocrx_word' id='word_1_734' title='bbox 158 2797 215 2818; x_wconf 85' lang='lat' dir='ltr'><strong>tare</strong></span> <span class='ocrx_word' id='word_1_735' title='bbox 240 2792 327 2819; x_wconf 87' lang='lat' dir='ltr'><strong>visum</strong></span> <span class='ocrx_word' id='word_1_736' title='bbox 355 2797 413 2823; x_wconf 89' lang='lat' dir='ltr'><strong>est,</strong></span> <span class='ocrx_word' id='word_1_737' title='bbox 447 2796 475 2817; x_wconf 93' lang='lat' dir='ltr'><strong>ut</strong></span> <span class='ocrx_word' id='word_1_738' title='bbox 505 2790 611 2825; x_wconf 89' lang='lat' dir='ltr'><strong>plenius</strong></span> <span class='ocrx_word' id='word_1_739' title='bbox 645 2789 808 2823; x_wconf 81' lang='lat' dir='ltr'><strong>intelligatur</strong></span> <span class='ocrx_word' id='word_1_740' title='bbox 841 2797 938 2816; x_wconf 86' lang='lat' dir='ltr'><strong>annum</strong></span> 
     </span>
    </p>
   </div>
   <div class='ocr_carea' id='block_1_103' title="bbox 157 2834 940 2868">
    <p class='ocr_par' dir='ltr' id='par_1_103' title="bbox 157 2834 940 2868">
     <span class='ocr_line' id='line_1_103' title="bbox 157 2834 940 2868; baseline -0.004 -3"><span class='ocrx_word' id='word_1_741' title='bbox 157 2837 333 2865; x_wconf 82' lang='lat' dir='ltr'><strong>emortualem</strong></span> <span class='ocrx_word' id='word_1_742' title='bbox 366 2837 506 2865; x_wconf 82' lang='lat' dir='ltr'><strong>Athanasii</strong></span> <span class='ocrx_word' id='word_1_743' title='bbox 534 2836 568 2864; x_wconf 81' lang='lat' dir='ltr'><strong>ab</strong></span> <span class='ocrx_word' id='word_1_744' title='bbox 595 2835 628 2862; x_wconf 87' lang='lat' dir='ltr'><strong>A.</strong></span> <span class='ocrx_word' id='word_1_745' title='bbox 659 2835 691 2862; x_wconf 86' lang='grc' dir='ltr'><strong>ι).</strong></span> <span class='ocrx_word' id='word_1_746' title='bbox 719 2834 772 2862; x_wconf 72' lang='grc'>572</span> <span class='ocrx_word' id='word_1_747' title='bbox 797 2842 848 2868; x_wconf 81' lang='lat' dir='ltr'><strong>non</strong></span> <span class='ocrx_word' id='word_1_748' title='bbox 879 2842 940 2862; x_wconf 85' lang='lat' dir='ltr'><strong>esse</strong></span> 
     </span>
    </p>
   </div>
   <div class='ocr_carea' id='block_1_104' title="bbox 159 2885 349 2912">
    <p class='ocr_par' dir='ltr' id='par_1_104' title="bbox 159 2885 349 2912">
     <span class='ocr_line' id='line_1_104' title="bbox 159 2885 349 2912; baseline -0.011 0"><span class='ocrx_word' id='word_1_749' title='bbox 159 2885 349 2912; x_wconf 74' lang='lat' dir='ltr'><strong>annoveudum.</strong></span> 
     </span>
    </p>
   </div>
   <div class='ocr_carea' id='block_1_105' title="bbox 993 2286 1779 2325">
    <p class='ocr_par' dir='ltr' id='par_1_105' title="bbox 993 2286 1779 2325">
     <span class='ocr_line' id='line_1_105' title="bbox 993 2286 1779 2325; baseline 0.005 -12"><span class='ocrx_word' id='word_1_750' title='bbox 993 2286 1110 2314; x_wconf 90' lang='lat' dir='ltr'><strong>tinorum</strong></span> <span class='ocrx_word' id='word_1_751' title='bbox 1126 2288 1276 2321; x_wconf 86' lang='lat' dir='ltr'><strong>inscitiam;</strong></span> <span class='ocrx_word' id='word_1_752' title='bbox 1297 2290 1342 2324; x_wconf 89' lang='lat' dir='ltr'><strong>qui</strong></span> <span class='ocrx_word' id='word_1_753' title='bbox 1359 2288 1453 2317; x_wconf 67' lang='lat' dir='ltr'><strong>Greca</strong></span> <span class='ocrx_word' id='word_1_754' title='bbox 1467 2298 1519 2317; x_wconf 83' lang='lat' dir='ltr'><strong>non</strong></span> <span class='ocrx_word' id='word_1_755' title='bbox 1540 2290 1652 2317; x_wconf 71' lang='lat' dir='ltr'><strong>valente:</strong></span> <span class='ocrx_word' id='word_1_756' title='bbox 1671 2290 1779 2325; x_wconf 79' lang='lat' dir='ltr'><strong>diligen-</strong></span> 
     </span>
    </p>
   </div>
   <div class='ocr_carea' id='block_1_106' title="bbox 992 2334 1779 2371">
    <p class='ocr_par' dir='ltr' id='par_1_106' title="bbox 992 2334 1779 2371">
     <span class='ocr_line' id='line_1_106' title="bbox 992 2334 1779 2371; baseline 0.006 -13"><span class='ocrx_word' id='word_1_757' title='bbox 992 2337 1030 2359; x_wconf 85' lang='lat' dir='ltr'><strong>ter</strong></span> <span class='ocrx_word' id='word_1_758' title='bbox 1043 2334 1202 2367; x_wconf 73' lang='lat' dir='ltr'><strong>exprimere,</strong></span> <span class='ocrx_word' id='word_1_759' title='bbox 1212 2334 1336 2361; x_wconf 63' lang='lat' dir='ltr'><strong>luderent</strong></span> <span class='ocrx_word' id='word_1_760' title='bbox 1356 2335 1502 2362; x_wconf 78' lang='lat' dir='ltr'><strong>veritatem.</strong></span> <span class='ocrx_word' id='word_1_761' title='bbox 1516 2335 1586 2371; x_wconf 85' lang='lat' dir='ltr'><strong>Ergo</strong></span> <span class='ocrx_word' id='word_1_762' title='bbox 1599 2335 1641 2362; x_wconf 90' lang='lat' dir='ltr'><strong>his</strong></span> <span class='ocrx_word' id='word_1_763' title='bbox 1652 2335 1779 2363; x_wconf 87' lang='lat' dir='ltr'><strong>omnibus</strong></span> 
     </span>
    </p>
   </div>
   <div class='ocr_carea' id='block_1_107' title="bbox 991 2378 1779 2415">
    <p class='ocr_par' dir='ltr' id='par_1_107' title="bbox 991 2378 1779 2415">
     <span class='ocr_line' id='line_1_107' title="bbox 991 2378 1779 2415; baseline 0.005 -11"><span class='ocrx_word' id='word_1_764' title='bbox 991 2378 1213 2413; x_wconf 87' lang='lat' dir='ltr'><strong>circumspectis,</strong></span> <span class='ocrx_word' id='word_1_765' title='bbox 1235 2381 1442 2415; x_wconf 89' lang='lat' dir='ltr'><strong>haudquaquam</strong></span> <span class='ocrx_word' id='word_1_766' title='bbox 1464 2381 1557 2408; x_wconf 87' lang='lat' dir='ltr'><strong>mirari</strong></span> <span class='ocrx_word' id='word_1_767' title='bbox 1578 2380 1650 2408; x_wconf 88' lang='lat' dir='ltr'><strong>subit</strong></span> <span class='ocrx_word' id='word_1_768' title='bbox 1667 2401 1674 2413; x_wconf 92' lang='lat'><strong>,</strong></span> <span class='ocrx_word' id='word_1_769' title='bbox 1689 2381 1710 2407; x_wconf 89' lang='lat' dir='ltr'><strong>si</strong></span> <span class='ocrx_word' id='word_1_770' title='bbox 1728 2381 1779 2408; x_wconf 59' lang='lat' dir='ltr'><strong>ist.</strong></span> 
     </span>
    </p>
   </div>
   <div class='ocr_carea' id='block_1_108' title="bbox 992 2422 1775 2459">
    <p class='ocr_par' dir='ltr' id='par_1_108' title="bbox 992 2422 1775 2459">
     <span class='ocr_line' id='line_1_108' title="bbox 992 2422 1775 2459; baseline 0.004 -10"><span class='ocrx_word' id='word_1_771' title='bbox 992 2423 1048 2450; x_wconf 81' lang='lat' dir='ltr'><strong>haec</strong></span> <span class='ocrx_word' id='word_1_772' title='bbox 1062 2422 1156 2450; x_wconf 90' lang='lat' dir='ltr'><strong>Latina</strong></span> <span class='ocrx_word' id='word_1_773' title='bbox 1172 2424 1312 2451; x_wconf 86' lang='lat' dir='ltr'><strong>translatio</strong></span> <span class='ocrx_word' id='word_1_774' title='bbox 1325 2444 1333 2457; x_wconf 87' lang='lat'><strong>,</strong></span> <span class='ocrx_word' id='word_1_775' title='bbox 1346 2430 1439 2459; x_wconf 90' lang='lat' dir='ltr'><strong>utpote</strong></span> <span class='ocrx_word' id='word_1_776' title='bbox 1454 2425 1550 2452; x_wconf 85' lang='lat' dir='ltr'><strong>saltem</strong></span> <span class='ocrx_word' id='word_1_777' title='bbox 1566 2432 1600 2452; x_wconf 83' lang='lat' dir='ltr'><strong>ex</strong></span> <span class='ocrx_word' id='word_1_778' title='bbox 1620 2424 1775 2459; x_wconf 83' lang='lat' dir='ltr'><strong>apographo</strong></span> 
     </span>
    </p>
   </div>
   <div class='ocr_carea' id='block_1_109' title="bbox 991 2469 1778 2504">
    <p class='ocr_par' dir='ltr' id='par_1_109' title="bbox 991 2469 1778 2504">
     <span class='ocr_line' id='line_1_109' title="bbox 991 2469 1778 2504; baseline 0 -8"><span class='ocrx_word' id='word_1_779' title='bbox 991 2469 1080 2496; x_wconf 88' lang='lat' dir='ltr'><strong>minus</strong></span> <span class='ocrx_word' id='word_1_780' title='bbox 1095 2469 1202 2504; x_wconf 85' lang='lat' dir='ltr'><strong>integro</strong></span> <span class='ocrx_word' id='word_1_781' title='bbox 1216 2476 1336 2503; x_wconf 87' lang='lat' dir='ltr'><strong>accepta,</strong></span> <span class='ocrx_word' id='word_1_782' title='bbox 1351 2478 1379 2497; x_wconf 86' lang='lat' dir='ltr'><strong>se</strong></span> <span class='ocrx_word' id='word_1_783' title='bbox 1396 2471 1422 2497; x_wconf 92' lang='lat' dir='ltr'><strong>in</strong></span> <span class='ocrx_word' id='word_1_784' title='bbox 1440 2470 1560 2504; x_wconf 87' lang='lat' dir='ltr'><strong>pluribus</strong></span> <span class='ocrx_word' id='word_1_785' title='bbox 1583 2470 1681 2504; x_wconf 90' lang='lat' dir='ltr'><strong>oppido</strong></span> <span class='ocrx_word' id='word_1_786' title='bbox 1696 2469 1778 2496; x_wconf 85' lang='lat' dir='ltr'><strong>vitio-</strong></span> 
     </span>
    </p>
   </div>
   <div class='ocr_carea' id='block_1_110' title="bbox 991 2514 1777 2550">
    <p class='ocr_par' dir='ltr' id='par_1_110' title="bbox 991 2514 1777 2550">
     <span class='ocr_line' id='line_1_110' title="bbox 991 2514 1777 2550; baseline 0.003 -10"><span class='ocrx_word' id='word_1_787' title='bbox 991 2521 1048 2540; x_wconf 88' lang='lat' dir='ltr'><strong>sam</strong></span> <span class='ocrx_word' id='word_1_788' title='bbox 1068 2514 1173 2548; x_wconf 85' lang='lat' dir='ltr'><strong>prodit;</strong></span> <span class='ocrx_word' id='word_1_789' title='bbox 1199 2515 1235 2540; x_wconf 89' lang='lat' dir='ltr'><strong>ita</strong></span> <span class='ocrx_word' id='word_1_790' title='bbox 1253 2520 1281 2541; x_wconf 94' lang='lat' dir='ltr'><strong>ut</strong></span> <span class='ocrx_word' id='word_1_791' title='bbox 1308 2515 1351 2541; x_wconf 91' lang='lat' dir='ltr'><strong>ubi</strong></span> <span class='ocrx_word' id='word_1_792' title='bbox 1376 2516 1415 2542; x_wconf 88' lang='lat' dir='ltr'><strong>ait</strong></span> <span class='ocrx_word' id='word_1_793' title='bbox 1437 2516 1468 2542; x_wconf 89' lang='lat' dir='ltr'><strong>A.</strong></span> <span class='ocrx_word' id='word_1_794' title='bbox 1491 2515 1521 2542; x_wconf 84' lang='grc' dir='ltr'><strong>Ι).</strong></span> <span class='ocrx_word' id='word_1_795' title='bbox 1539 2515 1609 2547; x_wconf 90' lang='grc'>575,</span> <span class='ocrx_word' id='word_1_796' title='bbox 1634 2515 1777 2550; x_wconf 71' lang='lat' dir='ltr'><strong>superstite</strong></span> 
     </span>
    </p>
   </div>
   <div class='ocr_carea' id='block_1_111' title="bbox 990 2560 1776 2596">
    <p class='ocr_par' dir='ltr' id='par_1_111' title="bbox 990 2560 1776 2596">
     <span class='ocr_line' id='line_1_111' title="bbox 990 2560 1776 2596; baseline 0.004 -11"><span class='ocrx_word' id='word_1_797' title='bbox 990 2560 1154 2591; x_wconf 73' lang='lat' dir='ltr'><strong>Athanasio,</strong></span> <span class='ocrx_word' id='word_1_798' title='bbox 1179 2560 1280 2587; x_wconf 84' lang='lat' dir='ltr'><strong>Pascha</strong></span> <span class='ocrx_word' id='word_1_799' title='bbox 1307 2561 1333 2587; x_wconf 91' lang='lat' dir='ltr'><strong>in</strong></span> <span class='ocrx_word' id='word_1_800' title='bbox 1365 2561 1559 2596; x_wconf 72' lang='lat' dir='ltr'><strong>subsequentem</strong></span> <span class='ocrx_word' id='word_1_801' title='bbox 1583 2561 1776 2588; x_wconf 87' lang='lat' dir='ltr'><strong>hebdomadam</strong></span> 
     </span>
    </p>
   </div>
   <div class='ocr_carea' id='block_1_112' title="bbox 991 2605 1777 2641">
    <p class='ocr_par' dir='ltr' id='par_1_112' title="bbox 991 2605 1777 2641">
     <span class='ocr_line' id='line_1_112' title="bbox 991 2605 1777 2641; baseline 0.003 -10"><span class='ocrx_word' id='word_1_802' title='bbox 991 2605 1149 2633; x_wconf 72' lang='lat' dir='ltr'><strong>translatum</strong></span> <span class='ocrx_word' id='word_1_803' title='bbox 1163 2605 1255 2639; x_wconf 80' lang='lat' dir='ltr'><strong>fuisse,</strong></span> <span class='ocrx_word' id='word_1_804' title='bbox 1272 2606 1375 2640; x_wconf 82' lang='lat' dir='ltr'><strong>absque</strong></span> <span class='ocrx_word' id='word_1_805' title='bbox 1389 2606 1440 2633; x_wconf 85' lang='lat' dir='ltr'><strong>alia</strong></span> <span class='ocrx_word' id='word_1_806' title='bbox 1454 2606 1647 2640; x_wconf 76' lang='lat' dir='ltr'><strong>explicatione,</strong></span> <span class='ocrx_word' id='word_1_807' title='bbox 1661 2613 1777 2641; x_wconf 80' lang='lat' dir='ltr'><strong>perpau-</strong></span> 
     </span>
    </p>
   </div>
   <div class='ocr_carea' id='block_1_113' title="bbox 991 2651 1777 2687">
    <p class='ocr_par' dir='ltr' id='par_1_113' title="bbox 991 2651 1777 2687">
     <span class='ocr_line' id='line_1_113' title="bbox 991 2651 1777 2687; baseline 0.003 -11"><span class='ocrx_word' id='word_1_808' title='bbox 991 2658 1049 2677; x_wconf 88' lang='lat' dir='ltr'><strong>cam</strong></span> <span class='ocrx_word' id='word_1_809' title='bbox 1070 2651 1147 2678; x_wconf 84' lang='lat' dir='ltr'><strong>ﬁdem</strong></span> <span class='ocrx_word' id='word_1_810' title='bbox 1164 2657 1309 2679; x_wconf 89' lang='lat' dir='ltr'><strong>mereatur.</strong></span> <span class='ocrx_word' id='word_1_811' title='bbox 1327 2651 1384 2680; x_wconf 90' lang='lat' dir='ltr'><strong>lloc</strong></span> <span class='ocrx_word' id='word_1_812' title='bbox 1411 2660 1477 2680; x_wconf 83' lang='lat' dir='ltr'><strong>sane</strong></span> <span class='ocrx_word' id='word_1_813' title='bbox 1490 2653 1650 2687; x_wconf 86' lang='lat' dir='ltr'><strong>jamdudum</strong></span> <span class='ocrx_word' id='word_1_814' title='bbox 1671 2652 1777 2679; x_wconf 89' lang='lat' dir='ltr'><strong>criticis</strong></span> 
     </span>
    </p>
   </div>
   <div class='ocr_carea' id='block_1_114' title="bbox 991 2697 1778 2732">
    <p class='ocr_par' dir='ltr' id='par_1_114' title="bbox 991 2697 1778 2732">
     <span class='ocr_line' id='line_1_114' title="bbox 991 2697 1778 2732; baseline 0.003 -10"><span class='ocrx_word' id='word_1_815' title='bbox 991 2697 1123 2730; x_wconf 84' lang='lat' dir='ltr'><strong>majorum</strong></span> <span class='ocrx_word' id='word_1_816' title='bbox 1141 2697 1261 2730; x_wconf 83' lang='lat' dir='ltr'><strong>gentium</strong></span> <span class='ocrx_word' id='word_1_817' title='bbox 1273 2697 1402 2730; x_wconf 90' lang='lat' dir='ltr'><strong>suboluit,</strong></span> <span class='ocrx_word' id='word_1_818' title='bbox 1418 2705 1487 2732; x_wconf 88' lang='lat' dir='ltr'><strong>quos</strong></span> <span class='ocrx_word' id='word_1_819' title='bbox 1501 2705 1671 2732; x_wconf 85' lang='lat' dir='ltr'><strong>nequaquam</strong></span> <span class='ocrx_word' id='word_1_820' title='bbox 1692 2697 1778 2725; x_wconf 89' lang='lat' dir='ltr'><strong>movit</strong></span> 
     </span>
    </p>
   </div>
   <div class='ocr_carea' id='block_1_115' title="bbox 991 2740 1776 2775">
    <p class='ocr_par' dir='ltr' id='par_1_115' title="bbox 991 2740 1776 2775">
     <span class='ocr_line' id='line_1_115' title="bbox 991 2740 1776 2775; baseline 0.001 -8"><span class='ocrx_word' id='word_1_821' title='bbox 991 2740 1070 2773; x_wconf 87' lang='lat' dir='ltr'><strong>hujus</strong></span> <span class='ocrx_word' id='word_1_822' title='bbox 1087 2741 1207 2775; x_wconf 72' lang='lat' dir='ltr'><strong>epistolae</strong></span> <span class='ocrx_word' id='word_1_823' title='bbox 1223 2742 1386 2774; x_wconf 86' lang='lat' dir='ltr'><strong>auctoritas,</strong></span> <span class='ocrx_word' id='word_1_824' title='bbox 1404 2748 1433 2769; x_wconf 93' lang='lat' dir='ltr'><strong>ut</strong></span> <span class='ocrx_word' id='word_1_825' title='bbox 1451 2743 1478 2769; x_wconf 91' lang='lat' dir='ltr'><strong>in</strong></span> <span class='ocrx_word' id='word_1_826' title='bbox 1497 2743 1529 2770; x_wconf 90' lang='lat' dir='ltr'><strong>A.</strong></span> <span class='ocrx_word' id='word_1_827' title='bbox 1550 2742 1580 2768; x_wconf 91' lang='lat' dir='ltr'><strong>D.</strong></span> <span class='ocrx_word' id='word_1_828' title='bbox 1598 2742 1652 2769; x_wconf 88' lang='grc'><strong>575</strong></span> <span class='ocrx_word' id='word_1_829' title='bbox 1670 2742 1776 2768; x_wconf 90' lang='lat' dir='ltr'><strong>obitum</strong></span> 
     </span>
    </p>
   </div>
   <div class='ocr_carea' id='block_1_116' title="bbox 990 2785 1775 2820">
    <p class='ocr_par' dir='ltr' id='par_1_116' title="bbox 990 2785 1775 2820">
     <span class='ocr_line' id='line_1_116' title="bbox 990 2785 1775 2820; baseline 0 -8"><span class='ocrx_word' id='word_1_830' title='bbox 990 2786 1128 2812; x_wconf 84' lang='lat' dir='ltr'><strong>Athanasii</strong></span> <span class='ocrx_word' id='word_1_831' title='bbox 1141 2785 1305 2813; x_wconf 84' lang='lat' dir='ltr'><strong>conferrent.</strong></span> <span class='ocrx_word' id='word_1_832' title='bbox 1316 2785 1371 2813; x_wconf 80' lang='lat' dir='ltr'><strong>Nec</strong></span> <span class='ocrx_word' id='word_1_833' title='bbox 1379 2791 1473 2813; x_wconf 88' lang='lat' dir='ltr'><strong>auctor</strong></span> <span class='ocrx_word' id='word_1_834' title='bbox 1484 2794 1559 2814; x_wconf 67' lang='lat' dir='ltr'><strong>novae</strong></span> <span class='ocrx_word' id='word_1_835' title='bbox 1570 2786 1696 2814; x_wconf 80' lang='lat' dir='ltr'><strong>editionis</strong></span> <span class='ocrx_word' id='word_1_836' title='bbox 1703 2786 1775 2820; x_wconf 88' lang='lat' dir='ltr'><strong>Ope-</strong></span> 
     </span>
    </p>
   </div>
   <div class='ocr_carea' id='block_1_117' title="bbox 992 2831 1775 2871">
    <p class='ocr_par' dir='ltr' id='par_1_117' title="bbox 992 2831 1775 2871">
     <span class='ocr_line' id='line_1_117' title="bbox 992 2831 1775 2871; baseline 0 -13"><span class='ocrx_word' id='word_1_837' title='bbox 992 2840 1050 2859; x_wconf 90' lang='lat' dir='ltr'><strong>rum</strong></span> <span class='ocrx_word' id='word_1_838' title='bbox 1067 2832 1154 2859; x_wconf 86' lang='lat' dir='ltr'><strong>sancti</strong></span> <span class='ocrx_word' id='word_1_839' title='bbox 1168 2832 1266 2859; x_wconf 88' lang='lat' dir='ltr'><strong>Leonis</strong></span> <span class='ocrx_word' id='word_1_840' title='bbox 1278 2831 1366 2871; x_wconf 61' lang='lat' dir='ltr'><strong>Magni</strong></span> <span class='ocrx_word' id='word_1_841' title='bbox 1377 2851 1384 2864; x_wconf 87' lang='lat'><strong>,</strong></span> <span class='ocrx_word' id='word_1_842' title='bbox 1398 2832 1443 2867; x_wconf 88' lang='lat' dir='ltr'><strong>qui</strong></span> <span class='ocrx_word' id='word_1_843' title='bbox 1460 2832 1534 2859; x_wconf 90' lang='lat' dir='ltr'><strong>illam</strong></span> <span class='ocrx_word' id='word_1_844' title='bbox 1548 2832 1689 2867; x_wconf 85' lang='lat' dir='ltr'><strong>epistolam</strong></span> <span class='ocrx_word' id='word_1_845' title='bbox 1703 2837 1775 2858; x_wconf 89' lang='lat' dir='ltr'><strong>tomo</strong></span> 
     </span>
    </p>
   </div>
   <div class='ocr_carea' id='block_1_118' title="bbox 990 2878 1774 2914">
    <p class='ocr_par' dir='ltr' id='par_1_118' title="bbox 990 2878 1774 2914">
     <span class='ocr_line' id='line_1_118' title="bbox 990 2878 1774 2914; baseline -0.001 -8"><span class='ocrx_word' id='word_1_846' title='bbox 990 2879 1011 2911; x_wconf 94' lang='lat' dir='ltr'><strong>l,</strong></span> <span class='ocrx_word' id='word_1_847' title='bbox 1031 2886 1090 2914; x_wconf 82' lang='lat' dir='ltr'><strong>pag.</strong></span> <span class='ocrx_word' id='word_1_848' title='bbox 1106 2878 1159 2907; x_wconf 73' lang='grc'><strong>646</strong></span> <span class='ocrx_word' id='word_1_849' title='bbox 1192 2887 1224 2907; x_wconf 83' lang='lat' dir='ltr'><strong>ex</strong></span> <span class='ocrx_word' id='word_1_850' title='bbox 1243 2879 1337 2907; x_wconf 83' lang='lat' dir='ltr'><strong>codice</strong></span> <span class='ocrx_word' id='word_1_851' title='bbox 1349 2878 1495 2907; x_wconf 82' lang='lat' dir='ltr'><strong>Oxoniensi</strong></span> <span class='ocrx_word' id='word_1_852' title='bbox 1507 2878 1719 2907; x_wconf 80' lang='lat' dir='ltr'><strong>emendatiorem</strong></span> <span class='ocrx_word' id='word_1_853' title='bbox 1731 2878 1774 2905; x_wconf 88' lang='lat' dir='ltr'><strong>itt-</strong></span> 
     </span>
    </p>
   </div>
  </div>
