2027 3042
277 162 376 185 CCLVIII

953 142 1229 173 PROLEGOMENA.'

281 215 381 246 seruit,
400 213 436 241 ab
453 212 527 241 omni
543 209 647 239 macula
662 209 810 237 immunem
830 206 943 235 reddere
961 205 1058 240 potuit.
1073 206 1097 234 Α
1110 202 1158 230 m
1186 201 1352 236 anticipare,
1368 204 1454 234 neque
1487 203 1573 231 usque
1605 195 1638 223 ad
1666 193 1699 222 A.
1719 193 1750 221 D.
1764 192 1818 221 575
1845 191 1898 220 dit-

280 261 350 288 Hinc
365 259 557 288 Bollandianos
570 256 776 284 continualores
793 253 911 288 suspicio
930 251 1059 283 incessit,

280 305 406 340 primitus
420 304 447 331 in
463 302 557 330 codice
565 301 659 329 Graeco
678 300 778 327 lectum
796 299 881 326 fuisse
893 296 1061 328 ἀποσιόντος,

280 352 420 385 defuncto,
447 350 473 376 in
496 348 573 383 cujus
584 351 676 382 postea
689 346 778 374 locum
802 345 875 372 facili
887 350 980 372 errore
1003 343 1064 369 ἐπι-

281 396 394 427 6ιόντος,
410 394 549 429 superstite
559 413 567 426 ,
580 393 614 420 ab
631 392 745 420 librario
757 390 886 425 scriptum
897 409 904 422 ,
922 389 963 416 vel
977 389 1009 416 ab
1023 389 1065 415 in-

282 446 398 476 terprete
413 441 511 468 lectum
527 439 618 466 fuerit.
628 438 754 465 Petavius
767 437 793 464 in
810 437 880 463 notis
893 436 925 463 ad
943 434 1065 463 eamdem

282 487 421 523 epistolam
435 493 468 514 ex
483 486 577 514 codice
593 485 686 513 Jacobi
698 483 845 511 Sirmondi-
858 482 892 509 ab
914 489 945 509 se
966 481 1066 509 editam

283 534 334 561 sub
345 533 425 560 tinem
449 532 514 559 tomi
534 531 556 558 ll
577 531 616 558 De
640 530 763 558 doctrina
793 534 956 561 temporum,
973 526 1068 554 Prole-

282 581 353 608 rium
368 579 561 607 hallucinatum
575 577 758 608 existimavit,
774 575 852 610 quasi
868 581 964 608 nempe
983 573 1069 600 Atha-

283 625 409 656 nasium,
425 623 472 659 qui
495 627 558 650 ante
573 623 747 653 decesserat,
765 621 852 648 adhuc
874 619 920 646 illo
947 623 1069 653 tempore

283 671 383 699 vixisse
396 669 550 698 crediderit.
563 668 751 696 Tillemontius
763 671 836 694 tomo
849 665 915 698 Vlll,
931 673 993 700 pag.
1005 664 1068 696 720,

284 724 406 746 errorem
421 715 484 743 inde
494 715 560 742 oriri
579 714 701 750 potuisse
717 711 852 741 consentit
863 731 870 742 .
889 710 961 745 quod
977 709 1071 737 Prote-

285 765 342 792 rius
353 764 379 791 in
400 762 531 790 tabulario
547 760 676 788 Ecclesiae
691 758 881 786 Alexandrina:
904 756 1007 783 Pascha
1021 762 1070 790 pro

285 811 318 838 A.
343 809 375 836 D.
394 809 447 836 575
468 807 567 842 pridem
587 806 621 834 ab
635 805 783 832 Athanasio
805 803 937 837 digestum
960 808 1071 836 compe-

286 857 385 887 risset,
397 853 620 886 ordinatumque,
638 855 668 877 ut
681 857 713 877 eo
732 856 804 876 anno
828 847 1014 876 celebraretur
1028 845 1072 872 die

286 910 368 936 xxxr;
386 909 452 936 non
467 907 531 927 vero
554 906 618 925 xxtv
639 896 727 924 Martii
745 905 752 924 :
772 895 856 931 quod,
878 893 975 928 inquit,
997 891 1070 918 ordi—
1087 887 1108 915 Β

287 956 364 976 nasse
375 946 462 982 potuit
475 945 508 972 A.
522 945 552 972 D.
567 944 630 976 571,
646 944 700 970 imo
716 948 780 970 vero
791 940 855 972 572,
872 944 901 967 ιιι
918 939 1009 967 statim
1025 945 1071 978 pa:

287 994 366 1022 tebit.
382 993 502 1027 ldipsum
516 991 620 1026 pridem
644 989 819 1024 coniecerant
845 985 966 1014 Bollandi
987 984 1073 1012 conli-

287 1043 416 1067 nuatores
429 1057 437 1070 ,
451 1032 604 1064 Proteriu'm
624 1041 752 1062 narrasse
767 1033 838 1066 rati,
863 1039 918 1059 non
940 1030 1004 1066 quid
1032 1029 1074 1057 fa-

288 1090 363 1114 ctum
377 1083 409 1112 A.
434 1083 466 1110 D.
485 1082 537 1110 575
564 1082 652 1109 adhuc
669 1080 809 1115 superstite
835 1078 981 1105 Athanasio
994 1096 1002 1110 ,
1026 1076 1074 1104 sed

293 1130 359 1166 quid
374 1128 539 1157 Athanasius
553 1127 641 1154 adhuc
652 1129 789 1161 superstes
814 1131 863 1160 pro
879 1122 1001 1157 eiusdem
1012 1121 1075 1149 anni

288 1175 471 1205 celebratione
501 1172 661 1204 Paschalis,
686 1170 797 1199 biennio
831 1168 914 1196 cilius
948 1167 1074 1200 fecisset;

288 1221 507 1260 quandoquidem
526 1220 554 1247 in
568 1218 688 1247 Ecclesia
703 1215 884 1245 Alexandrina
908 1213 1005 1242 tabulae
1023 1213 1077 1240 Pa-

289 1269 394 1299 schales
401 1268 429 1295 in
437 1272 605 1295 antecessum
613 1264 802 1299 digerebanlur
811 1269 844 1289 ex
852 1260 1008 1297 praescripto
1015 1266 1078 1287 con-

289 1317 343 1345 cilii
355 1314 465 1348 Nicaeui,
478 1313 555 1348 cujus
571 1310 701 1346 judicium
717 1317 760 1337 res
772 1307 913 1344 paschales
926 1306 1075 1334 subicrant.

326 1363 354 1390 7.
373 1361 426 1389 Sed
451 1359 617 1394 coniecturis
645 1356 830 1392 praestantium
853 1353 961 1389 ingenio
981 1356 1010 1380 et
1031 1351 1078 1379 do-

291 1409 380 1438 ctrina
400 1407 519 1435 virorum
539 1404 785 1440 sepositis,omnes
813 1400 1000 1429 dilIieultatum
1015 1397 1079 1426 nodi

292 1454 370 1483 l‘ticile
381 1452 561 1482 dissolvenlur
571 1470 579 1484 ,
594 1450 617 1477 si
637 1455 756 1477 veterem
774 1451 801 1475 et
817 1453 925 1474 sacrum
951 1444 1025 1472 illum
1038 1443 1078 1471 rei

292 1497 426 1534 paschalis
436 1494 625 1525 denuntiandae
642 1494 724 1521 ritum
746 1492 857 1527 penitus
877 1490 1076 1524 introspexeri-

293 1552 364 1573 mus.
376 1543 522 1571 Enimvero
536 1548 598 1569 cum
611 1540 738 1574 episcopo
759 1537 944 1565 Alexandrino
959 1543 1024 1563 cura
1039 1535 1078 1562 in-

293 1592 432 1621 cumberet
448 1587 641 1623 investigandae
654 1585 706 1613 diei
717 1604 726 1618 ,
741 1592 794 1619 qua
820 1582 923 1610 Pascha
937 1581 1080 1616 quotannis

293 1635 502 1667 celebrandum,
526 1638 555 1660 ut
581 1636 654 1668 patet
671 1629 835 1665 ett-epistola
857 1629 913 1660 94,
941 1628 1008 1655 alias
1028 1627 1079 1657 64,

294 1682 381 1711 sancti
405 1679 505 1708 Leonis
527 1677 616 1713 Magni
650 1676 684 1703 ad
716 1674 884 1702 Marcianum
911 1672 1080 1707 Augustum;

294 1727 462 1757 Athanasius
472 1732 524 1753 non
540 1724 574 1751 A.
588 1724 619 1750 ι).
634 1722 697 1754 571,
713 1721 760 1748 sed
774 1719 837 1753 572,
855 1719 1018 1751 investigare
1033 1717 1081 1744 de-

294 1775 354 1803 buit
371 1774 441 1801 diem
457 1769 599 1798 Paschalis
626 1767 689 1795 anni
707 1765 876 1801 insequentis
891 1764 944 1792 575
955 1784 963 1797 ,
980 1764 1013 1791 de
1029 1769 1082 1797 quo

296 1825 403 1849 mature
416 1822 491 1846 certa
508 1816 666 1844 redderetur
679 1813 827 1848 apostolica
840 1811 932 1843 sedes,
950 1815 979 1837 ut
1003 1809 1081 1844 hujus

296 1866 387 1900 scripti
401 1864 435 1892 ad
454 1863 648 1898 longinquiores
668 1860 802 1888 Ecclesiae
825 1858 953 1885 indicium
972 1863 1082 1891 genera-

297 1912 357 1939 liter
373 1915 545 1946 percurreret,
556 1907 673 1936 aitidem
687 1905 822 1941 pontifex;
847 1911 908 1931 nam
929 1907 989 1938 post
1002 1909 1082 1929 acce-

298 1963 374 1993 ptum
386 1957 421 1983 ab
433 1954 617 1983 Alexandrino
630 1952 773 1980 consilium
784 1970 792 1983 ,
808 1950 842 1977 ad
850 1949 972 1977 eamdem
992 1947 1083 1975 sedem

299 2000 474 2036 apostolicam
487 1999 638 2034 pertinebat
651 1997 722 2025 diem
735 1995 877 2023 Paschalis
891 1993 1008 2022 secuturi
1025 2000 1084 2020 om-

300 2047 377 2074 nibus
390 2043 601 2072 Occidentalium
619 2042 736 2078 partium
746 2040 924 2068 sacerdotibus
939 2038 1084 2066 denuntia-

301 2099 346 2124 re,
362 2095 391 2118 ut
402 2089 489 2124 inquit
499 2089 569 2116 idem
581 2088 634 2115 Leo
648 2087 761 2122 Magnus
777 2087 858 2121 epist.
879 2085 931 2112 “2
942 2105 949 2117 ,
964 2085 998 2111 ad
1013 2083 1084 2110 Mar-

301 2139 408 2166 cianum
424 2136 588 2170 Augustum;
601 2133 728 2160 nimirum
745 2132 851 2160 cunctis
873 2131 987 2158 Romani
1003 2130 1086 2165 patri-

302 2183 430 2212 archatus
451 2181 630 2216 metropolitis
656 2187 705 2215 per
728 2179 850 2212 Italiam,
876 2178 1010 2213 Illyricum
1027 2177 1086 2205 soli-

1114 249 1186 276 lerre
1203 247 1296 275 debuit
1308 267 1316 279 ,
1329 253 1379 274 nec
1405 244 1509 280 potuit,
1526 240 1760 276 investigationem
1777 243 1806 266 et
1828 245 1898 272 pra:-

1114 293 1312 322 nuntiationem
1325 291 1378 318 diei
1392 288 1527 325 paschalis
1545 294 1595 322 pro
1615 286 1709 314 eodem
1725 284 1759 311 A.
1776 283 1806 311 D.
1834 283 1899 310 575,

1115 340 1200 368 Porro
1216 339 1286 366 diem
1300 337 1455 372 paschalem
1468 356 1475 368 ,
1493 342 1542 370 per
1557 334 1698 361 universas
1714 329 1824 365 ,Ευριί
1845 328 1898 356 Ec-

1115 388 1212 416 clesias
1227 384 1441 413 denuntiandum
1454 402 1461 415 ,
1477 382 1505 409 in
1519 378 1682 416 praecedenti
1697 377 1767 405 festo
1779 376 1898 411 Epipha—

1117 435 1180 467 nite,
1196 434 1370 461 diaconorum
1381 429 1516 466 praeconio
1528 427 1598 462 apud
1624 423 1822 452 Alexandrinos
1845 421 1901 449 vul-

1115 480 1174 516 gari
1201 465 1398 508 consuevisser,
1427 474 1563 510 praecipue
1595 474 1702 498 constat
1726 476 1761 495 ex
1777 465 1901 495 Cassiani

1117 511 1260 553 collatione
1276 531 1303 554 ι.
1313 529 1373 556 cap.
1385 521 1413 547 2.
1438 521 1472 547 At
1493 525 1558 545 vero
1580 517 1685 545 litteras
1707 513 1850 549 paschales
1868 511 1902 539 ab

1121 570 1243 599 antistite
1256 567 1440 596 Alexandrino
1458 565 1491 592 ad
1508 564 1658 591 Romanum
1669 581 1677 594 ,
1693 569 1709 588 a
1726 567 1781 595 quo
1793 559 1903 593 reliqua

1119 624 1272 654 accepturae
1287 619 1379 643 essent
1393 612 1537 645 Ecclesiae,
1551 617 1622 638 anno
1638 608 1770 643 superiori
1786 605 1905 641 praemis-

1120 651 1252 698 sam-jam
1274 660 1413 690 adnotavit
1438 658 1572 686 Baronius
1595 656 1628 683 A.
1648 655 1680 684 D.
1695 653 1764 686 399,
1781 652 1795 688 §
1816 651 1869 684 52,
1889 657 1906 677 ι

1106 704 1228 738 ’Νοτὶεἱο
1244 713 1387 743 perperam
1404 704 1537 732 refutatus
1561 702 1607 729 lib.
1624 709 1632 728 ι
1654 699 1726 727 Hist.
1741 698 1905 733 Pelagianae,

1121 764 1182 792 cap.
1196 755 1224 782 2.
1240 742 1379 788 Siquidem
1403 751 1458 778 Leo
1479 749 1593 783 Magnus
1609 767 1616 779 ,
1634 750 1745 780 accepta
1756 751 1772 771 a
1783 742 1908 770 Proterio

1123 787 1306 830 Alexandrino
1319 797 1433 832 epistola
1447 816 1455 829 ,
1468 795 1501 822 de
1514 801 1567 829 qua
1581 793 1687 827 agimus
1698 810 1706 823 ,
1718 795 1748 817 ut
1761 787 1908 816 celebratio

1124 846 1270 875 Paschalis
1285 845 1316 871 A.
1334 843 1365 870 Ι).
1389 841 1443 869 155
1464 840 1667 875 explicabatur,
1691 836 1763 863 idem
1787 838 1910 861 summus

1123 892 1244 929 pontifex
1258 892 1291 918 de
1310 896 1387 917 more
1401 887 1528 923 episcopis
1539 894 1584 920 per
1599 884 1701 912 Gallias
1719 886 1744 909 et
1766 879 1909 929 Hispanias

1123 923 1268 966 constitutis
1283 935 1387 963 Pascha
1402 933 1464 960 anni
1487 931 1604 959 secuturi
1624 926 1795 956 denuntiavit
1809 933 1825 952 v
1853 923 1910 950 Ka-

1124 983 1214 1010 lendas
1225 983 1357 1016 Augustas
1371 976 1550 1013 praecedentis
1567 974 1631 1002 anni
1647 972 1700 999 454
1712 991 1719 1004 ,
1733 975 1762 998 ιιι
1778 969 1863 1004 liquet
1874 974 1908 994 ex

1124 1028 1238 1064 epistola
1258 1011 1328 1058 109,
1361 1011 1428 1052 alias
1448 1021 1494 1049 95.
1527 1020 1583 1048 Leo
1610 1023 1699 1046 autem
1720 1015 1834 1052 epistola
1859 1011 1913 1040 “3

1126 1061 1294 1103 hlarcianum
1307 1073 1459 1106 Augustum
1474 1068 1620 1096 certiorem
1641 1065 1730 1093 reddit
1749 1063 1782 1091 de
1802 1061 1846 1090 die
1865 1066 1912 1096 pa-

1131 1122 1217 1151 schali
1236 1128 1298 1148 mox
1318 1123 1461 1150 secuturo,
1487 1120 1517 1144 ut
1547 1115 1581 1142 ab
1601 1119 1631 1141 se
1648 1110 1748 1139 dudum
1762 1107 1912 1144 episcopis,

1127 1169 1204 1200 sive,
1219 1171 1248 1194 ut
1266 1166 1323 1200 ipsa
1343 1164 1402 1200 ejus
1412 1163 1493 1191 verba
1513 1166 1655 1195 usurpem,
1682 1155 1807 1185 omnibus
1830 1153 1913 1181 Occi-

1127 1198 1403 1246 dentalium-partium
1415 1207 1594 1236 sacerdotibus
1608 1205 1729 1232 intimato
1745 1207 1753 1228 :
1766 1207 1841 1236 quem
1852 1198 1914 1226 Ale-

1127 1258 1253 1288 xandrini
1269 1244 1382 1291 episcopi
1400 1253 1546 1282 declarauit
1562 1249 1712 1278 instructio.
1729 1246 1855 1274 Proiecto
1863 1244 1915 1271 hoc

1128 1306 1234 1341 ipsum,
1248 1304 1321 1332 nulla
1346 1309 1415 1338 pene
1437 1301 1463 1328 vi
1484 1298 1605 1335 epistolae
1631 1295 1798 1323 Prolerianae
1829 1291 1915 1323 illata,

1129 1340 1201 1380 haud
1214 1352 1329 1378 obscure
1345 1347 1537 1383 subsequentia
1553 1344 1635 1372 verba
1660 1341 1732 1377 loqui
1761 1340 1886 1367 videntur
1907 1346 1914 1364 :

1129 1397 1157 1424 in
1172 1395 1330 1431 octogesimo
1348 1401 1415 1421 nono
1431 1392 1536 1428 quidem
1553 1398 1622 1417 anno
1641 1389 1673 1416 ab
1690 1387 1799 1422 imperio
1812 1385 1916 1413 Diocle-

1133 1442 1199 1469 tiani
1210 1461 1218 1474 ,
1238 1441 1375 1475 superstite
1388 1440 1468 1466 beatw
1483 1437 1616 1464 memoria:
1630 1435 1710 1461 Patre
1726 1438 1814 1461 nostra
1827 1437 1850 1458 et
1862 1431 1917 1465 epi-

1133 1496 1211 1523 scopo
1231 1487 1386 1515 Athanasio.
1404 1485 1518 1512 Latinus
1536 1484 1669 1518 interpres
1685 1481 1827 1507 verborum
1846 1477 1913 1504 ordi-

1134 1542 1194 1562 nem
1223 1532 1347 1561 nunnihil
1373 1531 1494 1564 invertit,
1521 1529 1591 1557 unde
1616 1526 1739 1563 quaedam
1766 1524 1918 1552 obscuritas

1133 1585 1193 1608 orta
1207 1584 1260 1612 est,
1275 1586 1335 1606 cum
1351 1577 1473 1606 scribere
1485 1575 1624 1603 debuisset
1641 1582 1648 1600 :
1673 1572 1811 1606 superstite
1836 1570 1919 1596 beata

1132 1626 1265 1654 memoriae
1281 1624 1363 1652 Patre
1380 1629 1468 1651 nostra
1485 1627 1507 1650 et
1519 1622 1638 1658 episcopo
1648 1618 1793 1647 Athanasio
1809 1617 1920 1651 (nempe

1131 1674 1164 1701 A.
1183 1673 1213 1700 D.
1231 1672 1343 1707 572),ἱη
1353 1670 1511 1705 octogesimo
1527 1675 1594 1695 nono
1607 1666 1712 1702 quidem
1727 1672 1796 1692 anno
1811 1663 1920 1699 (nempe

1132 1720 1165 1748 A.
1183 1719 1215 1746 Ι).
1233 1719 1310 1753 575),
1332 1717 1437 1745 Pascha
1452 1715 1616 1743 translatum
1639 1717 1689 1744 est,
1714 1716 1781 1742 etc.,
1802 1709 1869 1736 adeo
1893 1712 1920 1734 ut

1134 1766 1176 1793 vir
1199 1769 1311 1792 sanctus
1338 1763 1429 1790 adhuc
1453 1765 1594 1796 superstes
1617 1760 1651 1786 A.
1673 1758 1705 1785 D.
1732 1756 1796 1790 572,
1817 1755 1920 1783 Pascha

1133 1811 1198 1839 anni
1222 1811 1275 1838 575
1295 1810 1322 1837 in
1348 1809 1559 1843 subsequentem
1581 1805 1779 1833 hebdomadam
1807 1801 1922 1829 transle-

1135 1858 1246 1886 rendum
1261 1856 1409 1885 curaverit.
1420 1855 1514 1882 Annus
1530 1851 1693 1880 Diocletiani
1705 1850 1751 1884 89,
1766 1857 1799 1877 ex
1811 1847 1922 1876 Petavio

1135 1905 1182 1931 lib.
1212 1912 1240 1937 x,
1263 1911 1324 1938 cap.
1348 1901 1393 1934 72,
1411 1901 1472 1928 iniit
1486 1908 1502 1927 a
1519 1899 1608 1927 Thoth
1626 1898 1690 1930 llxo,
1706 1904 1803 1931 nempe
1820 1895 1854 1922 ab
1879 1895 1924 1922 die

1135 1959 1201 1978 xxtx
1223 1949 1337 1985 Augusti
1356 1949 1389 1976 A.
1413 1948 1445 1975 Ι).
1459 1946 1522 1979 572,
1540 1951 1600 1981 post
1619 1946 1674 1980 jam
1690 1949 1825 1971 mortuum
1840 1942 1925 1970 Atha-

1136 1998 1254 2029 nasium,
1272 1996 1318 2031 qui
1344 2000 1433 2022 tamen
1454 1994 1543 2021 adhuc
1556 1996 1694 2027 superstes
1708 1990 1857 2018 Ecelesiam
1870 1995 1925 2016 mo-

1136 2044 1195 2071 nuit
1220 2042 1334 2077 epistola
1349 2039 1470 2076 paschali
1487 2040 1521 2067 47
1536 2040 1568 2067 de
1595 2038 1770 2066 translatione
1784 2036 1926 2064 Paschalis

1136 2090 1199 2116 anni
1215 2089 1280 2120 575,
1300 2088 1425 2124 proxime
1442 2086 1574 2114 secuturi.
1597 2085 1659 2112 Haec
1676 2084 1753 2112 nobis
1768 2084 1794 2110 in
1814 2090 1844 2110 re
1861 2083 1926 2110 hac—

1139 2141 1217 2163 tenus
1240 2135 1360 2162 maxime
1382 2133 1476 2166 dubia,
1503 2140 1568 2159 vero
1590 2131 1726 2166 propiora,
1745 2134 1772 2157 et
1792 2133 1925 2164 quantum

1138 2181 1244 2217 assequi
1259 2187 1402 2216 possumus
1417 2179 1502 2211 clara,
1519 2183 1547 2207 et
1558 2177 1757 2213 quodammodo
1770 2182 1844 2203 certa
1866 2177 1925 2203 visa

303 2231 382 2262 dum,
397 2227 568 2260 Βΐίιδηῐιίθε,
585 2226 697 2258 Gallias.
725 2225 869 2259 Hispanias
894 2229 921 2251 ει
947 2223 1065 2250 Africam
1078 2243 1085 2255 ν
1104 2232 1212 2264 nsunt.
1235 2227 1325 2261 Quare
1346 2226 1401 2260 jam
1418 2226 1525 2253 tandem
1546 2225 1573 2252 in
1597 2228 1735 2257 comperto
1757 2228 1809 2255 est,
1825 2230 1926 2249 annum

304 2281 399 2309 nempe
416 2273 463 2301 toti
477 2272 590 2307 Europa)
605 2278 689 2306 usque
704 2271 737 2297 ad
765 2270 925 2302 Thraciam,
949 2269 1029 2302 idque
1044 2275 1079 2294 se-

1137 2273 1200 2306 572,
1216 2280 1270 2308 quo
1286 2272 1423 2300 Modestus
1432 2275 1460 2299 et
1475 2271 1630 2298 Arinthteus
1645 2268 1771 2296 consules
1785 2275 1926 2303 processe-

303 2320 422 2349 cundum
437 2325 566 2346 canonem
591 2317 604 2344 1
628 2316 736 2345 concilii
763 2324 771 2343 ι
795 2314 960 2342 Arelatensis
977 2314 1004 2341 in
1030 2314 1089 2341 edi-

306 2367 378 2394 tione
391 2364 491 2392 Labbei
510 2368 574 2391 tom.
592 2363 613 2395 I,
630 2370 692 2398 pag.
712 2361 792 2389 1427.
812 2360 877 2388 Vide
902 2359 1040 2388 Norisium
1061 2361 1087 2386 in

307 2411 453 2446 llesponsis
476 2410 509 2438 ad
531 2410 631 2438 Gerras
649 2416 791 2445 germanas
818 2407 957 2435 Francisci
987 2406 1089 2434 Macedi

307 2465 368 2492 pag.
381 2456 427 2488 41,
444 2460 486 2488 et,
504 2456 526 2483 si
553 2455 643 2488 lubet,
669 2454 780 2482 consule
803 2454 887 2481 etiam
914 2452 1089 2479 Franciscum

308 2502 500 2530 Bernardinum
518 2501 672 2528 Ferrarium
689 2501 714 2527 iu
727 2500 795 2527 libro
809 2506 830 2533 ι,
847 2507 908 2533 cap.
920 2498 966 2530 25,
981 2497 1020 2525 De
1037 2498 1092 2525 ritu

307 2557 443 2577 sacrarunt
454 2548 618 2575 concionum.
628 2547 753 2582 Ejusdem
765 2546 878 2574 Romani
891 2545 1092 2581 patriarcltatus

309 2594 510 2635 amplitudinem
531 2594 573 2620 his
585 2593 673 2621 verbis
685 2593 800 2620 ittnuunt
811 2592 905 2635 Patres
917 2591 1092 2618 Arelatenses

309 2642 336 2669 in
347 2629 458 2675 epistola
481 2639 602 2675 synodali
618 2639 651 2666 ad
672 2643 794 2666 sanctum
813 2629 972 2665 Silvestrum
986 2636 1094 2672 poutili-

310 2695 378 2720 cem,
388 2694 448 2722 pag.
458 2686 537 2718 1419,
545 2685 597 2718 Qui
609 2685 719 2720 majores
733 2685 853 2712 ditzceses
865 2689 935 2711 tenes
946 2684 1034 2715 utique
1048 2691 1096 2716 pa-

311 2733 465 2760 triarchales
479 2753 486 2765 ,
500 2739 568 2767 quas
580 2731 703 2766 superius
716 2730 863 2758 nominavi.
876 2729 976 2757 Eadem
991 2729 1095 2756 ratione

312 2784 422 2806 sanctus
440 2779 555 2805 Basilius
569 2778 649 2812 episn
664 2778 708 2808 10,
723 2778 757 2804 ad
770 2776 929 2811 Gregorium
947 2775 1096 2803 Nazianze-

314 2832 389 2856 num,
401 2829 480 2851 vocat
489 2824 639 2851 Romanum
655 2823 809 2859 portlillcem
822 2822 1029 2850 Occidentalium
1045 2830 1095 2849 an-

315 2871 487 2906 tesignanum.
515 2870 695 2904 Quamobrem
719 2870 880 2898 Athanasius
904 2876 990 2902 neque
1008 2870 1042 2896 A.
1061 2868 1093 2896 υ.

1138 2323 1212 2352 runt,
1238 2319 1312 2346 obitu
1338 2318 1427 2352 magni
1445 2317 1494 2343 viri
1515 2316 1650 2350 insignem
1665 2313 1760 2346 fuisse,
1786 2318 1879 2348 totque
1896 2321 1929 2340 ac

1141 2369 1214 2392 tanta
1231 2363 1383 2392 testimonia
1399 2362 1516 2398 iunctim
1535 2362 1659 2388 coeuntia
1685 2360 1802 2394 idipsutn
1827 2359 1928 2386 contir-

1140 2414 1224 2442 mant,
1240 2414 1270 2437 ut
1289 2417 1320 2437 ea
1344 2416 1406 2444 quae
1428 2407 1555 2434 aliorsum
1577 2405 1805 2436 abireyidenlur,
1822 2404 1863 2430 vel
1879 2411 1929 2431 ex-

1141 2456 1247 2492 plicari,
1278 2455 1321 2483 vel
1342 2462 1403 2482 cum
1428 2453 1530 2481 nostris
1558 2451 1669 2479 calculis
1697 2451 1724 2478 in
1754 2451 1928 2478 concordiam

1143 2503 1238 2538 redigi,
1253 2502 1297 2530 vel
1316 2501 1428 2529 omnino
1444 2500 1520 2535 rejici
1535 2499 1661 2527 debeant.
1678 2498 1730 2526 Sed
1746 2505 1802 2525 rem
1817 2498 1929 2525 omnino

1143 2550 1225 2577 unico
1250 2547 1407 2576 testimonio
1430 2547 1519 2574 adhuc
1537 2545 1692 2576 conﬁciam,
1709 2552 1797 2580 eoque
1811 2544 1931 2578 locuple-

1145 2593 1261 2625 tissimo,
1277 2591 1330 2618 huc
1345 2591 1473 2623 adducto,
1494 2598 1527 2618 ex
1547 2590 1663 2625 epistola
1684 2589 1771 2616 sancti
1785 2589 1878 2625 Cyr-illi
1896 2590 1930 2616 ad

1144 2638 1282 2666 Aurelium
1312 2637 1556 2670 Carthaginiensem
1589 2635 1710 2668 aliosque
1730 2634 1870 2669 episcopos
1902 2635 1930 2661 itt

1146 2683 1272 2710 Africana
1288 2683 1390 2717 synodo
1409 2685 1585 2715 congregatos
1601 2680 1672 2713 apud
1691 2679 1832 2706 Pelavium
1867 2685 1886 2706 t.
1909 2679 1930 2705 ll

1147 2729 1185 2756 De
1199 2728 1318 2755 doctrina
1330 2733 1485 2761 temporum,
1500 2733 1560 2760 pag.
1576 2726 1640 2759 505,
1655 2726 1780 2753 editionis
1795 2733 1827 2752 ll.
1842 2725 1928 2753 Verba

1145 2773 1239 2809 Cyrilli
1263 2773 1321 2801 haec
1343 2778 1406 2800 sunt
1424 2781 1431 2798 :
1454 2771 1493 2798 De
1510 2771 1615 2799 Pascha
1636 2780 1704 2804 vero,
1727 2777 1755 2798 ut
1777 2772 1930 2805 scripsistis,

1152 2820 1309 2847 mandamus
1323 2820 1393 2846 vobis
1408 2828 1434 2847 Ix
1460 2819 1594 2846 Kalendas
1612 2818 1699 2846 Maias
1717 2826 1763 2844 nos
1782 2818 1872 2844 futura
1891 2819 1933 2844 in-

1150 2866 1263 2894 dictione
1288 2866 1426 2894 celebrare.
1454 2866 1515 2894 llaec
1538 2866 1631 2899 futura
1663 2864 1773 2893 indiclio
1798 2870 1830 2891 eo
1858 2870 1931 2893 anno
