2027 3042
748 142 792 171 DE
807 141 923 171 CULTU
942 141 971 170 S.
987 141 1186 171 ATHANASII.

1711 152 1787 172 CCLIX

171 202 234 236 £90,
255 201 305 230 fuit
329 209 371 234 In.
384 201 507 236 iniitque,
523 202 556 230 de
570 209 655 236 more,
670 209 685 229 a
696 201 824 230 Kalendis
835 202 953 237 Septem-
966 203 989 233 Α
1001 206 1030 230 et
1042 202 1099 230 dies
1120 210 1166 234 xv.
1183 201 1372 230 Albanasianae
1390 201 1527 234 sessionis.
1541 202 1638 230 ibidem
1654 204 1786 237 expressi,

171 249 274 276 bribus.
290 248 361 282 Ergo
373 247 495 282 epistola,
516 248 567 275 hoc
578 248 650 275 idem
663 248 861 283 praanuntians,
883 247 952 277 scri-

171 299 215 328 pta
230 299 271 321 est
292 294 324 320 A.
348 295 379 322 D.
395 294 458 327 “9,
472 293 617 321 indictione
629 301 670 326 tt;
694 293 815 329 adeoque
833 293 951 329 Cyrillus

170 345 233 366 ante
248 339 433 374 Septembrem
450 340 570 375 ejusdem
588 340 651 366 anni
667 339 729 372 M9,
752 339 855 366 Pascha
869 338 952 366 futuri

170 385 234 412 anni
260 385 313 412 420
342 385 467 413 Patribus
483 384 620 412 Africanis
647 384 817 418 significavit.
848 383 951 411 Desunt

170 430 242 457 enim
259 430 286 457 in
296 430 457 465 primigenio
467 429 560 457 codice
579 427 671 456 Graaco
686 428 767 456 verba
781 429 848 460 haec,
860 436 875 453 v
887 426 952 454 Kal.

174 474 339 508 Decembris,
374 482 434 510 quae
469 481 609 510 perperam
637 479 728 502 assuta
752 474 876 508 leguntur
903 473 954 500 ini-

175 521 212 548 tio
226 522 358 549 versionis
373 521 477 549 Latinae
496 521 614 556 ejusdem
630 520 759 555 epistolae,
783 525 812 547 ut
829 519 954 547 Petavius

171 566 220 594 lib.
245 575 275 598 II,
297 567 377 602 epist.
400 567 428 601 8,
453 567 584 594 indicavit
602 565 712 601 Egidio
730 565 875 593 Bueherio.
893 564 953 592 Jam

171 619 237 640 vero
254 613 324 648 quod
339 614 456 648 pertinet
470 612 504 640 ad
520 612 590 640 diem
606 612 702 640 mortis
719 612 806 639 sancti
827 611 950 638 Athana-

175 656 220 690 sii,
234 657 315 684 variae
332 658 482 690 sententiae,
495 663 570 691 teque
584 664 615 684 ac
628 657 660 684 de
676 664 757 689 anno,
770 657 953 689 circumeunt;

172 711 239 738 quas
262 711 358 732 omnes
373 710 497 732 accurate
514 709 636 731 recenset
645 703 838 736 Tillemontius,
853 707 874 730 t.
885 702 953 736 Vill,

172 756 232 785 pag.
255 750 317 782 722,
343 750 389 785 qui
412 755 500 778 tamen
524 757 584 777 cum
609 749 791 777 Bollandianis
811 750 948 781 observat,

172 795 295 829 Latinos,
306 795 424 829 Graecos,
440 795 580 831 [Egyptios
595 803 656 822 eum
673 794 761 822 colere
775 794 818 822 die
835 802 854 822 Il
878 794 953 828 Maii,

175 848 270 875 nempe
292 849 329 868 vn
357 841 456 869 mensis
479 841 615 873 Besciuas,
639 841 696 868 sive
717 840 851 868 Pachonis
874 849 881 867 :
907 840 953 875 qui

1004 252 1034 276 et
1056 248 1162 276 deducti
1181 249 1214 276 ab
1234 248 1277 276 die
1290 256 1346 276 xxn
1371 247 1521 282 Pharmuti,
1552 255 1598 276 seu
1622 249 1791 283 xvnApriliI

1005 295 1066 322 anni
1081 295 1144 327 526,
1166 302 1219 329 quo
1239 295 1307 323 obiit
1323 299 1433 322 sanctus
1459 294 1624 327 Alexander,
1647 295 1791 323 Athanasii

1004 341 1149 373 decessor;
1165 348 1319 375 quanquam
1339 340 1407 368 alias
1422 340 1491 367 adeo
1515 341 1541 367 in
1566 345 1623 367 tuto
1641 341 1729 375 posita
1746 348 1791 369 res

1004 391 1055 417 est,
1071 391 1100 413 ut
1113 386 1200 414 fulciri
1211 394 1263 414 non
1280 391 1358 422 egeat
1380 387 1540 414 auctoritate
1555 386 1681 415 Chronici
1696 387 1793 416 Orien-

1005 432 1074 465 talis,
1088 440 1149 467 qua:
1165 441 1229 461 sane
1245 439 1322 460 extra
1342 441 1385 461 res
1400 433 1600 461 Multamedicas
1617 433 1688 461 haud
1699 433 1791 469 magni

1004 479 1049 511 ﬁt,
1075 479 1119 506 ubi
1140 487 1200 506 cum
1226 480 1422 514 antiquioribus
1447 488 1499 508 non
1524 480 1672 513 convenit;
1695 484 1791 507 auctor

1003 525 1074 551 enim
1089 529 1130 552 est
1145 532 1250 558 recens,
1266 526 1364 560 quippe
1379 526 1425 560 qui
1439 526 1580 560 scripserit
1608 525 1706 561 Hegira
1720 525 1783 559 655,

1006 577 1102 605 nempe
1127 570 1158 598 A.
1187 571 1217 599 D.
1240 570 1320 598 1957.
1342 570 1474 598 Caeterum
1501 579 1550 606 pro
1573 571 1668 599 eodem
1695 578 1790 599 mense

1008 615 1077 642 Maio
1099 616 1240 643 emortuali
1256 616 1384 643 invictum
1406 621 1594 650 argumentum
1616 617 1790 651 suppeditare

1004 661 1140 694 videntur,
1154 668 1214 696 qua:
1227 661 1260 688 de
1275 660 1389 688 Melania
1404 661 1553 688 retulimus.
1566 661 1629 688 Haec
1644 661 1716 688 enim
1731 669 1791 688 cum

1004 707 1140 742 ingruente
1149 707 1208 741 jam
1223 706 1318 739 hieme,
1332 707 1384 733 hoc
1408 711 1451 734 est
1471 707 1544 734 circa
1560 705 1740 734 Novembrem
1754 706 1789 734 A.

1007 753 1036 780 D.
1054 753 1118 785 571.
1135 753 1273 787 trajecerit
1290 752 1316 779 in
1330 752 1488 788 Egyptum,
1505 753 1595 787 ibique
1611 752 1683 780 intra
1699 759 1788 780 seme-

1006 805 1090 826 strem
1106 806 1209 826 moram
1231 798 1308 834 pellis
1320 799 1408 826 ovime
1431 799 1465 826 ab
1485 799 1635 826 Athanasio
1655 799 1788 826 morituro

1007 844 1106 872 donum
1142 845 1294 880 acceperit,
1333 852 1502 879 consequens
1536 849 1578 872 est
1609 845 1790 872 Athanasium

173 887 232 915 dies
250 887 283 914 Α·
298 887 334 918 .D-
352 887 405 915 572
430 887 549 914 incidere
561 887 652 914 debuit
670 887 695 913 in
714 886 821 913 Feriam
837 894 878 918 Ill.
892 893 954 913 ϐαι·-
969 881 993 912 Β
1006 890 1106 918 obiisse
1120 891 1190 918 intra
1203 890 1274 918 illam
1291 897 1449 918 semestrem
1464 898 1581 923 moram,
1597 898 1657 925 qua:
1680 890 1790 918 Iunium

173 933 294 961 rentibus
311 939 374 960 tunc
393 933 490 961 litteris
507 932 716 960 Dominicalibus
735 932 768 959 A.
785 931 817 960 G.
830 931 890 967 Ipso
905 939 953 958 au-

175 983 228 1006 tem
242 978 286 1006 die
299 986 336 1006 vn
361 978 488 1006 Bescinas
502 982 625 1005 sanctum
641 977 781 1012 praesulem
804 977 954 1005 decessisse

175 1024 252 1052 docet
266 1024 418 1052 Chronicon
436 1023 582 1056 Orientale,
599 1030 631 1051 ex
647 1024 763 1051 Arabico
779 1024 806 1050 in
825 1022 951 1050 Latinum

174 1075 325 1096 sermonem
353 1069 512 1096 translatum
533 1068 567 1096 ab
587 1067 744 1096 Abraliamo
768 1068 951 1101 Ecchellensi,

173 1113 218 1141 ubi
242 1117 330 1141 tamen
353 1121 415 1149 pag.
442 1113 504 1146 117,
528 1120 670 1148 perperam
695 1113 795 1148 legitur
812 1114 855 1141 die
877 1113 952 1141 lovis

172 1167 223 1195 pro
237 1160 279 1188 die
292 1160 398 1195 Martis,
416 1168 534 1189 errorem
542 1168 594 1195 que
606 1161 672 1189 satis
685 1161 801 1195 produnt
813 1168 858 1188 an.
873 1168 947 1194 vat,

1005 937 1112 972 qui‘dcm
1140 945 1192 964 non
1225 937 1392 964 transcendit
1416 944 1516 969 ;,nam
1549 936 1732 972 Hieronymus
1763 938 1791 964 in

1005 985 1086 1018 epist.
1100 984 1127 1017 1,
1141 983 1207 1010 alias
1224 983 1269 1015 41,
1290 983 1384 1010 Media:
1396 983 1496 1017 fervore
1513 983 1612 1010 testati:
1623 982 1747 1017 Ruﬁnum
1764 988 1790 1010 et

1007 1023 1151 1057 Melanium
1178 1029 1206 1056 in
1235 1029 1352 1064 Egypto
1385 1029 1472 1056 adhuc
1498 1036 1559 1056 esse
1581 1029 1702 1064 putabat,
1728 1035 1791 1058 cum

1009 1076 1098 1099 tamen
1110 1071 1220 1106 zEgypti
1249 1071 1419 1106 confessores,
1447 1077 1471 1098 et
1489 1071 1620 1099 voluntate
1641 1071 1699 1106 jam
1718 1079 1790 1099 mar-

1008 1122 1075 1152 tyres
1103 1123 1166 1144 tunc
1188 1117 1370 1148 exsulassent,
1390 1124 1458 1151 quos
1480 1117 1612 1144 continuo
1634 1122 1691 1152 post
1708 1118 1791 1145 Atha-

1008 1163 1078 1190 nasii
1097 1163 1195 1190 obitum
1209 1163 1348 1191 exsulasse
1359 1163 1415 1198 jam
1431 1162 1618 1198 patefecimus.

497 1331 586 1388 DE
631 1331 869 1389 CULTU
912 1331 972 1387 S.
1019 1331 1433 1389 ATHANASII.

381 1441 456 1478 (Acta
484 1441 641 1469 Sanctorum
661 1441 804 1475 Bolland.,
824 1440 887 1468 Maii
912 1441 956 1469 die
977 1440 1011 1472 2,
1038 1443 1104 1467 tom.
1129 1440 1157 1474 l,
1180 1449 1240 1477 pag.
1265 1441 1335 1474 248,
1367 1441 1431 1470 Vita:
1453 1441 1592 1470 Athanasii

875 1495 948 1514 num.
967 1486 1110 1522 598-455.)

173 1630 263 1656 Annus
273 1633 297 1656 et
313 1629 367 1656 die:
383 1628 475 1656 mortis
497 1632 574 1664 atque
596 1628 681 1655 cultus
699 1633 708 1652 :
726 1625 794 1654 Viue
813 1629 953 1664 scriptores
967 1630 988 1659 C.
1006 1626 1143 1654 ratissima
1159 1625 1285 1653 habuisse
1301 1625 1437 1659 oportuit,
1458 1628 1551 1658 utpote
1572 1623 1692 1660 ejusdem
1717 1624 1790 1652 sedis

477 1663 643 1698 posteriores.

209 1720 284 1753 Quod
308 1720 341 1747 ad
354 1727 452 1747 annum
467 1721 601 1755 pertinet,
626 1729 680 1756 quo
692 1728 708 1749 e
731 1721 799 1749 vivis
816 1720 882 1748 abiit
893 1726 956 1748 san-

175 1770 235 1793 ctus
257 1765 368 1796 Doctor.
392 1772 452 1792 eum
480 1764 614 1799 Socrates,
643 1765 779 1800 proximus
801 1773 859 1793 aevo
886 1765 955 1792 seri-

175 1810 245 1846 ptor,
262 1811 307 1839 lib.
318 1818 355 1845 tv,
367 1818 428 1845 cap.
443 1810 488 1843 16.
510 1815 631 1839 notatum
646 1810 764 1846 reliquit,
791 1820 800 1837 t
825 1810 956 1838 Gratiano

174 1865 193 1884 ιι
210 1862 238 1884 et
253 1856 342 1884 Probo
360 1856 526 1889 consulibus,
546 1864 606 1883 cum
620 1856 700 1884 annis
716 1856 895 1891 quadraginta
908 1863 955 1883 sex

175 1904 245 1931 inter
261 1903 343 1930 multa
356 1902 473 1936 pericula
487 1902 672 1937 episcopatum
697 1903 923 1930 administrasset.
941 1910 951 1927 ι

174 1940 304 1977 Ευιῐιῖιθω
321 1947 489 1975 consulatum
502 1968 510 1979 ,
522 1947 566 1981 qui
583 1955 681 1975 annum
708 1947 756 1974 571
773 1951 858 1979 notat,
879 1955 955 1974 eum-

177 1995 290 2029 demque
301 2001 431 2021 annorum
444 1993 608 2028 episcopatui
619 1993 800 2028 impensorum
814 2000 954 2020 numerum

176 2045 270 2068 notant
283 2044 376 2068 auctor
392 2039 459 2067 Vita:
471 2047 621 2075 anonymus
635 2044 663 2067 et
685 2039 892 2073 Metaphrastes,
906 2038 955 2066 So-

175 2090 277 2113 cratem
301 2085 396 2113 secuti.
416 2085 559 2117 Baronius,
577 2085 609 2111 ad
623 2092 667 2111 au.
684 2084 717 2111 69
730 2104 738 2117 ,
755 2092 830 2111 num.
848 2084 892 2115 56.
918 2084 955 2112 ita

176 2131 318 2166 loquitur:
342 2139 351 2156 ι
381 2130 512 2165 Tempora
539 2134 716 2158 annumerata
742 2137 790 2165 per
811 2129 954 2162 consules,

176 2175 363 2203 libentioribus
378 2179 441 2202 sunt
458 2175 614 2210 accipienda
627 2175 749 2208 auribus,
774 2182 834 2202 cum
850 2175 955 2202 caeteris

175 2222 220 2250 illa
236 2222 410 2257 frequentior,
433 2221 570 2249 liberalior
595 2226 623 2248 et
635 2221 726 2249 verior
743 2225 871 2249 noscatur
895 2227 956 2248 esse

174 2267 397 2302 cbronograpbia,
415 2275 474 2302 quae
495 2275 511 2294 a
530 2267 608 2294 fastis
622 2267 735 2295 deducta
749 2272 790 2295 est
805 2267 954 2295 consulari-

1004 1673 1172 1708 episcopum,
1184 1671 1361 1706 quadraginta
1384 1678 1432 1698 sex
1446 1678 1531 1698 annos
1547 1670 1624 1707 (quos
1642 1670 1724 1697 etiam
1741 1671 1789 1698 ha-

1007 1719 1054 1747 bet
1074 1718 1212 1751 Socrates)
1231 1724 1333 1751 eosque
1357 1717 1477 1751 integros
1495 1716 1659 1744 Athanasius
1687 1716 1790 1744 sedisse

1005 1764 1172 1795 traditur;...
1190 1767 1297 1790 constat
1310 1766 1399 1789 autem
1417 1769 1487 1789 anno
1506 1762 1630 1796 sequenti
1644 1770 1659 1790 a
1673 1763 1790 1791 concilio

1005 1809 1113 1836 Nicaeno
1130 1815 1227 1842 nempe
1243 1808 1346 1835 Domini
1368 1807 1420 1835 526
1439 1808 1521 1836 fuisse
1537 1812 1658 1836 creatum
1684 1809 1791 1844 episco-

1005 1861 1067 1889 pum
1081 1854 1303 1881 Alexandrinum.
1320 1863 1329 1879 ι

1039 1901 1131 1937 Cyrilli
1140 1901 1221 1928 verba
1233 1901 1260 1928 in
1270 1900 1382 1935 epistola
1395 1901 1408 1927 1
1423 1901 1455 1927 ad
1470 1900 1736 1928 solitarioshzccsmt
1746 1911 1752 1928 :
1762 1901 1790 1928 '0

1005 1947 1055 1982 τῆς
1087 1946 1208 1982 ἀοιδίμου
1240 1947 1350 1982 μνήμης
1379 1945 1472 1981 Πατὴρ
1500 1945 1577 1981 ἡμῶν
1611 1945 1789 1979 Ἀθανόισιος,

1004 1994 1055 2029 τῆς
1089 1992 1282 2030 Ἀλεξανδρέων
1317 1991 1477 2027 Ἐκκλησιας
1501 1992 1713 2027 κατακοσμήσας
1745 1991 1791 2018 τὸν

1006 2041 1097 2076 θρόνον
1122 2040 1164 2075 ἐφ’
1189 2039 1260 2070 ὅλοις
1282 2037 1369 2064 ἐτεσιν
1385 2038 1586 2074 τεσσαράκοντα
1615 2038 1662 2064 καὶ
1689 2037 1720 2070 ἐξ
1744 2037 1791 2065 τὸν

1006 2085 1132 2121 ἀριθμόν.
1148 2085 1202 2112 Sed
1218 2091 1271 2112 non
1288 2083 1325 2110 ita
1340 2083 1413 2110 clara
1429 2084 1486 2110 haec
1507 2083 1587 2110 verba
1605 2088 1688 2116 sunt,
1702 2089 1732 2110 ut
1747 2090 1791 2111 se-

1008 2132 1126 2160 cundum
1140 2131 1241 2159 Graecae
1255 2129 1400 2157 locutionis
1415 2129 1605 2164 proprietatem
1621 2136 1708 2156 annos
1719 2129 1789 2156 inte-

1007 2186 1054 2214 gre
1064 2177 1210 2212 completos
1225 2177 1378 2211 designent,
1395 2181 1423 2203 et
1443 2184 1494 2204 non
1511 2176 1609 2203 salvari
1636 2176 1740 2210 possint
1757 2183 1790 2204 eo

1006 2231 1086 2252 sensu
1100 2243 1108 2256 ,
1124 2230 1177 2258 quo
1205 2221 1330 2254 Ruﬁnus,
1345 2221 1447 2256 Cyrillo
1462 2221 1563 2252 senior,
1587 2221 1654 2248 dixit
1672 2220 1790 2248 Albana-

1006 2269 1076 2297 sium
1101 2277 1110 2294 t
1137 2268 1272 2303 quievisse
1291 2268 1319 2294 in
1345 2274 1412 2301 pace
1439 2267 1645 2301 quadragesimo
1672 2271 1699 2294 et
1711 2271 1789 2295 sexto

174 2316 235 2343 bus.
253 2314 332 2342 Certe
344 2314 451 2348 quidem
464 2321 524 2341 cum
537 2318 627 2340 vetera
650 2318 825 2341 monumenta
842 2313 868 2340 in
885 2313 954 2340 anti-
969 2302 993 2330 D
1008 2322 1078 2343 anno
1091 2302 1233 2341 sacerdotii
1252 2313 1294 2340 sui
1309 2322 1317 2340 :
1333 2323 1343 2340 ι
1359 2317 1385 2340 et
1406 2312 1437 2339 τὸ
1453 2311 1536 2345 ὅλοις
1548 2331 1556 2345 ,
1580 2313 1703 2347 integris,
1727 2312 1790 2340 licet

173 2360 236 2395 quis
251 2359 426 2394 scriptoribus
456 2358 589 2386 interdum
619 2358 771 2386 invenimus
797 2359 953 2386 consulibus

173 2412 235 2433 esse
251 2405 365 2439 signata,
381 2411 478 2440 magno
494 2403 623 2431 aﬂicimur
638 2405 746 2438 gaudio,
759 2404 871 2438 perinde
886 2411 917 2431 ac
929 2404 952 2431 si

173 2451 201 2479 in
225 2450 343 2478 tenebris
357 2449 495 2477 oberranti
522 2448 564 2476 fax
583 2449 672 2482 aliqua
695 2453 821 2484 exoptata
845 2449 954 2483 praeful-

174 2502 245 2532 geat.
260 2505 271 2523 ι
287 2496 349 2523 Haec
359 2496 414 2529 ille,
427 2495 474 2523 sed
489 2500 579 2530 postea
593 2515 601 2527 ,
618 2496 657 2523 sui
669 2495 769 2522 oblitus
781 2496 845 2528 voti,
862 2496 955 2530 praela-

155 2553 159 2572 ι
176 2547 229 2570 tam
245 2542 295 2570 sibi
311 2550 327 2569 a
341 2542 452 2569 Socrate
477 2541 561 2569 facem
579 2542 635 2575 ipse
661 2542 827 2576 exstinguit,
844 2547 954 2569 acturus

159 2614 161 2619 ,
175 2589 208 2616 de
223 2588 252 2616 S.
266 2588 406 2616 Athanasii
423 2593 522 2620 morte;
538 2595 651 2622 eamque
677 2588 703 2615 in
718 2588 789 2616 notis
805 2589 837 2614 ad
853 2588 953 2623 Marty-

172 2633 313 2668 rologium,
327 2642 337 2659 t
354 2632 474 2661 Modesto
487 2638 514 2660 et
527 2633 657 2660 Arintheo
676 2641 759 2666 coss.,
771 2644 780 2659 ι
793 2641 891 2661 annum
900 2633 952 2661 572

173 2679 328 2707 notantibus
343 2684 370 2707 et
385 2680 452 2714 apud
473 2679 607 2706 neminem
629 2680 801 2714 antiquorum
825 2680 951 2712 inventis,

170 2725 272 2760 primus
299 2724 396 2760 signat.
414 2724 471 2758 Quo
497 2729 587 2751 autem
615 2729 773 2759 argumento
789 2733 798 2750 ‹
819 2724 952 2752 mendacii

170 2771 290 2805 arguitur
302 2770 453 2798 Socrates?
470 2779 480 2796 ›
498 2769 578 2803 Quia,
594 2770 689 2805 inquit,
702 2770 735 2797 ad
747 2778 791 2796 an.
804 2769 865 2803 572,
876 2778 950 2797 ntun.

169 2816 214 2846 65.
235 2825 244 2842 ι
262 2823 294 2844 ex
309 2816 441 2848 sententia
465 2816 556 2851 Cyrilli
569 2836 576 2850 ,
591 2823 670 2851 quem
685 2816 743 2844 hinc
758 2816 848 2844 omnia
860 2816 950 2851 explo-

1007 2361 1130 2388 videatur
1146 2359 1252 2387 allicere
1265 2366 1357 2386 vocem
1373 2359 1464 2391 ἔτεσι,
1475 2359 1561 2391 annis,
1580 2358 1732 2386 immediate
1744 2366 1789 2386 se-

1005 2411 1150 2442 quentem;
1163 2413 1195 2433 ex
1211 2410 1300 2432 mente
1312 2410 1399 2432 tamen
1412 2405 1544 2439 loquentis
1559 2405 1628 2431 trahi
1649 2409 1735 2438 potest
1755 2405 1789 2432 ad

1008 2451 1092 2478 solam
1104 2450 1283 2485 integritatem
1295 2449 1410 2481 numeri,
1425 2454 1454 2476 ut
1468 2449 1489 2476 si
1501 2449 1582 2481 dicat,
1598 2449 1673 2476 annis
1684 2450 1789 2476 omnino

1007 2498 1142 2532 sexaginta
1161 2505 1217 2528 κει,
1234 2495 1369 2530 quomodo
1391 2495 1528 2529 loquimur
1550 2496 1631 2522 etiam
1647 2503 1707 2522 cum
1726 2494 1789 2523 ulti~

1007 2550 1067 2570 mus
1081 2549 1132 2569 non
1149 2541 1226 2576 plene
1241 2541 1370 2568 decursus
1382 2541 1508 2568 habetur.
1518 2540 1671 2567 illabentur
1684 2546 1787 2574 autem,

1006 2596 1020 2614 a
1032 2588 1074 2615 die
1086 2588 1119 2614 18
1129 2586 1248 2614 Januarii
1263 2587 1324 2613 anui
1341 2586 1404 2618 526,
1421 2594 1506 2621 usque
1524 2587 1557 2613 ad
1569 2586 1631 2613 anni
1647 2586 1697 2612 571
1715 2586 1788 2613 diem

1004 2634 1022 2661 2
1035 2634 1106 2666 Maii,
1121 2633 1183 2660 anni
1198 2633 1242 2665 «13,
1261 2640 1365 2660 menses
1377 2633 1394 2660 5
1408 2637 1435 2660 et
1451 2632 1508 2660 dies
1526 2631 1569 2659 16.
1592 2633 1694 2660 Grzecis
1706 2639 1786 2667 porro

1005 2679 1190 2715 [Egyptiisque
1201 2700 1208 2712 ,
1224 2686 1239 2706 a
1262 2678 1414 2714 Septembri
1434 2685 1526 2706 mense
1541 2686 1640 2705 annum
1658 2678 1786 2706 inchoan-

1005 2726 1077 2753 tibus
1089 2745 1096 2758 ,
1115 2725 1235 2759 adeoque
1252 2725 1277 2751 in
1293 2723 1381 2759 primo
1402 2723 1542 2750 Athanasii
1559 2724 1591 2750 ad
1616 2730 1787 2751 communem

1005 2779 1086 2799 teram
1103 2775 1193 2805 aptato
1204 2778 1312 2798 menses
1326 2769 1383 2798 fere
1399 2776 1472 2802 octo,
1484 2770 1509 2796 in
1524 2774 1661 2804 postremo
1681 2776 1788 2797 menses

1005 2825 1098 2846 rursus
1119 2822 1179 2846 octo
1193 2816 1402 2851 invenientibus,
1414 2820 1489 2845 tanto
1512 2816 1563 2844 fuit
1584 2815 1689 2844 facilius
1705 2815 1787 2844 utrin-
