2027 3042
741 143 785 170 DE
801 142 915 171 CULTU
937 142 965 168 S.

160 203 271 232 nimium
285 211 365 238 quam
379 210 451 238 sape
467 203 646 235 exorbitante.
661 202 763 230 addidit
777 210 785 229 :
802 210 862 229 nam
875 209 934 228 cutn
951 204 974 232 Α

159 250 251 277 volens
282 250 402 284 integros
424 248 459 276 46
485 257 569 276 annos
591 249 760 283 episcopatus
775 255 937 280 numerare,

160 301 279 322 notasset
303 302 403 322 annum
416 302 478 323 arae
496 295 681 321 Alexandrina!
700 293 771 325 564,
795 294 840 328 qui
863 295 939 320 nobis

158 347 230 368 esset
260 340 309 367 56⁵1
330 340 477 367 bissextilis
492 361 499 372 ,
519 344 626 367 notattts
649 339 744 366 litteris
765 339 938 366 Dominicali-

161 387 208 413 bus
221 387 240 412 A
261 385 295 417 ϐ,
309 385 443 412 secundus
465 384 525 411 Maii
546 385 639 412 fuisset
653 385 710 411 dies
726 383 864 417 Mercurii;
881 385 939 410 dies

159 438 248 457 autent
268 430 341 457 Jovis
356 437 407 457 non
420 429 470 457 fuit
481 430 532 456 nisi
545 436 615 456 anno
634 430 697 457 575.
712 430 769 463 Ipso
783 434 871 456 autent
883 437 937 463 quo

159 475 260 501 abiisse
274 476 402 501 Sanctum
423 474 539 502 diximus
553 483 624 501 anno
639 475 697 501 dies
708 474 726 500 2
745 474 806 501 Maii
822 481 937 501 concur-

160 520 235 546 rcbal
251 527 310 546 cum
328 519 406 546 Feria
427 519 445 545 ‘2
467 519 649 547 hebdomadas.
665 519 718 547 Sed
743 519 859 547 fortasse
884 527 937 547 non

161 565 199 592 ita
215 570 345 592 constans
357 564 475 600 Egyptit
491 565 642 592 Kalendarii
659 566 726 592 ratio
742 571 799 596 est,
815 571 844 592 ut
859 565 938 598 hujus

161 618 267 638 menses
279 612 372 638 eodem
391 617 498 644 semper
513 611 592 638 ntodo
607 616 771 638 concurrant
791 619 852 638 cuin
867 610 938 638 Lati-

161 657 203 683 nis
220 657 365 687 mensibus.
382 658 453 690 quod
477 656 537 683 aliis
565 656 772 683 examinandum
793 656 935 690 relinquo;

161 710 242 729 ttnutn
265 710 378 734 moneo,
405 709 438 728 ne
467 709 545 735 quem
579 701 696 736 decipiat
725 699 863 728 A/hahasii
882 702 938 735 epi-

160 750 232 782 scopi
263 746 434 775 Alexandrini
462 755 577 779 nomen,
599 747 696 774 alicubi
719 747 840 774 fortassis
864 747 938 774 inve-

160 795 285 822 niendqu
301 794 333 821 l6
347 798 391 820 aut
407 793 437 820 17
451 793 616 828 Septembris
629 813 637 825 ,
655 793 700 827 qui
729 794 890 827 respondent
902 794 938 821 ΞΟ

159 845 186 866 et
203 839 234 866 2|
249 839 377 877 _JEgyptii
395 838 481 865 Thoth
497 847 503 864 :
530 839 573 865 hic
597 839 668 865 enim
688 837 765 872 juxta
783 839 935 873 prtedictam

987 141 1183 170 ATIIANASII.

988 201 1081 228 deatur
1098 202 1131 227 ab
1155 201 1214 228 aliis
1234 201 1259 228 in
1276 201 1348 228 Italia
1371 201 1499 230 Ecclesiis
1523 202 1674 237 exemplum
1688 211 1766 231 acce-

993 246 1065 279 pisse
1080 246 1150 280 quod
1166 246 1324 274 imitaretur.

1027 291 1092 318 Viue
1110 292 1271 325 scriptores,
1288 298 1340 319 tam
1366 292 1451 320 Grieci
1473 300 1552 327 quam
1572 292 1677 326 Latini,
1693 293 1768 320 fucro

991 336 1065 363 multi
1080 345 1086 363 :
1102 338 1159 368 sed.
1179 338 1201 364 si
1215 337 1374 372 Gregorium
1396 337 1596 364 Nazianzenum
1608 339 1725 373 excipias
1740 345 1768 372 et

989 386 1068 408 aetate
1095 383 1230 416 proximos
1251 380 1438 411 ecclesiastici:
1462 384 1580 411 historia:
1608 385 1765 418 scriptores,

990 434 1060 461 sape
1076 428 1101 454 in
1116 428 1165 454 hoc
1178 430 1370 456 commentario
1382 430 1487 459 citatos.
1506 437 1585 456 uento
1599 429 1699 464 aliquid
1711 431 1767 456 edi-

990 473 1029 500 dit
1047 473 1116 507 quod
1135 474 1197 501 huic
1222 474 1296 508 operi
1325 475 1406 502 inseri
1429 480 1574 502 mereatur.
1598 475 1671 503 luter
1686 483 1768 509 opera

989 523 1079 546 exstat
1089 519 1183 553 duplex
1197 519 1301 551 Graeca,
1313 521 1395 547 altera
1405 521 1523 548 auctoris
1540 521 1675 556 anonymi,
1685 529 1766 555 quam

990 570 1057 590 nova
1075 564 1220 591 Latinitate
1235 566 1440 597 donaveramus,
1456 566 1609 600 priusquam
1627 566 1685 600 ejus
1703 567 1768 594 vitia

990 608 1151 636 haberemus
1166 615 1320 644 comperta;
1337 610 1420 637 altera
1434 611 1491 639 solo
1499 611 1555 638 fere
1569 612 1639 647 stylo
1648 613 1764 646 politiori

989 654 1115 681 ditfercns
1129 663 1143 681 a
1167 655 1267 689 priori,
1281 655 1406 689 editaque
1422 656 1472 683 sub
1488 657 1596 684 nomine
1612 657 1765 692 Metaphra-

988 700 1039 726 slis
1055 709 1061 726 :
1077 700 1180 727 tertiam
1199 701 1224 727 in
1246 700 1408 728 Bibliotheca
1429 703 1556 730 describit
1572 703 1682 730 Photius
1693 723 1701 734 .
1716 704 1766 730 ali-

988 750 1087 779 quanto
1108 745 1317 773 contractiorem
1335 747 1487 780 prioribus;
1511 752 1539 774 et
1559 753 1653 774 omnes
1669 748 1765 775 iisdem

988 791 1109 819 laborant
1122 791 1281 825 defectibus,
1291 799 1358 826 quos
1371 792 1450 819 etiam
1466 800 1508 820 me
1521 797 1628 820 tacente
1644 794 1768 820 curiosus

990 837 1073 864 lector
1087 837 1164 865 facile
1183 845 1230 873 per
1242 845 1271 864 se
1284 843 1436 874 cognoscet,
1455 844 1598 874 postquam
1614 839 1684 866 hunc
1693 847 1766 866 cotu-

1693 150 1766 172 χιιι

160 884 306 911 Historia»:
331 888 371 911 est
400 884 468 911 alius
484 885 543 918 plus
562 891 642 918 quam
662 890 769 911 centum
794 885 871 912 annis
891 893 937 919 po-
954 876 976 905 Β
990 882 1151 909 meutarium
1169 882 1271 918 legerit.

159 931 267 961 sterior,
278 930 353 968 'sicut
369 937 449 964 supra
464 930 579 956 diximus
591 949 598 961 ,
616 934 643 957 et
656 935 782 964 tanquam
801 930 937 958 hereticus

160 980 267 1002 notatur
283 975 308 1001 in
326 975 354 1002 S.
370 975 512 1010 Nicephori
529 975 716 1010 Chronologia.

193 1020 277 1048 Graeci
301 1021 327 1046 in
347 1021 452 1054 gemino
467 1021 554 1048 cultus
575 1021 618 1048 die
640 1022 863 1049 conveniunt:et
879 1023 938 1056 qui-

157 1065 217 1093 dem
231 1074 279 1101 pro
292 1066 324 1093 18
339 1066 460 1093 Januarii
478 1067 573 1102 allegat
600 1067 729 1095 Baronius
753 1068 779 1094 in
804 1067 881 1095 Notis
907 1077 938 1094 an

159 1111 376 1147 Martyrologium
398 1112 579 1139 Emmanui-lis
607 1113 780 1147 imperatoris
807 1114 939 1141 constitu-

159 1158 276 1189 tionem;
290 1158 396 1192 quando
409 1158 490 1184 etiam
511 1158 536 1184 in
549 1157 658 1185 Memeis
674 1159 850 1185 inveniuntur
868 1160 937 1191 odar,

159 1204 192 1230 ab
207 1203 238 1230 iis
252 1212 311 1236 qua:
321 1203 339 1229 ‘2
354 1202 415 1230 Maii
429 1203 640 1237 praescribuutur
652 1203 774 1236 diverse,
794 1203 844 1231 sub
858 1212 936 1232 acro-

145 1249 246 1276 .stichu
261 1249 305 1275 tali
321 1258 328 1276 :

270 1294 423 1326 Ἀθανάτιος
434 1293 511 1330 εὖχος
525 1295 677 1330 ὀρθοδοξίας
695 1295 763 1330 ἔφυ.

264 1339 348 1366 Decus
363 1340 523 1368 Athanasius
543 1341 705 1368 orthodoziw
717 1342 779 1375 fuit.

160 1384 253 1413 Sinlne
270 1392 308 1412 ere
332 1386 390 1412 odze
409 1385 438 1413 ὃ.
453 1386 579 1413 Germani
596 1386 758 1421 patriarchae
781 1386 938 1415 Constanti—

161 1431 304 1466 nopolitani
320 1439 397 1466 opus,
412 1432 487 1467 cujus
508 1432 559 1458 alia
580 1437 641 1459 sunt
661 1431 808 1464 Sticharia,
823 1433 906 1460 etiam
920 1433 939 1460 2

160 1477 221 1503 Maii
237 1479 411 1510 recurrentia,
428 1485 480 1505 non
502 1483 544 1505 est
560 1477 639 1504 facile
650 1478 764 1505 delinire
782 1487 788 1505 :
802 1485 862 1512 quae
880 1478 938 1512 ipso

158 1523 176 1550 2
196 1523 254 1550 Maii
285 1525 492 1571 praescriburntur
522 1523 586 1571 nulli
613 1524 766 1571 acrosticho
789 1524 936 1571 illigantur,
951 1540 972 1571 ο

159 1574 239 1604 atque
256 1570 322 1596 adeo
337 1570 497 1597 vetustiores
514 1570 638 1597 videntur
650 1570 682 1597 iis
693 1578 753 1605 quae
768 1571 796 1598 in
807 1569 937 1598 Januario

161 1615 323 1645 recitantur;
341 1620 369 1642 ut
386 1615 539 1642 verosimile
554 1616 589 1642 sit
606 1615 680 1650 prius
704 1615 801 1642 festum
820 1615 847 1642 in
860 1616 935 1643 Con-

160 1661 397 1695 stantiuopolitaua
414 1661 533 1688 Ecclesia
559 1661 646 1688 serius
668 1660 752 1688 fuisse
779 1667 932 1696 receptum,

159 1706 267 1740 quando
280 1706 383 1733 scilicet
400 1707 568 1734 communior
586 1706 668 1741 carpit
687 1713 748 1734 esse
770 1708 936 1735 acrosticho-

170 1758 219 1778 ‘um
230 1759 292 1778 usus
303 1752 335 1778 ad
348 1753 412 1778 odas
423 1752 555 1786 ejusmodi
567 1753 778 1786 componendas.

195 1795 265 1823 Inter
284 1796 408 1829 Latinos,
419 1798 465 1832 qui
480 1798 509 1825 S.
525 1797 669 1825 Athanasii
688 1805 785 1824 nomen
803 1797 888 1825 sacris
898 1797 938 1824 fa-

159 1841 208 1869 stis
224 1842 257 1868 ad
269 1842 286 1868 2
303 1841 362 1869 Maii
387 1843 545 1876 inscripsere
555 1863 563 1874 ,
577 1843 691 1877 primum
717 1843 805 1870 locum
818 1843 867 1870 sibi
881 1844 938 1870 vin-

159 1887 231 1913 dicat
251 1886 337 1919 Beda;
355 1895 407 1913 nott
421 1887 606 1921 supposititius
621 1886 675 1919 ille,
693 1893 772 1920 quem
785 1886 871 1912 solum
888 1894 937 1913 tto-

166 1932 198 1959 rit
213 1933 332 1967 viditque
348 1933 496 1965 Baronius;
522 1923 716 1966 sed'genuiuus
729 1952 736 1964 ,
754 1931 858 1965 qualem
874 1937 937 1959 ante

161 1983 261 2004 tomum
278 1977 297 2004 ll
312 1977 399 2004 Martii
409 1978 539 2008 dedimus,
547 1985 607 2004 cuin
620 1977 661 2004 his
674 1977 773 2009 verbis,
785 1986 795 2002 1
809 1985 835 2004 tv
848 1976 937 2004 Nonas

160 2023 242 2056 Maii,
268 2024 352 2050 sancti
379 2023 467 2051 Patris
496 2023 580 2050 nostri
601 2022 741 2049 Athanasii
763 2023 937 2050 Alexandrini

158 2069 292 2102 episcopi;
315 2078 324 2094 ›
344 2069 414 2103 quod
427 2067 554 2095 Rabanus
574 2068 753 2103 transcripsit.
770 2067 865 2096 Florus
892 2068 939 2095 ad-

160 2114 228 2140 didit
240 2122 249 2138 t
263 2113 414 2147 orthodoxi,
427 2114 472 2148 qui
487 2121 535 2148 pro
548 2113 647 2141 Christi
662 2113 714 2140 fide
728 2114 810 2140 multa
825 2120 936 2148 perpes-

161 2167 206 2187 sus
217 2164 268 2186 est.
291 2169 300 2185 ι
319 2159 410 2194 Piura,
422 2165 450 2187 et
463 2160 518 2187 fere
531 2167 565 2187 ex
582 2159 678 2186 Rulino
692 2164 808 2194 sumpta,
824 2159 937 2194 subjun-

160 2209 227 2241 gunt
241 2206 300 2232 Ado
317 2209 342 2232 et
354 2204 495 2232 Notkcrus.
509 2204 612 2232 Medius
631 2205 702 2231 inter
715 2205 811 2232 horum
824 2204 934 2239 prolixi-
953 2220 974 2247 Β

160 2255 243 2278 tatem
263 2255 291 2278 et
312 2251 469 2278 brevitatem
488 2251 564 2278 Beda:
578 2251 678 2278 incedit
691 2250 838 2283 Usuardus,
862 2250 938 2284 cujus

161 2298 280 2333 phraslm
297 2297 322 2324 in
340 2297 470 2324 hodierno
497 2296 620 2324 Romano
633 2296 823 2332 Martyrologio
836 2297 939 2324 modice

160 2348 264 2371 auctam
286 2342 483 2377 expolitamque
504 2343 651 2374 habemus,
674 2347 816 2377 postquam
840 2341 938 2370 PiusV

159 2396 249 2416 annue
266 2388 298 2415 de
311 2395 343 2415 eo
363 2389 496 2422 agendum
522 2387 637 2415 officium
661 2388 710 2414 sub
742 2388 793 2414 ritu
823 2387 938 2422 duplicis

160 2435 295 2462 ordinavit
310 2443 318 2461 :
335 2434 406 2468 qttod
421 2437 499 2460 antea
520 2434 569 2460 sub
587 2433 637 2459 rittt
659 2433 788 2468 simplicis
805 2434 937 2467 agendum

159 2482 218 2513 quis
230 2481 331 2514 primus
351 2480 501 2506 decreverit
518 2479 588 2506 haud
601 2480 636 2505 ita
654 2479 745 2514 liquet.
763 2479 901 2507 Gavantus
911 2479 937 2506 in

160 2526 283 2553 rubricas
302 2525 509 2553 Breviariisect.
526 2525 553 2558 7,
567 2533 627 2559 cap.
648 2525 677 2556 7,
694 2525 733 2552 sic
755 2525 890 2552 invenisse
901 2525 939 2551 ait

160 2573 184 2596 in
202 2571 338 2598 Breviario
360 2571 421 2598 anni
440 2571 509 2598 1550
524 2578 531 2597 :
547 2571 592 2597 sed
610 2570 691 2597 multo
711 2573 773 2597 ante
793 2570 939 2597 cardinalis

159 2615 337 2650 Quignortius,
354 2617 379 2644 in
401 2625 450 2644 suo
474 2624 521 2651 per
536 2616 645 2642 Paulum
663 2616 851 2650 lllapprohato
875 2615 939 2643 Bre-

160 2661 256 2693 viario,
268 2661 384 2688 cilicium
398 2662 431 2688 de
441 2661 587 2688 Athanasio
604 2661 771 2687 recitandum
787 2661 936 2695 proposuit,

161 2713 187 2733 et
206 2715 302 2734 nomen
316 2708 472 2742 inscriptum
489 2707 658 2734 Kalendariis
676 2707 817 2740 reperitur.
829 2706 938 2733 Brevia-

157 2753 231 2786 ;ium
255 2761 361 2787 quoque
385 2753 542 2788 Capuanum
567 2752 629 2779 anni
651 2751 717 2778 H99
735 2750 849 2778 ollicium
869 2752 936 2779 sim-

159 2797 220 2832 plex
237 2806 297 2825 cum
314 2800 400 2826 tribus
421 2798 538 2833 propriis
555 2797 714 2825 lectionibus
730 2797 810 2823 habet
824 2816 832 2827 ,
859 2801 887 2823 ut
911 2797 937 2823 in

161 2843 212 2871 hoc
235 2843 335 2870 Sancto
359 2845 471 2871 colendo
489 2843 608 2870 Romana
627 2842 744 2870 Ecclesia
771 2843 880 2869 omnino
896 2843 934 2870 vi-

283 2890 418 2920 Pnnoc.
442 2892 499 2922 Gn.
525 2889 638 2931 XXV]

1023 927 1160 963 Praecipua
1175 923 1256 961 sutut,’
1269 929 1338 963 quod
1355 929 1387 956 ad
1402 928 1581 956 Alexandrum
1603 932 1629 956 et
1646 928 1766 955 Athana-

987 974 1056 1000 sium
1078 974 1154 1001 datas
1178 974 1267 1002 dicant
1281 974 1449 1001 Constantini
1470 973 1560 1008 Magni
1589 973 1692 1001 litteras
1717 981 1767 1008 pro

987 1020 1061 1052 Ario,
1085 1026 1144 1053 quae
1167 1019 1274 1046 fuerunt
1297 1019 1453 1046 Alexandro
1464 1024 1490 1046 et
1505 1021 1570 1046 Arlo
1585 1020 1766 1047 communiter

987 1065 1104 1099 scriptio,
1116 1065 1217 1100 absque
1232 1065 1285 1092 ulla
1307 1065 1450 1092 Athanasii
1467 1065 1613 1092 mentione.
1640 1064 1765 1091 Secundo

988 1111 1056 1145 quod
1070 1112 1223 1143 Arsenium,
1241 1111 1274 1138 de
1285 1111 1360 1146 cujus
1373 1112 1446 1138 caede
1459 1116 1600 1137 accusatus
1616 1110 1667 1137 fuit
1681 1111 1766 1138 Atha-

989 1158 1092 1188 nasius.
1111 1162 1138 1184 et
1153 1165 1233 1191 quem
1257 1157 1302 1184 hic
1324 1156 1423 1191 pluries
1449 1157 1602 1191 episcopum
1624 1157 1764 1189 nominat,

990 1202 1057 1230 Viue
1078 1203 1135 1230 istae
1156 1203 1258 1230 faciant
1285 1203 1412 1230 lectorem
1440 1203 1668 1233 Alexandrinum,
1692 1207 1766 1229 metu

989 1250 1205 1276 commeritarum
1220 1249 1254 1276 ob
1270 1249 1420 1283 pudendum
1434 1248 1540 1283 aliquod
1554 1248 1661 1275 facinus
1672 1255 1767 1282 pretia-

989 1302 1046 1322 rum
1061 1295 1095 1322 ab
1109 1295 1256 1322 Athanasio
1270 1294 1423 1330 profugum.
1439 1294 1531 1322 Tertio
1552 1294 1621 1329 qttod
1639 1301 1688 1329 pro
1703 1301 1766 1321 con-

987 1340 1113 1368 ciliabulo
1132 1341 1308 1375 Antiocheno,
1326 1346 1421 1369 contra
1434 1341 1612 1368 Athanasium
1634 1348 1668 1368 ex
1690 1349 1766 1367 man-

987 1386 1052 1414 dato
1065 1386 1214 1414 Constantii
1230 1392 1333 1420 coacto,
1355 1387 1482 1414 inducant
1506 1386 1654 1414 secundum
1680 1385 1767 1421 quod-

988 1433 1049 1460 dam
1070 1432 1276 1460 conciliabulum
1302 1431 1437 1467 Tyrium;
1460 1433 1493 1460 de
1517 1439 1570 1467 quo
1594 1438 1625 1458 ea
1655 1435 1767 1458 narrant

987 1477 1077 1505 omnia
1093 1485 1152 1512 qua:
1163 1478 1213 1505 sub
1228 1477 1385 1505 Constantio
1407 1477 1471 1513 Tyri
1493 1483 1551 1504 acta
1574 1480 1646 1504 sunt.
1663 1476 1764 1509 Quarto

988 1523 1059 1558 quod
1089 1528 1201 1550 narrent
1229 1523 1406 1550 Athanasium
1431 1523 1491 1550 istic
1517 1524 1684 1554 damnatum,
1718 1529 1766 1549 sex

989 1569 1065 1596 annis
1088 1569 1199 1596 latuisse
1219 1569 1245 1596 in
1275 1569 1364 1602 fovea,
1396 1570 1549 1604 priusquam
1577 1569 1602 1595 in
1628 1568 1764 1602 Europam

989 1615 1115 1643 transiret
1136 1615 1170 1642 ad
1192 1615 1291 1643 Iulium
1314 1619 1341 1642 et
1365 1615 1536 1643 Constantem
1555 1622 1564 1646 ;
1593 1622 1654 1642 cum
1676 1618 1766 1640 tamen

988 1660 1102 1688 Romam
1127 1661 1223 1688 adierit
1249 1660 1366 1688 Sanctus
1391 1661 1500 1688 interim
1523 1661 1586 1688 dum
1614 1665 1709 1688 contra
1733 1666 1764 1686 se

989 1707 1176 1741 conspirarent
1191 1706 1338 1733 adversarii
1351 1714 1359 1739 ;
1378 1710 1457 1741 atque
1471 1705 1533 1733 illuc
1547 1704 1657 1732 redierit
1671 1706 1765 1731 eodem

988 1760 1070 1785 anno,
1083 1760 1160 1787 opetn
1177 1752 1370 1787 imploraturus
1384 1753 1513 1779 adverstts
1538 1751 1698 1785 Gregorium
1712 1758 1767 1777 suae

989 1799 1059 1825 sedis
1085 1798 1237 1825 invasorcm
1262 1801 1289 1824 et
1306 1797 1397 1832 iniqua
1418 1797 1578 1824 Arianorum
1595 1795 1716 1830 judicia:
1739 1799 1767 1822 et

989 1844 1114 1878 deinceps
1139 1843 1237 1871 mansit
1259 1843 1285 1869 in
1298 1842 1463 1876 .Occidente.
1485 1842 1584 1875 Quinto
1613 1842 1682 1876 quod
1706 1845 1767 1876 post

989 1889 1194 1923 conciliabulum
1217 1888 1419 1916 Mediolaneuse
1439 1889 1537 1916 iterum
1552 1888 1585 1916 ad
1606 1889 1766 1916 sexennium

991 1935 1154 1962 concludant
1167 1935 1346 1962 Athanasium
1359 1942 1419 1962 cum
1434 1935 1538 1969 virgine
1552 1942 1640 1967 sacra,
1660 1935 1767 1970 quando

990 1987 1050 2006 eum
1070 1984 1177 2007 constat
1190 1979 1216 2006 in
1227 1987 1319 2007 eremo
1337 1980 1406 2014 apud
1419 1981 1564 2007 monachos
1577 1979 1726 2008 delituisse.

1023 2025 1117 2052 Latina
1142 2025 1295 2061 legendaria
1325 2026 1434 2060 antiqua
1458 2026 1483 2053 in
1503 2033 1676 2062 pergameno,
1698 2027 1768 2055 refo-

991 2071 1075 2098 rentia
1091 2070 1119 2097 S.
1133 2071 1273 2098 Athanasii
1290 2070 1388 2104 Vitam,
1400 2071 1529 2099 habemus
1544 2073 1676 2107 quedam,
1690 2073 1766 2108 plura

989 2109 1120 2149 vidimus;
1133 2117 1197 2150 quin
1214 2121 1240 2144 et
1260 2116 1400 2144 transcribi
1414 2117 1525 2145 fecimus
1538 2118 1639 2152 aliqua,
1650 2118 1765 2152 primum

990 2169 1022 2189 ex
1040 2170 1090 2189 ms.
1105 2161 1282 2197 Ultrajectiuo
1297 2163 1326 2189 S.
1340 2162 1497 2195 Salvatoris,
1515 2163 1611 2190 deinde
1626 2171 1659 2190 ex
1674 2164 1767 2191 codice

991 2207 1042 2235 “5
1061 2207 1232 2235 Cassinensis
1248 2208 1417 2235 bibliotheca:
1436 2207 1645 2242 Longohardicis
1670 2207 1766 2235 litteris

990 2255 1112 2278 exarato.
1130 2251 1198 2278 Sunt
1213 2257 1302 2278 autem
1319 2252 1408 2279 omnia
1426 2248 1482 2279 fere
1496 2260 1529 2279 ex
1544 2252 1641 2279 Rufino
1656 2253 1766 2280 collecta

990 2305 1021 2324 ac
1043 2304 1113 2331 saepe
1137 2298 1231 2324 iisdem
1249 2297 1327 2332 plane
1339 2298 1427 2325 verbis
1453 2303 1534 2332 atque
1548 2305 1596 2332 pro
1610 2305 1699 2325 rerum
1733 2299 1766 2326 ab

990 2343 1138 2370 Athanasio
1155 2347 1292 2378 gestarum
1306 2348 1332 2370 et
1344 2344 1519 2370 toleratarum
1536 2343 1713 2378 amplitudine
1728 2345 1768 2370 ni-

990 2389 1042 2416 mis
1057 2389 1177 2424 profccto
1192 2394 1277 2416 arcta.
1294 2389 1463 2417 Recentioris
1484 2395 1573 2416 autetn
1590 2390 1769 2423 compositio-

991 2434 1032 2461 nis
1043 2439 1085 2461 est
1101 2434 1227 2469 primum,
1245 2442 1324 2468 quam
1340 2439 1369 2461 ut
1381 2434 1546 2461 considerari
1561 2438 1707 2461 mereatur.
1719 2434 1771 2461 (2a-

990 2479 1098 2506 sinense
1127 2480 1153 2505 in
1178 2483 1233 2506 tres
1254 2478 1383 2506 lectiones
1407 2479 1446 2505 sic
1471 2479 1650 2508 dividebatur.
1671 2483 1699 2505 ut
1716 2483 1770 2505 tota

990 2524 1050 2551 Vita
1060 2523 1140 2550 simul
1150 2523 1200 2558 legi
1212 2523 1244 2550 ad
1258 2524 1404 2550 secundum
1423 2528 1583 2550 nocturnum
1597 2527 1703 2556 posset;
1721 2529 1769 2548 ne-

991 2577 1042 2602 que
1057 2569 1126 2596 ultra
1141 2569 1298 2603 praedictum
1312 2568 1464 2595 etenobium
1486 2567 1642 2595 extendisse
1656 2575 1685 2594 se
1703 2575 1767 2594 usus

992 2615 1096 2641 illarqu
1120 2615 1263 2641 lectionum
1278 2614 1393 2646 videtur,
1407 2618 1481 2641 certe
1495 2621 1547 2640 non
1565 2613 1706 2640 transiisse
1722 2612 1768 2638 Al-

990 2667 1047 2694 pes,
1059 2660 1091 2685 ad
1113 2659 1279 2686 nobilissitna
1301 2659 1366 2685 alias
1392 2658 1572 2686 Benedictittae
1594 2657 1770 2692 professionis

988 2704 1121 2731 coenobia.
1152 2703 1222 2737 Ergo
1256 2703 1430 2735 Adelbertus,
1465 2703 1539 2736 prior
1566 2703 1682 2730 cteuobii
1715 2702 1767 2730 SS.

990 2748 1105 2776 Udalrici
1123 2751 1149 2775 et
1162 2748 1381 2782 Al'ra,Auguslat
1394 2747 1590 2775 Vindelicorum
1610 2747 1637 2773 in
1659 2747 1767 2779 SueviaI

989 2794 1104 2828 primum
1117 2801 1146 2820 se
1158 2793 1274 2820 credidit
1285 2793 1388 2819 (Vitam
1400 2791 1429 2820 S.
1439 2792 1579 2820 Athanasii
1592 2792 1767 2819 Alexandrim

991 2839 1118 2875 episcopi,
1134 2839 1196 2867 fidei
1217 2837 1374 2871 defensoris,
1387 2838 1432 2873 qui
1449 2838 1598 2866 svmbolum
1619 2837 1771 2873 Quicunque

1638 2893 1654 2922 'I
