2027 3042
299 118 391 160 court;

969 116 1239 152 pnetscouuxa.’

301 185 353 212 t'ull
368 184 452 212 saluus
461 192 516 211 esse
531 183 688 214 composuit.
705 192 714 208 ι
730 182 857 216 singulari
872 183 1000 215 opusculo
1020 183 1074 210 col-
1090 187 1112 215 Α
1125 190 1211 214 sores,
1227 181 1379 209 Alexander
1393 181 1462 216 apud
1478 180 1679 214 Alexandriam,
1694 179 1829 207 Maximus
1841 178 1904 207 llic-

302 229 434 264 ligendam
453 237 487 256 ex
503 229 616 256 diversis
634 228 752 262 antiquis
774 228 892 254 historiis
913 228 1074 262 suscepisse,

302 275 358 302 lucc
368 275 437 301 inter
449 274 499 300 alia
510 273 648 308 praefatus,
660 281 669 298 ι
683 273 758 299 Auno
772 278 878 304 exacto.
889 281 949 300 cum
966 282 1075 308 operam

302 320 433 346 dedissem
448 317 586 345 ordinandi
602 321 628 343 et
644 317 777 344 scribendi
799 318 832 343 ad
849 318 952 351 vigilias
964 319 1075 345 matuti-

301 364 376 391 nalcs
391 364 417 390 in
435 362 511 390 festis
537 368 692 389 sanctorum
719 362 844 398 legendas
858 383 866 395 ,
893 368 992 390 tomum
1013 364 1074 391 libri

299 409 482 436 confcssorum
498 408 655 442 respiciens,
673 412 697 434 et
711 407 741 434 S.
754 407 890 434 Athanasii
903 408 989 435 Vitam
1006 409 1076 435 inter

299 456 366 483 alias
385 463 438 482 non
452 455 589 489 reperiens
601 454 767 484 adnotatam,
793 459 903 487 repente
929 453 1073 488 obstupui,

297 506 323 528 et
335 500 495 535 suspirando
507 499 574 533 ccepi
593 499 683 525 mirari
698 519 705 530 ,
723 504 749 525 et
770 499 839 525 intra
861 507 903 526 me
920 499 1073 533 protestari,

297 546 367 581 quod
384 546 424 572 vir
435 550 534 577 tantus,
557 545 604 571 toti
618 545 675 571 orbi
693 549 771 571 nottts
782 565 789 576 ,
813 549 885 572 tanta
902 552 949 579 pro
964 545 1014 572 ﬁde
1028 552 1074 571 ca-

298 593 396 620 tholica
412 599 517 626 passus,
546 591 571 618 in
587 591 708 625 partibus
723 592 821 617 nostris
834 591 867 617 de
893 591 1004 618 Actibus
1018 591 1073 618 suis

297 638 392 665 saltem
404 638 524 665 libellum
550 637 702 664 manualem
717 644 769 663 non
787 637 899 663 haberet
915 636 1072 671 specialem.

297 684 338 711 Nil
356 692 420 719 ergo
436 689 566 715 moratus,
591 683 735 714 historias,
754 683 963 709 Ecclesiaslicam
977 683 1071 710 videli-

297 736 340 758 cet
349 730 455 758 Eusebii
466 730 653 760 Cmsarcensis,
667 735 692 756 et
712 729 881 763 Triparlitam
899 728 1071 761 Theodoreti,

298 777 440 804 Sozomeni
452 782 478 803 et
493 775 624 807 Socratis,
638 775 791 802 Crtecorum
807 776 1046 804 disertissimorum
1063 795 1072 809 ,

297 829 329 849 ae
361 821 457 848 librum
488 821 632 848 illustrium
649 821 791 854 virorum,
817 828 866 849 nec
894 829 946 848 non
976 822 1072 849 librum

1131 229 1282 264 rosolymis,
1296 228 1447 256 Alexander
1466 236 1542 262 reque
1557 226 1788 261 Constantinopoli
1812 234 1904 254 sacer-

1128 275 1212 307 dotio,
1233 274 1421 309 iungebantur.
1438 283 1447 300 ι
1471 273 1558 300 Mintts
1577 280 1700 308 operose,
1714 277 1755 299 'et
1778 276 1905 298 contextu

1128 322 1229 354 absque
1252 320 1388 347 titulorum
1414 319 1617 354 interpositione
1633 322 1662 345 et
1688 318 1790 351 absque
1811 317 1904 351 prmio-

1128 367 1199 400 quiis
1214 365 1274 393 ullis
1290 366 1459 397 continuato,
1476 365 1597 392 eamdem
1615 371 1670 391 rem
1687 363 1793 390 videtur
1806 363 1904 396 egisse,

1129 411 1218 439 nescio
1231 419 1264 437 an
1280 411 1415 438 Adelberti
1430 410 1564 445 exetuplo,
1584 409 1653 436 alius
1669 409 1695 435 iu
1714 408 1743 435 S.
1766 407 1903 434 Maximini

1128 464 1211 491 prope
1226 456 1352 484 Treviros
1366 455 1485 488 abbalia,
1505 455 1574 482 unde
1586 453 1702 481 similem
1718 452 1903 480 collectionem

1128 502 1256 529 habemus
1273 502 1317 529 tali
1331 501 1464 536 principio
1487 509 1494 528 :
1519 510 1528 526 ι
1550 500 1615 527 Cum
1631 498 1701 533 apud
1714 497 1902 526 Alexandriam

1127 555 1187 584 post
1200 548 1344 580 Achillam,
1361 548 1406 582 qui
1422 547 1501 574 Petro
1515 547 1644 581 episeopo
1658 551 1686 573 et
1703 545 1815 579 martyri
1841 552 1900 571 suc-

1127 600 1253 626 cesserat,
1267 594 1420 621 Alexander
1437 593 1616 619 sacerdotium
1635 591 1823 625 susccpissetp
1837 595 1902 621 etc.,

1126 642 1213 668 verbis
1225 648 1291 675 perte
1307 640 1408 670 Ruﬁni,
1425 637 1457 666 a'c
1477 638 1575 666 deinde
1588 638 1648 665 aliis
1663 637 1788 663 aliorum.
1803 635 1900 662 Eodem

1126 687 1183 714 fere
1196 687 1264 721 stylo
1277 690 1304 713 et
1319 686 1396 712 initio
1415 685 1546 712 habemus
1558 684 1643 718 ipsam
1653 682 1790 709 Athanasii
1803 681 1901 712 Vitam,

1126 731 1153 758 in
1177 730 1306 765 praeclaro
1331 729 1472 762 grandium
1504 735 1550 755 sex
1580 733 1713 754 toruorum
1741 725 1901 757 Passiouali,

1126 777 1195 811 quod
1211 776 1332 803 ecclesiae
1346 774 1374 802 S.
1390 773 1481 800 Mariae
1496 773 1528 800 de
1542 772 1665 799 Valcellis
1681 771 1824 807 aliquando
1839 772 1898 804 init,

1125 827 1152 849 et
1161 822 1247 856 primo
1265 827 1336 848 tomo
1348 825 1460 854 excepto
1472 819 1609 846 venditum
1627 819 1692 845 clar.
1708 825 1733 843 v.
1749 817 1898 844 Balthasari

297 866 479 894 chronicaletn
498 870 668 900 pertractans
685 875 693 892 ι
711 866 749 901 (hi
769 867 821 892 duo
836 867 944 900 quinatn
961 868 1014 894 sint
1026 875 1075 894 nec
1090 867 1110 894 Β
1126 868 1236 898 Morelo,
1267 874 1301 894 nc
1320 867 1353 893 ad
1378 873 1455 893 usum
1471 863 1655 900 typagraphite
1672 863 1848 895 laceraretur,
1865 863 1898 888 ab

297 912 418 939 divinare
438 911 520 943 lubet,
543 919 593 938 nec
608 915 687 939 vacat
704 912 844 946 operosius
861 913 999 948 indagare)
1017 923 1027 940 ‹
1047 919 1074 942 et

297 957 384 991 capita
401 957 426 983 in
441 957 658 984 distinctionibus
672 958 802 985 librorum
817 958 961 994 diligenter
972 961 1074 988 exauri-

298 1010 374 1035 nans,
388 1002 437 1036 legi
456 1003 481 1028 in
497 1003 611 1035 quodam
626 1003 743 1037 capitulo
760 1003 793 1030 de
807 1003 916 1036 Rufino,
932 1005 976 1039 qui
990 1006 1072 1032 vitam

297 1048 369 1076 illius
383 1055 431 1075 suo
445 1047 596 1074 nobilitavit
612 1048 719 1081 eloquio
736 1058 742 1076 :
762 1050 847 1083 reperi
864 1051 944 1078 etiam
969 1052 1076 1078 abunde

297 1094 323 1121 in
334 1093 434 1121 eisdem
450 1093 525 1120 libris
541 1093 574 1120 ad
593 1093 752 1121 desiderium
765 1101 863 1122 meum.
883 1105 892 1122 ι
907 1095 1002 1123 Narrat
1026 1097 1074 1123 dc-

296 1139 369 1171 iude,
382 1139 515 1173 qttomodo
528 1139 634 1173 expleto
648 1139 819 1174 legendarum
837 1141 980 1174 volumine,
998 1143 1071 1169 desi-

284 1185 417 1212 .deratum
432 1184 587 1219 opusculum
603 1185 636 1212 de
649 1184 679 1212 S.
695 1186 844 1213 Athanasio
858 1187 978 1215 scribere
992 1197 1073 1215 exor-

285 1237 342 1256 sus
367 1229 456 1262 varias
473 1229 643 1258 dilﬁcultalcs
661 1231 686 1257 in
712 1238 744 1258 eo
760 1237 832 1259 recte
855 1234 1005 1261 ordinando
1023 1235 1070 1262 ob-

292 1275 379 1310 jectas
393 1275 561 1309 superaverit
581 1296 589 1308 ,
605 1281 685 1311 atque
703 1278 837 1304 concludit
852 1287 858 1305 :
873 1288 882 1304 ι
904 1278 932 1306 Si
946 1287 996 1314 qua
1009 1288 1072 1316 ergo

293 1320 323 1348 in
346 1321 397 1348 hoc
413 1320 540 1355 opusculo
564 1322 784 1356 reprehendenda
813 1325 994 1359 reperiuntur,
1020 1335 1071 1354 non

296 1366 409 1394 inscitiae
425 1374 490 1393 mea:
507 1372 552 1393 aut
569 1367 682 1402 ignaviae
706 1374 873 1403 reputeutur,
901 1371 947 1397 sed
963 1371 1070 1399 illorum

287 1412 340 1447 qui
357 1411 506 1446 antiquitus
518 1412 563 1439 illa
582 1414 840 1450 scripseruntzquia
854 1416 879 1443 in
899 1416 971 1444 nullo
990 1419 1071 1446 verba

286 1457 586 1493 jpsorumpermutavi,
602 1459 653 1487 nisi
670 1460 739 1494 quod
754 1460 872 1488 locorum
892 1467 919 1489 et
930 1462 1070 1490 civitatum

296 1503 413 1536 nornina,
435 1511 485 1531 non
501 1505 570 1532 bene
584 1505 704 1540 cognita,
720 1506 810 1541 aliquo
821 1507 1005 1537 additamento
1019 1517 1068 1537 ex-

285 1549 409 1583 ,planavi.
428 1558 436 1575 :

331 1592 505 1627 Quandonam
527 1594 685 1622 Adelbertus
707 1595 757 1623 iste
783 1595 890 1627 vixerit,
911 1597 975 1624 milii
1008 1605 1060 1625 non

289 1643 418 1671 constat;
446 1647 495 1666 nec
516 1644 580 1675 puto
602 1640 689 1668 scient
711 1641 802 1668 dicere
821 1640 982 1669 Udalriciani
1011 1651 1071 1670 tno-

295 1683 384 1716 nui-hi,
399 1691 512 1718 quorum
530 1685 685 1712 coenobium
702 1690 787 1713 totum
803 1685 984 1722 conﬂagrasse
999 1695 1070 1714 anno

289 1729 362 1757 1355
389 1729 483 1757 scribit
498 1729 649 1758 Bernardus
666 1730 829 1765 Hertfelder,
847 1732 874 1760 in
892 1733 965 1761 brevi
986 1733 1070 1768 ipsius

293 1775 343 1802 loci
366 1774 506 1807 Chronico,
533 1775 681 1804 luculenter
702 1777 863 1813 descriptam
885 1778 936 1807 SS.
952 1779 1070 1807 Udalriei

285 1825 318 1846 ,ει
333 1819 404 1847 Afrze
424 1819 574 1852 basilicam,
591 1825 654 1849 ante
670 1822 718 1849 bos
731 1821 766 1849 60
776 1830 861 1850 annos
873 1823 969 1851 ibidem
986 1825 1069 1860 prior.

290 1864 347 1891 isto
367 1869 456 1892 autem
478 1865 602 1893 incendio
625 1867 706 1894 etiam
721 1868 877 1901 pnedietum
894 1869 927 1897 de
943 1870 973 1898 S.
985 1871 1071 1898 Atha-

292 1908 370 1935 nasio
390 1909 560 1943 opusculum.
576 1910 696 1938 fortassis
713 1911 784 1939 haud
805 1912 850 1940 diu
867 1919 930 1941 ante
949 1916 1070 1943 conscri-

292 1958 377 1986 ptum,
394 1954 504 1987 periisse
527 1955 577 1982 hoc
593 1956 738 1984 verosimili
760 1956 860 1985 indicio
881 1959 973 1992 credo,
999 1961 1069 1996 qttod

293 2004 364 2025 auito
380 1997 448 2025 1660
463 1998 652 2026 bibliothecam
672 1999 842 2028 celeberrimi
868 2004 1023 2031 monasterii
1041 2009 1070 2031 et

293 2050 359 2070 mss.
373 2043 480 2071 codices
492 2051 586 2071 omnes
602 2045 746 2079 diligenter
763 2051 902 2076 scrutatus
918 2048 1008 2083 (erant
1023 2057 1070 2076 att—

291 2093 346 2116 tem
362 2089 388 2116 in
406 2089 438 2117 iis
453 2090 535 2124 aliqui
556 2091 590 2117 ab
601 2091 679 2118 annis
691 2091 801 2119 circiter
817 2094 946 2122 trecentis
961 2095 1066 2129 scripti)

290 2137 356 2164 nihil
374 2137 427 2164 tale
443 2137 602 2165 invenerim.
618 2137 672 2165 Sed
696 2139 767 2174 quod
789 2139 815 2166 iu
839 2140 898 2167 loco
912 2148 962 2168 suo
984 2142 1068 2169 natali

1124 915 1218 942 eodem
1235 913 1414 944 redemimus;
1429 919 1461 938 ae
1477 911 1573 938 deinde
1587 910 1674 936 Vitam
1689 909 1760 936 illam
1785 907 1900 935 c0ntuli-

1125 967 1183 986 mus
1201 965 1262 986 cum
1287 958 1380 985 codice
1405 957 1456 984 696
1481 956 1579 989 reginae
1602 954 1706 982 Suecize
1726 954 1752 980 in
1767 960 1819 987 quo
1843 953 1898 986 ipsa

1123 1004 1258 1036 aliquanto
1285 1002 1451 1030 contractior
1495 1001 1677 1032 habebatur;
1709 997 1792 1025 multo
1819 998 1899 1024 etiam

1124 1047 1209 1083 magis
1224 1051 1365 1075 contracta
1380 1047 1405 1073 itt
1423 1045 1571 1073 Passionali
1589 1043 1751 1075 Bodecensi,
1764 1043 1834 1070 unde
1851 1051 1899 1069 sua

1126 1101 1206 1120 manu
1227 1093 1350 1120 eamdem
1377 1092 1454 1119 nobis
1483 1091 1626 1125 descripsit
1645 1090 1825 1126 prmlaudattts
1844 1087 1900 1116 Ga-

1124 1139 1253 1170 mansius,
1271 1139 1297 1165 in
1312 1138 1378 1164 duos
1393 1137 1469 1172 quasi
1490 1136 1574 1164 libros
1589 1135 1714 1162 divisam.

1159 1184 1211 1211 Sed
1231 1185 1287 1211 lucc
1302 1184 1403 1216 omnia,
1417 1188 1444 1210 et
1467 1183 1490 1210 si
1514 1189 1573 1217 quae
1592 1181 1654 1212 alia,
1669 1185 1699 1208 ut
1720 1179 1827 1207 nomine
1848 1186 1898 1206 au-

1124 1231 1207 1259 ctoris
1219 1234 1321 1263 carent,
1339 1229 1376 1256 ita
1391 1236 1442 1255 non
1454 1233 1590 1255 merentur
1603 1227 1742 1262 operosius
1756 1224 1898 1260 distingui:

1124 1278 1274 1306 laudandus
1295 1284 1359 1304 vero
1372 1276 1530 1303 nominatim
1550 1279 1592 1302 est
1613 1274 1731 1301 Joannes
1760 1272 1899 1303 Aretinus,

1123 1325 1248 1351 Romana
1271 1315 1397 1350 Ecclesia:
1419 1321 1613 1352 subdiaconus,
1634 1320 1679 1355 qui
1707 1319 1757 1347 sub
1781 1317 1900 1353 Eugenio

1123 1377 1188 1404 papa
1210 1368 1243 1396 ιν
1255 1389 1262 1401 ,
1276 1369 1348 1395 circa
1365 1376 1427 1394 ann.
1444 1367 1524 1399 1460,
1539 1374 1571 1394 ex
1587 1372 1725 1393 auctorum
1745 1364 1898 1392 Graecorum

1124 1415 1253 1446 fontibus,
1269 1414 1385 1442 Eusebio
1407 1413 1568 1448 praesertim,
1589 1413 1712 1443 Socrate,
1730 1410 1899 1438 Theodorcto

1123 1466 1203 1495 atque
1216 1459 1376 1492 Sozomeno,
1399 1466 1503 1486 necnon
1519 1465 1552 1485 ex
1567 1458 1628 1484 Vita
1645 1457 1695 1484 sub
1715 1456 1822 1484 nomine
1845 1455 1900 1482 Me-

1124 1505 1270 1539 tapltrastis
1286 1505 1405 1535 inventa.
1429 1503 1562 1537 prolixam
1579 1502 1645 1529 satis
1661 1501 1800 1529 contexuit
1814 1500 1898 1527 histo-

1123 1553 1200 1583 riam,
1221 1551 1347 1585 dictoque
1373 1549 1492 1585 pontiﬁci
1515 1548 1660 1581 dedicavit,
1685 1552 1715 1574 ut
1742 1547 1899 1574 innumeras

1122 1597 1322 1632 persecutiones
1338 1601 1451 1623 eatenus
1468 1595 1566 1630 injuste
1577 1601 1716 1628 perpesso,
1741 1593 1812 1619 inter
1832 1599 1899 1626 quas

1121 1647 1176 1666 stne
1190 1640 1225 1666 illi
1237 1647 1312 1674 teque
1326 1647 1358 1666 ac
1374 1639 1404 1666 S.
1419 1638 1569 1665 Athanasio
1587 1635 1638 1664 non
1653 1637 1787 1664 defuerint
1800 1643 1897 1663 conso«

1121 1685 1245 1714 lationes.
1261 1685 1326 1712 Nam
1341 1685 1412 1712 sicut
1424 1684 1468 1712 hic
1483 1684 1566 1711 multa
1591 1684 1699 1710 interim
1715 1690 1765 1718 pro
1782 1682 1826 1710 Dei
1845 1681 1898 1709 Ec-

1121 1732 1201 1759 clesia
1225 1739 1254 1759 se
1276 1730 1424 1766 perfecisse
1445 1730 1565 1764 gavisus,
1590 1729 1697 1756 tandem
1714 1735 1769 1755 sua:
1785 1727 1899 1762 propria:

1120 1777 1307 1805 Alexandrina:
1322 1784 1414 1811 pacem
1429 1775 1559 1803 redditam
1578 1775 1665 1802 vidit:
1681 1774 1721 1802 sic
1741 1778 1768 1800 et
1782 1773 1819 1800 illi
1837 1780 1899 1808 gra-

1122 1822 1222 1849 tulatur
1237 1821 1355 1849 Joannes
1370 1821 1549 1848 inveteratum
1565 1820 1721 1848 Grtccoruut
1742 1823 1823 1853 atque
1843 1818 1896 1844 Ar-

1120 1874 1259 1894 menorum
1275 1867 1391 1894 schisma
1406 1866 1565 1900 perduxisse
1584 1865 1617 1892 ad
1632 1864 1770 1896 unionem,
1785 1862 1897 1890 inﬁnitis

1120 1919 1188 1947 pene
1215 1912 1345 1947 impensis
1367 1919 1399 1940 ac
1423 1912 1536 1940 summis
1559 1911 1707 1942 laboribus,
1728 1917 1783 1937 rem
1806 1909 1898 1948 multis

1119 1959 1292 1987 decessorqu
1315 1963 1457 1992 teutatam,
1481 1957 1626 1993 perfectam
1652 1955 1762 1984 nemini.
1790 1954 1897 1982 Nullam

1120 2005 1165 2032 hic
1183 2005 1346 2032 mentionem
1365 2004 1634 2036 facitJacobitarum,
1652 2002 1695 2037 qui
1719 2001 1792 2029 missi
1811 2000 1898 2028 altero

1119 2054 1180 2085 post
1194 2050 1347 2085 praedictam
1365 2050 1491 2077 unionem
1507 2056 1578 2076 anno
1594 2053 1622 2076 et
1636 2048 1667 2075 41
1689 2048 1769 2075 istius
1787 2045 1876 2074 δίρρυιί
1887 2065 1897 2078 ,

1119 2095 1220 2122 nullam
1239 2091 1320 2122 etiam
1347 2094 1509 2129 legatorum,
1531 2095 1577 2130 qui
1604 2101 1676 2121 anno
1695 2100 1757 2120 mox
1774 2091 1896 2127 sequenti

1119 2146 1250 2168 venerunt
1274 2147 1289 2168 a
1314 2139 1489 2168 Prestcianne
1509 2148 1516 2172 ;
1544 2144 1573 2167 ut
1591 2139 1699 2174 scriptae
1720 2137 1898 2165 dedicationis

287 2189 344 2210 non
367 2183 563 2215 inveniebatur,
588 2183 728 2210 invenerat
749 2189 812 2211 ante
834 2184 921 2212 dictus
947 2184 1068 2213 Gaman-
1083 2199 1107 2228 υ
1122 2193 1225 2222 tempus
1240 2187 1390 2214 nullatenus
1405 2187 1490 2221 possit
1504 2186 1530 2214 in
1547 2186 1655 2213 dubium
1673 2183 1807 2212 revocari.

289 2230 346 2257 sius
362 2234 451 2257 noster
465 2228 661 2257 inillabureusi
678 2237 761 2264 prope
776 2229 881 2258 Uhuam
895 2232 1000 2259 ordinis
1021 2233 1069 2261 Be-

286 2274 416 2302 nedictini
452 2274 566 2305 abbatia,
586 2274 732 2301 .iusertntn
750 2275 827 2309 parti
848 2265 867 2302 ἰ
891 2275 1068 2311 Passionalis,

287 2321 386 2347 ibidem
403 2319 476 2347 aFr.
485 2319 679 2347 Bartholomzeo
692 2319 781 2347 Krafft
794 2321 866 2347 circa
882 2328 981 2349 annum
994 2322 1062 2350 1480

286 2365 402 2393 exarati.
425 2364 495 2392 Idem
514 2365 681 2392 Gamausius
704 2373 782 2393 suout
814 2366 991 2395 Blaburensis
1015 2376 1066 2396 ms.

286 2411 449 2445 cegraphutn
464 2409 572 2437 curiose
588 2410 737 2437 contulerat
749 2419 819 2438 anno
832 2411 912 2443 1649,
933 2419 993 2439 cum
1015 2413 1067 2440 alio

288 2455 427 2483 vetustiori
439 2455 607 2490 quamprius
621 2455 878 2488 Passionali,.vicini
893 2456 1067 2491 Wiblingen-

288 2502 325 2527 sis
353 2500 528 2534 monasterii;
554 2501 624 2527 unde
645 2500 798 2534 conjectura
821 2506 912 2529 nostra
931 2504 964 2529 de
985 2503 1067 2530 Ader

289 2545 365 2572 berto
388 2547 488 2580 priore,
508 2546 581 2580 quod
609 2547 705 2573 steculo
729 2554 777 2573 xm
799 2547 915 2580 .vixerit,
930 2551 1065 2583 utcunque

289 2592 474 2619 conﬁrmatur.
487 2592 580 2626 Incipit
596 2592 641 2618 ille
660 2593 694 2619 ab
711 2593 917 2620 enumeratione
942 2601 989 2620 sex
1009 2601 1068 2621 οιιι-

289 2639 352 2664 nino
367 2638 516 2670 civitatum,
532 2645 591 2672 quas
609 2638 676 2664 idem
691 2638 863 2665 Alexandriae
878 2646 975 2666 nomen
993 2640 1063 2666 anti-

286 2684 377 2717 quittts
391 2683 526 2715 tulerunt;
540 2692 572 2710 ac
591 2684 687 2711 deinde
710 2692 778 2718 opus
804 2690 921 2719 emptum
941 2685 1065 2719 pluribus

286 2729 468 2764 interstinguit
483 2729 575 2763 titulis,
593 2730 619 2756 in
637 2730 803 2764 propositum
821 2734 1010 2764 argumentum
1028 2732 1065 2758 sic

286 2774 458 2808 ingrediens:
485 2783 493 2799 t
517 2774 652 2810 Regnante
674 2775 855 2802 Constantino
884 2775 1060 2810 imperatore.

282 2819 565 2853 egregiicoufessorcs
577 2824 605 2847 et
622 2820 761 2848 catholicae
776 2820 836 2847 lidei
849 2819 942 2847 ﬁdeles
968 2820 1062 2848 defen-

1157 2232 1243 2260 Vitam
1262 2232 1331 2260 hanc
1344 2232 1470 2267 Aloysius
1487 2231 1667 2266 Lipomannus
1687 2229 1806 2264 vulgavit
1823 2233 1897 2255 tomo

1118 2277 1152 2305 lll
1183 2277 1220 2305 De
1246 2277 1312 2305 Viti:
1334 2283 1502 2309 mactarunt;
1531 2283 1580 2303 nos
1608 2280 1698 2303 autem
1729 2282 1802 2302 anno
1830 2273 1898 2302 l660

1119 2323 1253 2354 eamdem,
1277 2322 1324 2349 sed
1349 2322 1450 2356 absque
1463 2321 1582 2349 auctoris
1606 2320 1724 2352 nontiue,
1744 2320 1897 2346 manuscri-

1119 2374 1191 2403 ptatn
1207 2368 1357 2396 invenimus
1373 2367 1451 2397 Senis
1470 2368 1496 2395 in
1519 2367 1637 2394 armario
1663 2367 1778 2401 quodam
1799 2366 1898 2393 biblio-

1120 2414 1203 2441 theca:
1219 2412 1376 2445 Pontiﬁcius,
1392 2413 1454 2440 olim
1471 2413 1509 2440 Pii
1534 2412 1554 2439 ll
1581 2420 1646 2439 cura
1661 2412 1738 2446 juxta
1755 2411 1900 2439 cathedra-

1119 2458 1171 2486 lem
1198 2458 1337 2486 ecclesiam
1362 2463 1463 2486 ornata:
1492 2458 1701 2492 instructaeque,
1718 2465 1791 2484 uunc
1809 2462 1898 2484 autem

1119 2504 1176 2532 fere
1191 2511 1297 2536 vacuze;
1315 2504 1393 2538 eique
1409 2503 1562 2539 adjunctam
1586 2504 1737 2538 reperimus
1753 2502 1894 2537 epistolam

1118 2549 1259 2577 Justiniaui
1272 2550 1442 2584 imperatoris
1458 2550 1491 2576 ad
1507 2549 1611 2576 Menam
1623 2548 1820 2583 patriarchaut,
1837 2555 1897 2582 quae

1119 2596 1212 2630 quinto
1223 2596 1337 2622 concilio
1350 2595 1511 2622 celebrando
1537 2595 1610 2622 dedit
1621 2595 1806 2624 occasionem,
1819 2594 1897 2625 cujus

1119 2645 1274 2669 contextum
1288 2641 1410 2669 Graecum
1427 2641 1603 2675 proﬁtebatur
1622 2648 1652 2667 se
1672 2639 1798 2667 habuisse
1813 2639 1898 2664 inter-

1119 2695 1179 2722 pres
1191 2687 1271 2721 (idem
1287 2688 1355 2714 haud
1372 2687 1450 2714 dubie
1464 2687 1509 2721 qui
1536 2686 1601 2713 Vita:
1619 2685 1757 2716 colleclor)
1777 2692 1791 2710 a
1807 2684 1899 2712 Theo-

1119 2734 1184 2759 doro
1207 2732 1388 2760 Feltrensium
1416 2733 1550 2766 episcopo.
1571 2732 1682 2765 Qualem
1705 2739 1765 2758 cunt
1785 2731 1811 2758 in
1841 2734 1898 2756 toto

1119 2776 1324 2804 Feretranorum
1357 2778 1541 2812 episcoporum
1557 2777 1683 2813 Cutalogo
1703 2777 1802 2803 nullum
1818 2783 1896 2810 repe-

1121 2826 1221 2851 riamus
1239 2831 1246 2850 :
1263 2823 1322 2851 vide
1339 2831 1400 2850 num
1417 2823 1460 2850 hic
1481 2831 1534 2851 non
1558 2824 1642 2858 possit
1670 2823 1802 2851 interooni
1828 2822 1898 2849 intcr
