2027 3042
765 154 809 182 0E
827 154 943 183 CULTU
965 155 995 183 S.
1014 155 1210 185 ATIIANASII.

1689 170 1786 192 CCLXIII

176 213 306 241 Joannem
323 212 356 240 de
372 211 493 240 Arimino
503 233 511 245 ,
528 211 603 247 cujus
628 220 676 248 pro
691 220 762 240 anno
788 213 857 240 Mil
871 219 959 241 exstat
973 217 995 244 Λ
1010 214 1077 243 XIII.
1090 215 1225 255 Quantum
1241 215 1406 245 solitudinem
1416 222 1441 245 et
1451 217 1584 247 solitarios
1598 226 1698 255 semper
1711 229 1788 249 ama-

177 259 316 292 memoria,
334 253 447 286 scrvata‘
458 259 484 285 in
507 258 592 285 calice
605 263 668 286 tunc
686 266 732 294 per
747 258 833 293 ipsum
849 259 956 291 oblato;

176 309 203 332 et
219 304 390 332 Franciscum
407 304 538 339 Angelum
550 304 582 331 de
595 304 798 336 Claravallihus,
807 311 877 331 anno
889 304 956 331 M44

176 350 207 377 ad
223 349 377 377 cathedram
391 349 463 376 illam
473 350 620 376 admotum.
631 349 708 376 Circa
725 350 847 377 eumdem
858 358 956 377 annum

174 395 323 430 composita
336 394 505 423 estVenetiis
518 396 641 429 quaedam
653 395 772 430 ejusdem
786 396 870 423 sancti
887 396 955 427 Vita,

174 442 208 468 ad
227 449 303 468 usum
324 441 481 468 monialium
496 440 603 468 Sancta:
614 441 720 473 Crucis,
735 442 768 468 ad
780 449 847 476 quas
861 450 956 470 recens

175 487 262 514 {iterat
280 494 379 521 corpus
395 486 555 514 translatum
570 495 649 521 :quce
663 487 723 514 Vita
739 495 800 514 cum
818 496 871 515 non
889 490 955 516 satis

174 538 248 558 (θυι-ιθ
261 532 386 566 cultaque
405 532 552 564 videretur,
576 531 734 560 Hermolaus
750 532 886 560 Barbarus
899 534 954 568 epi«

174 585 272 609 scapus
289 578 450 605 Veronensis
464 577 543 605 aliam
557 585 589 605 ex
608 577 714 605 Eusebii
726 579 834 614 scriptis
852 580 953 614 compi-

175 623 248 651 Iarit.
258 623 300 650 'De
313 628 426 658 utraque
440 623 507 650 intra
523 623 599 658 plura
611 623 744 651 dicentur.

209 669 302 695 Exstat
315 669 395 695 etiam
410 668 461 695 alia
476 669 606 696 Actorum
617 668 645 696 S.
661 669 800 697 Athanasii
816 670 951 703 collectio,

171 721 204 740 ex
221 713 348 748 prmdicto
364 713 471 749 Aloysio
487 713 665 748 Lipomanno,
678 719 738 749 post
757 715 840 749 ipsius
854 715 951 743 'Sancti

171 759 257 794 Opera
269 768 275 793 ;
287 764 381 794 e5tque
394 759 473 787 veluti
487 764 581 786 catena
593 767 626 786 ex
640 760 761 792 Sacrate,
771 761 950 793 Theodoreto,

171 810 252 838 atque
268 804 419 831 Sozomeno
437 816 443 831 ;
459 804 502 830 cui
521 804 618 831 ibidem
633 805 804 840 suhjungitur
830 815 839 831 ι
857 805 950 833 Oratio

172 849 205 876 de
216 849 280 878 vita.
294 850 503 883 certaminibus,
521 855 547 877 et
572 850 696 878 laudibus
725 851 836 884 Sancti,
856 859 870 878 a
893 853 950 879 viro

170 895 286 929 quodam
295 896 371 922 docto
387 902 448 922 ante
462 897 559 924 multos
569 905 651 925 annos
664 898 816 932 conscripta
832 907 838 925 :
858 908 867 924 )
880 906 913 932 qn

171 937 216 964 hic
230 937 326 964 sulIicit
343 938 476 966 indicasse
489 959 497 972 ,
518 944 546 967 ut.
570 941 676 968 tandem
700 941 790 968 ﬁniam
815 950 874 969 cum
894 943 949 970 Na-

170 982 310 1016 zianzeno,
332 984 459 1012 Sanctum
475 986 515 1013 sie
528 985 681 1021 alloquente
698 995 705 1014 :
722 995 732 1013 t
749 988 798 1014 Ast
825 992 863 1020 tu,
879 996 895 1016 ο
906 996 949 1016 sa-

169 1035 243 1055 crum
260 1033 287 1056 et
299 1030 408 1056 charum
423 1036 538 1065 caput...
555 1031 684 1068 benignus
705 1033 738 1060 de
754 1033 822 1061 coelo
840 1042 888 1062 nos
904 1041 949 1062 re-

167 1074 276 1108 spicias.
293 1075 475 1111 populumque
490 1077 560 1105 hunc
578 1085 656 1112 regas
667 1098 674 1110 ,
693 1078 841 1112 perfectum
858 1080 948 1114 perle-

167 1123 217 1146 cta;
230 1119 370 1147 Trinitatis
386 1120 530 1154 cultorem,
541 1130 600 1157 qua:
610 1122 635 1149 in
649 1122 740 1156 Patre,
758 1124 838 1158 Filio,
851 1130 878 1152 ct
889 1126 948 1159 Spi-

167 1165 219 1192 ritu
229 1170 322 1193 sancto
332 1166 491 1201 intelligitur
504 1172 531 1195 et
542 1169 683 1201 adoratur;
699 1177 804 1204 tneque,
813 1171 946 1205 siquidem

169 1210 196 1237 in
219 1217 284 1244 pace
299 1218 378 1245 agere
392 1211 482 1245 liceat,
499 1221 577 1240 manu
608 1219 711 1248 teneas,
734 1215 814 1242 simul
839 1224 946 1253 gregem

167 1257 351 1290 pascens;sin
369 1258 618 1286 autem‘vivendum
636 1263 678 1286 est
691 1260 716 1287 in
735 1260 815 1294 bello,
828 1263 946 1290 abducas

167 1301 229 1328 hinc
247 1301 303 1329 sive
320 1309 442 1330 assumas
454 1323 462 1336 ,
480 1307 621 1339 tecumque
636 1309 662 1332 et
678 1313 738 1332 cum
753 1307 791 1333 tui
812 1307 946 1336 similibus

166 1345 292 1378 colloces,
307 1347 413 1373 tametsi
440 1347 544 1382 grande
559 1353 601 1375 est
620 1350 690 1384 quod
716 1352 826 1385 petitur,
846 1352 872 1380 in
889 1353 946 1388 ipso

164 1391 273 1419 Christo
289 1391 401 1420 Domino
414 1399 517 1427 nostro,
533 1394 577 1421 cui
601 1396 690 1423 omnis
706 1396 803 1432 gloria,
818 1398 904 1426 honor
920 1404 947 1426 et

165 1437 307 1472 imperium
324 1437 350 1465 in
366 1439 472 1466 stecula.
486 1440 580 1467 Amen.
594 1450 603 1466 ι
627 1442 730 1476 Quibus
741 1444 831 1472 verbis
841 1449 870 1472 et
889 1445 946 1480 ipse

164 1491 239 1511 suam
257 1484 288 1512 de
302 1485 427 1513 maximis
446 1486 586 1515 Athanasii
604 1490 709 1517 meritis
723 1490 846 1518 ﬁduciam
858 1491 944 1527 expli-

165 1533 219 1560 cat,
231 1533 257 1556 et
269 1529 392 1564 exemplo
410 1532 487 1564 praeit
504 1532 590 1566 ipsum
616 1533 778 1567 invocandi,
804 1536 885 1563 etiam
917 1537 943 1563 in

165 1573 208 1600 his
235 1582 293 1608 qua:
313 1575 462 1603 Ecclesiam
481 1585 552 1605 nunc
577 1578 685 1606 turbant
698 1580 835 1607 variarum
861 1589 943 1608 nova-

165 1626 278 1654 rumque
293 1621 450 1655 opinionum
474 1624 698 1658 tempestatibus:
715 1633 783 1660 quas
806 1626 887 1654 veluti
913 1628 939 1655 in

165 1665 272 1698 speculo
285 1673 433 1700 proponere
447 1668 551 1695 videtur
570 1675 661 1697 noster
677 1670 827 1699 Ludovicus
844 1671 941 1700 Maim-

164 1709 260 1743 bourg,
275 1711 379 1738 duohtts
394 1713 473 1740 tomis
484 1713 586 1742 Gallice
598 1716 677 1743 editis
689 1721 716 1744 et
731 1716 850 1744 Historia
866 1719 944 1746 Aria-

165 1757 243 1783 nismi
265 1757 414 1791 appellatis,
430 1759 475 1786 ubi
493 1759 522 1787 S.
545 1750 710 1790 Athanasius
726 1762 873 1799 pracipuas
887 1762 945 1792 ubi-

165 1810 216 1836 que
230 1807 321 1837 partes
333 1807 399 1839 agit.

200 1849 263 1881 Qua:
278 1855 368 1876 autent
380 1854 542 1886 quantaeque
554 1851 667 1879 virtutes
684 1853 742 1887 ejus
760 1854 786 1880 in
801 1858 854 1880 tam
868 1855 942 1883 varia

164 1893 269 1920 fortuna
295 1899 323 1922 et
348 1895 497 1930 iactatione
515 1898 682 1930 exstiterint.
696 1899 717 1926 si
732 1899 796 1933 quis
823 1900 886 1927 velit
909 1908 943 1928 ex

164 1940 303 1974 ipsiusmet
315 1941 425 1976 scriptis
442 1942 583 1970 collectum
602 1944 705 1976 videre,
724 1944 942 1974 habetultimum

162 1986 259 2014 librum
278 1987 346 2015 Vita:
363 1987 473 2016 Gallica:
489 2009 497 2021 ,
515 1989 540 2016 in
567 1985 699 2025 principio
715 1991 827 2018 laudata:
841 2011 848 2024 ,
866 1993 942 2028 cujus

161 2034 336 2061 nummariam
349 2034 483 2070 syuopsim
496 2043 544 2071 per
555 2035 672 2070 capitum
697 2037 787 2065 titulos
813 2038 855 2065 hic
868 2038 943 2067 Iubet

162 2086 318 2114 proponere.

483 2144 560 2164 LIBER
573 2145 622 2164 XII.

160 2181 225 2223 Clin.
240 2181 262 2209 Ι.
274 2181 315 2222 Ine
338 2182 388 2217 ﬁde
407 2182 436 2210 S.
452 2182 607 2216 Athanasii,
625 2183 794 2218 fundamento
815 2190 940 2212 constan-

197 2222 242 2243 tia:
255 2225 321 2251 ρμη.

1043 257 1105 276 τέηι
1110 271 1117 277 .

1009 283 1087 323 XIV._
1096 285 1206 323 Qualem
1222 286 1253 313 de
1267 286 1349 314 sacris
1361 287 1505 323 virginibus
1515 296 1606 316 curam
1616 290 1734 323 gesserit,
1746 297 1788 318 re-

1043 320 1117 355 gulas
1132 322 1170 348 eis
1181 327 1340 353 opportunas
1356 320 1539 355 prtéscribens.

1007 354 1064 381 XV.
1084 354 1186 392 Quanti
1202 356 1291 389 fecerit
1319 354 1436 383 Psntmas
1461 357 1616 390 Davidicos,
1634 357 1787 392 psalmodiis

1041 389 1227 418 ecclesiasticae
1240 391 1385 418 matimator
1396 392 1554 427 prwripuus.

1006 468 1044 495 De
1063 477 1170 504 corpore
1196 469 1226 497 S.
1249 469 1389 506 Athanasii
1413 469 1645 506 Constantinopoli.
1664 470 1784 499 Venetiae

1171 504 1299 531 translato
1309 509 1333 530 et
1350 505 1407 539 ejus
1421 505 1518 532 ibidem
1531 505 1615 533 cultu.

1039 559 1105 593 Quae
1118 560 1151 587 de
1169 567 1283 595 corpore
1301 561 1333 588 S.
1347 561 1512 594 Athanasii‘,
1537 561 1698 590 Alexandria
1712 562 1783 591 Con-

1002 605 1205 640 stantinopolim
1227 606 1370 639 translato,
1385 606 1502 634 diximus
1528 614 1607 642 supra
1620 614 1669 642 per
1691 608 1783 644 conje-

1003 656 1107 678 cturam
1122 651 1252 679 duntaxat
1265 672 1272 685 ,
1287 652 1476 680 cert-itudinem
1491 653 1628 689 accipiunt
1650 662 1683 682 ex
1699 655 1782 682 certi-

1003 697 1094 724 tudine
1107 697 1245 726 aediﬁcata;
1259 698 1359 726 ibidem
1382 698 1407 726 ei
1425 699 1548 727 ecclesiae
1563 704 1662 734 etpost
1681 705 1783 728 secutas

1003 742 1184 771 translationis
1200 743 1336 772 Venetias.
1354 744 1410 772 Hoc
1434 745 1498 773 illuc
1523 746 1549 774 In
1573 747 1657 778 aedem
1684 746 1782 774 8.2a-

1001 788 1100 816 chariaa
1113 789 1230 816 delatum
1246 790 1308 817 dum
1328 790 1419 817 dicunt
1439 791 1578 819 'Baronius
1599 796 1626 818 et
1641 791 1780 826 Ughcllus,

1000 838 1158 861 erraverunt
1172 835 1230 862 sine
1245 835 1327 863 dubio
1339 835 1365 863 in
1379 836 1544 864 nominanda
1560 837 1675 864 ecclesia
1691 846 1698 865 :
1717 837 1780 871 quia

916 899 949 925 οὐ
967 886 988 914 [ι
1003 879 1038 905 ὶΙή
1066 878 1136 906 nulla
1153 883 1194 906 est
1210 879 1239 906 S.
1263 880 1403 908 Athanasii
1423 881 1553 909 memoria
1571 890 1578 909 :
1596 889 1693 916 carpus
1717 890 1780 909 vero

1001 923 1156 957 praedictum
1171 923 1259 951 adth
1275 925 1354 952 hodie
1367 929 1491 952 servatur
1507 926 1534 952 in
1551 927 1724 958 monasterio,
1745 927 1778 954 ad

1000 968 1069 1002 quod
1083 969 1199 996 delatum
1214 969 1291 997 initio
1305 969 1364 1003 fuit,
1377 969 1485 998 Sanctae
1498 970 1594 998 Crucis
1611 971 1644 998 de
1655 970 1779 1004 Judaica,

999 1021 1091 1040 earnm
1106 1014 1254 1042 insularum
1270 1022 1333 1048 una,
1349 1023 1408 1050 quae
1425 1015 1582 1043 Veneticam
1599 1017 1694 1043 urbem
1710 1025 1778 1051 qua-

1000 1059 1059 1086 dam
1076 1059 1157 1086 velati
1173 1060 1397 1088 concatenatione
1411 1061 1590 1096 praecingunt,
1607 1069 1639 1088 ex
1655 1069 1686 1088 ea
1702 1067 1779 1096 parte

998 1112 1051 1140 qua
1068 1105 1097 1132 S.
1114 1105 1194 1132 Marci
1222 1106 1334 1134 basilica
1360 1112 1390 1134 et
1411 1105 1499 1134 forum
1525 1114 1600 1134 mare
1619 1107 1777 1142 respiciunt.

999 1150 1197 1178 Distinctiorem
1214 1151 1247 1178 de
1263 1152 1388 1186 praesenti
1414 1153 1536 1188 corporis
1557 1157 1628 1181 statu
1646 1153 1779 1189 iactaque

997 1196 1060 1224 olim
1092 1197 1269 1226 translatione
1295 1199 1418 1226 notitiam
1440 1199 1589 1234 requirenti
1606 1200 1681 1232 mihi.
1698 1200 1729 1227 It.
1746 1199 1775 1227 P.

997 1240 1122 1277 Aioysins
1134 1242 1273 1278 Gonzaga,
1291 1242 1421 1278 professae
1435 1245 1530 1272 domus
1541 1249 1640 1272 nostra:
1655 1244 1777 1272 Venetiis

996 1288 1166 1323 prmposilus,
1179 1296 1240 1316 cum
1260 1296 1309 1324 per
1327 1297 1356 1318 se
1367 1291 1491 1325 nequiret
1507 1292 1621 1324 servire,
1631 1290 1775 1324 adurgen-

994 1333 1065 1360 tiora
1077 1333 1157 1361 cilicii
1181 1334 1222 1362 sui
1238 1335 1343 1370 negotia
1360 1340 1489 1364 evocatus
1507 1337 1533 1364 in
1558 1344 1651 1371 agrum
1677 1336 1779 1363 Patavi-

997 1387 1071 1413 num,
1087 1381 1192 1408 curavit
1206 1385 1235 1408 ut
1248 1388 1343 1410 unuse
1360 1381 1415 1409 suis
1439 1382 1625 1417 responderet,
1649 1381 1690 1409 vir
1710 1388 1777 1409 sane

997 1424 1227 1458 acettratissimus,
1246 1425 1284 1453 uti
1301 1433 1334 1453 ex
1352 1426 1476 1460 sequenti
1490 1425 1549 1461 ejus
1563 1426 1675 1461 scripto,
1690 1425 1718 1453 in
1731 1433 1777 1461 pu-

996 1468 1057 1496 blici
1078 1469 1225 1497 testimonii
1242 1470 1356 1498 formam
1371 1471 1474 1506 digesto
1489 1476 1609 1506 apparet.

1033 1524 1044 1541 ι
1063 1515 1092 1542 In
1111 1516 1218 1543 nomine
1236 1516 1353 1544 Domini.
1369 1518 1463 1544 Amen.
1477 1516 1602 1553 Aloysius
1624 1517 1776 1551 Carnolius.

955 1555 978 1584 ε
995 1561 1184 1596 Bononiensis,
1206 1562 1351 1591 Societatis
1375 1562 1440 1591 Iesu
1468 1563 1607 1599 professus
1620 1583 1628 1596 ,
1643 1571 1775 1593 annorum

995 1606 1040 1640 59,
1059 1607 1164 1635 accessi
1180 1608 1223 1635 die
1238 1608 1272 1635 15
1282 1608 1454 1643 Septembris
1467 1616 1539 1636 anno
1552 1607 1621 1636 1676
1643 1609 1676 1635 ad
1694 1608 1778 1636 eccle-

995 1653 1063 1680 siam
1083 1653 1238 1680 monialium
1250 1653 1358 1682 Sanctm
1375 1654 1479 1687 Crucis,
1495 1655 1600 1682 ordinis
1617 1654 1646 1682 S.
1663 1654 1776 1683 Benedi-

995 1697 1030 1724 cti
1045 1717 1053 1729 ,
1086 1697 1202 1732 positam
1221 1697 1341 1726 Venetiis
1367 1698 1395 1726 in
1428 1697 1538 1726 Iudaica
1553 1707 1563 1727 :.
1579 1703 1607 1727 et
1624 1699 1677 1727 vidi
1696 1706 1777 1736 super

995 1743 1090 1775 altare,
1104 1743 1185 1770 situm
1202 1743 1229 1770 in
1255 1743 1343 1771 medio
1360 1743 1492 1777 ecclesiae,
1514 1751 1606 1772 arcam
1626 1743 1775 1780 ingentem,

995 1788 1109 1823 ligneam
1124 1808 1131 1821 ,
1148 1795 1277 1824 conopmo
1291 1789 1378 1817 serico
1398 1789 1566 1818 Damasceno
1578 1809 1587 1822 ,
1612 1790 1702 1818 aureis
1716 1790 1776 1817 tim-

996 1833 1061 1861 hriis
1087 1834 1242 1868 terminato,
1258 1839 1379 1869 opertam
1394 1855 1403 1868 ,
1418 1834 1519 1863 aﬂ‘abm
1532 1835 1675 1871 sculptam,
1689 1843 1722 1863 se
1734 1840 1778 1863 to-

994 1884 1047 1905 tam
1062 1879 1211 1906 inauratam
1228 1888 1235 1906 :
1252 1879 1298 1906 uhl
1309 1878 1383 1906 aiunt
1396 1880 1530 1907 asservari
1538 1887 1638 1915 corpus
1648 1879 1679 1910 ὃ.
1695 1880 1777 1909 Atha-

994 1924 1072 1955 ttasii,
1089 1924 1205 1959 episcopi
1220 1924 1406 1958 Alexandrini,
1417 1925 1463 1960 qui
1474 1925 1633 1954 fuitauctor
1648 1926 1775 1962 symboli,

994 1967 1158 2004 Quicunque,
1174 1977 1236 1997 nam
1258 1970 1294 1997 ita
1309 1971 1509 2001 denominatur.
1524 1972 1623 2001 Amoto
1632 1979 1776 2007 conopmo,

993 2013 1097 2041 sublata
1111 2020 1151 2042 est
1165 2021 1229 2049 pars
1250 2016 1385 2044 versatilis
1408 2017 1528 2045 austerior
1540 2018 1675 2052 prmiictte
1689 2025 1771 2048 arcte.

993 2067 1025 2087 ac
1054 2067 1103 2095 per
1129 2061 1306 2090 nitidissimas
1329 2062 1453 2098 ingentes
1476 2064 1621 2098 crysutllos
1635 2083 1643 2097 .
1666 2065 1775 2093 admota

992 2105 1074 2133 etiam
1090 2113 1138 2141 per
1149 2114 1192 2134 me
1205 2108 1250 2142 qui
1265 2109 1475 2137 conscenderam
1496 2110 1581 2138 altare
1594 2119 1647 2138 una
1658 2117 1692 2138 ex
1708 2118 1775 2139 can-

992 2150 1071 2183 delis,
1088 2152 1122 2180 de
1135 2160 1212 2181 more
1240 2154 1347 2188 quoties
1366 2155 1459 2190 pateﬁt
1474 2163 1537 2184 arca
1559 2157 1709 2194 accensis;
1720 2157 1776 2185 vidi

992 2201 1114 2224 sanctum
1126 2205 1225 2234 corpus
1236 2200 1373 2234 supinum,
1386 2205 1460 2229 veste
1481 2203 1624 2230 sacriﬁcali
1639 2203 1774 2238 pretiosis—

160 2237 243 2278 II.'l5e
255 2237 391 2279 :(vlll'it-ll'lnle
404 2258 426 2279 et
439 2252 576 2279 eminentia
591 2253 706 2280 scientiw
725 2253 799 2287 ejus,
813 2253 934 2288 Scriptu-
950 2237 972 2265 θ
989 2242 1057 2270 Sim“
1078 2243 1199 2272 indutum
1215 2254 1222 2272 ³
1236 2253 1285 2280 Per
1300 2246 1377 2281 cuius
1394 2253 1480 2276 νεειθε
1491 2253 1521 2276 ει
1544 2250 1646 2284 amplas
1665 2257 1698 2277 9"
1715 2255 1773 2277 “ne

196 2288 231 2312 ris
244 2292 266 2312 rt
278 2288 410 2313 traditioni
425 2287 532 2314 innixw.

159 2320 201 2348 Ill.
218 2321 254 2347 De
265 2330 308 2355 spe
319 2322 398 2355 ipsius
412 2327 434 2349 et
446 2322 543 2355 ﬁducia
554 2322 580 2348 in
595 2321 689 2350 Deum.

160 2356 202 2391 IV.
222 2357 258 2382 De
275 2357 403 2383 churitate
414 2357 472 2391 ejus
486 2365 548 2391 erga
560 2357 654 2384 Deum.

160 2390 190 2417 V.
209 2391 244 2427 De
264 2399 351 2418 umore
365 2390 429 2425 ejus
440 2399 501 2425 erga
518 2390 666 2418 Ecclesium
683 2393 708 2419 in
724 2400 826 2427 genere,
840 2396 864 2420 el
879 2401 937 2426 spe-

193 2426 296 2452 cialiter
307 2434 368 2460 erga
388 2426 604 2452 Alexandrinam.

158 2459 203 2486 VI.
224 2461 259 2487 De
274 2459 413 2493 prudentia
427 2465 450 2487 et
459 2460 566 2494 justitia
584 2461 613 2488 S.
633 2461 779 2488 Athanasii.

159 2495 213 2530 VII.
227 2496 263 2521 De
275 2495 429 2529 fortitudine
439 2502 462 2521 et
477 2497 692 2529 magnanimitate
707 2497 834 2530 ejusdem.

161 2529 224 2556 VIII.
243 2530 282 2566 De
294 2530 419 2566 frequenti
429 2530 485 2564 ejus
502 2539 601 2557 recessu
620 2536 643 2557 et
662 2529 723 2565 fuga
736 2551 743 2563 ,
756 2533 935 2566 pusillanimi—

194 2566 254 2590 tntis
273 2565 473 2599 haudquaquam
490 2567 650 2592 accusanda.

157 2598 202 2626 ΙΧ.
222 2599 257 2625 De
271 2598 477 2633 patientia'ejus.
492 2601 632 2633 quantique
649 2601 676 2627 in
690 2601 816 2634 reglutina
831 2602 935 2628 (mima-

193 2642 249 2660 rum
266 2635 353 2667 fecerit
368 2635 519 2661 exercitium
539 2635 617 2668 hujus
630 2636 742 2661 virtutis.

157 2667 191 2695 Χ.
208 2669 244 2695 De
258 2669 314 2703 ejus
325 2670 510 2703 lentperaulta,
528 2667 586 2696 vitta
598 2670 751 2697 austeritate
763 2675 786 2697 et
799 2671 938 2705 perfectis-

192 2705 258 2730 sima
277 2705 446 2730 continentia.

158 2738 202 2765 XI.
230 2738 266 2765 De
295 2738 442 2765 humilitate
467 2743 491 2765 et
529 2738 726 2766 ntausuetudt'ne
763 2738 791 2766 S.
814 2739 933 2767 Athana-

191 2782 233 2800 δη.

157 2807 210 2835 XII.
232 2808 301 2841 Quid
317 2809 423 2835 senserit
440 2810 472 2836 de
491 2814 561 2836 statu
581 2807 731 2842 episcopali,
744 2813 767 2834 et
785 2809 876 2842 quibus
897 2819 937 2837 re-

189 2844 256 2877 gulis
274 2844 415 2877 ingressum
437 2845 470 2870 ad
489 2846 606 2872 eumdem
625 2844 803 2879 prtemuuiertt
819 2846 936 2872 scribens

190 2879 224 2905 ad
243 2879 422 2906 Dracontium.

989 2288 1072 2316 rimas
1086 2309 1094 2321 ,
1115 2290 1168 2317 vidi
1188 2290 1329 2319 brachium
1350 2293 1463 2320 alterum
1479 2298 1509 2321 et
1537 2294 1635 2327 femur,
1662 2303 1771 2323 manum

988 2333 1071 2360 etiam
1088 2338 1230 2369 utramque
1247 2343 1278 2363 ac
1290 2336 1388 2371 digitos
1405 2337 1546 2371 gemmatis
1566 2339 1673 2366 annnlis
1690 2348 1773 2367 orna-

985 2383 1040 2405 tos.
1056 2378 1143 2407 Pedes
1153 2380 1234 2408 habet
1248 2381 1382 2409 calceatos
1392 2390 1399 2408 :
1408 2383 1505 2416 capitis
1515 2388 1605 2411 autem
1619 2384 1690 2417 loco,
1699 2386 1771 2420 quod

988 2425 1089 2458 pridem
1103 2425 1217 2452 Romam
1232 2427 1347 2455 delatum
1360 2429 1445 2461 aiunt,
1458 2429 1624 2458 involucrum
1634 2437 1676 2459 est
1686 2433 1772 2466 quod-

987 2470 1049 2497 dam
1063 2478 1096 2498 ex
1110 2472 1287 2500 subtilissima
1306 2474 1397 2509 bysso,
1413 2476 1501 2502 serico
1515 2476 1657 2511 phrygiam
1672 2477 1771 2505 distin-

987 2521 1071 2549 ctum,
1079 2517 1121 2544 cui
1136 2517 1212 2544 mitra
1221 2523 1262 2545 est
1274 2519 1406 2553 imposita.
1416 2520 1519 2549 Parieti
1533 2522 1652 2549 ecclesiae
1660 2522 1773 2550 dextero

988 2560 1066 2588 allixa
1081 2567 1124 2589 est
1138 2564 1304 2597 praegrandis
1325 2565 1424 2598 tabula,
1443 2573 1495 2594 non
1515 2567 1682 2602 ineleganter
1697 2568 1773 2603 depi-

988 2611 1031 2632 cta
1047 2626 1055 2639 ,
1071 2606 1098 2633 in
1114 2606 1192 2642 cujus
1215 2608 1300 2636 altera
1323 2615 1398 2643 parte
1424 2612 1612 2646 exprimuntur
1636 2618 1710 2648 gesta
1739 2614 1770 2641 S.

989 2652 1130 2679 Athanasii
1149 2654 1307 2687 celebriora.
1321 2662 1352 2682 ea
1367 2657 1514 2689 prresertim
1530 2665 1589 2692 quae
1611 2658 1636 2685 in
1648 2658 1771 2686 [tornano

989 2697 1125 2725 Breviario
1139 2699 1172 2726 ad
1184 2699 1202 2725 ‘2
1216 2700 1286 2727 diem
1304 2700 1366 2728 Maii
1384 2707 1528 2736 notantur;
1545 2703 1571 2730 in
1588 2704 1672 2731 altera
1694 2711 1771 2740 parte

989 2744 1073 2771 series
1088 2749 1116 2772 et
1131 2745 1241 2772 historia
1266 2747 1449 2775 translationis
1474 2749 1508 2776 ad
1532 2749 1624 2777 urbem
1639 2750 1769 2778 Venetam

988 2793 1068 2822 atque
1079 2789 1112 2816 ad
1126 2789 1194 2817 hanc
1209 2790 1303 2817 aedem.
1320 2791 1358 2817 Ex
1376 2792 1469 2819 eodem
1486 2793 1590 2827 pariete
1616 2795 1705 2822 videre
1727 2801 1768 2824 est

989 2833 1131 2866 pendentia
1144 2834 1315 2862 anathemata
1332 2835 1407 2869 plura
1424 2837 1512 2864 votiva
1529 2846 1562 2865 ex
1576 2843 1700 2874 argento,
1727 2845 1768 2867 ta-

990 2877 1126 2913 bclIasque
1142 2879 1243 2923 ligneas
1258 2880 1391 2916 depictas,
1410 2881 1437 2910 in
1452 2881 1531 2911 ﬁdem
1555 2890 1588 2912 ac
1610 2885 1769 2915 meritoriam
