2027 3042
272 153 346 176 λτειῐ
351 152 375 173 IV

951 138 1214 169 PROLEGOMENA.

283 207 427 234 sanitatum
454 212 485 232 ac
502 204 694 231 beneficiorum
720 209 892 238 acceptorum
912 201 1060 229 malorum-
1075 201 1098 229 Α
1113 208 1122 224 ι
1147 200 1220 230 tutis.
1245 199 1348 228 Latinis
1374 207 1481 234 quoque
1509 199 1604 228 litteris
1624 201 1814 228 decantaretur
1834 209 1843 234 ;
1868 205 1894 230 et

282 260 336 287 que
351 251 519 286 depulsorum
537 258 586 285 per
599 250 629 277 S.
645 250 834 277 Athanasium.

322 306 332 322 ι
346 295 478 323 Praeterea
493 296 517 322 in
530 295 694 322 Kalendario
707 296 821 327 Veneto,
836 295 894 322 sive
906 294 1004 325 Ordine
1019 301 1062 321 re-

283 340 383 367 citandi
397 339 478 367 divini
498 339 589 372 ollicii,
601 340 747 374 quotannis
761 339 877 374 imprimi
891 339 973 366 solito
983 358 991 370 ,
1016 337 1059 364 ubi

282 390 391 413 notatur
409 392 506 412 nomen
519 385 547 412 S.
565 385 717 416 Athanasii,
734 393 841 419 semper
854 384 973 411 additum
995 383 1061 416 legi-

283 436 335 462 tur.
353 430 414 463 Ejus
429 438 526 465 corpus
543 431 568 457 in
579 431 692 458 ecclesia
708 431 863 458 monasterii
878 429 1061 457 Sancthru-

281 476 320 503 cis
339 476 363 502 in
379 474 499 502 Iudaica.
520 475 548 502 ln
575 476 644 502 libro
663 483 768 510 quoque
781 475 903 503 Venetiis
917 476 1059 509 impresso,

280 521 322 548 cui
351 521 444 548 titulus
461 520 635 555 Chronologia
653 520 759 552 Veneta.
787 521 886 548 diserte
915 521 1058 552 asseritur,

281 567 307 592 in
325 565 436 593 Judaica
462 573 544 600 penes
565 566 707 593 ecclesiam
725 567 832 594 Sancta:
852 566 946 593 Crucis
969 566 1060 600 jacere

279 619 377 645 corpus
392 611 421 638 S.
436 611 577 638 Athanasii
606 612 764 645 patriarchae
776 611 963 639 Alexandrini.
987 611 1060 638 Tan-

279 657 339 682 dem
356 657 481 684 monachi
496 656 591 689 Grteci,
607 657 652 690 qui
672 655 791 684 Venetiis
806 657 898 684 colunt
915 656 1058 684 ecclesiam

279 702 309 729 S.
323 702 430 736 Georgii
447 702 612 735 Graecorum,
632 703 745 738 singulis
767 703 846 730 annis
870 708 939 730 stata
954 703 997 729 die
1015 711 1060 730 ac-

280 749 381 774 cedunt
400 748 541 775 ecclesiam
562 747 668 776 Sanctm
680 748 776 776 Crucis
797 748 823 774 in
840 747 964 781 Judaica,
982 752 1011 775 ut
1031 749 1058 774 in

278 799 312 819 ea
328 794 524 820 devenerentur
537 801 634 827 corpus
653 792 682 819 S.
698 792 850 823 Athanasii,
863 799 994 826 suamque
1013 798 1060 818 co-

277 845 335 865 ram
359 839 416 873 ipso
439 839 613 874 psalmodiam
638 843 769 874 peragunt
798 839 849 865 ritu
879 838 1002 865 solemni.
1029 836 1058 865 In

278 884 378 919 templo
398 884 428 911 S.
448 884 583 911 Laurentii
596 888 721 911 servatur
734 884 834 915 adhuc,
851 888 878 910 et
896 884 1003 918 quidem
1024 883 1057 910 ab
1073 878 1095 906 Β

279 930 381 963 aliquot
395 929 510 961 smculis,
527 930 625 964 digitus
639 937 654 957 e
664 934 759 956 sancto
781 936 894 963 corpore
912 929 1035 956 revulsus
1049 938 1056 954 -.

278 977 348 1011 apud
365 976 493 1004 nmniales
508 983 571 1004 vero
589 976 618 1005 S.
636 975 774 1004 Zachariae
793 976 912 1003 Venetiis
926 983 1058 1010 nusquam

278 1026 320 1049 est
336 1022 365 1048 S.
382 1021 546 1050 Athanasius
561 1029 633 1049 :non
654 1022 712 1056 ejus
727 1029 836 1055 corpus,
854 1029 906 1048 non
924 1029 986 1055 pars
998 1028 1060 1048 cor-

278 1067 362 1103 poris,
376 1075 428 1094 non
441 1067 555 1102 reliquia
569 1067 640 1099 ulla;
656 1075 708 1095 non
722 1071 937 1098 monumentum,
949 1074 1001 1093 non
1017 1072 1058 1093 ta-

270 1112 342 1140 »bula
366 1113 468 1146 privata
484 1116 530 1139 aut
544 1113 668 1147 publica;
690 1120 743 1139 non
761 1119 853 1139 rumor
867 1111 923 1138 sive
938 1111 1010 1138 fama
1026 1111 1059 1139 de

271 1157 331 1185 >hoc
346 1157 446 1192 aliqua,
463 1165 551 1192 neque
560 1158 629 1192 apud
641 1158 714 1192 ipsas
726 1157 868 1185 moniales.
882 1156 915 1187 Et
932 1156 988 1182 haec
999 1161 1059 1190 post

277 1204 478 1232 ﬂactissimam
506 1204 707 1239 inquisitionem
721 1224 729 1238 ,
748 1210 830 1240 atque
844 1203 911 1231 adeo
935 1207 964 1229 ut
984 1207 1059 1231 certe

273 1243 391 1277 certiora
410 1253 534 1277 attestor.

317 1306 334 1322 ιι
346 1296 393 1323 llis
407 1297 442 1323 ita
459 1296 588 1330 inspectis
605 1295 830 1323 reverendissima
843 1297 959 1323 ctenobii
986 1296 1058 1324 illius

279 1343 426 1374 abbatissa,
443 1342 474 1370 D.
485 1341 590 1368 chilia
603 1341 712 1373 Cesara,
733 1347 864 1369 exorante
884 1341 964 1369 nobili
981 1349 1059 1369 sena-

279 1396 337 1417 tore
354 1388 384 1416 D.
402 1387 478 1415 Livio
502 1387 623 1419 Sanudo,
649 1387 746 1414 obtulit
767 1387 833 1414 mihi
857 1388 966 1420 librum,
988 1388 1056 1422 apud

277 1443 307 1462 se
322 1434 430 1462 solitum
440 1433 586 1464 asservari,
601 1440 661 1460 cum
679 1433 729 1460 hoc
745 1433 823 1460 titulo
841 1433 932 1460 ltalice
943 1433 1056 1466 scripto,

277 1481 354 1508 Liber
375 1480 401 1507 in
428 1488 477 1515 quo
501 1479 533 1506 de
566 1478 624 1506 Vita
649 1484 672 1505 ιι
695 1479 867 1505 translatione
895 1479 1003 1513 gloriosi
1024 1479 1054 1506 S.

276 1526 428 1553 Athanasii.
445 1525 493 1552 Est
511 1524 595 1552 codex
610 1524 636 1551 in
650 1529 757 1559 quarto,
773 1528 801 1551 ut
814 1524 900 1558 aiunt,
914 1525 948 1552 ad
959 1524 1056 1552 crassi-

276 1573 339 1600 tiem
357 1571 460 1606 pollicis
475 1570 583 1597 humani
594 1570 715 1596 consueti
730 1574 885 1604 compactus
898 1577 931 1597 ex
942 1570 1055 1598 crassis-

274 1619 342 1647 sima
363 1619 466 1648 charta,
479 1617 572 1651 ligneis
594 1616 698 1643 tabellis
713 1622 843 1649 armatus,
861 1616 1001 1650 libulisque
1014 1624 1056 1644 co-

279 1664 376 1692 riaceis
391 1664 513 1691 orclusus
526 1672 533 1690 :
548 1663 573 1689 in
587 1670 641 1698 quo
655 1667 715 1697 post
728 1667 865 1690 narratam
879 1663 979 1690 cursim
1004 1663 1054 1689 lta-

274 1709 337 1742 lit-.0,
353 1710 399 1736 sed
415 1708 628 1736 inconditissimo
644 1715 768 1735 sermone
785 1707 871 1734 Vitam
888 1708 917 1736 S.
934 1707 1055 1735 Athana-

274 1755 318 1788 sii,
336 1754 455 1782 occurrit
469 1754 511 1781 hic
524 1753 618 1780 titulus
636 1762 643 1780 :
664 1753 761 1788 Incipit
783 1753 922 1780 translatio
947 1753 1055 1788 gloriati

274 1801 304 1829 S.
317 1801 457 1828 Athanasii
469 1801 627 1835 patriurchw
641 1799 816 1826 Alexandrini
827 1808 835 1826 :
847 1807 927 1834 quam
940 1799 1054 1826 ﬁdeliter

275 1849 302 1875 in
317 1847 437 1882 linguam
454 1847 578 1873 Latinam
594 1845 691 1872 deinde
706 1845 831 1872 transtuli
847 1850 875 1872 et
891 1845 1052 1872 translatam

273 1902 327 1921 una
340 1901 401 1920 cum
413 1892 486 1919 hisce
498 1891 585 1919 mitto.
600 1890 721 1917 Meminit
734 1890 805 1918 idem
821 1890 888 1917 liber
900 1890 961 1917 anni
973 1890 1052 1923 1600,

274 1947 327 1975 quo
345 1947 379 1966 ex
394 1938 478 1973 priori
493 1945 555 1965 arca
576 1945 673 1971 corpus
689 1936 718 1964 S.
745 1936 884 1963 Athanasii
906 1936 1052 1970 repositum

274 1985 326 2012 fuit.
340 1984 478 2011 decentius
499 1983 527 2009 in
550 1982 751 2018 elegantiorem,
770 1989 829 2016 quae
845 1982 924 2008 hodie
938 1982 1051 2015 visitur,

277 2037 386 2062 arcam;
402 2036 450 2056 nec
469 2029 527 2055 sine
548 2035 643 2063 pompa
664 2027 808 2062 populique
821 2026 921 2054 aﬂluxn
942 2028 1052 2055 restitu-

275 2081 330 2104 tum
343 2074 454 2103 solemni
470 2073 521 2100 ritu
535 2073 560 2100 in
571 2073 694 2100 eumdem
706 2073 793 2100 locum
810 2073 853 2100 die
869 2075 878 2101 Ι
896 2073 1052 2100 Maii.Anno

274 2126 363 2149 autem
380 2119 460 2151 1635,
471 2119 582 2153 jubente
593 2118 723 2145 cardinali
737 2118 874 2150 Cornelio,
897 2118 1051 2152 patriarcha

272 2167 387 2199 Veneto,
401 2166 433 2192 ad
446 2163 731 2198 oruamentutn’atque
745 2163 856 2190 tutelam
875 2164 996 2199 apposita
1010 2164 1050 2191 ei-

272 2213 331 2240 dem
349 2210 490 2246 crystallus
500 2213 552 2237 est.

310 2266 320 2283 σ
335 2257 422 2291 Atque
438 2256 494 2283 hsce
513 2262 565 2281 una
581 2262 640 2281 cum
658 2254 783 2289 praedicta
801 2253 983 2281 translationis
1009 2253 1051 2281 hi-

271 2304 354 2332 storia
378 2302 499 2336 exeerpsi
517 2308 550 2327 ex
571 2301 641 2327 libro
663 2308 713 2327 ms.
730 2299 858 2334 praedicto
872 2308 879 2326 :
895 2307 974 2334 quem
988 2307 1050 2326 cum

271 2349 410 2377 redderem
430 2346 584 2378 abbatissa,
608 2346 642 2372 ab
657 2345 750 2372 eadem
776 2349 900 2372 ostensus
921 2344 986 2372 mihi
1009 2349 1050 2372 est

270 2395 339 2422 alter
351 2393 428 2424 liber,
441 2391 513 2426 paris
528 2390 723 2425 magnitudinis
737 2394 764 2416 et
789 2389 893 2421 lormze,
908 2389 990 2417 rubro
1008 2398 1051 2417 co-

271 2441 311 2467 rio
331 2442 481 2469 contectus,
504 2437 567 2464 item
591 2435 790 2470 manuscriptus
809 2443 816 2466 ;
841 2436 867 2462 iu
885 2443 938 2470 quo
956 2436 1049 2462 cadent

270 2492 381 2518 prorsus
409 2483 584 2510 continentur
609 2489 669 2516 qua:
694 2481 721 2507 in
741 2480 837 2513 altero,
858 2485 901 2508 ast
925 2487 1050 2508 sermone

269 2530 375 2562 Latine,
394 2537 455 2555 cum
481 2528 532 2555 hac
557 2527 731 2563 praeliminari
754 2526 878 2561 epistola.
903 2536 912 2552 ι
939 2527 1051 2554 llermo-

271 2586 280 2599 ι
306 2575 363 2601 laus
383 2574 426 2601 Dei
444 2574 571 2607 patientia
586 2573 728 2607 episcopus
743 2572 908 2599 Veronensis
921 2573 954 2599 ad
970 2579 1051 2600 vene-

272 2630 281 2645 l
307 2619 636 2647 rabilessanctimoniales
649 2618 754 2645 Sanctae
767 2617 862 2645 Crucis
877 2618 910 2644 de
926 2617 1048 2646 ludaica.

271 2676 280 2692 ι
305 2665 422 2693 Petiistis
435 2673 449 2692 τι
467 2673 520 2696 me,
536 2672 645 2692 sorores
661 2672 693 2691 ac
719 2664 780 2691 lilia:
807 2664 833 2690 in
854 2663 961 2691 Christo
983 2664 1050 2691 dile-

272 2722 280 2738 ι
305 2713 440 2745 ctissima:,
459 2717 488 2738 ut
510 2711 649 2738 Athanasii
678 2710 841 2737 sanctissimi
865 2710 913 2736 viri
942 2710 1049 2740 Vitam.

272 2768 281 2785 ι
305 2766 385 2792 quam
408 2762 513 2785 constat
538 2758 600 2783 olim
617 2757 650 2784 ab
668 2756 782 2783 Eusebio
802 2755 898 2783 ϐῖκοι)
926 2763 1050 2783 sermone

273 2812 283 2830 ε
306 2803 495 2837 conscriptam,
510 2802 585 2829 vobis
601 2801 627 2828 in
645 2801 767 2827 Latinam
783 2800 900 2834 linguam
920 2800 1048 2827 traduce~

274 2858 284 2875 ι
308 2855 382 2879 rem;
393 2853 421 2874 ut
435 2848 473 2874 vir
491 2848 543 2879 ille,
557 2846 700 2882 singularis
715 2845 879 2873 excellentia:
896 2849 975 2879 atque
990 2846 1040 2872 vir-

1115 254 1125 270 α
1150 245 1243 280 quales
1262 245 1360 272 fuerint
1370 246 1428 281 ejus
1439 253 1528 273 mores
1542 254 1572 273 ac
1586 246 1738 280 disciplina,
1751 247 1891 282 qualisque

1114 299 1124 315 ι
1148 298 1196 325 pro
1210 291 1310 318 Christi
1328 291 1378 317 ﬁde
1387 292 1557 318 concertatio
1573 293 1712 327 animique
1727 295 1891 326 constantia,

1114 344 1123 361 ι
1147 343 1210 363 vere
1228 336 1397 370 ﬁdeliterque
1415 337 1610 372 dignosceretis
1625 346 1633 369 ;
1654 346 1714 364 cum
1729 339 1892 366 existimetis

1113 391 1123 407 ι
1147 387 1264 409 veterem
1281 382 1353 408 illam
1367 383 1400 409 de
1417 390 1450 409 eo
1467 383 1525 409 viro
1540 383 1725 418 pervulgatam
1738 384 1892 416 historiam,

1113 435 1123 452 ι
1148 434 1207 461 quae
1226 428 1260 453 oh
1279 432 1395 454 vestram
1413 427 1438 454 in
1454 435 1516 454 sum
1542 428 1711 456 devotionem
1729 429 1849 463 quotidie
1867 429 1892 455 in

1114 480 1124 497 ι
1149 473 1248 499 vestris
1262 477 1385 499 versatur
1401 473 1536 505 manibus,
1556 474 1765 508 haudquaquam
1786 475 1891 502 ﬁdelem

1113 526 1122 542 ι
1144 525 1213 548 esse.
1231 525 1283 545 nec
1295 518 1438 551 ejusmodi,
1452 524 1480 546 ut
1491 518 1550 552 eius
1568 520 1657 546 oratio
1673 520 1723 547 viri
1743 520 1815 547 illius
1829 528 1889 556 gra-

1112 571 1123 588 ι
1147 564 1221 590 vitati
1238 572 1267 590 ac
1280 565 1444 599 pra‘stantiaa
1469 565 1554 599 possit
1581 565 1632 592 ulla
1647 566 1673 592 in
1690 570 1766 600 parte
1781 574 1890 601 respon-

1113 618 1124 634 ι
1146 611 1209 636 dere
1230 618 1237 642 ;
1257 610 1441 645 jmlicetisque
1465 618 1524 638 eam
1542 612 1569 638 in
1598 612 1690 639 multis
1711 613 1890 648 apocrypham

1112 663 1122 680 ι
1145 662 1215 686 esse,
1232 663 1282 682 nec
1298 656 1398 690 ubique
1413 656 1556 683 veritatem
1572 658 1724 684 ’continere
1744 666 1751 684 :
1777 665 1891 693 eamque

1111 708 1122 725 ι
1146 707 1193 733 per
1211 702 1388 728 reverendam
1403 701 1512 729 Patrem
1534 709 1622 729 meutn
1649 703 1790 737 virumque
1811 704 1891 730 devo-

1112 754 1122 771 ι
1147 746 1277 774 tissimum
1300 747 1541 780 Bartholomcum,
1563 748 1594 775 S.
1614 747 1716 776 Nicolai
1744 749 1770 775 in
1789 748 1892 776 Littore

1111 800 1122 817 ι
1144 793 1280 826 abbatem,
1307 793 1340 820 ad
1361 800 1404 820 me
1428 793 1551 826 misistis,
1572 799 1601 820 ut
1622 801 1676 822 non
1694 799 1785 822 vestro
1806 795 1891 828 magis

1113 847 1122 863 ι
1145 845 1225 872 quant
1252 846 1311 866 meo
1334 846 1442 873 quoque
1475 839 1576 873 judicio
1600 845 1647 867 aut
1671 840 1892 876 comprobaretur

1110 892 1120 908 ι
1147 889 1193 910 aut
1207 883 1384 911 refelleretur.

1147 936 1156 952 ι
1173 927 1268 954 Verum
1280 928 1329 954 etsi
1342 934 1391 962 ego
1406 936 1457 955 non
1470 928 1520 955 sim
1537 928 1666 963 ejusmodi
1680 929 1725 964 qui
1739 929 1891 957 existimem

1112 981 1122 998 ι
1146 980 1190 1000 me
1206 981 1298 1008 posse,
1312 978 1357 1000 aut
1369 974 1499 1001 orationis
1516 974 1646 1009 elegantia
1672 981 1720 1003 aut
1739 976 1894 1004 conversio-

1113 1027 1122 1044 ι
1147 1019 1189 1047 nis
1219 1019 1360 1054 dignitate,
1390 1024 1485 1047 Vestrae
1504 1020 1536 1048 de
1559 1028 1605 1048 me
1629 1022 1823 1056 exspectationi
1848 1030 1892 1050 re»

1111 1073 1121 1090 ι
1145 1064 1295 1099 spondere;
1310 1070 1337 1092 et
1357 1066 1524 1099 potissimum
1537 1073 1599 1093 cum
1616 1073 1724 1094 omnem
1739 1067 1810 1094 illam
1822 1074 1892 1102 pene

1112 1119 1122 1136 ι
1144 1111 1293 1138 litterarum
1308 1111 1462 1139 Graecarum
1480 1112 1670 1147 cognitionem,
1684 1121 1762 1148 quam
1776 1113 1810 1142 ab
1822 1114 1891 1141 ado—

1111 1164 1121 1181 ι
1145 1156 1271 1184 lescentia
1292 1163 1352 1183 mea
1375 1157 1547 1190 imbiberam,
1571 1158 1628 1185 haec
1658 1159 1799 1193 pastoralis
1822 1166 1890 1187 mea:

1111 1210 1121 1227 ι
1144 1201 1268 1237 adjuncta
1280 1202 1401 1236 dignitati
1417 1210 1482 1230 cura
1509 1209 1555 1231 aut
1572 1211 1775 1239 prmoccupasse
1797 1206 1892 1233 videa-

1112 1257 1122 1272 l
1146 1252 1199 1280 tur,
1221 1252 1268 1275 aut
1281 1248 1314 1275 ad
1328 1248 1397 1276 alios
1413 1248 1535 1277 utiliores
1552 1257 1585 1277 ac
1597 1250 1751 1278 sanctiores
1769 1258 1834 1279 usus
1855 1253 1892 1279 di-

1113 1301 1122 1318 ι
1146 1294 1279 1325 vertisse;
1297 1298 1352 1320 tum
1372 1294 1454 1321 etiam
1473 1295 1536 1329 quia
1550 1295 1621 1322 nulla
1639 1301 1729 1324 exstat
1753 1297 1822 1331 apud
1842 1305 1891 1324 nos

1113 1348 1124 1364 ο
1144 1338 1238 1367 Graeca
1253 1340 1376 1372 historia,
1389 1341 1416 1367 in
1433 1348 1485 1375 qua
1500 1341 1678 1376 contemplari
1691 1342 1743 1370 viri
1764 1343 1836 1370 illius
1853 1344 1890 1369 vi-

1112 1395 1121 1411 ι
1144 1391 1197 1413 tam
1211 1393 1372 1420 possemus:
1388 1391 1465 1421 turpe
1482 1391 1570 1414 tamen
1592 1387 1710 1422 judicavi
1735 1388 1762 1415 id
1782 1388 1859 1416 vobis
1874 1396 1889 1415 a

1110 1441 1120 1457 ‹
1143 1439 1186 1459 me
1197 1432 1302 1467 negari,
1321 1434 1392 1466 quod
1406 1432 1587 1468 intelligebam
1611 1442 1660 1462 vos
1686 1434 1744 1462 zelo
1769 1435 1886 1469 quodam

1110 1487 1120 1503 ι
1143 1477 1249 1505 virtutis
1269 1485 1301 1505 ac
1327 1479 1394 1505 mira
1418 1479 1445 1506 in
1468 1487 1529 1507 eum
1552 1480 1639 1506 virum
1663 1480 1835 1508 veneratione
1859 1484 1887 1506 et

1109 1533 1120 1549 ι
1144 1523 1276 1551 charitate
1287 1525 1431 1558 deposcere
1447 1534 1454 1551 :
1485 1525 1620 1560 maluique
1642 1525 1797 1561 imprudens
1816 1525 1885 1554 forte

1111 1579 1121 1595 ι
1145 1571 1251 1598 caeteris
1264 1570 1362 1602 videri.
1376 1579 1456 1606 quam
1482 1571 1559 1598 vobis
1573 1571 1700 1604 defuisse,
1718 1579 1749 1599 ac
1765 1576 1818 1598 tam
1833 1572 1885 1599 ho-

1110 1623 1120 1640 c
1144 1621 1226 1642 nestae
1251 1616 1374 1650 petitioni
1404 1621 1431 1643 et
1447 1616 1585 1651 cupiditati
1605 1622 1703 1644 vestra!
1725 1617 1826 1653 aliquid
1851 1618 1886 1646 de

1109 1670 1119 1686 ι
1142 1660 1232 1689 oﬂicio
1258 1668 1318 1688 meo
1335 1662 1523 1690 subtraxisse:
1539 1667 1564 1690 et
1584 1663 1733 1697 praesertim
1747 1671 1808 1691 cum
1824 1671 1886 1691 eer-

1110 1716 1120 1732 ‹
1145 1712 1200 1733 tum
1224 1712 1307 1739 esset,
1331 1708 1482 1742 pristinam,
1505 1715 1585 1742 quam
1610 1708 1643 1735 ad
1661 1715 1704 1736 me
1727 1709 1886 1736 misistisde

1108 1762 1117 1778 ι
1140 1753 1198 1779 viro
1217 1760 1250 1781 eo
1280 1753 1429 1785 historiam,
1454 1753 1593 1789 plerisque.
1604 1754 1630 1781 in
1644 1754 1719 1787 locis,
1736 1755 1885 1789 praesertim

1108 1808 1117 1824 ι
1141 1806 1202 1826 cum
1212 1799 1245 1826 ad
1260 1799 1340 1826 linem
1365 1799 1530 1834 devergitur,
1545 1808 1657 1835 prorsus
1671 1807 1685 1827 a
1701 1801 1816 1829 veritate
1839 1802 1887 1829 de-

1107 1855 1116 1870 1
1140 1845 1257 1873 ﬂectere.

1143 1901 1152 1916 ι
1169 1891 1232 1918 Feci
1250 1891 1340 1927 igitur,
1356 1896 1410 1918 uta
1428 1899 1469 1919 me
1484 1892 1588 1926 petistis
1607 1900 1614 1926 ;
1630 1899 1682 1919 non
1702 1899 1733 1920 ea
1752 1892 1820 1921 forte
1842 1894 1886 1921 di—

1141 1938 1243 1971 gnitate
1260 1943 1306 1965 aut
1320 1937 1465 1973 elegantia,
1479 1945 1558 1972 quam
1582 1938 1707 1966 videmini
1723 1946 1738 1966 a
1756 1946 1801 1966 me
1813 1939 1886 1967 desi-

1141 1984 1246 2016 derare,
1275 1988 1322 2010 aut
1341 1991 1401 2018 qua:
1428 1984 1495 2011 tanti
1514 1983 1565 2010 viri
1598 1984 1690 2018 glorias
1713 1985 1883 2018 conveniret,

1138 2036 1216 2063 quem
1241 2034 1349 2057 constat
1373 2029 1604 2064 elegantissimum
1637 2029 1743 2063 fuisse;
1769 2031 1816 2058 sed
1839 2038 1883 2064 ea,

1138 2081 1219 2108 quam
1239 2074 1305 2101 mihi
1321 2081 1370 2109 pro
1386 2081 1433 2101 sua
1450 2073 1615 2115 benignitate
1628 2073 1772 2103 ineﬂabilis
1783 2082 1814 2102 ac
1833 2076 1886 2103 im-

1139 2129 1231 2149 mensa
1250 2121 1368 2156 Spiritus
1385 2121 1471 2157 gratia
1486 2121 1660 2155 conspiravit.
1680 2120 1768 2149 Unum
1788 2121 1886 2150 certis—

1138 2168 1234 2195 simum
1246 2173 1298 2199 est,
1310 2175 1352 2194 me
1366 2168 1506 2195 veritatem
1521 2169 1555 2196 de
1565 2176 1597 2196 eo
1607 2167 1665 2194 viro
1677 2168 1882 2202 conscripsisse,

1136 2213 1278 2240 Eusebium
1300 2212 1469 2246 potissimum
1489 2217 1630 2245 secutum,
1654 2219 1733 2246 quem
1755 2211 1883 2240 ﬁdelissi-

1137 2267 1208 2285 mum
1217 2259 1376 2293 scriptorem
1389 2263 1479 2285 nostra
1489 2266 1594 2293 semper
1602 2258 1718 2285 Ecclesia
1727 2259 1884 2293 comproba-

1139 2304 1185 2330 vit.
1194 2303 1311 2338 Adjunxi
1320 2307 1447 2339 praeterea
1454 2312 1509 2339 quo
1519 2303 1803 2338 pactosanctissimum
1813 2303 1884 2330 illius

1139 2357 1236 2385 corpus
1252 2350 1284 2377 ad
1301 2357 1350 2376 nos
1364 2350 1522 2377 translatum
1541 2354 1594 2381 est,
1608 2356 1641 2376 ne
1656 2349 1784 2376 memoria
1803 2353 1884 2376 tantae

1140 2394 1177 2421 rei
1191 2394 1281 2428 aliquo
1296 2396 1384 2421 :etatis
1403 2403 1467 2422 casu
1486 2395 1606 2422 interiret
1620 2402 1627 2426 ;
1644 2394 1689 2421 sed
1707 2395 1796 2429 potius
1812 2402 1884 2421 sem-

1144 2448 1191 2474 per
1206 2445 1350 2474 perstaret,
1363 2445 1388 2467 et
1406 2441 1513 2468 aeternis
1528 2441 1677 2467 litterarum
1700 2441 1882 2468 monumentis

1140 2485 1235 2512 futura:
1260 2485 1331 2511 relati
1363 2485 1596 2512 commendaretur
1619 2476 1884 2520 {intelligerentque

1138 2531 1249 2563 posteri,
1276 2535 1406 2565 quantum
1432 2530 1604 2564 benignitatis
1634 2537 1690 2557 suae
1722 2529 1883 2557 immortalis

1137 2576 1206 2603 Deus
1221 2576 1378 2611 praestiterit
1394 2576 1456 2603 huic
1480 2575 1581 2602 civitati
1606 2580 1715 2602 nostraa.
1733 2574 1790 2602 Non
1808 2576 1881 2602 enim

1139 2623 1239 2648 factum
1262 2629 1322 2648 esse
1345 2621 1370 2648 id
1394 2621 1452 2648 sine
1473 2620 1601 2655 singulari
1631 2619 1702 2646 illius
1728 2619 1884 2646 Divinitatis

1139 2666 1269 2694 beneficio
1285 2671 1313 2693 et
1334 2673 1443 2693 nmnere
1460 2673 1567 2700 semper
1586 2665 1749 2697 existimavi,
1770 2669 1800 2691 ut
1827 2670 1882 2691 tam

1103 2721 1112 2736 I
1137 2713 1286 2744 pretiosum
1300 2711 1410 2743 monile,
1424 2719 1457 2738 ex
1470 2711 1564 2738 mediis
1579 2711 1648 2738 illius
1660 2717 1742 2744 prope
1761 2710 1883 2736 civitatis

1108 2767 1117 2782 1
1142 2757 1256 2785 ﬂammis
1271 2765 1302 2785 ac
1314 2758 1398 2785 ruinis
1410 2764 1542 2793 ereptum,
1557 2757 1590 2784 ad
1606 2764 1665 2784 eam
1679 2756 1816 2783 civitatem
1837 2756 1883 2781 dc-

1105 2813 1113 2828 ι
1137 2804 1287 2835 duceretur,
1311 2803 1353 2830 cui
1385 2811 1491 2837 semper
1524 2802 1614 2837 gloria:
1647 2801 1697 2828 fuit
1724 2805 1882 2828 sanctorum

1104 2858 1112 2874 ι
1134 2857 1244 2884 corpora
1265 2857 1429 2884 magnopere
1447 2849 1587 2881 venerari;
1605 2852 1631 2875 et
1647 2847 1688 2875 hte
1711 2845 1838 2874 mulieres
1855 2845 1884 2872 id

1107 1946 1117 1962 1

1106 1992 1115 2007 1

1106 2037 1116 2053 1

1106 2082 1115 2098 1

1105 2130 1114 2147 1

1104 2177 1115 2194 1

1105 2223 1113 2239 1

1105 2268 1114 2284 1

1105 2313 1114 2329 1

1104 2358 1115 2375 1

1105 2403 1114 2419 1

1105 2449 1114 2465 1

1105 2494 1114 2511 1

1105 2541 1114 2557 1

1103 2586 1113 2602 1

1105 2631 1114 2646 1

1106 2676 1114 2692 1
