2027 3042
746 135 791 162 DE
811 135 925 166 CULTU
942 135 970 164 S.
990 136 1188 165 ATllANASll.

1691 146 1776 166 εειῐν

195 190 376 225 possiderent,
393 197 454 225 qua
467 190 597 226 religione
608 196 636 218 et
648 191 793 220 sanctitate
808 192 834 219 itt
849 192 943 220 cadent
959 197 982 225 Α
997 201 1051 228 quo
1071 202 1115 222 res
1134 199 1210 228 gesta
1231 199 1274 223 est
1286 202 1359 222 anno
1371 195 1450 229 H54,
1469 195 1551 222 scribi
1564 194 1655 223 ltalice
1670 201 1778 230 empty.

195 283 353 311 exstiterint
380 283 438 319 ejus
464 284 514 311 viri
536 289 563 312 et
579 285 754 312 continentia:
778 290 806 314 et
829 286 941 321 integri-

194 329 266 356 tatis.
281 338 290 355 ι

195 383 205 400 1
219 373 247 402 ltt
271 375 346 403 calce
360 375 480 409 ejusdem
495 376 555 404 libri
570 381 659 405 exstat
673 376 788 405 cilicium
808 377 942 412 quoddam

159 420 193 448 de
213 420 242 448 S.
255 420 416 455 Athanasio,
440 430 488 457 per
512 423 637 450 devotum
656 424 826 451 sacerdotem
847 429 875 451 et
895 425 943 452 do-

158 471 232 494 ctum
255 467 392 495 dominum
418 467 555 502 (Egidium
584 469 617 496 de
644 469 766 496 Sarzana
795 470 943 497 secundum

160 513 243 541 ritum
256 514 434 542 monasticum
454 515 551 550 :cujus
573 516 677 551 primus
698 516 816 551 hymnus
833 516 866 543 ad
891 515 944 544 Ve-

160 567 254 595 speras
273 560 386 595 incipit:

231 604 300 633 Ecce
315 606 437 641 defensor
448 607 512 642 ﬁdei
526 616 656 643 superate.

161 651 189 678 ln
205 659 348 688 progressu
371 657 460 681 autem
482 653 524 681 hae
544 655 663 689 strophae
685 654 821 690 leguntur,
850 659 947 690 praeter

161 699 228 727 alias
242 708 248 726 :

158 235 305 264 (civitate
332 243 502 273 praestarent,
533 243 560 266 et
590 246 650 274 qua:
681 246 788 274 semper
816 240 942 268 cultrices

159 337 169 354 ‹

239 754 341 790 Vosque
357 756 477 782 thesauro
496 755 589 783 Veneti
601 764 701 790 reperto

237 791 358 823 Corporis
374 792 468 821 sancti,
483 792 576 818 civitas
589 792 675 825 beata,

239 826 321 860 Atque
333 826 423 852 (leuati
432 826 546 860 jubilale
557 826 611 854 [ιειί

307 860 414 887 Munere
426 866 509 887 tanto.

242 907 291 934 Vos
312 913 422 942 quoque,
434 915 449 934 ο
464 913 558 934 matres
571 907 662 935 Cruci:
679 909 705 934 in
719 909 843 942 Jul/nim,

234 942 349 978 Cunticq
358 949 380 968 et
397 943 489 969 laudes
507 949 626 969 resonent
642 944 808 978 frequentes:

236 978 324 1014 Atque
334 977 422 1004 Putris
438 986 531 1008 corpus
547 977 646 1006 honore
662 979 740 1014 digno

305 1011 413 1044 Semper
430 1013 532 1042 habete.

167 1069 198 1098 In
220 1070 299 1098 tertio
314 1074 446 1102 nocturno
469 1069 549 1104 hujus
569 1069 661 1103 olﬁeii,
685 1075 745 1105 post
766 1071 949 1107 Evangelinm,

167 1119 302 1150 ponuntur
324 1114 456 1142 lectiones
474 1114 508 1142 de
532 1115 642 1142 homilia
666 1114 801 1143 llermolai
826 1116 948 1148 Barbari,

166 1161 286 1196 episcopi
304 1160 481 1193 Veronensis,
498 1165 523 1188 et
541 1161 689 1195 incipiunt:
710 1161 830 1194 Vidistis,
848 1170 950 1189 sorores

166 1206 194 1233 in
208 1205 311 1234 Christo
325 1206 517 1233 dilectissime:
530 1207 600 1233 ttmle
615 1210 722 1233 constat
734 1211 760 1234 et
775 1207 913 1242 prologum
925 1212 952 1234 et

168 1256 252 1278 totam
272 1251 413 1278 historiam
429 1251 564 1284 Latinam,
586 1252 611 1278 in
628 1252 679 1280 hoc
702 1253 772 1280 libro
786 1258 950 1287 contentam,

167 1304 230 1325 esse
245 1296 380 1324 Hertnolai
394 1297 516 1325 Barbari.
537 1307 547 1324 I

207 1340 347 1369 Hactenus
365 1342 493 1377 Aloysius
517 1342 678 1375 Carnolios,
697 1343 808 1378 jamjam
833 1343 953 1372 Venetiis

168 1386 355 1422 migraturus;
381 1395 428 1422 pro
453 1388 558 1422 reliquo
581 1393 683 1422 tamen,
708 1390 729 1416 si
749 1389 820 1423 quod
838 1395 953 1418 re5taret

168 1439 260 1466 opere,
285 1433 441 1468 relinquens
466 1433 563 1460 ibidem
584 1433 615 1460 R.
637 1433 669 1461 P.
699 1434 836 1462 Danielem
865 1435 953 1463 Simo-

169 1479 250 1510 netti,
265 1479 298 1506 ad
313 1485 401 1514 ctt’pla
415 1479 448 1507 ab
468 1480 513 1507 illo
525 1480 655 1514 obsequia
670 1482 858 1515 prosequenda
873 1489 952 1516 para-

995 250 1056 269 ctttn
1073 241 1232 270 llermolaus
1248 243 1281 269 ad
1297 242 1476 270 Veronensetn
1492 244 1647 270 cathedram
1666 251 1776 279 promo-

996 292 1039 315 tus
1058 297 1129 316 anno
1150 289 1322 324 praecedenti,
1348 297 1434 323 usque
1454 289 1487 316 ad
1514 289 1581 317 M71
1606 290 1686 317 vitam
1701 291 1727 317 in
1746 299 1786 317 eo,

997 343 1112 363 munere
1135 336 1301 371 propagarit,
1323 336 1445 370 adeoque
1467 336 1589 370 pluribus
1611 337 1690 364 annis
1719 343 1779 372 post

998 389 1055 409 rem
1075 386 1178 417 gestant
1201 387 1228 409 et
1241 383 1370 418 scriptatn
1391 390 1467 410 suum
1491 383 1647 418 opusculum
1671 391 1779 418 compo-

997 429 1084 456 suisse
1097 430 1213 463 potuerit

1002 496 1138 529 Quomodo
1154 496 1378 532 Constantinopoli
1397 497 1560 531 deportatum
1577 498 1611 524 sit
1627 505 1730 532 corpus.
1749 505 1781 523 ea:

1042 532 1121 594 ἲςιεὲἰ
1139 540 1198 594 Jrns.
1230 531 1347 566 Italico,
1374 534 1513 567 interprete
1541 533 1648 568 Atoysio
1680 532 1782 559 Carno-

1054 574 1078 593 to
1116 586 1124 593 .
1159 587 1167 593 .

1054 574 1078 593 ιο
1093 574 1124 593 ὁ.
1139 574 1167 593 J.

1037 622 1047 637 ι
1084 611 1140 639 Sub
1163 619 1263 639 annum
1291 611 1462 640 millesimum
1485 611 1780 647 quadringentesimum

997 660 1253 695 quinquagesimum
1268 665 1392 694 quartum
1406 679 1414 692 ,
1434 667 1527 687 mense
1542 659 1694 691 Decembri,
1708 659 1781 686 Con-

999 706 1200 741 stantinopolim
1217 713 1277 733 cum
1302 713 1350 733 sua
1368 713 1436 733 nave
1457 705 1559 740 appulit
1578 705 1609 732 ι).
1626 704 1782 731 Dominicus

998 752 1125 780 Zotarelli
1144 753 1236 787 :quod
1252 760 1312 780 cum
1327 752 1496 787 tnetropolita
1513 751 1620 785 quidam
1637 751 1694 777 sive
1707 750 1782 777 Cra--

999 807 1047 826 cus
1059 799 1203 833 episcopus
1220 798 1462 832 intellexisset,qui
1477 803 1532 825 Iunt
1550 796 1789 829 Constantinopoli

1000 845 1165 877 morabatur,
1181 845 1283 880 pridem
1299 845 1413 879 cupidus
1429 843 1535 870 videndi
1563 843 1680 878 aliquem
1695 842 1780 869 homi-

1001 898 1060 917 nem
1091 890 1257 917 Catltolicum
1270 909 1278 922 ,
1307 888 1420 916 accessit
1442 889 1474 914 ad
1503 888 1613 914 navim:
1629 887 1654 913 in
1670 893 1782 919 eamque

1001 935 1119 970 gratiose
1135 943 1166 962 ac
1181 939 1350 964 reverenter,
1366 933 1403 960 uti
1420 941 1468 967 par
1482 937 1554 964 erat,
1574 936 1707 965 receptus,
1725 938 1785 958 cm-

1000 982 1040 1016 pit
1055 988 1117 1008 cutn
1132 981 1209 1008 navis
1222 985 1336 1015 patrono
1349 986 1428 1013 agere
1438 979 1471 1006 de
1485 978 1566 1005 variis
1578 983 1679 1005 sancta:
1690 977 1783 1004 catho-

1000 1027 1058 1054 lica:
1080 1027 1141 1054 ﬁdei
1168 1025 1399 1061 persecutionibus
1413 1044 1421 1057 ,
1444 1032 1510 1058 quas
1539 1024 1609 1050 inter
1625 1022 1785 1050 numerabat

1001 1072 1194 1100 abscissionem
1216 1071 1373 1098 nobilissimi
1385 1070 1467 1098 unius
1482 1070 1605 1102 membri,
1621 1069 1697 1096 urbis
1709 1068 1783 1095 scili-

1001 1123 1043 1145 cet
1056 1117 1363 1150 Constantinopolitanat
1375 1116 1424 1153 (rt).
1444 1117 1471 1144 ld
1484 1122 1547 1143 vero
1561 1123 1622 1142 cum
1637 1114 1784 1141 maximum

1002 1172 1063 1192 esse
1076 1165 1204 1192 damnum
1217 1163 1362 1191 allirmaret
1377 1163 1538 1196 navarchus,
1554 1162 1690 1195 multaque
1714 1159 1782 1187 invi-

1002 1218 1061 1238 cem
1078 1210 1292 1238 lamentarentur
1308 1211 1341 1237 de
1352 1211 1423 1237 facto
1439 1209 1536 1236 ibidem
1553 1207 1789 1241 exterminio,quo

1003 1262 1042 1284 tot
1062 1256 1183 1284 ecclesiae
1207 1261 1285 1284 erant
1302 1257 1456 1285 destructas.
1470 1255 1606 1289 dissipata:
1627 1261 1671 1280 res
1689 1260 1784 1286 sacrm,

1004 1308 1159 1330 sanctorum
1174 1310 1288 1337 corpora
1308 1307 1388 1336 atque
1416 1301 1537 1335 reliquiae
1563 1299 1692 1334 exposita:
1714 1297 1786 1325 ludi<

1003 1348 1077 1381 brio;
1107 1349 1276 1379 navarchus.
1294 1353 1423 1383 tanquam
1438 1354 1520 1374 verus
1537 1345 1688 1373 catholicus
1716 1343 1786 1370 mul-

1004 1399 1114 1429 tutnque
1141 1395 1298 1422 desiderans
1332 1394 1449 1428 aliquam
1485 1392 1619 1426 insignem
1648 1389 1787 1424 reliquiatn

1005 1441 1154 1468 subducere
1182 1440 1307 1467 manibus
1332 1439 1507 1467 Turcicorum
1535 1437 1641 1465 illorum
1668 1442 1787 1467 canum,

1006 1487 1074 1514 dixit
1101 1486 1228 1521 episcopo
1245 1494 1252 1513 :
1271 1494 1281 1511 ί
1301 1485 1407 1512 Utinam
1424 1505 1432 1517 ,
1460 1484 1550 1516 Pater,
1579 1482 1680 1509 auxilio
1698 1485 1790 1508 vestro

175 1525 319 1552 tissitttum.
341 1525 408 1552 Tum
431 1531 555 1560 prompta
582 1526 664 1561 igitur
683 1527 820 1555 voluntate
845 1536 953 1560 usurus,
967 1543 989 1572 α
1009 1531 1146 1566 ιιιΙίῳιίηῐι
1156 1530 1287 1565 ejusmodi
1301 1529 1569 1564 reliquiamobtinerc
1578 1523 1789 1561 possem.etVe-

170 1577 231 1597 cum
251 1570 402 1605 suspicaret
416 1579 447 1598 ex
468 1571 563 1599 Latina
582 1571 716 1599 llermolai
744 1573 855 1600 historia
879 1581 953 1600 sum-

170 1621 245 1650 ptum
262 1623 322 1644 esse
333 1621 486 1644 contextum
498 1616 631 1648 ltalicutn,
645 1618 690 1652 qtti
708 1617 776 1645 libro
794 1619 876 1654 priori
888 1627 954 1646 con-

172 1662 318 1696 tinebatur,
337 1670 369 1690 ac
389 1663 504 1697 proinde
517 1671 576 1690 eam
591 1664 648 1691 fore
668 1664 742 1698 operi
759 1670 853 1692 nostro
871 1665 956 1700 magis

172 1707 308 1740 idoneam,
336 1709 362 1736 in
384 1716 437 1743 quo
463 1709 622 1743 proﬁtemur
649 1710 752 1744 singula
779 1717 955 1738 monumenta

172 1752 238 1782 dare
254 1755 415 1789 primigenia
435 1760 577 1790 auctorum
601 1756 706 1791 pltrasi.
720 1757 784 1790 petii
799 1762 826 1784 et
840 1757 957 1789 obtinui,

171 1804 203 1827 ut
220 1808 253 1826 ex
276 1799 373 1828 Latino
397 1809 504 1836 quoque
529 1801 598 1829 libro
621 1802 823 1830 describeretur
845 1803 956 1830 historia

172 1845 356 1873 translationis
376 1851 404 1873 et
427 1847 635 1877 miraculorum:
650 1856 711 1874 ttattt
729 1856 790 1883 qua:
803 1848 836 1876 de
850 1849 910 1876 Vita
923 1857 957 1876 ex

172 1891 288 1919 Eusebio
297 1892 440 1927 collegisse
453 1893 796 1927 proﬁtebaturllerntolaus
811 1902 862 1921 non
879 1900 958 1922 erant

173 1946 251 1965 nsum
276 1938 417 1972 habitura,
442 1947 497 1966 rem
527 1944 610 1966 totattt
636 1940 790 1968 accuratius
815 1940 957 1968 deductatn

174 1984 348 2013 habentibus.
365 1985 464 2013 Verum
480 1991 508 2013 ut
523 1986 585 2021 legi,
609 1994 669 2021 qutc
692 1987 854 2021 transcripta
871 1993 958 2019 erattt,

175 2036 204 2058 et
217 2039 277 2058 cttnt
292 2031 405 2059 historia
422 2040 435 2058 a
445 2033 571 2060 Carnolio
585 2033 706 2060 traducta
719 2033 831 2065 contuli,
846 2033 958 2067 cognovi

175 2077 264 2109 illam,
281 2078 505 2112 quamvisltalice
518 2079 658 2113 scriptam,
674 2078 854 2112 antiquiorem
870 2084 958 2106 tamen

175 2131 247 2157 esse,
264 2124 402 2159 mulboque
415 2125 614 2152 accuratiorem
628 2125 824 2158 compositione
847 2124 961 2159 Hermo-

174 2170 223 2204 lai,
248 2172 293 2204 qui
314 2171 494 2206 eloquentiam
517 2172 675 2205 impendens
691 2172 873 2203 sermonibus,
889 2172 960 2198 inter

1008 1588 1016 1604 ι
1030 1578 1116 1605 nelias
1131 1577 1248 1609 deferre,
1261 1576 1340 1604 isthic
1353 1583 1412 1602 cutn
1426 1575 1527 1601 honore
1537 1573 1626 1600 debito
1637 1570 1788 1598 habendam

1006 1632 1016 1649 ε
1030 1628 1111 1658 atque
1122 1622 1276 1655 colendam,
1288 1629 1374 1656 neque
1385 1620 1499 1655 amplius
1515 1617 1723 1646 conculcandam
1743 1623 1789 1650 pe-

1008 1679 1018 1695 I
1031 1669 1108 1696 ditus
1121 1668 1268 1696 inﬁdelium
1282 1668 1393 1695 istorum
1410 1665 1525 1694 canunt!
1539 1664 1618 1691 Certe
1633 1663 1699 1690 nihil
1713 1669 1746 1689 ea
1761 1669 1801 1689 to

1007 1726 1017 1742 ι
1029 1716 1130 1751 gratius
1143 1714 1207 1741 tttilti
1226 1713 1314 1742 facere
1327 1720 1429 1748 posses.
1444 1721 1454 1737 ι

1046 1770 1056 1787 ι
1077 1760 1116 1787 Ad
1130 1760 1187 1788 haec
1205 1759 1384 1794 metropolita,
1399 1757 1576 1785 considerans
1602 1755 1673 1790 pium
1693 1761 1789 1780 navar-

1006 1807 1051 1834 chi
1068 1806 1231 1834 desiderium
1246 1826 1254 1838 ,
1275 1810 1514 1838 contemptumque
1533 1802 1719 1837 quotidianum
1746 1808 1791 1827 sa-

1007 1861 1114 1881 uorum
1133 1859 1275 1888 corporum
1290 1852 1315 1878 in
1330 1851 1389 1878 loco
1403 1871 1411 1883 ,
1432 1857 1463 1877 ac
1477 1849 1534 1876 zelo
1551 1847 1677 1882 religioso
1691 1851 1788 1875 motus,

1008 1899 1075 1925 dixit
1096 1898 1120 1925 ei
1139 1907 1146 1925 :
1165 1907 1174 1923 ι
1195 1897 1224 1924 Si
1250 1896 1298 1924 tibi
1322 1896 1439 1930 suppetit
1466 1895 1500 1922 ad
1516 1901 1576 1920 eam
1593 1901 1648 1920 rem
1665 1892 1770 1918 animus
1783 1911 1791 1922 ,

1011 1954 1021 1970 ι
1035 1944 1189 1971 monstrabo
1202 1951 1251 1977 ego
1268 1943 1397 1976 insignem
1408 1949 1486 1968 unam
1496 1945 1522 1967 et
1531 1939 1608 1966 valde
1617 1937 1799 1973 pretiosam.»

1008 1991 1075 2018 Cum
1101 1995 1188 2017 autem
1211 1989 1356 2022 recepisset
1390 1986 1540 2014 navarcltus
1554 1989 1649 2012 cuneta
1667 1991 1714 2016 se,
1733 1992 1798 2017 quur

1010 2040 1166 2070 suggereret
1179 2055 1187 2067 ,
1212 2034 1326 2062 ﬁdenter
1345 2038 1550 2063 exs'cuturunt;
1568 2040 1577 2056 ι
1595 2030 1686 2062 Vade,
1707 2029 1794 2062 inquit

1012 2091 1021 2107 ι
1037 2081 1189 2115 episcopus,
1202 2080 1234 2106 ad
1255 2083 1403 2105 extremum
1420 2077 1603 2112 procurrentis
1621 2076 1646 2102 in
1661 2081 1735 2101 mare
1748 2074 1796 2099 tet.-

1012 2135 1022 2151 ι
1036 2125 1101 2152 luris
1115 2124 1242 2159 angulum
1253 2124 1301 2158 (lt),
1316 2124 1350 2150 ibi
1368 2123 1394 2149 in
1412 2122 1456 2149 tali
1473 2121 1558 2156 platea
1573 2121 1610 2155 (et
1626 2120 1695 2146 hanc
1708 2118 1795 2145 nomi-

1013 2179 1023 2196 ‹
1037 2169 1129 2205 nabat)
1140 2169 1261 2197 invenies
1273 2168 1401 2203 capellam
1420 2171 1539 2202 opertam
1554 2165 1675 2200 plumbo;
1688 2169 1714 2190 et
1725 2164 1751 2190 in
1762 2170 1794 2189 ea

176 2217 363 2244 translationis
377 2222 501 2245 auctores
515 2218 586 2245 ttltro
598 2220 723 2251 citroque
748 2217 859 2250 habitis,
878 2223 958 2251 prout
975 2218 997 2246 D
1015 2225 1024 2241 t
1037 2224 1133 2250 corpus
1145 2214 1178 2250 (ι’)
1190 2214 1218 2242 S.
1231 2213 1369 2241 Athanasii
1381 2213 1540 2248 patriarcha:
1552 2209 1736 2240 Alexandrini,
1749 2209 1796 2242 qui

176 2264 270 2292 haberi
299 2264 420 2298 potuisse
436 2264 611 2297 videbantur,
631 2263 798 2298 explicandis
824 2264 959 2289 adornan-

176 2311 287 2345 disque,
305 2318 361 2337 rem
380 2311 464 2345 ipsattt
479 2311 599 2337 strictius
611 2310 744 2342 retulerit,
759 2309 902 2343 multisque
913 2315 962 2336 no-

179 2356 308 2383 tabilibus
319 2357 529 2384 circumstantiis
540 2357 723 2389 imminuerit;
737 2356 864 2382 miracula
874 2361 960 2382 autem

176 2409 291 2436 prorsus
304 2402 437 2430 omiserit.
454 2402 544 2435 Quare
562 2410 595 2429 eo
611 2403 728 2436 seposito
744 2402 846 2436 prtetuli
861 2402 964 2429 versio-

179 2455 240 2475 nem
255 2447 386 2480 Carnolii,
402 2449 566 2476 strictiorem
585 2449 684 2482 verbis,
702 2449 782 2475 rebus
798 2449 962 2480 ulteriorem,

179 2500 309 2530 tanquam
320 2495 436 2523 historia
452 2502 484 2522 ex
502 2495 554 2522 title
570 2495 740 2530 publicorum
752 2495 893 2526 Actorum,
906 2493 964 2528 ipso

216 2573 253 2608 (tt)
275 2573 302 2600 ltt
327 2574 378 2601 hac
407 2573 533 2601 oratione
562 2573 716 2608 adornanda
743 2572 883 2599 dimidium
909 2571 964 2598 fere

179 2607 336 2642 Scriptionis
350 2617 407 2635 sum
424 2615 528 2644 partcttt
549 2609 660 2635 insumit
684 2607 857 2637 Hermolaus,
873 2612 965 2644 utpote

180 2644 207 2670 itt
223 2644 323 2670 recenti
337 2642 432 2671 clade?
450 2650 529 2678 capta
542 2644 614 2671 ettittt
632 2648 691 2670 erat
711 2643 776 2670 urbs
802 2642 965 2677 prus-cedenti

179 2686 252 2705 anno
265 2679 307 2704 die
319 2679 353 2706 l9
365 2678 438 2705 Maii.

218 2712 254 2748 (ὁ)
270 2713 390 2747 Trigona
405 2721 521 2746 namque
536 2712 786 2747 Constantinopolis
810 2716 863 2744 est,
889 2711 966 2746 cujus

180 2756 265 2774 unum
283 2748 352 2775 latus
364 2749 512 2776 secundum
528 2748 700 2784 Bosphorum
722 2752 964 2784 porrectutn,’tcr-

181 2783 301 2810 minatur
316 2784 424 2818 regione
436 2784 511 2810 urbis
526 2782 696 2816 duot'kecima,
713 2790 772 2817 qua:
790 2783 834 2810 ltic
846 2782 966 2816 designa-

182 2823 239 2850 tur,
259 2818 292 2845 de
303 2826 354 2852 qua
372 2818 441 2845 inira
454 2818 586 2852 pluribus.

216 2852 254 2887 (ι’)
267 2853 294 2880 In
308 2851 402 2881 ltalica
416 2851 575 2889 plerumque
591 2853 759 2889 praeponitur
779 2852 873 2881 titulus
895 2851 964 2879 Mes-

1014 2269 1024 2285 ¢
1038 2261 1098 2287 fecit
1118 2261 1224 2287 tertium
1240 2259 1366 2286 Ecclesia:
1384 2257 1524 2285 catholicae
1547 2255 1703 2290 Symbolum
1733 2252 1771 2288 (ιι)
1786 2261 1793 2280 τ

1014 2317 1023 2334 t
1040 2308 1111 2342 quod
1132 2308 1152 2334 si
1168 2307 1288 2342 potueris
1304 2306 1364 2333 imle
1377 2305 1500 2335 auferre,
1523 2303 1633 2330 habebis
1646 2306 1720 2328 certe
1733 2300 1797 2327 reli-

1015 2363 1024 2380 I
1037 2355 1125 2388 quiam
1139 2353 1349 2387 pulcherrimam
1364 2359 1430 2385 :cgo
1448 2355 1536 2377 autem
1549 2348 1677 2376 constitui
1691 2348 1746 2374 cito
1762 2347 1796 2373 ab

1015 2408 1024 2424 ‹
1038 2399 1087 2425 hac
1100 2399 1206 2432 regimte
1222 2397 1375 2427 discedere;
1389 2403 1438 2421 nec
1454 2394 1524 2421 cttitn
1540 2393 1610 2420 ultra
1623 2392 1743 2420 sustineo
1758 2393 1797 2417 vi-

1016 2453 1025 2469 r
1038 2445 1101 2470 dere
1116 2448 1205 2469 tantas
1226 2442 1389 2476 iniquitates.
1404 2450 1412 2466 t
1426 2440 1534 2467 Talibus
1553 2439 1610 2472 ejus
1625 2438 1704 2465 dictis
1718 2438 1796 2464 ﬁdem

1015 2490 1146 2517 adhibens
1159 2488 1322 2520 navarchus,
1337 2487 1479 2514 accersivit
1493 2485 1527 2521 (e)
1543 2492 1693 2520 naupegum
1707 2491 1798 2513 suum.

1014 2567 1062 2596 air.
1076 2568 1100 2594 id
1113 2571 1154 2594 est.
1169 2565 1305 2593 Dominus.

1052 2603 1091 2638 (ιι)
1109 2604 1138 2630 S.
1155 2601 1296 2638 Athanasii
1319 2600 1472 2635 Symbolum
1490 2599 1595 2638 tertium
1612 2599 1719 2629 dicitur,
1737 2605 1799 2638 cum

1016 2633 1141 2672 respectu
1169 2637 1213 2672 ad_
1228 2637 1319 2669 priora
1342 2633 1402 2661 vduo
1419 2635 1607 2672 apostolicum,
1636 2642 1698 2672 quo
1721 2633 1799 2666 vulgo

1016 2669 1134 2705 tttimur;
1150 2678 1176 2698 et
1189 2670 1339 2702 Nicwnum,
1353 2670 1424 2704 quod
1444 2671 1471 2696 ttt
1492 2670 1636 2696 missarum
1659 2669 1800 2695 soletnnns

1017 2710 1185 2744 decatttatur.
1244 2741 1268 2744 __
1317 2740 1338 2744 __
1419 2739 1424 2744 ι
1504 2739 1547 2744 ._
1587 2738 1592 2743 ~

1053 2743 1090 2778 (e)
1118 2743 1224 2778 lterum
1244 2741 1288 2768 hic
1317 2739 1476 2778 llcrtnolaus
1504 2738 1606 2778 inducit
1634 2737 1798 2765 uavarchutn

1019 2775 1144 2805 oratione
1159 2777 1264 2811 prolixa
1289 2784 1353 2802 suos
1376 2775 1526 2801 hortantem
1543 2775 1576 2800 ad
1589 2782 1674 2807 opus;
1699 2780 1724 2800 et
1738 2781 1798 2811 eunt

1019 2815 1063 2847 qui
1077 2821 1105 2840 se
1121 2808 1230 2841 obtulit.
1249 2813 1352 2847 fabrum
1366 2810 1509 2847 ligucrium
1525 2811 1659 2844 appellat;
1678 2813 1761 2841 recte,
1777 2808 1804 2834 si.

1020 2845 1152 2877 nauticum
1167 2847 1310 2883 intelligas,
1327 2845 1435 2874 Venetis
1450 2852 1604 2879 murattgan.
