2027 3042
262 163 356 185 (ταωνι

263 261 465 295 promptissimo
483 260 574 287 animo
599 268 659 288 sese
679 261 776 288 obtulit
796 261 828 287 ad
855 267 932 294 opus,
948 260 1041 286 dicens

264 305 400 332 n:-varcbo
419 314 426 332 :
448 313 457 330 ι
484 303 549 331 Rem
567 305 632 331 mihi
657 305 779 338 credite,
800 309 827 331 et
849 311 900 338 ego
915 303 1042 338 promitto

264 359 275 375 v
290 350 362 384 quod
375 350 461 384 ipsum
479 355 602 377 sanctum
614 358 712 386 corpus
727 350 830 378 salvum
843 350 889 377 tibi
904 350 938 377 ad
953 349 1042 376 navim

265 403 276 420 r
290 393 422 421 deferam.
437 403 447 420 ι

301 449 311 465 ι
329 440 449 474 Cumque
461 439 638 469 deliberasset
662 441 797 476 negotium
814 440 923 476 aggredi
944 440 986 467 die
997 440 1045 467 ali-

261 492 316 520 quo
333 485 440 512 turbido
456 491 488 511 ac
503 485 605 519 pluvio,
620 485 759 512 crastinus
771 492 833 511 mox
855 484 937 523 talem
960 483 984 510 ei
1015 491 1044 511 se

262 530 388 565 praebuit,
403 536 436 558 ex
453 538 507 565 quo
524 531 616 558 divina
636 531 759 558 voluntas
775 528 928 557 evidentius
947 528 1042 563 patuit.

261 575 365 604 Videns
385 583 451 611 ergo
464 583 601 610 naupegua
617 576 761 603 consilium
774 583 850 603 suum
860 583 876 603 a
891 575 945 602 Deo
955 574 1043 609 dirigi,

261 621 414 656 caelumque
423 628 457 649 ex
470 627 533 648 voto
543 627 592 648 suo
603 621 770 655 dispositum,
780 620 884 648 nautica
897 627 956 647 sese
970 625 1045 647 veste

262 668 341 702 longa
355 667 462 700 induit,
478 672 505 695 et
518 674 626 695 saccum
640 667 679 703 (α)
691 667 816 701 sumpsit,
832 671 912 700 atque
927 667 961 693 ad
975 665 1046 693 desi-

261 718 374 750 gnatam
386 713 437 741 sibi
453 713 583 748 capellam
597 713 722 746 accessit,
734 713 778 740 ubi
789 713 957 740 benedictum
974 711 1045 739 istud

261 766 362 794 corpus
374 758 401 786 in
412 758 508 793 grandi
525 757 612 793 lignea
626 765 708 792 capsa
723 757 833 792 reperit,
848 757 875 784 in
885 756 960 791 cujus
970 763 1046 791 operh

264 806 327 833 culo
339 805 374 833 ab
391 804 466 833 intus
478 804 584 839 depicta
598 808 658 831 erat
668 804 753 838 ﬁgura
770 809 980 837 expressumque
997 809 1046 829 no-

262 859 324 879 men
350 850 379 879 S.
404 850 546 879 Athanasii
563 860 571 878 :
586 850 780 885 videbaturque
803 850 858 883 ipsa
885 856 965 883 capsa
996 856 1044 883 per

263 897 394 932 capellam
411 902 517 933 raptata
542 896 624 924 fuisse
650 903 666 923 a
693 894 814 922 Tureicis
832 895 944 922 canibus
957 914 964 925 .
987 898 1046 921 erat
1062 886 1084 914 Β

262 944 338 971 enim
354 948 448 978 aperta
465 942 590 977 maleque
601 942 764 976 composita.
774 941 851 968 Tunc
863 947 1000 974 naupegus
1008 939 1045 975 (ὁ)

266 992 420 1023 acceptum.
442 995 541 1023 corpus
571 987 719 1022 gloriosum
747 986 858 1014 immisit
886 986 912 1012 in
939 991 1046 1012 saccmn

265 1041 346 1068 quem
373 1033 497 1067 ferebat,
513 1033 561 1060 sed
577 1032 666 1060 minus
692 1039 774 1067 quam
802 1032 888 1066 ipsum
907 1036 967 1058 erat
989 1031 1047 1056 lon-

265 1087 347 1115 gum,
364 1079 479 1113 ideoque
506 1085 618 1106 necesse
637 1077 730 1105 habuit
748 1077 911 1112 eomplicare
931 1076 989 1110 ejus
1015 1075 1048 1102 ti—

267 1126 329 1154 bias
342 1124 379 1161 (c)
393 1134 400 1152 :
413 1124 504 1159 itaque
516 1123 621 1151 meliori
635 1127 664 1151 ut
674 1123 760 1158 potuit
774 1123 853 1150 modo
866 1122 1046 1156 compositum

269 1172 303 1199 ad
318 1171 371 1212 hoc
385 1174 414 1197 ut
430 1170 517 1206 ipsum
532 1169 640 1197 auierre
658 1172 751 1204 posset
763 1187 771 1200 ,
787 1168 836 1196 sub
850 1171 924 1195 veste
939 1174 987 1194 sua
1001 1166 1048 1193 ab-

266 1219 344 1246 didit.

307 1271 315 1290 ι
333 1262 464 1291 Prodiens
477 1266 566 1289 autem
587 1261 676 1292 foras,
698 1261 725 1288 in
739 1260 796 1296 ipsa
816 1260 858 1286 via
877 1259 947 1287 haud
970 1259 1049 1294 longe

266 1309 369 1344 capella
380 1308 508 1344 praedicta
527 1307 595 1334 vidit
609 1307 717 1334 eminus
739 1311 834 1334 contra
859 1313 888 1333 se
910 1305 1049 1332 venientes

267 1363 314 1382 sex
330 1353 454 1381 Turcas:
470 1360 486 1380 a
501 1353 599 1388 quibus
625 1352 676 1380 sibi
698 1357 821 1380 metuens
845 1351 982 1386 ingressus
1008 1355 1050 1377 est

266 1400 448 1429 Gracanicam
463 1398 607 1434 quamdam
622 1397 766 1425 maceriam
787 1396 837 1433 (ά),
855 1396 970 1431 alicujus
985 1395 1048 1423 olim

268 1451 299 1473 ut
311 1446 455 1474 videbatur
471 1446 557 1473 vinea:
567 1465 575 1477 ,
593 1449 721 1478 tanquam
738 1443 908 1470 necessitatis
921 1443 1049 1470 naturalis

267 1499 350 1520 causa
367 1500 374 1518 :
395 1492 548 1526 ibidemque
571 1495 696 1519 sanctum
723 1497 820 1524 corpus
842 1489 1004 1521 abscondit,
1021 1494 1051 1516 ut

267 1537 364 1573 potuit.
381 1537 451 1565 infra
464 1544 570 1571 vepres,
589 1536 615 1563 in
630 1535 690 1563 loco
700 1535 842 1568 vilissimo,
858 1539 886 1562 ut
899 1535 980 1562 videri
997 1542 1048 1562 non

268 1589 362 1618 posset
376 1590 384 1610 :
399 1587 427 1611 et
446 1590 506 1610 mox
521 1583 548 1610 in
565 1582 634 1609 viam
660 1581 750 1613 rediit,
775 1589 809 1608 ne
823 1587 904 1615 quam
917 1581 1049 1616 suspicio-

268 1637 329 1657 nem
343 1629 441 1656 Turcis
455 1629 598 1663 ingereret,
615 1626 815 1661 simulabatque
825 1631 942 1661 ceptum
957 1634 986 1653 se
1000 1627 1051 1653 iter

269 1675 406 1710 prosequi.
421 1674 658 1708 luterrogaverunt
674 1677 765 1700 autem
779 1680 840 1699 eum
864 1672 916 1705 illi,
931 1680 984 1707 quo
1001 1672 1052 1699 iret

267 1725 295 1748 et
314 1721 375 1755 quis
388 1724 470 1747 esset.
487 1719 548 1754 Ipso
563 1723 654 1746 autem
677 1718 857 1753 respondente
873 1718 1007 1745 hominem
1022 1725 1052 1745 se

266 1775 329 1795 esse
341 1766 490 1798 nauticum,
507 1770 587 1800 atque
600 1765 633 1793 ad
645 1771 739 1791 navem
752 1764 857 1795 redire;
871 1768 963 1790 euntes
973 1770 1052 1797 porro

268 1813 314 1840 via
342 1819 390 1840 sua
413 1812 530 1839 liberum
551 1818 657 1846 quoque
681 1811 769 1846 ipsum
793 1810 908 1837 transire
923 1809 1052 1844 permise-

271 1863 343 1892 runt,
363 1858 431 1886 nihil
449 1857 519 1885 ultra
532 1861 683 1892 quaerentes
697 1876 704 1890 ,
717 1858 755 1883 uti
772 1857 896 1883 voluntas
918 1856 964 1882 Dei
982 1855 1052 1882 l'ere-

271 1906 328 1932 bat.
345 1904 398 1932 Eos
416 1911 481 1938 ergo
496 1903 589 1939 procul
605 1908 787 1938 transgressos
799 1903 894 1929 videns
917 1909 1054 1936 iinupegus

269 1954 403 1983 extraque
424 1953 597 1983 conspectum
610 1967 618 1981 ,
638 1954 780 1982 regressus
796 1951 838 1974 est
852 1947 885 1973 ad
907 1946 1052 1974 tollendum

269 1998 396 2020 sanctum
418 2000 534 2028 corpus;
550 2000 603 2028 quo
619 1992 726 2020 sublato
741 1992 995 2019 vehementissimus
1008 1992 1054 2018 im-

271 2038 320 2066 ber
335 2038 501 2066 descendite
514 2039 598 2070 cmlo,
614 2043 668 2065 tam
687 2042 851 2072 opportune,
867 2042 895 2064 ut
911 2045 963 2064 non
975 2038 1054 2065 inter-

272 2083 426 2110 mitteretur
447 2083 532 2110 donec
560 2083 594 2111 ad
614 2091 709 2111 navem
734 2083 837 2110 veniret
860 2083 1049 2110 inobservatus

272 2135 353 2163 atque
365 2135 495 2161 securus;
517 2136 569 2155 non
584 2129 686 2163 absque
701 2129 799 2164 insigni
815 2129 860 2156 Dei
881 2130 988 2162 favore;
1005 2137 1053 2157 ne-

271 2183 326 2210 que
345 2175 416 2202 enim
431 2175 597 2202 -'crediderat
628 2182 766 2209 naupegus
795 2175 912 2202 futurum
932 2180 961 2202 ut
985 2175 1051 2202 citra

930 153 1193 182 PROLEGOMENA.

262 215 393 243 sermonis
414 215 502 242 (ΞΓωεὶ
528 215 643 249 peritum
669 219 697 241 et
721 214 860 249 regionum
882 215 975 246 urbis;
998 213 1044 248 qui
1060 215 1080 243 A

1132 222 1142 238 ‹
1163 212 1231 240 Tum
1247 212 1451 240 dcsidcrammm
1471 207 1627 240 tncsaurnni
1647 207 1741 239 devote
1756 220 1787 239 ac
1803 220 1874 240 reve-

1095 264 1187 286 renter
1212 258 1364 292 suscipiens
1382 259 1533 285 navarcbus
1550 257 1597 293 (ε),
1629 258 1701 284 vovit
1721 265 1781 284 sese
1800 256 1873 285 illum

1093 309 1261 340 portaturum
1278 303 1405 333 Venetias
1417 325 1424 337 ,
1451 304 1660 337 oblaturumque
1676 300 1874 330 venerabiiibtts

1093 351 1254 378 dominabus
1270 350 1377 377 Sanctae
1387 350 1484 378 Crucis
1500 350 1526 376 in
1541 349 1662 376 Judaiea.
1682 349 1782 376 Deinde
1799 356 1876 376 man-

1097 397 1169 424 davit
1186 396 1359 431 gubernatori
1387 396 1522 423 abducere
1539 395 1628 422 navim
1655 396 1688 423 ab
1715 403 1747 422 eo
1773 394 1798 421 in
1821 403 1875 428 quo

1094 443 1183 469 stabat
1198 442 1267 475 loco,
1280 442 1312 468 ad
1328 442 1411 468 alium
1425 441 1510 475 magis
1521 448 1644 468 securum
1662 450 1668 468 :
1685 441 1718 467 ad
1729 441 1874 468 Columnas

1094 488 1128 522 (ι’)
1141 487 1251 519 dictum,
1264 487 1308 514 ubi
1323 487 1410 514 solent
1423 494 1505 514 naves
1519 486 1648 523 armary:
1665 487 1722 521 ipse
1734 494 1797 513 vero
1809 484 1875 514 abiit

1095 537 1165 560 terra
1186 532 1219 559 ad
1237 533 1339 566 negotia
1355 540 1413 559 sua.
1429 530 1600 559 Gubernator
1622 536 1711 559 autem
1735 532 1768 559 ad
1792 533 1873 559 alium

1097 585 1176 612 quam
1190 578 1234 613 qui
1249 578 1421 612 praescriptus
1435 581 1495 603 erat
1514 577 1601 604 locum
1620 584 1716 604 navem
1737 576 1873 611 applicuit.

1096 624 1181 652 Noctu
1199 631 1264 658 ergo
1276 631 1338 650 eum
1355 623 1514 650 revertisset
1536 622 1690 649 navarehns
1703 642 1712 654 ,
1733 622 1875 656 locumque

1088 670 1295 698 considerasset
1307 669 1447 701 attentius,
1463 673 1555 704 utpote
1567 676 1646 704 quem
1667 670 1800 703 praecipua
1810 676 1874 695 cura

1095 716 1255 751 spectabat;
1282 715 1393 742 minime
1415 721 1538 742 securam
1554 722 1618 742 esse
1630 715 1776 742 stationem
1789 714 1855 741 vidit
1865 733 1873 746 ,

1096 770 1184 798 neque
1199 762 1288 789 navim
1309 761 1345 788 ibi
1358 768 1420 788 esse
1436 761 1481 788 ubi
1506 760 1625 795 iusserat
1647 760 1790 788 intellexit.
1816 759 1876 794 Quo

1097 808 1205 843 cognito
1221 807 1288 835 dixit
1303 807 1442 834 navarcbo
1452 808 1616 841 gubernator
1631 815 1639 833 :
1661 805 1774 833 Domine
1789 811 1878 840 patro-

1097 861 1130 881 ne
1142 874 1149 887 ,
1179 853 1246 881 nihil
1273 853 1401 880 l'ormides
1415 862 1422 880 :
1438 850 1568 887 profunda
1595 852 1640 880 hie
1659 851 1731 880 enirn
1745 858 1814 887 aqua
1834 855 1877 879 eat

1098 899 1157 934 plus
1173 905 1253 934 quam
1269 906 1363 926 novem
1377 905 1482 933 passus.
1785 919 1787 921 .

1135 954 1145 971 ι
1166 945 1307 980 Acquievit
1323 943 1380 978 ejus
1406 943 1494 971 verbis
1510 943 1682 971 navarcbus:
1705 943 1763 978 ipsa
1786 948 1877 970 autem

1098 994 1177 1017 nocte
1193 990 1281 1024 gravis
1305 993 1450 1024 tempestas
1472 993 1564 1016 exorta
1583 993 1634 1020 est,
1650 988 1880 1023 judicabaturqne‘

1100 1035 1282 1063 necessariqu
1297 1042 1357 1062 esse
1375 1039 1404 1062 ut
1428 1035 1549 1070 pluribus
1575 1034 1700 1062 anchoris
1724 1034 1878 1061 ﬁrmaretur

1098 1081 1174 1108 navis
1187 1099 1195 1112 ,
1209 1086 1289 1116 prout
1302 1080 1426 1108 navarcbi
1451 1080 1526 1114 jussu
1555 1079 1656 1106 factrum
1675 1084 1725 1106 est.
1742 1079 1796 1106 Sed
1809 1081 1878 1106 nihil

1098 1127 1188 1154 damni
1203 1130 1349 1161 tempestas
1362 1126 1462 1159 attulit,
1478 1133 1527 1160 per
1539 1125 1584 1152 Dei
1602 1125 1716 1159 gratiam
1730 1129 1757 1151 et
1768 1125 1877 1159 gloriosi

1099 1171 1170 1199 ilius
1185 1171 1287 1204 Sancti,
1304 1171 1381 1203 cujus
1398 1171 1441 1198 hic
1461 1171 1577 1205 primum
1591 1170 1693 1197 eﬂ'ulsit
1705 1169 1877 1197 miraculum.

1098 1216 1164 1244 Nam
1181 1224 1241 1243 CUI“
1258 1221 1401 1251 tempestas
1418 1221 1496 1243 IIOClll
1512 1221 1616 1247 exorta,
1628 1222 1705 1241 mane
1718 1219 1871 1246 cessasset,

1099 1263 1176 1290 navis
1193 1262 1266 1289 stetit
1280 1269 1391 1296 prorsus
1412 1260 1566 1288 immobilis.
1588 1259 1664 1293 Quod
1680 1260 1816 1286 admirans
1831 1267 1880 1286 na-

1100 1309 1224 1341 varchus,
1242 1317 1250 1333 ι
1267 1307 1335 1340 Quid
1349 1308 1410 1338 hoc,
1432 1307 1538 1341 inquit,
1553 1312 1594 1333 est
1611 1306 1646 1333 rei
1658 1306 1670 1332 τ
1681 1308 1721 1332 An
1736 1305 1804 1332 forte
1817 1313 1880 1340 spin-

1101 1363 1111 1380 t
1128 1362 1169 1381 ma
1184 1354 1254 1380 intra
1269 1353 1357 1380 navim
1375 1357 1416 1380 est
1432 1353 1491 1387 (g)?
1507 1362 1516 1378 ι
1534 1353 1680 1381 Currentes
1694 1357 1721 1379 ct
1736 1351 1879 1386 inspicien-

1100 1405 1141 1426 tes
1158 1399 1246 1426 navint
1265 1402 1352 1425 nautae
1373 1398 1564 1425 renuntiarunt
1581 1397 1681 1424 nullam
1703 1397 1737 1424 ibi
1755 1405 1880 1431 spumam

1099 1452 1169 1472 esse.
1192 1444 1258 1472 Tum
1279 1445 1350 1479 jacta
1372 1443 1461 1470 bolide
1484 1443 1584 1478 placuit
1603 1443 1743 1477 explorare
1759 1442 1880 1474 fundum,

1099 1495 1127 1517 et
1145 1491 1252 1517 inventa
1269 1495 1312 1517 est
1328 1489 1404 1516 navis
1419 1497 1500 1523 supra
1514 1494 1613 1516 terram
1626 1494 1707 1516 stare.
1723 1488 1788 1515 Tum
1799 1488 1882 1515 enim-

1101 1543 1165 1563 vero
1190 1540 1243 1562 larn
1266 1535 1321 1569 ipse
1332 1542 1412 1569 quam
1439 1535 1526 1562 caeteri
1541 1541 1634 1562 omnes
1646 1535 1789 1562 dixerunt-
1808 1533 1855 1560 Eia
1872 1533 1880 1560 Ξ

1103 1582 1168 1610 solis
1192 1582 1280 1609 sancti
1307 1581 1385 1615 hujus
1413 1588 1445 1608 ac
1471 1581 1580 1615 gloriosi
1603 1581 1747 1609 Athanasii
1777 1580 1882 1607 meritis

1101 1627 1289 1655 ascribendum
1308 1631 1370 1659 est,
1390 1627 1461 1660 quod
1484 1627 1541 1654 inec
1560 1627 1655 1660 navis,
1672 1634 1734 1654 eum
1755 1626 1882 1653 omnibus

1102 1672 1193 1702 nobis,
1214 1672 1287 1698 salva
1302 1671 1458 1705 integraque
1479 1673 1678 1705 permanserit,
1701 1673 1735 1698 ab
1754 1671 1804 1698 hoc
1827 1676 1881 1697 tam

1102 1716 1196 1751 grandi
1210 1716 1330 1750 periculo
1344 1725 1350 1744 :
1366 1722 1441 1744 certo
1460 1717 1532 1744 enim
1545 1717 1647 1744 certius
1663 1724 1709 1752 per
1724 1724 1783 1743 eam
1800 1723 1881 1750 quam

1103 1762 1282 1790 sustinuimus
1300 1763 1349 1789 bac
1364 1767 1440 1789 nocte
1459 1767 1646 1796 tempestatem
1661 1783 1668 1795 ,
1700 1763 1775 1790 navis
1788 1763 1882 1789 adhuc.

1105 1816 1167 1835 rens
1190 1813 1269 1835 teme
1293 1809 1430 1836 debuisset
1450 1808 1559 1836 dissolvi
1578 1808 1716 1843 frangique
1736 1809 1763 1835 in
1782 1814 1883 1842 partes.

1105 1854 1138 1881 Et
1149 1861 1215 1882 sane
1239 1854 1361 1888 quiSquis
1377 1861 1432 1881 rem
1456 1854 1589 1888 intelliget
1606 1855 1816 1889 pulcherrimum
1832 1850 1883 1881 iiii-

1105 1899 1225 1926 raculum
1247 1899 1331 1927 fuisse
1347 1899 1499 1933 ailirmabit,
1522 1901 1593 1935 quod
1611 1900 1637 1926 in
1660 1905 1713 1927 tam
1731 1907 1801 1927 saeva
1819 1908 1883 1935 pro-

1104 1946 1170 1973 cella
1201 1945 1293 1973 damni
1326 1945 1392 1972 nihil
1414 1946 1449 1972 sit
1473 1954 1551 1980 passa
1577 1946 1664 1977 navis,
1680 1954 1759 1980 quam
1775 1947 1885 1974 credere

1105 1991 1168 2019 licet
1184 1999 1216 2019 ea
1231 1992 1346 2019 durante
1373 1991 1455 2018 fuisse
1470 1992 1553 2018 veluti
1569 1999 1584 2018 a
1605 1996 1677 2018 terra
1704 1999 1859 2025 suspensam
1876 2011 1885 2024 ,

1106 2037 1211 2065 meritis
1224 2041 1251 2064 et
1269 2037 1464 2065 intercessione
1489 2038 1517 2064 S.
1537 2038 1689 2065 Athanasii.
1711 2038 1816 2064 Etenim
1839 2039 1884 2065 ubi

1105 2082 1219 2108 malacia
1242 2082 1339 2112 rediit,
1365 2090 1417 2108 non
1438 2082 1522 2116 potuit
1540 2083 1564 2108 in
1588 2082 1669 2108 altum
1685 2082 1761 2108 navis
1778 2082 1884 2113 adduci,

1106 2126 1160 2153 nisi
1177 2126 1264 2153 levata
1284 2133 1383 2158 oluere,
1407 2127 1554 2162 multisque
1577 2127 1678 2154 viribus
1697 2131 1723 2154 et
1752 2128 1885 2155 machinis

1107 2172 1259 2199 adhibitis:
1280 2173 1351 2206 quod
1378 2177 1466 2200 tamen
1485 2173 1573 2207 etiam
1600 2173 1668 2200 citra
1692 2173 1820 2200 damnum
1845 2178 1888 2200 est

271 2220 421 2255 perieulum
446 2220 548 2255 grande
576 2225 629 2247 tam
648 2220 755 2254 longatn
778 2219 849 2246 viam
874 2220 1030 2248 einetiretur
1045 2229 1052 2247 :
1068 2227 1092 2256 ι)
1107 2219 1217 2247 factum.

272 2274 327 2301 quo
354 2271 443 2293 autem
459 2266 611 2293 evidentius
637 2270 780 2300 appareret
803 2265 973 2298 miraculum,
992 2274 1054 2293 mox

272 2316 303 2340 ut
320 2313 346 2339 in
360 2312 449 2339 navim
472 2312 575 2339 illatum
590 2317 631 2340 est
645 2319 751 2339 socrum
771 2318 885 2347 corpus.
900 2319 1053 2340 serenatqu

271 2358 363 2386 subito
376 2357 473 2386 coelum
487 2357 547 2385 fuit.

321 2447 348 2483 η)
362 2446 454 2483 Lintea
467 2447 492 2474 in
508 2455 605 2483 genere
618 2448 698 2475 vertit
710 2447 878 2475 Hermolaus.

323 2481 348 2518 ι)
382 2481 453 2510 Idem
491 2481 618 2509 describit
656 2483 782 2517 praevium
817 2483 928 2518 naupegi
960 2485 1055 2511 horro-

275 2517 343 2550 rem,
374 2517 612 2553 adreonspectum
645 2519 714 2545 sacri
742 2517 876 2553 corporis
894 2517 920 2545 ii:
953 2523 1054 2545 terram

278 2552 444 2586 procidentis
458 2559 490 2579 ac
505 2553 684 2585 trcmebundi,
707 2552 797 2581 donec
813 2554 942 2582 divinitus
955 2554 1056 2581 conlir-

279 2593 382 2615 maretu
387 2595 410 2614 I'.

315 2622 349 2656 ’c)
368 2622 439 2649 Idem
456 2622 505 2650 bas
529 2626 582 2649 tam
599 2622 731 2650 notabiles
750 2622 969 2650 circumstantias
990 2631 1056 2658 prte-

281 2657 417 2689 lermittit,
432 2664 465 2684 ex
478 2665 592 2692 quarum
609 2666 659 2684 una
671 2657 798 2684 discimus
820 2666 872 2684 non
895 2657 998 2684 tantum
1013 2659 1055 2684 iu-

277 2697 448 2726 corruptum,
473 2692 520 2718 sed
542 2692 623 2718 etiam
651 2692 779 2719 tnelnbris
808 2693 934 2719 omnibus
968 2692 1055 2720 ﬂexile

280 2727 363 2754 fuisse
386 2734 486 2760 corpus
506 2731 640 2754 sanctum.
662 2727 765 2754 leera
782 2735 841 2760 quzc
863 2728 989 2762 deinCeps
1012 2727 1056 2754 ille

279 2761 397 2788 transilit
420 2762 533 2795 pluritua
552 2762 680 2788 adnotare
704 2763 902 2796 praetermitto:
923 2763 955 2789 ad
976 2763 1054 2789 liuctn

278 2797 352 2832 enim
364 2796 388 2832 ei
403 2797 503 2829 exhinc
517 2796 699 2831 prmeipitatur
723 2796 855 2829 narratio,
866 2805 925 2832 qua:
948 2797 1054 2825 vixdum

278 2831 359 2858 nobis
376 2831 443 2857 bene
455 2837 553 2864 coepta.

313 2866 354 2900 (ιι)
374 2865 463 2894 ltulice
479 2874 513 2893 un
528 2871 597 2894 certo
617 2870 701 2893 teratu
712 2865 802 2894 (ἷκτο.

1143 2275 1152 2292 ι
1168 2265 1233 2305 Cum
1246 2273 1327 2300 porro
1339 2265 1573 2300 aliquantoadhuc
1589 2270 1710 2300 tempore
1723 2265 1820 2293 ibidem
1833 2273 1887 2292 tuo-

1107 2320 1164 2339 ram
1178 2312 1267 2339 facere
1283 2311 1425 2342 deberent,
1438 2311 1609 2338 occasionem
1628 2312 1721 2338 habuit
1735 2312 1887 2338 navarclms

1107 2358 1213 2385 interim
1228 2357 1365 2385 scribendi
1385 2357 1523 2390 Venetias,
1539 2358 1764 2393 signiticandique
1785 2358 1884 2393 praedi-

1143 2450 1180 2486 (ε)
1195 2449 1276 2477 Addit
1293 2449 1463 2486 Hermolaus,
1480 2449 1550 2483 quod
1567 2459 1576 2475 ι
1595 2449 1675 2486 allato
1689 2450 1804 2485 cophino
1817 2450 1887 2477 inter

1107 2487 1229 2513 sericeas
1243 2489 1331 2511 vestes
1345 2485 1407 2510 illud
1418 2485 1499 2518 jussit
1513 2485 1650 2512 collocari.
1669 2495 1679 2511 ι

1146 2521 1180 2555 (Ῑ)
1197 2520 1268 2546 Satis
1285 2525 1396 2553 apparet
1417 2520 1551 2553 designari
1573 2519 1659 2546 locum
1674 2520 1718 2554 qui
1743 2519 1821 2546 hodie
1837 2519 1887 2545 Ar-

1107 2556 1198 2581 senalc
1215 2559 1336 2584 vocatur,
1354 2560 1380 2579 et
1397 2555 1488 2580 lateris
1504 2555 1582 2581 istitts
1605 2557 1676 2589 quod
1695 2563 1770 2581 mare
1784 2561 1887 2588 spei-tat

1108 2591 1167 2616 fere
1193 2589 1467 2624 teuctrumbilicum:
1494 2594 1523 2616 ut
1545 2590 1656 2624 proinde
1676 2590 1798 2616 videatur
1811 2590 1887 2616 navis

1108 2629 1191 2651 antea
1209 2632 1261 2659 non
1275 2623 1352 2656 longe
1369 2625 1402 2650 ab
1417 2632 1447 2650 ea
1461 2624 1517 2657 ripa
1534 2623 1652 2657 stetisse,
1674 2625 1744 2651 unde
1765 2625 1886 2659 proxime

1107 2660 1141 2685 ad
1169 2660 1198 2685 S.
1213 2658 1355 2685 Athanasii
1382 2659 1507 2692 templum
1535 2659 1731 2686 ascendebalttr
1747 2668 1754 2690 ;
1768 2658 1771 2659 ⁷
1784 2659 1884 2685 incuria

1107 2699 1198 2720 autent
1227 2693 1415 2728 gubernatoris
1437 2694 1522 2720 solum
1549 2695 1581 2720 ad
1603 2702 1661 2720 eam
1682 2700 1783 2728 partem
1803 2694 1887 2721 fuisse

1109 2733 1250 2764 provecta,
1272 2735 1323 2762 que
1340 2727 1470 2754 anulara
1487 2736 1556 2755 nunc
1571 2727 1728 2764 appellatur.

1144 2763 1181 2798 (g)
1202 2763 1290 2789 ItaliCe
1306 2763 1370 2789 buua
1389 2770 1398 2788 :
1416 2771 1476 2789 cum
1498 2769 1587 2790 autem
1607 2768 1721 2797 nequeat
1742 2771 1808 2797 aqua
1820 2783 1827 2795 ,
1842 2771 1888 2790 ne-

1110 2798 1173 2825 dum
1199 2805 1304 2831 spnma,
1331 2797 1392 2824 navi
1419 2803 1523 2831 recepta
1546 2800 1630 2832 ipsam
1649 2799 1810 2825 immobilem
1827 2800 1887 2822 n-d»

1108 2834 1183 2865 dere,
1203 2833 1396 2866 superstitiosa:
1412 2833 1523 2867 alicujus
1549 2834 1616 2860 inter
1640 2838 1735 2859 nautas
1756 2833 1886 2861 obsatu-

1110 2867 1190 2896 tionis
1216 2868 1334 2902 suspicio
1348 2867 1416 2896 mihi
1432 2875 1463 2896 ex
1485 2869 1535 2897 hoc
1551 2868 1610 2897 loco
1621 2868 1749 2897 nascitur.
