2027 3042
763 150 805 177 DE
820 151 934 179 CULTU
955 151 984 178 S.
1003 151 1200 178 ATIIANASII.

1684 161 1787 183 CCI-XVII

183 207 236 236 etis
258 207 416 235 dominabus
441 207 547 236 Sancta:
567 209 662 237 Crucis
687 210 713 237 in
735 209 856 242 Iudaica,
884 210 962 245 quale
975 213 998 239 Α
1013 211 1204 238 minutioribus
1221 210 1433 238 circumstantiis
1447 214 1540 238 tonsor
1550 209 1594 238 ille
1609 210 1787 244 interrogatus

187 261 286 280 munus
305 254 345 281 eis
370 255 469 281 donare
493 255 580 288 vellet,
601 263 698 291 corpus
712 256 835 284 videlicet
852 257 960 292 gloriosi

183 300 214 326 S.
229 299 391 327 Athanasii:
406 300 471 334 ipsa:
484 308 548 328 vero
560 310 615 329 rem
635 307 718 330 totam
743 303 895 330 indicarunt
916 311 960 333 re-

184 345 377 372 verendissimo
397 346 508 373 dmnino
532 348 692 381 patriarchae
718 347 857 376 Mozenico
877 348 956 376 Justi-

185 389 268 416 niano
280 390 329 424 (a).
341 390 392 423 Qui
409 398 440 418 ea
459 391 595 418 intellecta
609 392 682 419 dedit
693 399 802 427 operam
822 400 869 427 per
887 401 961 419 men-

182 443 240 462 sem
256 435 444 468 Februarium,
460 441 490 463 ut
514 437 669 472 priusquam
693 438 819 472 praedicta
837 439 912 466 navis
927 439 959 465 ad

185 489 234 508 nos
249 481 406 516 appelleret,
423 482 594 510 inveniretur
615 483 714 518 aliquis
734 483 960 518 Constantinopo—

184 527 328 554 litanarum
345 535 434 555 rerum
449 529 562 562 peritus,
577 537 591 556 a
606 537 658 564 quo
669 530 762 557 haberi
784 536 858 558 certa
875 531 959 558 infor-

183 573 267 601 matio
279 579 368 608 posset
381 582 429 609 pro
447 575 610 609 exploranda
628 577 742 602 veritate
768 576 847 604 istius
871 576 958 603 sancti

181 619 313 654 corporis.
329 619 467 654 Divulgata
482 625 572 647 autem
590 628 637 656 per
650 621 745 648 urbem
767 621 849 652 fama.
864 628 959 655 reper-

181 669 226 692 tus
241 669 282 692 est
296 665 405 699 quidam
421 666 548 701 magister
569 665 695 698 Iacobus,
717 665 881 701 professione
898 671 958 693 ton-

179 717 239 741 sor,
253 710 358 745 origine
371 710 499 743 Venetus,
513 710 558 745 qui
571 711 634 738 totis
648 711 797 738 octodecim
811 711 890 738 anuis
901 709 958 738 fue-

181 759 225 783 ret
235 755 467 790 Constantinopoli
480 760 662 784 commoratus
683 765 692 787 ;
715 756 852 790 ipsiusque
870 756 956 783 sancti

180 800 304 835 corporis
319 801 448 836 optimam
474 808 504 828 se
525 800 632 828 dicebat
655 800 754 828 habere
778 800 910 832 notitiam,
923 807 957 828 co

180 846 263 881 quod,
285 853 347 874 cum
368 851 439 874 esset
463 846 691 874 familiarissimas
721 846 845 881 calogero
873 846 956 880 ipsius

179 878 312 922 ecclesiae.
325 890 352 917 in
364 897 418 925 quo
433 890 518 925 ipsum
530 891 698 924 servabatur,
715 878 794 918 illudi
801 878 956 926 frequenter
972 878 993 906 Β

182 935 355 970 inspexisset.

219 989 228 1006 ι
248 979 327 1008 Hune
345 987 410 1015 ergo
421 981 546 1009 arcersiit
561 981 769 1016 patriarcha,>et
786 987 863 1010 caute
875 983 955 1018 cepit

179 1026 348 1059 examinare,
369 1027 537 1062 interrogans
555 1028 641 1062 primo
665 1028 698 1056 de
719 1029 852 1063 regione:
876 1037 954 1064 quam

179 1071 225 1098 ille
241 1072 391 1105 respondit,
411 1072 592 1107 lsirolaphum
623 1072 660 1108 (ὁ)
684 1075 832 1108 nuncupari
847 1074 953 1102 Graece:

178 1116 222 1142 ubi
246 1122 287 1144 est
304 1118 428 1145 columna
451 1118 600 1150 altissitna,
622 1119 726 1154 sculpta
750 1119 785 1155 (ιι)
811 1121 882 1147 sicut
911 1120 955 1148 illa

177 1169 238 1196 qua:
252 1162 343 1190 Ronan
357 1163 455 1190 visitur
471 1171 479 1195 ;
495 1168 521 1190 et
535 1171 568 1191 ex
585 1172 637 1191 una
651 1165 758 1199 quidem
774 1170 850 1199 parte
861 1171 903 1194 est
918 1165 955 1192 lo-

178 1215 227 1235 cus
241 1209 287 1243 qui
304 1209 458 1236 ttominalur
469 1209 595 1237 Christus
609 1211 636 1237 in
657 1218 748 1242 cruce,
761 1218 794 1237 ex
817 1210 900 1237 altera
924 1211 952 1238 S.

180 1254 354 1287 Athanasius,
370 1259 442 1283 totus
461 1260 550 1282 autent
574 1256 648 1283 locus
665 1256 762 1284 dicitur
778 1256 952 1290 Ixirolaphus.

178 1299 309 1333 Quaesivit
327 1300 421 1329 deinde
437 1301 677 1329 reverendissimus
702 1303 853 1337 patriarcha
870 1310 955 1337 quatt-

178 1351 234 1373 tum
256 1347 290 1374 ab
303 1354 338 1375 eo
355 1347 415 1375 loco
430 1347 564 1375 distarent
587 1347 645 1375 fora
663 1347 719 1384 (d);
738 1349 873 1383 respondit
898 1349 953 1381 ille,

175 1392 209 1419 ad
234 1393 286 1420 duo
301 1393 342 1421 vel
357 1394 408 1420 tria
424 1401 548 1428 passuum
571 1394 665 1422 millia.
690 1394 757 1422 Tum
783 1396 953 1430 patriarcha,

178 1447 189 1465 ι
203 1440 243 1466 An
254 1440 336 1467 etiam
353 1440 413 1468 alite
427 1441 462 1467 ibi
473 1446 550 1468 erant
561 1441 679 1468 ecclesia
690 1441 701 1467 Ὶ
712 1455 745 1462 -
759 1440 823 1473 Sex,
842 1449 953 1476 respon-

179 1495 188 1511 ι
203 1486 240 1513 dit
258 1486 309 1518 ille,
323 1487 365 1514 vel
379 1493 479 1521 septem
489 1507 496 1519 ,
508 1488 555 1515 sed
567 1487 691 1521 ruinosae,
705 1487 775 1514 inter
787 1495 853 1521 quas
871 1488 950 1515 etiam

179 1541 188 1558 ι
203 1531 317 1560 ecclesia
330 1532 359 1560 S.
369 1532 509 1560 Athanasii
519 1541 526 1560 :
535 1532 609 1567 cuius
617 1540 714 1568 corpus
728 1533 825 1561 ibidem
841 1533 951 1561 habere-
964 1546 985 1575 ε

178 1587 188 1603 ι
206 1583 278 1605 retur
295 1578 321 1604 in
339 1579 438 1612 capella
454 1584 578 1613 cooperta
598 1578 716 1614 plumbo,
730 1579 799 1606 intra
816 1586 905 1606 arcam
919 1580 952 1607 liu

178 1631 188 1648 ε
203 1630 296 1657 gneaut
310 1629 336 1651 et
351 1623 459 1658 pictam.
475 1633 484 1650 t
502 1624 681 1658 Interrogatus
697 1632 731 1651 an
753 1625 841 1660 aliquo
856 1625 881 1652 itt
901 1625 951 1652 ho-

176 1676 241 1696 nore
261 1669 346 1702 ipsutn
365 1676 463 1704 θοι-ρας
479 1669 515 1697 ibi
532 1675 614 1701 esset,
633 1670 781 1704 respondit,
801 1677 861 1698 esse
882 1671 950 1705 apud

175 1712 328 1740 Catholicos
343 1713 457 1748 aliquos.
473 1714 512 1742 Ad
525 1714 576 1741 alia
596 1714 712 1750 denique
725 1714 809 1742 multa
821 1714 854 1742 de
869 1715 950 1743 variis

210 1813 247 1848 (11)
263 1812 426 1850 Nemoralius
445 1814 487 1842 hic
500 1814 609 1850 intelligi
634 1819 741 1849 potest,
756 1822 834 1849 quam
849 1816 953 1850 primus

175 1848 281 1875 Venetae
301 1849 374 1876 urbis
402 1850 552 1884 patriarcha
567 1869 575 1879 .
588 1848 622 1876 ut
635 1848 717 1877 infra
737 1848 856 1882 dieitur,
877 1857 904 1878 et
924 1857 952 1877 ut

174 1884 282 1917 proprio
299 1891 359 1919 enin
378 1884 485 1919 nomine
503 1884 677 1919 Hermolaus,
691 1885 846 1919 quioptime
863 1893 949 1916 imi-at,

173 1918 290 1952 appellat
304 1938 312 1948 ,
330 1917 361 1946 B.
378 1918 540 1946 Laurentius
564 1917 730 1946 Justinianits
744 1939 751 1951 ,
765 1917 827 1946 eum
845 1920 948 1946 titulum

174 1959 334 1980 consecutus
349 1961 363 1979 a
380 1953 488 1980 Nicolao
509 1953 527 1980 V
543 1962 614 1981 anno
631 1954 710 1985 “Si,
726 1959 752 1981 et
777 1954 827 1980 vita
845 1955 950 1980 functus

175 1995 246 2023 anno
264 1987 341 2019 1455,
363 1988 379 2014 8
401 1988 530 2020 Januarii,
557 1989 595 2015 uti
621 1997 652 2016 ex
673 1990 808 2023 cpitaphio
835 1994 948 2016 constat.

175 2022 288 2057 ideoque
305 2023 383 2049 initio
398 2023 476 2057 hujus
490 2023 621 2056 historim,
643 2022 845 2051 ubi’notubatur
868 2025 947 2051 abso-

175 2055 229 2083 lute
243 2055 340 2084 mensis
357 2055 570 2085 Decetidteranni
587 2059 665 2091 1454,
677 2060 762 2092 posui,
776 2060 839 2086 «sub
850 2067 947 2086 anmtnt

175 2091 254 2123 M54,
263 2101 271 2117 t
282 2100 296 2119 a
309 2092 437 2119 Januario
453 2093 554 2120 scilicet
570 2095 690 2126 proximo
703 2094 890 2120 inchoandum.
902 2094 949 2121 Ne-

174 2134 227 2163 que
238 2128 308 2163 etan
323 2127 373 2153 alia
388 2135 420 2154 eo
437 2128 543 2154 vivente
567 2129 622 2160 geri
639 2129 797 2163 potuissent,
813 2137 873 2162 quae
888 2136 949 2162 pro-

175 2162 249 2188 yimo
264 2161 416 2198 Februario,
426 2163 550 2198 Apriliret
561 2163 629 2189 Maio
639 2161 712 2198 gesta
725 2171 784 2190 esse
803 2161 871 2190 infra
884 2161 948 2190 nar-

175 2202 280 2223 rantur.
298 2197 354 2232 Sed?
365 2197 497 2229 quomodo
511 2197 553 2225 hic
578 2198 705 2232 Mocenigi
721 2206 816 2224 nomen
844 2199 949 2225 additur

176 2231 327 2265 cognomini
343 2231 483 2258 Justiniani
496 2252 503 2264 ,
522 2240 574 2260 non
589 2231 724 2259 Laurentii
737 2232 748 2258 ?
761 2234 801 2259 An
817 2240 848 2258 ex
863 2233 948 2260 Moec-

175 2266 236 2300 niga
256 2265 355 2293 familia
379 2267 427 2293 fuit
451 2272 535 2293 mater
552 2268 686 2300 Quirina?
704 2273 732 2294 ut
746 2268 824 2300 hujus
841 2275 948 2302 quoque

175 2308 321 2335 cognomen
334 2309 403 2336 cum
422 2307 534 2335 paterno
549 2307 724 2336 cognomento
745 2303 899 2336 usurparit?
914 2311 948 2330 an

173 2343 239 2362 vero
253 2343 317 2369 gens
330 2335 501 2363 Justinianzea
519 2337 544 2363 iit
561 2335 626 2363 duos
639 2337 723 2364 divisa
741 2335 830 2364 ramos
841 2357 849 2369 ,
865 2338 948 2365 altero

174 2371 282 2397 nomine
297 2372 386 2398 addito
410 2372 648 2405 distinguebatur?
669 2372 804 2399 Veneticte
823 2373 948 2399 nobilita—

176 2406 211 2432 tis
223 2406 350 2432 studiosis
361 2407 584 2433 considcrandnm
601 2408 651 2433 hoc
666 2407 787 2441 relinquo
804 2416 810 2433 :
825 2408 864 2434 sic
876 2408 946 2434 ettint

174 2441 247 2467 ctare
262 2442 409 2468 scribitur:
425 2450 434 2466 (
457 2442 479 2466 la
501 2441 622 2475 Signoria
637 2443 814 2469 reverendiss.
828 2442 860 2469 dc
872 2450 946 2469 tuon-

173 2476 264 2509 signor
278 2476 429 2509 patriarcha
445 2475 581 2509 Mozeuigo
595 2476 758 2504 Giustiuian.
772 2486 781 2501 ι

209 2510 249 2544 (1))
263 2509 345 2537 Recte
363 2518 395 2537 ac
416 2518 478 2537 vere
495 2510 656 2545 Ξηρόλοφος,
669 2511 693 2538 id
705 2517 744 2538 est
757 2511 852 2538 Aridus
863 2511 944 2539 collis.

174 2544 222 2571 Est
238 2551 327 2572 autem
346 2545 455 2581 ultimus
469 2551 505 2581 ret
528 2544 663 2573 maximus
676 2553 691 2572 θ
715 2552 815 2581 septem
828 2566 835 2577 ,
849 2548 947 2581 quibus

174 2581 321 2615 secundum
346 2580 474 2614 Bosphori
498 2580 571 2607 littus
596 2585 732 2615 spectatur
748 2580 946 2608 etvitas'vclut

174 2613 281 2640 vallata.
300 2613 431 2642 Describit
450 2622 510 2641 eum
528 2613 651 2642 accurate
665 2615 760 2643 Petrus
786 2615 882 2643 Gillius
898 2617 944 2643 lib.

175 2655 201 2676 tv
220 2648 258 2675 De
271 2650 438 2684 topographia
457 2649 742 2684 Constantinopolitano
754 2670 762 2682 ,
780 2658 838 2683 cap.
858 2651 873 2677 7
890 2659 897 2678 :
913 2651 946 2677 li-

173 2684 227 2719 bro,
237 2690 322 2711 autent
341 2692 359 2714 ι.
373 2692 433 2719 cap.
449 2684 491 2716 l8,
506 2684 556 2717 ait,
571 2693 580 2710 ι
593 2685 650 2719 plus
670 2687 790 2712 minusve
806 2685 944 2712 duodecim

173 2718 255 2744 millia
275 2718 444 2753 passttum'in
459 2719 572 2746 circuitu
587 2718 746 2754 complecti,
760 2727 791 2746 ac
804 2720 944 2753 plusquam

174 2754 281 2780 tertiam
295 2754 368 2781 urbis
380 2758 482 2787 partem
496 2754 652 2787 continere;
676 2763 685 2780 ι
705 2755 753 2782 sed
765 2761 796 2781 ea
810 2755 880 2781 haud
893 2755 943 2782 du-

174 2787 220 2815 bio
231 2788 315 2814 laxior
327 2789 445 2822 acceptio
459 2793 509 2815 est.

209 2823 245 2857 (c)
262 2822 347 2849 Etiam
365 2824 443 2857 hujus
463 2824 604 2854 columntc,
625 2831 704 2857 quant
717 2823 846 2850 Arcadius
860 2823 943 2858 impe-

172 2863 247 2886 rator
261 2859 394 2886 exstruxit
402 2858 450 2894 ,ct
468 2864 557 2887 statua
571 2866 620 2887 sua
631 2859 744 2895 desuper
757 2858 885 2888 collocata
898 2867 942 2886 or-

1015 257 1162 290 respondit,
1178 264 1237 290 quae
1253 255 1390 291 sigillatim
1407 256 1451 284 hic
1467 263 1607 283 recensere
1615 260 1788 292 practermitto

1011 302 1153 330 brevitatis
1167 303 1255 330 studio
1271 303 1316 338 (ε).

1047 358 1056 375 ι
1075 350 1128 377 Sed
1143 354 1313 377 revertamur
1325 350 1358 376 ad
1373 350 1473 382 navim,
1486 357 1547 385 qua
1555 350 1785 385 Constantinopoli

1013 395 1132 427 solvens,
1161 404 1221 423 cum
1248 396 1345 423 itinere
1365 404 1493 431 prospero
1508 396 1702 431 Methonemm
1720 405 1787 430 prte-

1011 442 1203 475 terveheretur,
1233 442 1296 469 visa:
1318 446 1377 468 sunt
1400 442 1505 469 obviam
1519 442 1611 469 venire
1626 443 1785 472 dumuaves,

1009 495 1076 520 quas
1092 488 1254 514 Venetorum
1266 495 1326 514 esse
1341 487 1390 514 rati
1403 491 1500 520 nauus,
1514 494 1609 521 magna
1623 494 1685 514 cum
1696 487 1785 514 laetitia

1012 537 1212 566 exspectavere,
1232 537 1373 566 sperantes
1399 532 1499 566 aliquid
1524 539 1599 559 novas
1621 532 1659 559 rei
1674 539 1707 559 ex
1731 531 1785 560 illis

1011 576 1116 604 discere
1131 577 1163 604 de
1177 576 1354 604 familiaribus
1369 577 1436 609 suis,
1450 581 1479 604 ut
1495 577 1551 604 fieri
1568 577 1665 605 assolet
1680 586 1690 604 :
1701 585 1785 612 appa-

1010 624 1064 650 ruit
1078 623 1175 650 deinde
1185 623 1266 650 etiam
1282 623 1359 650 navis
1379 623 1458 650 tertia
1473 632 1480 650 :
1494 623 1592 657 quibus
1612 623 1720 658 propius
1746 624 1786 649 t'a-

1008 669 1059 696 ctis
1074 669 1214 702 cognitum
1229 672 1271 695 est
1282 668 1469 695 Catalanorum
1483 675 1530 695 eas
1545 674 1604 695 esse
1616 675 1707 699 naves,
1722 668 1784 702 qui-

1007 715 1058 741 bus
1070 714 1163 740 nescio
1177 721 1229 748 qua
1247 714 1290 740 via
1303 713 1458 741 innotuerat
1485 712 1515 742 S.
1534 713 1785 747 Athanasii-corpus

1007 767 1038 788 ea
1052 759 1116 787 navi
1131 759 1204 791 vehi,
1217 759 1441 793 quemadmodum
1461 767 1495 786 ex
1516 764 1574 794 post
1592 759 1694 787 secutis
1707 767 1785 794 appao

1008 805 1070 832 ruit.
1083 805 1184 832 Verum
1196 806 1358 840 disponente
1375 805 1415 833 sie
1427 805 1597 832 Deo~faetutn
1614 809 1668 836 est.
1687 810 1717 833 ut
1731 806 1782 832 alia

1007 854 1107 884 quanto
1126 850 1194 877 infra
1209 851 1297 878 navint
1316 850 1445 878 Venetam
1459 851 1626 885 appellentcs
1643 851 1706 884 iilte,
1728 859 1782 879 non

1007 895 1142 929 potuerint
1159 895 1210 930 ipsi
1231 903 1261 924 se
1284 896 1423 931 applicare
1440 902 1493 924 tam
1510 904 1594 931 prope
1613 905 1692 932 quam
1707 898 1782 925 vole-

1009 942 1085 974 bant,
1099 942 1132 969 ad
1148 942 1198 970 hoc
1211 946 1241 969 ut
1254 935 1354 977 corpus
1366 947 1489 970 sanctum
1505 943 1640 978 eriperent
1654 943 1782 977 Venetiis,

1005 987 1074 1014 nihil
1090 987 1179 1016 minus
1193 995 1275 1022 quam
1291 988 1364 1023 quod
1380 988 1500 1016 Catalani
1522 989 1720 1017 meditabantur
1733 997 1782 1016 su-

1004 1033 1182 1067 spicantibus.
1196 1033 1317 1069 Cumque
1329 1033 1453 1068 sequenti
1467 1039 1545 1062 nocte
1565 1034 1691 1062 solvisset
1705 1035 1782 1063 navis

1007 1077 1118 1112 Veneta,
1138 1079 1189 1107 iter
1213 1087 1289 1107 suutn
1313 1084 1501 1114 prosccutura,
1524 1079 1639 1112 litigium
1656 1087 1737 1115 super
1749 1087 1781 1107 ca

1004 1130 1033 1150 re
1045 1131 1170 1159 magnum
1185 1124 1288 1152 exstitit
1301 1125 1370 1151 inter
1382 1124 1536 1157 Catalanos,
1547 1124 1665 1159 elapsam
1686 1133 1701 1152 e
1723 1133 1782 1152 ma-

1007 1169 1086 1196 nibus
1103 1169 1192 1196 navim
1209 1169 1338 1197 Venetam
1351 1170 1532 1204 conspicatos,
1553 1171 1779 1205 quemadmodum

1003 1219 1092 1248 postea
1114 1213 1232 1242 Venetiis
1245 1219 1320 1242 certo
1333 1215 1443 1243 innotuit
1470 1223 1517 1249 per
1532 1216 1780 1250 ipsosmctCatala-

1003 1267 1062 1292 nos,
1079 1260 1123 1294 qui
1149 1260 1182 1287 iis
1204 1261 1316 1288 navibus
1342 1262 1519 1293 vehebantur,
1534 1268 1615 1296 atque
1630 1262 1731 1297 appulsi
1752 1263 1780 1291 in

1003 1305 1189 1333 Catalauniam
1220 1307 1453 1335 commorantibus
1490 1307 1550 1336 istic
1586 1309 1781 1336 mercatoribus

1005 1351 1112 1378 Venetis
1135 1357 1313 1380 narraverunt
1330 1361 1389 1387 qua:
1408 1353 1577 1388 contigerant
1597 1354 1623 1381 in
1645 1353 1687 1381 via
1708 1355 1780 1382 circa

1004 1396 1131 1423 Venetam
1151 1405 1256 1425 navem.

1040 1450 1050 1467 ι
1068 1442 1131 1470 Hzec
1148 1450 1216 1478 ergo
1229 1451 1278 1478 per
1291 1443 1338 1471 Dei
1356 1444 1468 1479 gratiam
1482 1449 1510 1472 et
1525 1444 1616 1472 Sancti
1629 1444 1669 1472 sui
1684 1445 1778 1473 merita

1002 1487 1042 1514 sic
1058 1487 1170 1515 liberata
1185 1488 1211 1515 in
1229 1489 1333 1516 lstriatn
1357 1490 1470 1525 appulit,
1500 1491 1544 1517 ttbi
1564 1492 1714 1519 navarchus
1733 1499 1779 1518 es-

1002 1533 1171 1560 scensionem
1188 1532 1252 1560 fecit
1265 1538 1292 1561 et
1308 1534 1434 1562 Venetias
1453 1535 1525 1562 venit
1541 1544 1548 1562 :
1566 1535 1621 1569 ipsa
1644 1536 1704 1562 dein
1722 1536 1778 1563 \‘el.t

1003 1578 1066 1605 fecit
1082 1585 1175 1605 versus
1190 1583 1309 1613 portum,
1333 1579 1444 1607 notabili
1456 1580 1542 1614 spatio
1560 1580 1625 1607 foris
1639 1585 1714 1607 extra
1734 1582 1774 1607 fu-

1001 1630 1060 1651 cam
1079 1623 1126 1658 (g).
1141 1624 1181 1650 Ad
1201 1631 1260 1651 eam
1274 1625 1309 1652 ibi
1319 1626 1508 1652 consistetttem
1524 1622 1673 1653 navarchus
1689 1627 1777 1658 rediit,

1001 1677 1061 1696 cum
1082 1670 1186 1697 duobus
1209 1671 1352 1704 nepotibus
1376 1678 1407 1698 ac
1431 1672 1518 1698 tribus
1543 1671 1650 1699 famulis
1671 1671 1727 1699 suis
1751 1672 1777 1698 iu

1001 1715 1106 1752 cymba,
1123 1715 1212 1744 salvus
1230 1717 1352 1751 quidem,
1374 1717 1420 1745 Sed
1442 1724 1495 1745 non
1518 1717 1577 1745 sine
1597 1717 1697 1751 labore,
1713 1718 1776 1752 quia

1005 1817 1088 1848 lavit,
1106 1816 1307 1844 exactissimam
1323 1816 1528 1851 descriptionem
1543 1816 1622 1844 habet
1636 1816 1704 1843 idem
1722 1816 1778 1843 Cil~

1000 1850 1054 1878 lius
1077 1853 1149 1879 dicto
1175 1852 1230 1883 jam
1253 1852 1298 1878 lib.
1315 1859 1351 1884 tv,
1369 1850 1428 1885 cap.
1443 1851 1468 1877 7.
1485 1852 1530 1878 list
1544 1858 1633 1878 autem
1647 1851 1777 1878 ('Olulltltil'.

1000 1895 1104 1920 smptu,
1122 1891 1151 1913 ιιι
1177 1887 1246 1913 idem
1272 1886 1319 1919 ait,
1346 1896 1355 1912 ι
1375 1887 1492 1920 scalptus
1513 1887 1606 1920 pugnis
1627 1887 1723 1918 variis;
1750 1892 1777 1913 et

1001 1922 1137 1956 scalptura
1157 1921 1275 1956 procedit
1288 1921 1313 1947 in
1330 1922 1436 1948 tttodttttt
1453 1922 1593 1952 columna),
1612 1928 1671 1955 quia
1686 1921 1777 1948 Roma:

1001 1955 1117 1989 'l'rajano
1139 1955 1214 1983 sacra
1229 1961 1283 1988 est,
1301 1956 1369 1984 inter
1389 1957 1469 1983 elices
1487 1957 1563 1984 binas
1573 1957 1688 1983 cochleae
1703 1964 1779 1983 tnore

1001 1996 1150 2025 surgentes.
1164 2000 1172 2015 ι

1039 2025 1077 2060 (d)
1092 2025 1180 2052 ltalice
1199 2025 1336 2060 pluraliter
1351 2025 1420 2052 delle
1440 2026 1514 2059 picae
1525 2034 1534 2052 :
1549 2026 1675 2059 Quamvis
1687 2030 1778 2053 autem

1001 2060 1113 2095 singula:
1127 2060 1251 2094 regiones
1271 2061 1346 2088 urbis
1366 2069 1414 2087 sua
1432 2061 1560 2088 haberent
1581 2063 1649 2092 lora,
1664 2067 1775 2095 etqltuz.

1001 2095 1061 2121 dam
1082 2096 1168 2129 plura,
1184 2103 1320 2130 unumque
1332 2101 1403 2122 esset
1417 2096 1580 2123 nominatius
1593 2096 1706 2127 caeteris,
1723 2095 1776 2122 Fo-

1002 2137 1060 2156 rum
1091 2132 1304 2158 antonomasticc
1321 2131 1442 2162 dictmn,
1467 2130 1534 2157 alias
1559 2139 1573 2157 a
1599 2130 1774 2157 Constantitto

1003 2168 1112 2200 auctore
1126 2166 1286 2199 appellatum
1301 2175 1308 2192 :
1321 2171 1429 2200 apparet
1441 2170 1528 2192 tamen
1539 2171 1639 2192 certum
1659 2165 1775 2198 aliquem

1003 2199 1089 2226 locum
1112 2200 1243 2234 intelligi,
1268 2201 1295 2227 in
1321 2203 1396 2235 plura
1412 2200 1526 2226 divisum
1548 2201 1605 2226 fora
1621 2219 1628 2231 ,
1645 2200 1714 2225 unde
1729 2201 1774 2225 de-

1001 2236 1143 2272 terminata
1165 2241 1254 2272 posset
1267 2234 1400 2272 distantia
1412 2236 1495 2268 accipi
1508 2243 1515 2268 ;
1535 2239 1560 2261 ct
1576 2235 1648 2272 hunc
1663 2234 1772 2272 putocul

1000 2269 1085 2302 ripam
1103 2269 1232 2303 Bosphori
1247 2270 1448 2304 concipiendum
1463 2275 1538 2296 extra
1564 2270 1637 2295 urbis
1654 2269 1751 2295 ntmnia
1763 2288 1771 2297 ,

1000 2303 1043 2330 ubi
1058 2304 1170 2338 singula:
1186 2305 1306 2331 nationes
1320 2303 1395 2330 suum
1406 2304 1559 2330 dictinclunt
1576 2305 1660 2330 forum
1672 2309 1698 2329 et
1709 2310 1771 2328 con-

998 2345 1142 2373 sequenter
1152 2339 1233 2365 etiam
1245 2340 1386 2366 stationem
1410 2340 1538 2366 haberent
1550 2346 1609 2365 cum
1627 2346 1689 2365 suas
1702 2345 1772 2363 tuer-

998 2381 1042 2399 ('es
1058 2381 1152 2400 venntn
1164 2379 1372 2406 exponerent,ut
1385 2374 1482 2407 passim
1497 2374 1521 2400 in
1537 2373 1639 2406 magnis
1653 2373 1685 2398 ad
1699 2380 1772 2398 mare

998 2413 1043 2433 aut
1059 2408 1168 2434 ﬂumina
1180 2409 1279 2434 laxiora
1299 2409 1426 2442 emporiis
1440 2409 1494 2434 licri
1509 2409 1628 2440 scimus;
1650 2407 1716 2433 adeo
1743 2412 1771 2432 ιιι

997 2445 1105 2476 proprie
1118 2443 1161 2469 hic
1178 2444 1341 2478 intelligatur
1356 2444 1427 2477 peti,
1447 2449 1575 2476 quantuni
1603 2450 1617 2468 a
1634 2443 1688 2476 ripa
1714 2442 1771 2478 sive

997 2478 1088 2504 iitlore
1102 2478 1212 2503 distaret
1235 2477 1273 2504 S.’
1287 2478 1425 2504 Athanasii
1444 2478 1568 2509 ecclesia,
1586 2478 1643 2504 sive
1657 2477 1732 2503 locus
1744 2477 1766 2502 ir

996 2520 1049 2546 quo
1064 2513 1150 2538 stabat
1162 2512 1296 2539 columna.

1033 2547 1068 2581 (e)
1090 2546 1185 2572 Totam
1212 2548 1280 2574 hanc
1298 2547 1449 2581 inquirendi
1474 2547 1634 2579 diligentiam
1653 2546 1770 2573 Venetiis

996 2581 1144 2608 adhibitam
1158 2600 1165 2611 ,
1186 2587 1212 2608 ct
1239 2590 1299 2616 qua:
1315 2583 1439 2614 deinceps
1455 2587 1602 2615 sequuntur
1624 2582 1657 2607 ad
1683 2581 1769 2616 sancti

995 2617 1116 2650 corporis
1128 2615 1267 2643 veritatem
1290 2617 1534 2651 comprobandam,
1559 2616 1682 2643 transilit
1704 2615 1770 2641 Her-

995 2655 1107 2677 IIIOIBUS.

1031 2685 1065 2721 (Ι)
1081 2686 1204 2712 Methone
1215 2685 1354 2712 Messenia;
1366 2692 1419 2721 ora;
1434 2685 1497 2712 urbs
1513 2684 1632 2718 antiqua,
1643 2685 1668 2710 in
1681 2688 1771 2710 estre-

995 2728 1038 2747 nta
1065 2721 1260 2756 Peloponneso,
1276 2721 1319 2747 ubi
1336 2720 1540 2754 Archipelagum
1554 2725 1637 2756 totum
1654 2726 1770 2756 emensa:

994 2763 1077 2782 naves
1092 2755 1257 2782 Adriaticum
1274 2762 1348 2781 mare
1364 2762 1458 2782 versus
1471 2763 1580 2782 cursum
1601 2755 1708 2781 flectere
1729 2755 1770 2778 in-

993 2796 1092 2817 ωιιιιιιιι
1099 2809 1105 2816 .

1020 2798 1178 2858 militum,
1194 2833 1263 2851 uerso
1283 2824 1307 2850 cl
1327 2829 1399 2857 porto
1429 2824 1456 2850 (ti
1475 2824 1550 2858 [uera
1561 2823 1629 2850 delia
1642 2822 1713 2849 Forn
1735 2832 1769 2850 nn

994 2862 1077 2895 gravat
1096 2867 1185 2893 μείω.
1204 2870 1213 2886 ι
1231 2860 1317 2888 Locus
1329 2859 1373 2894 qui
1390 2859 1469 2888 hodie
1495 2859 1518 2886 la
1534 2859 1602 2887 Fose
1619 2859 1726 2892 dicitur,
1742 2863 1771 2885 et
