2027 3042
274 151 390 172 οηιινιιι

275 209 373 231 ventus
393 204 581 232 vehementior
597 212 790 234 msurrexcrat.
812 207 940 235 Dominus
958 213 1047 235 autem

279 249 432 283 patriarcha
453 250 607 285 intelligens
629 252 769 281 advenisse
785 253 885 284 navim,
899 253 995 280 auferri
1012 254 1045 280 ab

277 303 308 321 ea
329 300 449 323 sanctum
475 304 573 330 corpus
586 297 664 331 jussit
682 307 688 325 :
715 300 760 326 sed
780 300 841 334 quia
866 300 1046 327 invalescebat

275 345 381 374 ventus,
397 350 464 376 opus
474 342 523 370 fuit
533 344 638 372 mittere
647 346 799 372 onerariam
811 346 986 373 robustiorem
995 346 1044 380 (a),

273 393 298 412 et
316 387 373 414 haec
389 388 445 423 ipsa
461 389 507 416 ubi
525 389 552 416 iu
568 386 634 418 mari
652 390 702 418 fuit
717 392 834 418 nonnulli
858 399 889 418 ex
907 391 1046 418 navicula-

273 433 321 459 riis
348 441 475 462 nauseam
502 436 556 470 pati
576 441 726 472 coeperunt,
751 437 796 464 alii
827 442 915 464 autem
943 437 1045 464 turbari

273 485 383 513 propter
395 480 549 508 violentiam
571 483 747 517 tempestatis.
763 483 828 510 Cum
845 488 935 510 autem
955 490 1046 510 acces—

271 531 368 552 serunt
385 527 418 553 ad
434 527 535 560 navim,
549 528 672 555 viderunt
684 529 806 563 cymbam
820 529 948 556 navarchi
963 530 1046 555 abna-

272 570 374 605 vigasse
387 578 446 613 cum
460 577 556 600 sancto
571 580 695 607 corpore;
710 574 822 608 ideoque
837 579 927 601 maluo
942 582 972 601 se
986 574 1044 601 ani-

271 620 375 644 mantes
390 617 533 646 dicebant:
551 628 560 645 ι
577 619 623 646 Eia
640 619 812 655 insequamur
833 620 984 654 cymbulam
1009 620 1047 647 is-

273 670 283 686 ε
299 666 372 695 tam;
387 668 413 690 ut
429 664 526 691 auxilio
541 665 566 692 ei
581 672 640 692 esse
655 667 797 700 possimus,
812 666 834 692 si
848 666 910 700 quid
926 665 994 692 forte
1009 666 1046 693 si-

272 716 283 733 l
297 707 408 735 nistrum
422 709 685 745 contingat.)Yerum
695 712 836 747 navigabat
850 712 893 738 illa
909 717 961 738 tam
970 711 1046 746 quie-

271 759 305 784 te.
316 759 344 781 ut
355 762 433 790 supra
445 756 561 784 marinos
570 756 674 789 ﬂuctus,
688 765 738 784 non
754 757 858 793 cymba,
868 758 913 785 sed
928 758 984 784 avis
999 765 1043 785 vo-

269 799 326 828 lare
341 801 495 834 videretur;
508 807 535 829 et
549 810 597 837 per
613 803 661 830 Dei
675 804 790 838 gratiam
806 804 878 830 salva
895 804 963 831 citra
977 805 1044 836 peri-

268 846 358 874 culum
387 848 511 882 appulit;
535 856 596 875 cum
613 849 735 876 oneraria
763 849 949 884 patriarcbalis
975 857 1043 876 non-

269 892 321 918 nisi
352 892 436 919 multo
463 900 523 919 cum
549 892 641 920 labore
665 894 736 921 viam
766 901 797 921 ac
827 899 932 929 portum
954 899 1044 922 tenere

268 938 394 972 potuerit.
425 937 458 965 Et
482 943 571 966 tamen
595 939 691 974 cymba
721 940 778 974 illa,
806 946 905 974 praeter
937 948 1042 968 sacrum

268 992 383 1019 corpus,
401 991 447 1011 sex
472 985 593 1012 homines
620 985 738 1018 ferebat,
766 990 795 1012 ct
818 987 906 1013 varias
935 985 1044 1020 insuper

268 1037 383 1063 merces,
405 1031 508 1065 pondus
530 1025 649 1066 ipsorum
668 1036 806 1059 vectorum
832 1031 945 1059 multum
964 1040 1043 1067 supe-

267 1080 368 1104 rantes.

275 1168 376 1196 Veritas
398 1170 483 1196 sancti
502 1169 616 1202 corporis
633 1178 649 1195 ιι
670 1169 823 1202 patriarcha
851 1173 1000 1196 examinata
1017 1175 1041 1197 et

301 1203 418 1237 probata.
429 1203 580 1238 Tramlatio
593 1205 707 1238 ejusdem
719 1205 841 1232 solemnis
856 1206 889 1231 ad
908 1206 1041 1232 ecclesiam

299 1238 406 1266 Sancti:
417 1237 518 1266 Crucis.

301 1337 311 1354 ε
331 1328 428 1355 Detulit
441 1333 529 1356 autem
539 1329 632 1364 cymba
648 1329 692 1356 illa
706 1336 805 1363 corpus
818 1334 942 1356 sanctum
956 1337 1040 1364 usque

263 1374 407 1402 Castellum
429 1374 477 1407 (ὸ),
494 1374 538 1402 ubi
560 1374 622 1402 illud
640 1379 830 1409 pra‘sentatum
859 1379 900 1401 est
915 1382 1041 1402 reveren-

263 1420 381 1448 dissimaz
400 1420 576 1447 dominatioai
594 1420 625 1448 ι).
647 1419 775 1454 Mocenigi
790 1419 945 1452 Justiniaui,
961 1419 1039 1454 primi

262 1465 434 1494 Venetiarum
450 1466 609 1501 patriarchae
622 1486 630 1498 ,
649 1466 694 1500 qui
714 1465 794 1501 jussit
810 1471 840 1493 ut
862 1471 967 1493 secreto
993 1466 1040 1494 de-

261 1518 413 1547 portaretur
427 1513 458 1539 ad
476 1512 598 1540 dominas
621 1511 726 1539 Sancta:
748 1511 842 1539 Crucis
868 1512 894 1538 in
915 1511 1036 1544 Judaica,

262 1558 381 1585 districto
393 1557 558 1592 prohibendo
572 1565 606 1585 ne
621 1557 658 1584 illi
672 1558 758 1585 honor
771 1557 870 1592 aliquis
890 1562 937 1585 aut
961 1565 1038 1585 reve-

262 1604 350 1630 rentia
361 1604 544 1636 exhiberetur,
561 1603 717 1638 priusquam
734 1605 834 1630 certior
857 1608 929 1630 esset
952 1603 1038 1631 factus

261 1650 348 1684 ipsum
365 1656 426 1676 vere
438 1657 498 1677 esse
523 1657 621 1683 corpus
635 1649 663 1676 S.
678 1649 816 1676 Athanasii
830 1669 838 1682 ,
851 1649 969 1678 doctoris
986 1649 1037 1677 Ec-

260 1695 350 1724 clesiae
368 1695 517 1726 catholicae,
534 1695 580 1729 qui
595 1694 660 1722 fecit
684 1695 824 1729 pulchrum
846 1695 916 1723 istud
932 1697 1039 1731 symbo-

260 1742 316 1769 lum
330 1742 401 1776 quod
417 1742 529 1776 incipit:
546 1741 700 1776 Quicunque
716 1742 769 1768 vult
795 1742 881 1769 calvus
898 1750 962 1774 esse,
979 1747 1039 1770 ante

260 1790 348 1816 omnia
365 1798 427 1823 opus
443 1794 480 1816 est
502 1793 530 1815 ut
557 1793 641 1815 teneat
665 1787 819 1814 catholicam
832 1788 921 1822 fidem.
940 1787 1038 1815 Volens

260 1842 326 1869 ergo
339 1836 373 1861 de
389 1842 418 1862 re
432 1838 487 1860 tota
503 1833 646 1860 certitieari
657 1853 665 1864 ,
681 1834 805 1867 quamvis
828 1832 881 1867 jam
902 1837 981 1860 antes
998 1832 1038 1860 lo—

259 1886 338 1908 cutus
350 1880 514 1907 fuissetcum
531 1880 688 1914 supradicto
710 1879 777 1914 Mag.
792 1878 892 1906 Iacobo
912 1885 1037 1911 tonsore,

259 1927 303 1961 qui
317 1927 413 1961 sepius
427 1926 584 1953 visitaverat
597 1931 626 1953 et
644 1926 797 1960 inspexerat
815 1925 901 1960 ipsum
913 1930 1036 1952 sanetum

258 1979 356 2005 corpus
369 1991 377 2004 ,
402 1971 439 1998 uti
459 1971 640 2005 supradictum
659 1975 717 2003 est;
737 1971 829 1998 statim
846 1976 934 1998 tamen
955 1976 1037 2005 atque

258 2019 336 2045 navis
357 2017 470 2051 appulit,
483 2017 562 2051 jussit
573 2017 721 2044 dominatio
737 2024 784 2044 sua
801 2016 988 2051 patriarchalis
1004 2017 1037 2044 il-

259 2064 313 2090 lum
336 2063 481 2096 accersiri,
497 2062 631 2097 simulque
649 2070 800 2097 nanpegnm
825 2063 870 2098 qui
888 2063 1034 2098 gloriosum

259 2117 357 2143 corpus
373 2116 404 2135 ex
424 2116 471 2136 sua
488 2108 590 2142 capella
615 2108 847 2143 Constantinopoli
870 2109 1034 2142 abstulerat;

258 2164 319 2183 cum
333 2163 401 2183 uitus
419 2155 485 2182 nihil
503 2155 586 2182 sciret
602 2155 634 2182 de
653 2155 748 2187 altero,
764 2160 791 2182 et
806 2162 955 2189 nanpegum
967 2163 1035 2182 nun-

258 2210 338 2235 quam
355 2201 486 2229 allocutus
503 2201 599 2228 inisset
612 2201 710 2228 uednm
734 2201 918 2228 examinasset
942 2206 1035 2230 tonsor

257 2248 411 2283 praedictus.

295 2302 305 2318 ι
325 2293 393 2319 Tum
418 2292 467 2320 hoc
482 2297 612 2326 praesente
633 2292 715 2326 ctepit
731 2292 895 2326 patriarcha,
908 2292 983 2326 juxta
1001 2301 1032 2320 ea

256 2345 316 2374 qttte
331 2342 410 2364 antea
421 2344 452 2364 ex
470 2341 579 2364 tonsore
590 2337 738 2368 audiverat,
756 2337 919 2372 interrogare
932 2346 1031 2373 naupe-

254 2463 318 2489 olim
333 2462 373 2495 (ut
387 2461 502 2495 videtur)
517 2462 656 2489 dicebatur
671 2463 697 2489 la
713 2462 801 2489 Furta
811 2483 818 2493 .
835 2464 920 2489 tribus
933 2463 1031 2490 millia-

255 2498 330 2524 ribns
346 2497 446 2524 Italicis
459 2498 540 2524 distat
556 2499 589 2524 ab
599 2502 712 2531 utroque
729 2503 818 2532 portu,
833 2499 858 2524 id
875 2503 938 2524 esta
954 2504 1030 2531 portu

254 2532 406 2562 Malemoci,
419 2539 499 2566 quem
521 2537 624 2559 tutrant
637 2533 751 2566 majores
766 2540 846 2559 naves
859 2553 867 2563 ,
883 2538 908 2559 et
921 2542 934 2559 a
953 2540 1030 2566 portu

253 2566 366 2594 Littoris
381 2574 426 2593 seu
441 2567 482 2593 del
500 2567 662 2601 Lido.quem
676 2567 756 2594 etiam
774 2568 921 2594 mediocres
931 2569 1031 2595 intrare

254 2602 352 2629 solent.
369 2601 456 2628 Locus
466 2609 530 2628 vero
547 2601 616 2628 Fose
632 2602 730 2633 (licius,
747 2603 866 2629 extendit
888 2610 917 2630 se
930 2603 962 2628 ad
979 2603 1031 2629 duo

253 2636 417 2663 Germanica
439 2637 563 2663 milliaria
581 2638 669 2669 quoad
686 2637 852 2672 latitudinem
869 2642 894 2663 et
916 2638 1031 2672 longitu-

253 2672 358 2702 dinem,
374 2672 400 2698 in
413 2679 466 2705 quo
482 2679 549 2706 aqua
564 2676 605 2697 est
623 2672 688 2698 satis
704 2671 833 2704 profunda
850 2676 876 2698 et
893 2671 1028 2698 marenn-

253 2708 328 2737 «tum,
345 2706 380 2732 ita
397 2710 426 2733 ut
440 2706 518 2732 facile
537 2707 639 2740 possint
650 2707 780 2741 projicere
794 2707 936 2735 anchoras.
952 2712 980 2732 et
993 2707 1028 2734 ibi

254 2742 351 2768 sistere
364 2748 447 2768 naves
458 2741 543 2768 donec
555 2741 667 2768 habeant
685 2746 787 2774 tempus
805 2743 972 2768 commodum
990 2743 1030 2767 in-

253 2776 341 2801 trandi
357 2780 384 2802 et
395 2775 522 2802 auxilium
550 2775 627 2809 periti
653 2776 770 2802 ductoris
783 2795 791 2807 ,
809 2776 854 2809 qui
873 2783 953 2802 naves
982 2783 1029 2809 per

253 2809 414 2844 profundum
429 2817 624 2843 recurvo-nque
637 2816 750 2837 meatum
769 2811 801 2836 ad
825 2816 928 2843 portum
946 2811 1029 2836 intro-

253 2845 345 2877 ducat,
362 2852 395 2872 ne
408 2845 440 2873 ad
458 2852 567 2872 arenam
580 2845 754 2879 impiugentes
768 2853 849 2880 prope
871 2850 975 2880 portum
989 2846 1029 2881 (ut

933 148 1116 177 PROLECOM
1122 150 1197 178 ENA.

1063 211 1084 238 Δ
1102 217 1176 244 gum,
1192 210 1262 238 unde
1277 218 1374 246 corpus
1396 211 1458 238 illud
1482 213 1642 241 sustulisset.
1655 214 1705 247 Qui
1727 216 1875 250 respondit,

1101 255 1122 282 Ε
1146 256 1253 289 regione
1268 261 1295 284 et
1315 257 1423 285 civitate
1442 258 1746 294 Constantinopolitana.
1764 261 1802 288 Ex
1823 270 1876 296 quo

1099 301 1178 328 vico?
1194 303 1279 336 inquit
1290 304 1451 337 patriarcha.
1468 304 1506 331 Ex
1518 313 1560 337 eo,
1574 307 1711 340 respondit
1726 315 1874 341 nanpegus.

1102 345 1146 378 qui
1164 345 1329 380 lxirolaphus
1346 348 1453 381 dicitur,
1468 350 1512 376 ubi
1529 355 1569 377 est
1587 351 1710 378 columna
1723 353 1834 386 grandis
1849 356 1876 378 ιιι

1098 390 1220 424 pnlcbra.
1247 393 1284 420 De
1302 401 1354 428 qua
1372 394 1508 422 ecclesia?
1530 395 1624 430 inquit.
1648 396 1686 423 De
1709 398 1821 424 ecclesia
1843 397 1872 424 S.

1103 436 1257 470 Athanasii,
1269 439 1405 472 respondit
1420 440 1499 468 alter.
1511 440 1557 468 Ille
1578 442 1685 474 itcrutn,
1699 441 1735 468 De
1759 450 1809 476 qua
1826 450 1873 468 ca-

1097 482 1165 516 pella
1177 483 1190 509 ?
1217 484 1252 511 De
1279 492 1340 517 una,
1361 486 1449 513 retulit
1465 486 1541 519 alter,
1559 495 1618 522 qua!
1633 487 1741 522 plumbo
1765 488 1872 521 tegitur.

1100 527 1284 563 interrogatus
1298 536 1386 558 autem
1404 531 1437 558 de
1452 532 1535 560 forma
1549 533 1703 567 sepulturae,
1722 532 1869 566 respondit,

1102 580 1208 607 capsam
1226 574 1309 602 fuisse
1325 576 1438 609 ligneam
1454 585 1461 604 :
1476 579 1523 604 sed
1540 582 1566 604 et
1582 579 1615 604 de
1631 577 1716 612 signis
1739 578 1809 604 unde
1830 585 1874 603 co-

1099 619 1195 653 gnosci
1216 620 1369 648 distinctius
1386 628 1474 655 posset
1498 623 1655 657 requisitus.
1669 623 1736 650 dixit
1749 622 1831 649 aforis
1846 625 1873 648 et

1100 664 1209 693 deintus
1223 666 1323 699 pictam
1338 674 1406 694 esse.
1421 667 1489 700 Quin
1504 674 1530 695 et
1542 669 1613 696 circa
1632 669 1703 703 ipsas
1713 669 1810 702 figuras
1820 667 1872 694 ibi-

1099 710 1158 737 dem
1175 711 1294 745 depictas
1317 713 1499 745 examinatus,
1512 716 1648 748 respondit
1665 715 1775 750 figuram
1795 713 1875 740 abin—

1099 761 1142 782 tus
1160 757 1242 784 videri
1271 758 1300 787 S.
1317 759 1467 786 Athanasii.
1488 760 1605 794 Denique
1619 761 1652 787 ad
1677 767 1783 787 omnem
1811 767 1872 793 qua:

1095 805 1148 832 sibi
1165 806 1245 832 fiebat
1257 807 1430 840 qmestionem
1448 807 1586 841 respondit
1603 814 1739 841 nanpegus
1755 807 1789 833 ita
1805 813 1873 832 eon-

1095 856 1160 882 grue
1174 854 1201 876 et
1216 850 1390 878 conformiter
1402 851 1444 878 Iud
1468 857 1530 878 ante
1545 852 1626 880 relata
1649 859 1664 878 a
1685 856 1793 878 tonsore
1809 871 1817 882 ,
1841 856 1870 877 ut

1095 894 1211 921 dubitari
1227 902 1278 921 non
1291 900 1392 929 posset,
1404 896 1469 930 quin
1485 896 1574 923 omnia
1593 904 1652 923 cum
1672 896 1783 922 veritate
1803 903 1869 921 con-

1093 939 1237 971 sisterent;
1252 943 1279 965 et
1294 939 1440 966 dominatio
1457 947 1505 966 sua
1525 939 1725 974 patriarchalis.
1738 945 1797 965 cum
1810 945 1853 964 om

1093 984 1172 1011 nibus
1185 992 1265 1018 super
1278 992 1311 1012 eo
1326 985 1436 1020 negotio
1449 985 1603 1013 constitutis
1613 1004 1622 1018 ,
1635 985 1802 1013 satisfactum
1817 984 1871 1011 sibi

1092 1029 1247 1064 plenissime
1268 1029 1413 1061 fateretur;
1429 1031 1491 1064 quia
1508 1035 1596 1058 autem
1617 1036 1710 1058 tonsor
1729 1035 1806 1057 antea
1827 1031 1868 1056 di-

1092 1080 1179 1109 xerat,
1196 1076 1282 1110 ipsum
1299 1084 1396 1110 corpus
1411 1083 1533 1104 sanctum
1550 1077 1649 1104 habere
1665 1081 1738 1103 retro
1752 1076 1778 1103 in
1792 1081 1872 1109 tergo

1092 1121 1159 1149 duas
1174 1121 1293 1149 maculas
1314 1123 1404 1156 nigras
1417 1142 1425 1154 ,
1451 1124 1532 1149 etiam
1547 1122 1598 1149 hoc
1615 1122 1782 1156 exploratum
1796 1122 1846 1147 fuit
1857 1141 1866 1152 ,

1091 1167 1260 1202 iuventaeque
1274 1169 1359 1203 reipsa
1379 1168 1489 1195 macula:
1510 1169 1561 1195 illae
1583 1173 1655 1195 sunt.
1672 1167 1810 1194 Postremo
1826 1167 1869 1194 in-

1091 1218 1242 1248 terrogatus
1263 1221 1400 1249 naupcgus
1414 1233 1421 1245 .
1447 1221 1510 1240 num
1535 1214 1568 1241 de
1595 1213 1639 1240 illo
1659 1221 1772 1247 corpore
1795 1212 1869 1239 fama

1090 1263 1164 1286 esset
1181 1264 1253 1286 certa
1278 1264 1304 1286 et
1331 1265 1476 1292 constans,
1498 1259 1583 1293 ipsum
1609 1266 1670 1286 esse
1694 1259 1724 1286 S.
1745 1259 1868 1286 A'bana-

1091 1305 1123 1332 sii
1138 1304 1256 1332 doctoris
1281 1304 1424 1336 Ecclesiae,
1452 1304 1588 1339 respondit
1607 1304 1716 1331 omnino
1733 1303 1811 1330 talem
1832 1303 1868 1330 ibi

1090 1359 1159 1380 ESSE.

1129 1407 1138 1424 ι
1154 1398 1272 1426 Alterum
1287 1401 1416 1433 prmterea
1439 1397 1622 1425 testimonium
1637 1396 1744 1424 veritati
1767 1395 1866 1431 pra-di-

1089 1449 1140 1471 cla:
1165 1443 1260 1478 obtigit
1279 1444 1329 1471 hoc
1351 1443 1440 1471 modo.
1468 1442 1568 1470 Nobilis
1589 1443 1695 1476 quidam
1724 1450 1739 1469 e
1760 1434 1867 1468 familia

1088 1489 1275 1521 Justinianzea,
1290 1489 1545 1523 Constantinopolim
1559 1493 1666 1523 propter
1680 1488 1802 1522 quaedam
1820 1495 1868 1513 ne-

1050 1547 1072 1576 c
1091 1539 1161 1570 gotia
1189 1543 1236 1563 sua
1265 1541 1322 1563 erat
1347 1535 1495 1570 profectus,
1521 1542 1553 1562 eo
1576 1539 1697 1569 tempore
1727 1540 1779 1568 quo
1804 1533 1868 1560 istic

1089 1581 1199 1617 grandis
1224 1580 1376 1616 pestilentia
1399 1580 1528 1607 szeviebat
1552 1590 1558 1607 :
1580 1587 1594 1606 a
1617 1579 1693 1613 cujus
1707 1578 1867 1612 contagione

1089 1633 1118 1654 ut
1143 1627 1264 1654 securior
1282 1631 1310 1653 et
1336 1626 1466 1653 remotior
1491 1629 1565 1652 esset
1588 1624 1684 1652 nobilis
1709 1623 1864 1659 praedictus,

1089 1671 1235 1705 hospitium
1251 1669 1301 1698 sibi
1317 1669 1451 1704 delegerat
1468 1669 1537 1703 apud
1552 1669 1626 1696 illum
1642 1668 1820 1698 sacerdotem,
1837 1666 1865 1694 in

1088 1716 1166 1750 cujus
1183 1723 1247 1742 cura
1270 1720 1328 1743 erat
1350 1715 1506 1750 praedictum
1530 1718 1652 1741 sauctmn
1669 1720 1765 1748 corpus
1780 1720 1788 1745 ;
1803 1719 1864 1739 cum

1087 1769 1171 1796 eoque
1194 1765 1329 1788 manserat
1351 1760 1488 1787 mensibus
1507 1766 1564 1792 sex,
1585 1760 1619 1786 ab
1640 1759 1733 1785 eodem
1746 1757 1864 1791 linguam

1088 1807 1208 1834 Grmcam
1220 1807 1336 1837 discens,
1352 1810 1379 1833 et
1394 1806 1494 1832 interea
1509 1805 1608 1838 smpius
1628 1804 1714 1838 ipsum
1739 1807 1864 1829 sanctum

1088 1860 1185 1886 corpus
1213 1851 1368 1886 inspiciens.
1405 1849 1455 1877 Hic
1483 1849 1663 1890 interrogatus
1699 1855 1762 1875 num
1799 1847 1865 1874 illud

1087 1896 1227 1931 agniturus
1246 1899 1317 1922 esset
1337 1895 1359 1922 si
1385 1895 1499 1926 videret,
1531 1892 1679 1928 respondit,
1702 1899 1732 1919 se
1758 1891 1784 1918 id
1811 1897 1863 1917 non

1089 1949 1167 1977 posse
1184 1942 1350 1976 promittere,
1366 1947 1397 1967 eo
1409 1940 1478 1975 quod
1489 1939 1544 1975 jam
1564 1940 1627 1965 anni
1642 1946 1688 1966 sex
1704 1938 1866 1965 transissent

1087 1988 1122 2015 ab
1149 1995 1181 2015 eo
1206 1992 1324 2022 tempore
1339 1994 1392 2021 quo
1407 1986 1528 2012 ultimum
1549 1985 1636 2016 vidit;
1653 1992 1736 2011 unum
1759 1989 1863 2010 tantum

1087 2041 1117 2061 se
1135 2033 1278 2064 recordari,
1288 2031 1358 2066 quod
1374 2031 1475 2059 scilicet
1491 2031 1588 2065 digitus
1602 2038 1670 2056 unus
1684 2030 1790 2056 deesset
1806 2036 1865 2055 ma-

1089 2078 1134 2105 nui
1154 2079 1283 2105 dexteram
1297 2076 1415 2111 Rogatus
1430 2075 1525 2102 deinde
1540 2080 1582 2102 est
1598 2079 1627 2100 ut
1641 2074 1798 2108 dignaretur
1816 2079 1865 2106 per

1087 2131 1147 2155 sese
1167 2123 1297 2150 accedere
1326 2122 1358 2149 ad
1386 2122 1514 2149 moniales
1535 2121 1639 2148 Sancta-
1659 2120 1753 2148 Crucis
1774 2121 1800 2147 in
1816 2119 1864 2147 Ju-

1088 2169 1164 2196 daica
1178 2177 1185 2193 τ
1205 2168 1276 2202 quod
1297 2167 1343 2195 ille
1364 2167 1477 2194 libenter
1491 2165 1554 2193 fecit
1570 2174 1578 2192 :
1595 2166 1739 2200 statimque
1755 2169 1784 2192 ut
1798 2165 1865 2192 vidit

1051 2221 1074 2250 ι)
1088 2221 1196 2242 manum
1213 2214 1295 2247 digito
1313 2213 1446 2244 mutilam,
1461 2212 1628 2244 Certissima,
1645 2211 1742 2246 inquit,
1756 2210 1807 2238 hoc
1822 2215 1865 2237 est

1085 2267 1184 2294 corpus
1211 2259 1281 2291 quod
1309 2260 1363 2286 vidi
1387 2267 1395 2286 :
1419 2258 1518 2292 digitus
1542 2262 1630 2284 autem
1656 2257 1700 2292 qui
1718 2257 1762 2284 hic
1776 2257 1860 2288 deest,

1086 2310 1210 2333 servatur
1235 2306 1269 2332 ab
1295 2304 1405 2339 antiquo
1428 2304 1454 2330 in
1469 2302 1582 2330 ecclesia
1607 2301 1636 2329 S.
1651 2301 1788 2329 Laurentii
1812 2300 1863 2329 Vo-

1085 2351 1164 2378 netiis
1187 2351 1234 2385 (c).

1083 2461 1327 2496 praelideutioribus
1340 2459 1406 2488 solet
1418 2467 1607 2495 nonnunquam
1623 2459 1789 2496 contingere)
1799 2468 1862 2487 nau-

1083 2498 1197 2532 fragium
1216 2497 1324 2522 faciant.
1344 2506 1354 2523 ι

1117 2529 1155 2568 (ii)
1180 2531 1337 2558 Onerariam
1354 2533 1435 2560 etiam
1459 2530 1543 2558 vertit
1567 2529 1745 2562 Hermolaus,
1771 2529 1860 2557 ltalice

1098 2573 1165 2594 eota.

1080 2576 1165 2635 witha).
1185 2600 1286 2635 Exigua
1309 2601 1416 2632 insula,
1447 2601 1492 2627 ubi
1518 2577 1602 2635 prima
1626 2598 1719 2626 Veneti
1744 2599 1858 2632 episcopi

1082 2638 1162 2663 sedes
1181 2636 1250 2668 fuit,
1269 2637 1339 2663 unde
1354 2642 1380 2663 et
1403 2635 1621 2664 Castellanenses
1645 2635 1763 2668 episcopi
1786 2635 1859 2660 dice-

1085 2673 1197 2702 bantur.
1223 2675 1318 2704 estque
1334 2672 1439 2698 civitati
1454 2679 1487 2697 ex
1504 2674 1577 2704 parte
1593 2670 1714 2695 orientali
1736 2669 1835 2704 extima
1848 2689 1856 2699 ,

1083 2707 1161 2739 eique
1181 2713 1228 2739 per
1242 2703 1351 2738 pontem
1367 2713 1490 2734 connexa
1503 2703 1589 2739 ipsum
1604 2704 1713 2731 Portum
1735 2703 1857 2738 proximo

1082 2747 1256 2774 prosplctens.

1116 2776 1151 2808 (c)
1167 2774 1418 2802 Sanclimonialium
1433 2775 1488 2802 haec
1510 2779 1551 2801 est
1577 2773 1705 2805 ecclesia,
1722 2773 1745 2800 ei
1761 2773 1786 2799 in
1803 2779 1856 2808 qua

1082 2811 1111 2836 ς.
1126 2810 1207 2836 Marci
1233 2810 1343 2837 basilica
1362 2816 1402 2838 est
1421 2810 1511 2837 insula:
1524 2809 1646 2844 vicinior,
1664 2810 1689 2836 in
1704 2816 1756 2844 qua
1772 2809 1855 2836 etiam

1083 2851 1124 2874 cst
1137 2845 1247 2874 ecdesia
1261 2845 1289 2873 S.
1307 2845 1411 2881 Georgii
1427 2845 1594 2874 Graecm'utu.
