2027 3042
139 192 145 207 ι

747 148 790 174 DE
806 147 920 176 CULTU
942 147 971 175 S.
995 147 1192 176 ATHANASIL

1679 158 1777 178 CCLXII

206 215 217 233 ι
233 206 347 234 Maxima
367 211 500 240 praeterea
517 210 544 233 et
556 205 728 234 exactissima
745 206 882 241 diligentia
898 214 947 234 no-
961 209 983 237 Α
1000 206 1060 237 bus,
1086 213 1118 232 ac
1148 206 1262 239 demque
1293 207 1485 235 serenissimus
1509 208 1633 242 princeps
1657 212 1701 243 (c;_
1715 218 1776 236 cum

166 254 216 282 st-rl
232 253 450 281 revereudissimi
474 253 575 279 domini
603 251 765 287 patriarchae
785 256 874 279 actum
892 257 944 285 est,

167 304 196 326 ut
218 299 294 333 plura
315 298 367 324 alia
392 297 517 325 veritatis
540 298 676 332 prmdicta!
700 302 857 331 argumenta
872 298 946 325 clara

166 345 341 376 haberentur,
357 351 373 371 a
389 344 432 371 die
448 344 552 371 decima
579 344 617 379 (a)
639 343 749 378 Aprilis,
768 351 853 378 usque
865 343 904 379 (ὁ)
918 344 945 371 in

166 391 237 418 diem
251 390 419 417 undecimam
437 389 499 417 Maii
513 396 521 416 :
547 394 652 424 tempus
665 389 737 416 enim
755 389 945 417 intermedium

165 441 250 464 totum
278 441 402 463 exactum
426 440 468 463 est
494 436 692 470 interrogandis
715 439 743 462 et
766 434 946 464 diversimode

164 482 361 514 examinandis,
385 486 439 509 tam
458 481 518 516 ipso
534 489 669 517 naupego,
694 482 739 515 qui
757 489 853 516 corpus
871 489 885 508 a
900 490 945 509 ca-

166 527 234 562 pella
252 527 281 554 S.
303 526 446 553 Athanasii
466 526 606 554 sustulisse
630 533 659 553 se
679 525 840 557 alﬁrmabat,
863 534 944 561 quam

168 572 306 599 navarcho
321 579 368 599 seu
379 577 492 607 patrono
504 571 587 607 ipsius
603 572 689 605 navis,
703 573 880 607 omnibusque
897 573 943 606 iis,

165 626 180 646 a
196 618 293 653 quibus
307 618 435 646 indicium
449 618 558 653 aliquod
579 618 622 646 vel
644 618 834 646 documentum
850 619 942 647 haberi

163 663 235 690 circa
251 671 307 691 rem
323 663 402 691 istam
414 669 514 698 posset,
530 664 563 691 ad
579 668 656 691 certo
671 664 841 698 dilncideque
855 665 944 692 scien-

163 708 226 735 dum
251 708 338 742 ipsum
362 715 422 736 esse
437 715 532 735 verum
553 715 650 743 corpus
668 708 697 736 S.
713 709 865 738 Athanasii.
889 709 943 737 lla-

162 753 218 781 bita
231 753 312 788 igitur
333 758 386 780 tam
410 753 488 789 plena
510 754 684 787 certitudine,
703 762 799 790 magno
813 763 874 782 cum
887 755 942 784 fer—

161 807 226 826 vore
240 800 376 827 convertit
397 807 425 827 se
439 807 485 827 sua
503 800 728 828 reverendissima
747 801 894 829 dominatio
907 801 941 829 ad

163 845 350 872 honorandum
365 849 419 872 tam
430 852 536 874 sacrum
553 846 667 881 pignus;
686 853 774 881 neque
785 847 939 881 patriarcha

996 258 1045 277 suo
1063 251 1228 278 nobilissimo
1239 253 1466 286 ornatissimoqu
1486 259 1592 285 senatu,
1607 254 1640 280 ad
1658 255 1777 282 debitam

997 297 1174 323 reverentiam
1187 302 1281 324 sancto
1293 298 1399 332 corpori
1420 299 1613 326 exhibendam.
1785 319 1788 345 Ι

1034 352 1043 369 ι
1062 343 1158 370 Verum
1183 343 1226 370 ubi
1251 344 1307 371 lucc
1331 344 1547 377 splendidissima
1576 353 1670 380 pompa
1693 345 1726 380 (ο
1744 346 1787 372 ad'

1002 395 1093 414 aream
1118 388 1147 414 S.
1176 387 1257 415 Marci
1276 389 1388 423 appulit,
1411 390 1596 417 vehementior
1611 392 1677 418 mari
1699 392 1776 418 ineu-

995 433 1052 460 huit
1074 439 1179 465 ventus,
1206 442 1286 466 quam
1307 435 1474 468 proccssioni
1499 436 1622 463 ordinate
1646 436 1775 474 facienda-

995 479 1139 505 convenire
1154 479 1296 506 videbatur
1311 487 1359 513 per
1373 487 1458 513 aquas
1475 480 1515 507 sic
1531 482 1661 510 turbatas.
1679 480 1775 509 ['rocc-

995 522 1109 549 deudmn
1135 523 1310 551 nihilominus
1336 525 1441 552 censuit
1471 527 1697 558 reverendissima,
1725 535 1773 554 sua

995 568 1155 600 dominatio,
1168 569 1305 597 confidens
1321 570 1346 597 iu
1366 572 1479 599 Domino
1501 577 1529 599 et
1547 579 1624 599 servo
1637 573 1702 607 ejus.
1720 573 1774 600 Ita-

994 622 1046 649 que
1073 615 1220 649 procedere
1244 620 1384 650 coeperunt
1398 611 1513 651 primum
1536 622 1651 652 quatuor
1665 618 1773 652 scholae,

993 665 1049 689 tum
1082 660 1210 695 religiosi,
1228 660 1326 688 deinde
1351 663 1581 697 congregatioues,
1600 670 1633 690 ac
1659 663 1774 698 denique

994 705 1141 740 capitulum
1154 705 1184 734 S.
1200 706 1282 733 Marci
1298 714 1358 735 cum
1381 707 1564 736 illustrissimo
1579 713 1685 737 senatu.
1707 710 1772 742 Qui-

993 750 1043 778 bus
1066 751 1282 786 procedentihus,
1306 751 1388 786 jussit
1423 753 1577 787 patriarcha
1601 758 1630 780 ut
1654 754 1771 789 episcopi

992 803 1055 824 octo
1070 798 1262 831 ponlilicaliter
1279 799 1366 825 vestiti
1384 804 1466 834 atque
1481 800 1581 826 mitrati
1607 800 1772 834 subiicerent

993 841 1120 868 humeros
1134 849 1211 869 sacro
1228 843 1338 875 feretro,
1355 844 1515 871 collocando
1532 852 1614 879 supra
1638 843 1770 873 contabu-

162 895 277 923 umum,
291 891 337 918 sed
351 896 378 919 ει
394 891 469 918 muni
486 891 531 918 alii
544 891 662 926 episcopi
682 899 714 919 ac
729 880 845 926 iii-gini,
867 893 938 928 ipse.
955 880 976 907 Β
991 887 1116 914 lationem
1133 889 1289 922 praedictam
1304 889 1363 916 loco
1373 889 1478 917 excelso
1493 895 1520 917 et
1534 890 1676 922 cntineuli,
1693 896 1771 924 prout

161 943 214 970 que
236 935 433 963 illustrissimus
450 940 561 964 senatus
575 936 693 964 Venetus
714 945 775 964 cum
794 939 867 965 omni
890 946 938 973 po-

160 981 234 1016 pulo,
247 987 444 1011 consenserunt
455 983 489 1011 ad
504 984 703 1018 celebrandam,
719 993 800 1020 quam
822 987 938 1014 maxima

158 1028 218 1055 ﬁeri
239 1033 330 1063 posset
347 1034 375 1057 et
397 1030 575 1058 conveniebat
601 1038 706 1066 pompa,
734 1031 937 1060 translationem

157 1073 345 1107 gloriosissimi
362 1075 441 1103 istius
455 1076 555 1109 sancti,
567 1084 647 1111 quem
663 1076 733 1105 Deus
745 1077 810 1112 ipse,
825 1085 873 1113 per
884 1084 937 1105 tam

158 1119 309 1147 evidentem
344 1121 604 1149 demonstrationem
643 1122 778 1157 veritatis,
807 1123 935 1159 singulari

158 1170 268 1197 prorsus
282 1165 386 1193 honore
400 1165 509 1201 dignum
523 1167 698 1202 significarat.

198 1218 208 1235 ι
225 1209 322 1237 Parata
349 1215 413 1238 sunt
438 1216 528 1239 autem
552 1213 642 1239 omnia
668 1213 721 1240 huc
744 1213 891 1248 spectantia
910 1214 936 1241 in
964 1209 973 1221 “’

157 1254 324 1282 Dominicam
340 1255 409 1282 infra
422 1262 545 1284 octavam
555 1257 729 1285 Ascensionis
741 1258 934 1285 sanctissimae:

157 1300 266 1335 quando
279 1301 329 1328 sub
345 1308 470 1329 auroram
489 1303 561 1330 misit
574 1303 721 1331 dominatio
743 1311 791 1330 sua
815 1311 936 1331 reveren-

157 1344 279 1377 dissima,
295 1347 341 1380 qni
365 1352 487 1374 sanctum
511 1355 610 1383 corpus
625 1352 730 1376 secreto
745 1347 934 1380 transferrent,

161 1398 176 1418 a
190 1391 289 1419 Sancta
303 1392 388 1420 Cruce
403 1393 430 1420 in
443 1392 565 1426 Iudaica,
579 1393 612 1420 ad
624 1393 767 1421 ecclesiam
779 1393 808 1420 S.
828 1393 910 1420 Marci
927 1404 933 1420 :

157 1437 201 1464 imi
224 1438 311 1465 debita
329 1446 391 1466 ctam
407 1439 549 1467 devotione
567 1443 595 1467 et
609 1439 760 1467 reverentia
776 1439 934 1467 collocatum

157 1481 207 1508 fuit
219 1489 300 1517 supra
315 1490 390 1510 aram
405 1482 564 1518 principem,
579 1484 677 1519 pannis
693 1484 782 1512 aureis
796 1484 935 1519 pretiosis-

157 1526 225 1553 sime
239 1527 508 1563 splendidissimeque
533 1529 669 1556 vestitam.
685 1528 868 1564 Praeparatum
890 1529 933 1557 iu-

155 1572 337 1606 superfuerat
354 1580 388 1601 ex
404 1574 529 1602 maximis
546 1574 670 1609 navibus,
686 1575 757 1602 inter
774 1582 834 1602 sese
849 1574 934 1612 firmi-

156 1619 198 1642 ter
212 1617 399 1644 concatenatis
411 1618 655 1652 contabulatisqne,
667 1625 762 1654 pegma
773 1619 931 1653 spatiosum,

156 1660 317 1688 instructum
331 1662 469 1695 sedilibus,
491 1663 640 1698 pannisque
657 1664 752 1691 sericis
775 1664 875 1692 diversi
890 1672 935 1692 co-

155 1705 221 1733 loris
236 1707 379 1742 aureisque
393 1709 591 1743 speciosissime
603 1710 776 1743 adornatum,
794 1714 824 1738 ut
837 1710 934 1745 grauis-

154 1751 251 1779 simum
277 1753 398 1780 cominus
427 1753 585 1789 eminusque
606 1754 773 1783 intuentibus
802 1756 935 1791 praeberet

106 1806 112 1812 -
157 1797 351 1831 spectaculum.
367 1797 533 1833 Competenti
556 1805 644 1827 autem
661 1801 728 1828 hora
751 1807 935 1830 convenerunt

155 1843 400 1871 reverendissimus
413 1845 538 1872 dominus
551 1845 706 1880 patriarcha
732 1853 794 1873 cum
808 1849 864 1874 suis
880 1847 935 1874 suf-

154 1886 288 1922 fraganeis
308 1889 355 1923 (ε).
373 1893 400 1917 et
421 1889 453 1918 D.
477 1890 619 1925 episcopus
643 1891 788 1919 Patavintts
808 1891 848 1927 (ἄ)
872 1899 934 1919 cum

153 1932 214 1960 aliis
233 1934 366 1968 episcopis
389 1940 416 1962 et
439 1935 566 1970 praelatis,
581 1937 625 1971 qui
646 1941 709 1964 tunc
725 1936 842 1965 Venetiis
860 1937 934 1964 inve—

158 1977 302 2005 niebantur
315 1979 469 2013 quindecim
485 1985 533 2008 aut
550 1982 678 2015 sedecim,
702 1983 802 2010 mitrati
821 1991 932 2011 omnes:

156 2023 219 2050 item
248 2031 353 2053 cunctae
375 2027 555 2055 sacerdotales
574 2030 797 2064 congregationes
820 2037 934 2057 numero

156 2077 263 2102 novem,
279 2071 422 2106 cunctique
449 2072 567 2108 religiosi
584 2080 645 2100 cum
663 2074 720 2101 suis
738 2074 863 2109 capitulis
887 2082 933 2102 so-

154 2115 279 2144 lemniter
293 2119 439 2152 apparatis,
453 2119 522 2146 intra
535 2127 598 2146 suas
612 2120 710 2154 quique
725 2121 819 2155 planas
837 2129 930 2148 naves.

155 2160 224 2190 Tum
243 2168 358 2197 quatuor
376 2163 492 2198 majores
517 2165 616 2193 schola:
637 2173 699 2192 cum
719 2166 776 2193 suis
793 2165 931 2193 luminari-

990 933 1102 966 farlum,
1128 933 1282 962 sedentibus
1313 936 1523 970 circumquaque
1548 937 1772 965 reverendissimo

990 979 1146 1014 patriarcha
1164 988 1224 1007 cum
1238 981 1373 1016 episcopis
1390 985 1416 1007 et
1431 982 1559 1015 praelatis,
1583 983 1770 1010 serenissimo-

991 1033 1043 1060 que
1058 1026 1180 1060 principe
1205 1031 1231 1053 et
1247 1027 1419 1054 senatoribus
1432 1028 1499 1062 ejus.
1529 1027 1630 1061 Quibus
1645 1028 1769 1056 omnibus

990 1073 1016 1100 in
1039 1074 1171 1100 destinata
1197 1073 1248 1101 sibi
1267 1074 1361 1101 sedilia
1389 1075 1523 1109 receptis,
1549 1075 1638 1109 posuit
1661 1081 1769 1108 ventus,

989 1119 1144 1153 conquievit
1163 1127 1250 1153 mare,
1269 1125 1295 1148 et
1316 1119 1386 1147 facta
1403 1125 1445 1148 est
1468 1121 1649 1156 tranquillitas
1672 1129 1768 1156 magna

988 1169 1016 1191 el
1032 1164 1210 1192 admirabilis.

1025 1219 1035 1235 ί
1052 1210 1079 1237 In
1096 1211 1167 1238 hunc
1183 1210 1292 1238 modum
1305 1211 1453 1238 discessum
1476 1219 1490 1238 a
1514 1210 1604 1238 littore
1616 1215 1657 1238 est
1672 1218 1768 1239 versus

986 1253 1135 1287 Iudaicam,
1146 1262 1241 1289 magno
1255 1262 1316 1282 cum
1328 1255 1414 1288 jubilo
1425 1260 1452 1282 et
1464 1256 1554 1283 laetitia
1567 1256 1766 1289 universorum,

987 1300 1196 1333 personantibus
1212 1300 1283 1327 tubis
1302 1300 1429 1334 tibiisque
1452 1305 1479 1328 ct
1493 1302 1582 1328 omnis
1597 1302 1704 1336 generis
1725 1301 1766 1328 in-

988 1345 1149 1373 strumentis
1173 1345 1292 1373 musicis.
1317 1345 1526 1374 Exsceusionem
1556 1351 1646 1374 autem
1673 1355 1766 1375 omnes

987 1389 1109 1417 fecerunt
1123 1391 1216 1418 eodem
1231 1398 1285 1425 quo
1298 1397 1427 1418 venerant
1444 1392 1548 1425 ordine,
1574 1393 1683 1425 scholae,
1701 1393 1766 1421 reli-

985 1435 1063 1468 piosi,
1080 1436 1302 1471 congregationes
1323 1437 1509 1469 sacerdotum,
1526 1441 1551 1465 et
1564 1439 1654 1466 caeteri
1671 1439 1704 1465 ad
1719 1447 1767 1474 pa-

985 1481 1105 1508 rochiam
1129 1481 1158 1509 S.
1178 1482 1331 1517 Euphemia:
1343 1483 1391 1518 (g),
1415 1488 1495 1518 atque
1508 1484 1542 1511 ad
1555 1483 1681 1513 Sanctam
1696 1485 1765 1512 Cru-

986 1534 1044 1554 cem
1073 1533 1263 1562 processerunt
1289 1536 1336 1563 per
1361 1529 1486 1562 insulam,
1511 1535 1594 1557 totam
1615 1531 1765 1558 virentibus

987 1572 1068 1599 ramis
1084 1571 1229 1607 herbisque
1254 1573 1396 1601 instratam
1422 1581 1453 1601 ac
1477 1576 1777 1603 convestitantzcamu

984 1625 1047 1653 pum
1063 1625 1127 1646 vero
1145 1618 1217 1646 illius
1239 1626 1346 1646 omnem
1370 1620 1517 1655 implebant
1541 1621 1666 1653 tentoria,
1689 1621 1765 1649 ordi-

985 1668 1047 1691 nate
1070 1667 1152 1698 atque
1179 1665 1277 1692 devote
1292 1665 1431 1700 disposita.
1448 1665 1557 1693 Interim
1572 1666 1698 1701 paulatim
1713 1668 1762 1694 ad-

985 1709 1096 1736 natabat
1121 1709 1254 1742 machina,
1277 1715 1398 1737 sanctum
1426 1718 1525 1745 corpus
1545 1719 1606 1738 cum
1621 1719 1670 1738 SllO
1688 1719 1763 1739 reve-

985 1753 1147 1780 rendissimo
1170 1761 1203 1781 ac
1224 1754 1401 1781 serenissima
1422 1755 1551 1781 comitatu
1576 1755 1682 1783 ferens:
1701 1763 1761 1790 qua)

984 1799 1029 1826 ubi
1041 1799 1123 1827 etiam
1139 1800 1196 1834 ipsa
1213 1799 1239 1827 in
1258 1800 1365 1826 modum
1380 1807 1476 1828 currus
1491 1801 1661 1835 triumphalis
1677 1802 1761 1836 appli-

984 1845 1049 1878 cuit,
1062 1845 1296 1880 progredientibus
1312 1846 1420 1873 obviam
1434 1846 1555 1881 pluribus
1568 1847 1758 1882 parochiarum

985 1891 1148 1919 Venetarum
1161 1891 1295 1926 plebanis,
1313 1899 1408 1919 cereos
1432 1893 1547 1927 grandes
1565 1893 1691 1920 ardentes
1715 1901 1762 1928 ge—

986 1937 1129 1970 stantibus,
1155 1937 1287 1964 sublatum
1305 1942 1348 1965 est
1369 1938 1497 1965 feretrum
1523 1939 1642 1967 humeris
1665 1941 1761 1974 prted'u

985 1988 1090 2011 ctorum
1104 1982 1289 2018 praelatorum,
1306 1987 1384 2017 atque
1403 1983 1473 2011 intra
1489 1983 1631 2012 ecclesiam
1654 1984 1761 2012 Sancta:

984 2028 1079 2056 Crucis
1103 2028 1232 2061 delatum,
1255 2028 1281 2055 in
1303 2029 1413 2064 ejusque
1431 2030 1518 2058 medio
1539 2031 1692 2066 impositum
1713 2039 1760 2059 ειη

983 2074 1056 2101 celso
1073 2075 1188 2110 pegmati
1204 2075 1236 2101 ad
1251 2075 1278 2102 id
1293 2081 1453 2110 praeparato.
1662 2078 1664 2080 ’

1021 2129 1030 2146 ι
1051 2119 1143 2155 Neque
1156 2128 1220 2148 vero
1231 2121 1290 2148 sine
1308 2123 1438 2156 mysterio
1463 2122 1546 2151 fuisse
1559 2124 1674 2156 videtur,
1687 2125 1758 2159 quod

984 2166 1168 2202 praelaudatus
1178 2166 1329 2194 navarchus
1339 2167 1397 2202 ejus
1407 2169 1493 2196 sancti
1509 2177 1607 2204 corpus
1616 2189 1624 2202 ,
1637 2170 1682 2203 qui
1697 2170 1759 2197 dum

189 2297 227 2333 (ιι)
245 2295 321 2322 Anno
342 2295 411 2322 1454
435 2295 535 2333 Pascha
555 2296 604 2333 fuit
615 2296 646 2323 21
672 2296 772 2331 Aprilis
791 2305 797 2323 :
815 2302 930 2333 emptum
948 2301 969 2328 Ι)
983 2297 1076 2324 unitis.

155 2331 221 2364 ergo
236 2338 347 2356 cxalncn
361 2336 422 2357 ante
435 2331 629 2358 hebdomadam
640 2337 773 2364 sanctam,
791 2332 834 2358 die
855 2331 930 2360 Jovis

155 2373 214 2398 post
231 2366 394 2393 Dominicam
413 2365 555 2393 Passionis.

191 2402 227 2438 (ὁ)
244 2403 270 2438 lu
286 2400 378 2438 Italico
393 2401 491 2438 dicitur
509 2409 518 2425 ε
531 2408 618 2438 usque
643 2401 672 2438 in
689 2400 929 2438 dietn_tr_ans|ati_t_»

155 2435 270 2471 nis,'qui
294 2435 343 2471 fuit
359 2436 514 2471 undecimus
529 2435 601 2462 Maii.
622 2445 631 2461 ι
651 2436 749 2463 Verum
765 2435 877 2463 inferius
888 2436 929 2462 di-

154 2469 392 2498 t'itur'Translatio
414 2469 484 2496 facta
511 2479 520 2495 ι
551 2471 688 2498 Dominica
708 2471 776 2497 infra
805 2475 926 2497 octavam

152 2505 335 2537 Ascensionis,
351 2514 360 2530 ι
379 2512 436 2539 qum
451 2504 585 2531 Dominica
600 2513 632 2532 eo
645 2513 726 2536 anno,
738 2505 826 2532 littera
841 2506 927 2532 Domi-

154 2542 233 2568 nicali
258 2541 287 2573 F,
313 2539 363 2566 fuit
392 2539 450 2566 dies
472 2539 489 2565 ‘2
514 2540 596 2566 Junii.
619 2540 710 2574 Itaque
723 2541 926 2574 cespitationem

154 2577 293 2610 scriptoris
307 2575 406 2610 claram
429 2575 566 2610 corrigens
577 2594 585 2606 ,
601 2575 686 2602 delevi
699 2576 778 2602 verba
798 2575 856 2602 loco
866 2583 926 2610 non

153 2609 318 2644 suo'posila.
337 2609 426 2635 Voluit
449 2609 561 2636 fortasse
584 2615 678 2637 auctor
695 2611 784 2636 dicere
796 2630 803 2641 ,
820 2610 838 2636 2
863 2609 925 2636 Maii

153 2645 230 2672 linito
247 2645 380 2676 examine,
393 2645 566 2671 constitutum
581 2645 674 2675 fuisse,
694 2650 722 2670 nt
737 2645 814 2671 fleret
829 2644 926 2671 solem-

152 2681 193 2706 nis
208 2680 346 2707 translatio
361 2680 416 2713 jam
432 2680 501 2705 dicta
527 2679 675 2706 Dominica.
692 2678 746 2706 Nec
768 2687 830 2706 vero
842 2687 926 2712 appa-

152 2715 221 2741 ratui
247 2715 400 2742 necessario
411 2714 517 2740 brevius
540 2719 655 2747 tempus,
669 2722 747 2748 quam
762 2716 840 2740 trium
859 2716 926 2740 heb-

151 2749 325 2776 domadarum
340 2768 348 2780 ,
365 2747 486 2776 sufﬁcere
501 2753 622 2783 poterat;
648 2747 686 2776 tot
707 2754 795 2776 autem
810 2749 924 2783 prmcise

151 2789 325 2811 numerantur
337 2785 370 2810 ab
385 2783 412 2809 Η
431 2783 491 2810 Maii
505 2784 537 2810 ad
551 2783 569 2809 ‘2
579 2782 663 2810 Junii.
772 2788 775 2791 '

188 2821 223 2853 (υ)
234 2820 445 2852 Clmrepisropos
459 2818 586 2852 intellige,
599 2826 646 2852 pro
660 2818 784 2845 ccclesiis
795 2818 922 2845 Castella.

151 2862 185 2883 na
199 2852 226 2882 et
238 2853 368 2882 Gradcnsi
390 2854 438 2881 sub
458 2861 509 2881 uno
522 2852 612 2881 Veneti
629 2854 826 2888 patriarchatus
839 2854 917 2882 titulo

1017 2332 1057 2367 (ά)
1074 2331 1202 2359 Fantinus
1218 2332 1363 2364 Daudulus,
1375 2331 1471 2367 nobilis
1482 2330 1610 2367 Venetus,
1623 2331 1759 2360 Patavinae

983 2366 1111 2394 Ecclesia:
1124 2367 1230 2400 prail'uit
1244 2367 1276 2393 ab
1288 2375 1358 2394 anno
1372 2366 1439 2394 1M8
1455 2366 1486 2393 ad
1503 2366 1580 2393 1459.

1019 2402 1054 2435 (e)
1069 2401 1229 2428 Franciscus
1244 2401 1391 2431 Fusuarus.
1409 2402 1463 2427 dux
1476 2409 1521 2428 seu
1536 2402 1657 2435 princeps
1669 2401 1758 2428 Veno—

982 2436 1092 2468 tiarum,
1107 2437 1140 2462 ab
1157 2444 1227 2462 anno
1239 2436 1308 2462 1425
1319 2438 1352 2462 ad
1366 2436 1444 2467 N57,
1460 2437 1578 2470 longan'o
1589 2437 1716 2470 regimine
1731 2437 1755 2462 id

982 2476 1133 2502 assecutus,
1148 2477 1175 2496 ut
1191 2479 1375 2498 successorem
1389 2472 1465 2498 vivus
1482 2470 1628 2504 acciperet;
1643 2473 1712 2505 quod
1730 2472 1753 2498 ci

980 2510 1091 2532 mortem
1102 2505 1270 2532 acceleravit.

1016 2540 1049 2575 (Ῑ)
1075 2539 1168 2566 Totam
1192 2541 1260 2566 hanc
1283 2547 1406 2574 pompam
1434 2539 1613 2574 praetermittit
1642 2540 1755 2567 Hermo-

980 2575 1040 2602 laus
1060 2583 1066 2601 :
1082 2580 1192 2601 econtra
1208 2576 1318 2608 primam
1340 2575 1522 2608 reccptiouem
1537 2594 1545 2606 ,
1561 2583 1612 2608 qua
1632 2581 1756 2603 sanctum

981 2617 1080 2644 corpus
1094 2610 1126 2635 ad
1150 2609 1295 2636 Castellum
1308 2615 1414 2643 excepit
1431 2610 1582 2644 patriarcha
1594 2631 1600 2641 ,
1619 2618 1755 2637 conuiuen-

984 2646 1056 2671 data
1076 2645 1171 2670 l'cslivo
1198 2649 1326 2678 apparatu
1341 2649 1421 2670 totius
1433 2652 1515 2678 prope
1537 2645 1654 2671 civitatis
1666 2645 1691 2670 in
1707 2653 1754 2671 oc—

981 2686 1088 2706 cursum
1115 2679 1225 2710 elfusze,
1255 2684 1282 2705 et
1316 2680 1462 2713 gratiarum
1492 2680 1570 2714 a‘gris
1598 2680 1756 2714 corporibus

979 2714 1208 2747 impetrandarunt
1228 2721 1275 2749 spe
1294 2715 1381 2741 visere
1404 2722 1437 2741 ac
1461 2716 1616 2749 contingere
1635 2715 1752 2749 gestien-

976 2749 1019 2775 lis.

1015 2784 1052 2817 (ῃ)
1068 2783 1197 2810 Paret-hia
1216 2783 1245 2810 S.
1262 2782 1415 2817 Enphemim
1433 2783 1459 2810 in
1472 2783 1527 2818 ipsa
1541 2783 1661 2817 Iudaica,
1682 2784 1753 2810 inter

974 2818 995 2880 ἔ
995 2819 1189 2879 10Fpurtu'hia8
1209 2819 1283 2846 urbis
1300 2818 1406 2846 Veneta:
1421 2824 1546 2847 censetur
1557 2819 1660 2853 ultima,
1675 2819 1755 2855 vulgo

999 2873 1003 2879 .
1047 2861 1126 2880 urina.

999 2873 1003 2879 .
1022 2861 1038 2879 ι⁴
1047 2861 1126 2880 illum.
