2027 3042
279 145 369 167 εειιι

940 128 1215 168 ιιιιοιεαι)ιιεΝΛ.“

281 198 348 224 vixit
361 205 412 232 pro
423 196 474 224 tidé
492 201 591 224 sanctae
615 197 703 225 crucis
726 198 793 226 adeo
810 198 924 226 viriliter
942 198 1061 225 decerta-
1074 199 1097 226 A
1110 201 1137 224 et
1151 200 1214 228 Ave,
1237 196 1301 232 iube
1317 195 1364 223 tibi
1382 194 1519 223 admoveri
1534 195 1663 230 reliquias
1686 193 1757 222 illius
1782 194 1896 228 Sanctir

283 244 331 276 vit,
350 243 504 271 donandum
516 244 649 270 censuerit
662 244 782 276 eiusdem
796 244 981 271 Sanctissimae
995 243 1060 271 Cru-

280 289 320 316 cis
336 288 458 315 ecclesia:
475 296 482 314 :
495 288 709 322 quandoquidem
723 289 802 315 etiaut
813 289 925 316 Domino
941 289 996 316 Deo
1007 289 1060 323 pla-

279 333 378 365 cuerit,
392 337 421 359 ut
432 332 512 359 vitam
527 332 618 359 finiret
637 338 718 367 alque
731 333 765 360 ad
779 338 933 368 perpetuam
947 333 1058 368 gloriam

279 378 406 405 transiret.
422 378 448 405 in
461 378 598 413 pervigilio
608 377 703 406 Crucis
716 379 840 406 inventze.
856 379 993 407 Collocato
1015 387 1059 406 au-

279 427 343 454 tem,
358 428 386 449 ut
403 423 530 456 diximus,
540 431 663 458 corpore,
677 425 787 452 recitata
817 425 868 452 fuit
892 425 983 453 brevis
996 433 1059 453 ora-

279 468 335 500 tio,
349 476 402 503 qua
420 469 490 497 Deus
516 469 676 497 laudabatur
691 471 724 498 de
741 471 784 498 tali
801 472 872 498 dono
888 479 920 498 ac
935 479 1056 503 munere,

278 512 342 541 huic
354 514 503 542 benedicta:
513 515 615 542 civitati
631 515 803 544 Venetiarum
825 517 924 548 oblato.
938 518 1008 552 quod
1018 525 1059 545 es-

276 563 321 587 set
335 567 428 587 verum
449 568 547 594 corpus
560 561 640 589 unius
655 569 687 589 ex
701 568 801 590 sancite
824 563 951 590 Ecclesize
968 563 1058 591 docto-

277 604 367 631 ribus.
383 604 457 632 Acta:
471 605 566 635 deinde
579 606 673 640 gratia:
695 610 757 634 sunt
781 608 1006 636 reverendissimo
1026 608 1056 636 ι).

275 648 439 683 patriarcha!
451 669 459 681 ,
478 650 658 684 omnibusque
683 651 816 686 episcopis
830 656 856 679 et
867 652 986 686 praelatis
996 660 1057 679 cum

275 693 480 727 comitantibus,
495 700 550 723 tum
565 696 737 723 serenissimo
753 697 866 732 principi
880 697 984 733 totique
999 698 1058 725 illu-

274 739 412 767 ιιι-ἰεείωο
427 741 543 774 senatui,
567 746 595 769 et
614 742 738 770 omnibus
763 749 809 770 eos
824 743 934 774 secutis,
947 743 980 771 de
1010 743 1057 772 tali

274 794 311 814 ac
327 791 400 814 tanto
414 787 528 815 honore.

316 841 326 858 ‹
343 831 435 867 Neque
448 840 513 861 vero
528 832 563 860 ab
578 833 718 861 hominum
736 833 867 861 memoria
885 834 941 862 visa
954 839 994 862 est
1013 841 1058 862 so-

277 877 404 906 lemnitas
422 883 477 906 tam
501 884 595 907 ornata
611 885 721 916 tamque
740 880 845 908 devota.
862 880 997 916 Rapuerat
1010 881 1054 908 illa

272 924 396 952 omnium
422 924 516 953 oculos
548 925 706 961 animosque
740 926 832 955 statin
863 935 878 954 a
910 927 1053 962 principio,

272 970 384 1004 quando
404 975 527 998 sanctum
542 979 640 1006 corpus
655 972 828 1000 deferebatur
840 973 874 1001 ab
890 974 1004 1001 ecclesia
1023 975 1052 1002 S.

277 1014 361 1042 Marci
381 1022 389 1047 ;
412 1015 498 1050 magis
522 1024 586 1044 vero
602 1017 628 1044 in
644 1025 787 1052 progressu
802 1026 851 1054 per
865 1026 980 1054 aquam:
998 1027 1055 1047 ma-

276 1060 348 1087 xime
372 1064 462 1087 autem
483 1061 546 1088 dum
571 1068 716 1097 poneretur
742 1063 800 1091 loco
825 1072 885 1098 suo,
908 1073 968 1092 cum
982 1070 1055 1093 tanta

274 1104 365 1137 quiete
379 1112 412 1132 ac
426 1107 588 1141 reverentia,
605 1108 631 1135 in
647 1108 715 1136 adeo
723 1110 818 1144 grandi
836 1111 925 1145 populi
939 1105 1056 1146 undique

275 1149 411 1177 alliuentis
426 1150 608 1185 multitudine,
622 1157 652 1180 nt
669 1154 761 1181 nullus
788 1155 916 1189 strepitus
927 1176 935 1188 ,
955 1157 1054 1184 nullmtt

275 1196 379 1228 uspiam
394 1197 551 1224 scandalum
565 1197 645 1225 fuerit
656 1203 788 1232 notatum,
800 1200 867 1227 nihil
881 1202 961 1228 etiant
974 1203 1056 1230 antis-

274 1249 334 1268 sum
351 1242 530 1276 perditumve.
555 1243 644 1277 Quare
670 1245 880 1274 consolatissimi
897 1255 992 1276 omnes
1013 1257 1056 1276 rc-

273 1294 426 1320 cesserunt,
440 1294 615 1325 agnoscentes
629 1298 684 1318 rem
706 1296 787 1319 totam
807 1294 956 1321 CCI‘iiSSiIIIO
967 1299 1054 1322 actam

273 1340 334 1360 esse
351 1342 383 1361 cx
399 1335 446 1361 Dei
460 1336 650 1370 omnipotentis
661 1337 808 1372 voluntate,
824 1340 856 1366 ad
871 1340 1054 1368 honorandum

275 1378 390 1407 Servum
403 1389 481 1408 suum
495 1382 520 1408 in
537 1383 587 1411 hoc
598 1383 740 1412 benedicto
753 1386 811 1412 loco
825 1385 930 1413 Sancta:
942 1386 1052 1414 Crucis:

275 1426 346 1457 quod
362 1431 388 1452 et
404 1426 593 1456 demonstrare
609 1437 660 1457 non
676 1436 761 1458 cessat
773 1432 936 1465 quotidianis
947 1434 1055 1460 eviden-

273 1469 401 1505 tibusque
419 1473 557 1501 miraculis
571 1482 603 1502 ac
614 1475 708 1510 sigttis,
724 1484 782 1511 quae
801 1478 880 1505 isthic
893 1479 982 1505 divina
999 1487 1055 1505 ma-

271 1514 358 1549 iestas
369 1523 506 1552 operatur,
520 1520 546 1546 in
566 1520 685 1548 favorem
705 1523 823 1550 omnium
840 1524 885 1557 qui
908 1531 938 1551 se
951 1524 1054 1551 meritis
1069 1538 1092 1569 ε

273 1566 302 1588 et
324 1563 511 1592 intercessioni
539 1566 567 1593 S.
592 1566 734 1594 Athanasii
764 1569 961 1596 commendant.
979 1569 1056 1597 Unde

275 1607 339 1634 licet
350 1609 524 1642 probationes
540 1611 675 1645 praedicta:
700 1613 858 1646 deficerent,
872 1614 904 1641 ad
917 1615 1056 1642 declaran-

274 1653 337 1680 dum
357 1655 428 1689 quod
449 1655 500 1683 hoc
518 1656 553 1683 sit
566 1665 657 1684 verum
674 1666 772 1694 corpus
797 1659 826 1687 S.
842 1660 993 1693 Athanasii,
1008 1662 1054 1696 qui

275 1699 382 1732 scripsit
403 1701 543 1734 pulchrum
559 1703 630 1730 istud
648 1704 808 1739 symbolum,
826 1705 978 1740 Quicunque
1002 1707 1055 1734 rut:

273 1744 360 1770 saluus
374 1753 446 1776 em;
475 1746 642 1775 ntiraculosre
663 1753 750 1775 tamen
773 1750 882 1783 gratiae,
909 1758 976 1784 quas
993 1750 1056 1778 fecit

275 1789 345 1816 Deus
374 1791 537 1824 specialibus
560 1794 718 1827 quibusdam
746 1796 888 1829 persentis,
911 1797 943 1823 ad
970 1798 1054 1831 ipsum

274 1836 424 1869 symlmlum
444 1838 554 1872 ejusque
571 1839 713 1872 gloriosum
734 1847 869 1869 auctorem
885 1843 926 1876 pie
940 1843 1054 1876 devotis,

274 1879 428 1907 sufficerent
448 1883 480 1908 ad
494 1883 598 1917 plenam
612 1885 802 1913 certitudinem
822 1885 982 1915 faciendam.
996 1887 1053 1914 Ali-

274 1932 341 1957 quas
359 1933 464 1958 earum,
477 1935 509 1954 ne
526 1929 630 1963 longior
640 1931 780 1964 prolixitas
801 1932 937 1960 fastidium
951 1934 1051 1968 pariat,

274 1969 319 1996 hic
339 1978 536 2006 consequenter
551 1975 718 2003 subuectant.
744 1987 753 2002 ι

276 2023 409 2067 ΜὶταςᾳΙα
430 2027 461 2054 S.
478 2028 615 2056 Athanasii
635 2032 764 2071 pra-cipue
783 2037 839 2066 post
857 2033 1053 2062 translationem

601 2073 729 2099 ιὀηιονιδ.

314 2113 322 2129 ι
339 2104 457 2133 Primum
473 2108 544 2142 quod
558 2109 588 2136 S.
611 2110 776 2139 Athanasius
794 2112 859 2140 fecit
881 2114 1051 2148 miraculum,

273 2150 378 2177 censeri
393 2151 472 2179 debet
494 2154 672 2183 suavissimus
683 2157 758 2190 odor,
780 2159 927 2192 proCcdens
945 2160 978 2187 ab
994 2161 1052 2194 ejus

1110 248 1138 269 et
1150 242 1242 270 statim
1263 242 1330 270 liber
1349 241 1414 269 eris.
1433 251 1443 268 ι
1456 241 1532 269 Fecit
1556 240 1686 274 postridie
1707 240 1778 276 quod
1796 241 1888 274 jussus

1109 293 1167 315 erat
1195 294 1267 322 aeger
1284 288 1354 315 circa
1375 287 1469 315 horam
1491 286 1690 321 Vesperarum,
1715 286 1827 314 accessit
1853 286 1886 312 ad

1111 333 1254 361 ecclesiam
1274 333 1379 360 Sanctae
1405 332 1521 365 Crucis,
1548 331 1592 360 ubi
1621 332 1720 367 reperit
1742 335 1887 366 occupatos

1109 380 1264 406 sacerdotes
1293 379 1320 406 in
1351 383 1446 406 sancto
1472 385 1586 413 corpore
1614 382 1675 413 apte
1705 377 1886 412 decenterque

1109 424 1284 456 collocando;
1312 423 1439 458 reliquias
1460 423 1520 457 ejus
1547 423 1654 451 affectat
1676 423 1796 457 corporis
1815 423 1884 457 parti

1109 468 1239 501 admovit,
1263 475 1377 503 moxque
1398 468 1556 496 convaluit:
1577 467 1648 503 quod
1671 474 1730 495 cum
1747 467 1805 503 ejus
1827 467 1886 501 qui-

1108 513 1169 540 dam
1194 514 1331 548 proximus
1353 514 1587 548 consanguineus,
1609 513 1636 540 in
1661 512 1738 547 cujus
1757 513 1883 540 comitatu

1109 559 1265 592 advenerat,
1273 558 1407 586 dubitaret
1418 559 1528 587 credere
1537 565 1545 584 :
1554 569 1563 585 ι
1573 558 1647 591 Tuis,
1654 567 1664 584 ι
1672 558 1760 594 inquit
1767 558 1883 592 juvenis,

1111 614 1121 630 σ
1137 604 1259 632 manibus
1272 605 1381 639 explora
1394 612 1456 632 num
1467 605 1603 632 veritatem
1618 604 1720 639 loquar.
1733 613 1743 630 ι
1754 603 1884 638 Explora-

1107 649 1147 676 vit
1171 649 1214 677 ille
1225 669 1233 683 ,
1250 654 1278 677 et
1299 649 1338 677 ita
1361 657 1417 677 rem
1433 657 1463 677 se
1479 649 1579 677 habere
1593 649 1720 684 cognovit
1737 656 1769 676 ac
1791 647 1884 676 credi-

1108 694 1159 722 dit.

1145 749 1155 765 ι
1176 739 1270 766 Mulier
1286 741 1406 775 quaedam
1422 747 1608 775 gravassmtam
1632 739 1784 775 patiebatur
1810 738 1885 766 infir-

1108 786 1229 814 mitatem
1257 794 1304 821 per
1332 793 1416 814 auuol
1440 786 1612 822 quindecim,
1635 793 1688 822 qua
1709 793 1802 814 omnes
1825 785 1884 820 ejus

1109 834 1183 860 nervi
1197 832 1435 864 contrahebantur,
1449 832 1516 859 adeo
1531 837 1559 859 ut
1573 837 1629 859 toto
1649 838 1764 866 corpore
1778 831 1884 859 asside-

1071 865 1093 892 Β
1108 882 1165 906 rata
1187 878 1274 904 instar
1285 877 1438 912 paralyticat
1455 881 1590 904 tremeret.
1602 875 1671 903 Nulli
1691 865 1750 903 eant
1775 875 1884 907 medici,

1109 923 1248 951 medicine
1261 923 1339 950 milia:
1359 923 1457 958 juvare
1473 926 1632 957 potuerant;
1657 921 1704 949 sed
1720 921 1806 956 magis
1823 929 1883 948 ma-

1106 969 1201 1004 gisque
1219 969 1413 1004 aggravabatur
1428 967 1536 995 malum.
1551 967 1617 995 Cum
1630 975 1696 1002 ergo
1710 967 1886 995 intellexisset

1108 1015 1226 1043 delatum
1243 1022 1303 1042 esse
1316 1013 1442 1042 Venetiae
1466 1013 1611 1049 gloriosum
1639 1021 1736 1048 corpus
1755 1013 1784 1040 S.
1799 1013 1885 1040 Atha-

1108 1061 1187 1092 nasii,
1200 1061 1298 1095 smptus
1320 1060 1472 1094 saepiusque
1485 1059 1602 1096 ejusdem
1618 1060 1742 1094 precibus
1762 1067 1792 1088 se
1809 1068 1885 1088 com-

1107 1107 1237 1134 mendare
1259 1107 1351 1141 ctepit.
1367 1106 1486 1140 Quadam
1502 1110 1592 1132 autem
1614 1107 1656 1133 die
1672 1106 1730 1141 plus
1743 1106 1821 1134 solito
1836 1113 1887 1141 pa-

1108 1152 1188 1183 tiens,
1198 1152 1272 1178 auxit
1283 1151 1363 1179 etiatn
1376 1151 1545 1178 devotionem
1556 1159 1588 1178 ac
1599 1151 1688 1183 ﬁderit,
1697 1159 1793 1186 rogans
1800 1151 1884 1178 Deum

1108 1205 1156 1232 per
1170 1197 1307 1225 benedicti
1325 1197 1394 1224 illius
1409 1197 1502 1224 Sancti
1529 1197 1634 1229 merita,
1650 1202 1678 1224 ut
1695 1197 1826 1232 siquidem
1840 1205 1885 1224 sa-

1108 1243 1154 1270 luti
1167 1244 1263 1269 anima:
1277 1251 1332 1270 sua:
1350 1243 1477 1278 expedire
1491 1248 1674 1276 cognosceret.
1689 1243 1757 1270 hanc
1768 1242 1886 1270 infirmi.

1108 1294 1188 1316 tatcnt
1202 1296 1216 1315 a
1232 1296 1261 1316 se
1273 1288 1400 1315 auferret.
1417 1288 1449 1315 Et
1465 1288 1534 1315 hanc
1551 1289 1698 1315 orationem
1711 1287 1813 1315 faciens
1828 1296 1886 1316 mo-

1108 1334 1159 1361 lins
1172 1334 1223 1360 sibi
1241 1334 1298 1361 fieri
1315 1334 1409 1367 sensit,
1422 1334 1532 1369 ipsoque
1549 1333 1593 1360 die
1616 1338 1756 1367 persanata
1769 1334 1882 1367 exstitit,

1107 1387 1156 1406 nec
1171 1379 1285 1413 amplius
1305 1380 1426 1406 morbunt
1440 1379 1514 1406 illum
1529 1383 1571 1407 est
1582 1386 1670 1414 passa.

1146 1436 1156 1451 ι
1175 1425 1268 1452 Mulier
1283 1425 1421 1460 quaedam,
1437 1426 1500 1453 totis
1521 1430 1635 1460 quatuor
1663 1427 1799 1454 mensibus
1821 1434 1883 1454 cum

1108 1472 1225 1498 maxitno
1236 1471 1332 1505 capitis
1343 1471 1464 1498 cruciatu
1485 1470 1649 1505 conﬂictata,
1667 1480 1716 1500 nec
1730 1473 1826 1500 minori
1856 1474 1883 1500 in

1107 1515 1218 1543 brachio
1231 1536 1238 1547 ,
1256 1517 1347 1543 statim
1372 1521 1401 1543 ut
1423 1524 1453 1543 se
1469 1517 1665 1544 commendavit
1689 1517 1720 1544 S.
1735 1517 1885 1545 Athanasio

1108 1561 1247 1596 utriusque
1262 1561 1373 1588 membri
1391 1562 1536 1589 sanitatem
1553 1562 1683 1596 obtinuit,
1697 1567 1724 1590 et
1739 1563 1884 1598 utriusque

1106 1614 1213 1634 cereunt
1227 1607 1399 1634 simulacrunt
1415 1607 1520 1641 attulit,
1535 1608 1568 1635 ad
1583 1608 1744 1636 visitandum
1757 1614 1883 1636 sanctum

1105 1659 1202 1686 corpus
1215 1659 1275 1679 cum
1289 1652 1435 1686 gratiarum
1449 1652 1554 1680 actione
1571 1653 1691 1680 veniens.
1705 1653 1762 1680 Alia
1781 1653 1879 1680 mulier

1105 1697 1215 1724 ﬁliolum
1241 1697 1377 1730 habebat,
1402 1698 1490 1732 capite
1505 1703 1607 1725 tantum
1631 1698 1723 1726 inflato
1736 1703 1765 1726 ut
1780 1699 1882 1726 uellant

1104 1741 1191 1769 lucent
1204 1742 1292 1769 oculis
1310 1742 1485 1770 admitteret:
1500 1743 1588 1776 posuit
1602 1749 1692 1770 autem
1715 1749 1776 1770 eum
1800 1750 1882 1778 super

1104 1787 1191 1816 altare
1204 1788 1233 1815 S.
1249 1788 1401 1822 Athanasii,
1424 1793 1451 1816 et
1468 1796 1534 1824 puer
1544 1797 1634 1816 coram
1653 1789 1744 1816 multis
1764 1796 1882 1824 pruen-

1105 1833 1176 1861 tibus
1201 1834 1306 1868 aperuit
1331 1833 1424 1861 o'culos
1446 1841 1478 1861 ac
1499 1834 1572 1861 clare
1589 1835 1678 1862 videre
1700 1835 1791 1869 coepit.
1808 1834 1880 1862 Τετ-

1105 1880 1141 1906 tia
1154 1899 1163 1912 ,
1186 1886 1273 1914 eaque
1297 1879 1394 1907 nobilis
1415 1874 1543 1906 continuo
1564 1887 1634 1908 anno
1650 1880 1789 1907 brachium
1805 1881 1880 1908 dole-

1103 1925 1149 1953 bat
1172 1925 1237 1953 adeo
1263 1924 1381 1959 graviter
1398 1930 1427 1952 ut
1454 1925 1540 1959 ipsum
1565 1926 1636 1952 nulla
1660 1931 1750 1960 posset
1775 1927 1880 1954 ratione

1104 1977 1213 1998 movere
1231 1977 1239 1997 :
1260 1978 1319 2005 qua:
1333 1970 1434 1998 Sancto
1449 1979 1479 1998 se
1491 1971 1682 1999 commendans
1695 1991 1702 2003 ,
1721 1976 1749 1998 et
1764 1971 1881 2004 Quicun-

1103 2023 1151 2050 que
1168 2015 1298 2046 recitatis,
1313 2020 1393 2050 atque
1406 2015 1528 2044 aﬂ'ectam
1548 2021 1651 2050 partem
1666 2024 1746 2043 cruce
1758 2017 1878 2051 signans.
1921 2024 1926 2026 ‘

1105 2063 1195 2090 subito
1212 2062 1353 2090 liberatam
1368 2071 1383 2090 a
1401 2063 1521 2090 cruciatu
1537 2063 1581 2091 illo
1593 2071 1652 2091 sese
1665 2068 1775 2098 experta
1785 2068 1812 2091 et
1829 2064 1880 2090 tui-

1103 2114 1162 2136 rata
1178 2113 1228 2136 est.
1552 2129 1568 2139 ο

1140 2163 1150 2180 ‹
1177 2155 1268 2181 Altera
1283 2154 1382 2182 ftedutn
1396 2155 1422 2182 in
1436 2155 1504 2182 faeie
1521 2156 1642 2182 morbum
1657 2157 1817 2191 patiebatur,
1830 2164 1880 2184 nec

271 2203 397 2230 corpore,
415 2199 484 2225 eoin
499 2198 557 2227 loco
578 2201 665 2235 inquo
680 2203 730 2229 run
742 2203 903 2238 depositum,
920 2213 980 2233 cum
994 2214 1052 2233 ma-
1067 2211 1089 2240 ι)
1106 2208 1121 2227 a
1136 2200 1248 2228 medicis
1270 2201 1311 2228 vel
1341 2202 1481 2229 medicinis
1500 2201 1582 2228 ullum
1607 2203 1710 2230 ferebat
1723 2203 1851 2230 auxiliqu
1867 2212 1876 2230 :

272 2241 343 2269 xima
359 2243 591 2272 circumstantium
605 2249 725 2274 onmiunt
743 2249 930 2277 admiratione.
945 2251 1052 2283 Quanto

271 2287 342 2313 enim
359 2288 392 2314 ad
419 2289 588 2317 ctnurlocum
611 2292 726 2327 quisque
756 2295 901 2322 accedebat
924 2296 1050 2329 propius,

271 2335 347 2359 tanto
363 2334 447 2368 magis
461 2334 532 2362 illum
555 2338 718 2372 suaviusque
744 2340 920 2374 percipiebat,
939 2346 967 2367 et
990 2349 1050 2369 cum

271 2384 381 2412 stupore
393 2379 498 2408 diccbat
512 2390 519 2408 :
531 2381 594 2415 Quae
611 2383 660 2410 ista
672 2389 712 2411 est
726 2384 895 2420 fragrantia?
909 2394 989 2420 quant
1003 2388 1051 2414 nti-

272 2423 386 2450 rabilisl
406 2423 434 2450 lu
460 2426 518 2463 ipso
541 2434 630 2454 autem
655 2436 711 2456 sua:
735 2431 918 2458 translationis
935 2432 1051 2466 glorioso

269 2469 322 2499 die,
336 2476 495 2505 quacunque
514 2480 618 2500 sacrum
633 2481 732 2509 corpus
746 2477 889 2509 transibat,
902 2477 970 2504 idctn
985 2478 1052 2506 odor

271 2514 481 2549 percipiebatur.

308 2560 423 2589 tFuerat
435 2570 552 2597 prmsens
560 2563 678 2592 Venetiis
686 2564 794 2599 juvenis
804 2565 912 2600 quidam
927 2567 1051 2596 Parmen-

269 2606 318 2639 sis,
328 2615 388 2634 cum
408 2616 513 2636 sacrum
523 2617 621 2645 corpus
632 2619 665 2638 ex
677 2612 738 2638 navi
753 2611 852 2639 elatura
869 2613 955 2647 primo
968 2614 1050 2648 depo-

271 2658 382 2680 neretur
401 2655 470 2689 apud
484 2655 611 2684 Sanctam
628 2658 742 2685 Crucem
761 2667 767 2684 :
786 2658 848 2686 huic
860 2659 955 2686 deinde
968 2660 1050 2694 pestis

272 2699 380 2727 advertit
399 2710 406 2729 :
421 2708 474 2736 qua
499 2702 692 2734 invalesceute,
709 2703 833 2738 apparuit
853 2704 878 2730 ei
896 2710 974 2732 noctu
988 2714 1050 2732 san-

271 2751 330 2772 ctus
349 2746 456 2780 quidam
482 2748 636 2782 episcopus,
654 2755 769 2782 eumque
786 2748 961 2776 confortans:
985 2762 993 2774 ι
1011 2749 1050 2777 Ne

272 2791 390 2817 animum
403 2811 410 2822 ,
429 2791 532 2826 inquit.
556 2792 690 2826 desponde
703 2802 709 2819 :
724 2792 770 2820 scd
785 2793 852 2820 vade
871 2793 902 2819 ad
924 2794 1049 2822 Sanctatn

275 2836 388 2864 Crucem
405 2837 431 2865 in
440 2837 566 2873 Judaica,
578 2839 668 2874 ibique
682 2840 776 2868 devote
788 2840 905 2868 rccitans
916 2845 957 2868 tcr
969 2839 1050 2869 [ἀίει

1104 2254 1188 2281 quare
1216 2246 1328 2273 multum
1352 2247 1431 2274 anxia
1459 2247 1573 2274 decrevit
1591 2248 1702 2276 visitare
1726 2255 1822 2283 corpus
1847 2250 1878 2276 S.

1100 2292 1241 2319 Athanasii
1255 2313 1262 2325 ,
1279 2301 1368 2320 corattt
1387 2300 1440 2327 quo
1451 2301 1532 2320 orans
1546 2293 1628 2321 dixit:
1645 2303 1653 2319 ι
1673 2294 1784 2322 Domine
1798 2295 1879 2326 Deus,

1105 2347 1113 2363 ι
1132 2345 1179 2372 per
1192 2338 1285 2365 merita
1298 2338 1376 2372 hujus
1388 2339 1494 2372 gloriosi
1506 2338 1610 2372 Sancti,
1622 2340 1733 2374 dignare
1744 2340 1807 2367 milti
1819 2341 1879 2367 red—

1104 2393 1113 2409 ι
1133 2384 1196 2411 dere
1204 2385 1357 2417 sanitatem,
1365 2392 1443 2419 quam
1454 2385 1547 2412 medici
1562 2393 1593 2413 ac
1605 2386 1742 2413 medicina:
1751 2386 1878 2414 restitue—

1104 2440 1114 2458 ι
1133 2439 1161 2458 re
1187 2435 1345 2466 nequeunt:
1366 2440 1376 2456 ι
1402 2435 1456 2458 tum
1479 2430 1644 2464 globulorum
1667 2431 1877 2464 precatoriorum

1101 2481 1214 2509 sertum,
1229 2477 1299 2511 quod
1316 2476 1422 2510 corpori
1448 2481 1541 2503 sancto
1564 2476 1730 2510 admoverat,
1748 2475 1878 2511 applicuit

1101 2521 1195 2554 vultui,
1215 2529 1248 2549 eo
1272 2529 1302 2549 se
1326 2521 1385 2549 loco
1404 2521 1498 2549 devote
1510 2522 1619 2556 signans
1631 2521 1675 2549 ubi
1687 2522 1786 2549 malum
1801 2522 1878 2549 sedu-

1101 2567 1158 2600 bat,
1175 2572 1202 2594 et
1218 2572 1310 2595 sanata
1325 2567 1385 2594 fuit.
1408 2566 1510 2594 Nobilis
1524 2568 1631 2602 quidam
1645 2567 1738 2602 grandi
1753 2572 1780 2594 et
1790 2568 1875 2594 comi-

1100 2619 1165 2645 nua,
1181 2620 1262 2647 quam
1278 2613 1442 2648 patiebatur,
1455 2613 1522 2641 febri
1548 2614 1581 2641 ad
1605 2619 1720 2641 ntortem
1734 2614 1876 2646 adductus,

1100 2658 1174 2685 vavit
1189 2659 1317 2692 praedicto
1327 2658 1445 2694 glorioso
1464 2659 1574 2693 Sancto,
1586 2659 1656 2694 quod
1671 2659 1695 2687 si
1719 2667 1734 2686 a
1755 2659 1828 2686 febre
1840 2658 1875 2686 li-

1101 2701 1252 2736 beraretur,
1269 2702 1368 2730 nullum
1385 2703 1466 2730 alium
1480 2704 1514 2731 ad
1530 2703 1616 2731 locum
1632 2703 1706 2738 prius
1718 2703 1779 2735 iret,
1795 2710 1874 2738 quam

1100 2749 1133 2775 ad
1147 2748 1308 2776 visitandum
1322 2747 1380 2783 eius
1392 2756 1500 2784 corpus.
1511 2749 1600 2784 ibique
1612 2749 1749 2784 pulchram
1766 2749 1874 2776 missam

1100 2793 1205 2820 cantari
1220 2793 1318 2821 faceret
1336 2803 1342 2821 :
1362 2802 1476 2829 ntoanc
1495 2801 1605 2823 sanatus
1619 2799 1707 2822 votum
1722 2801 1798 2823 suum
1813 2802 1873 2822 cunt

1101 2839 1230 2875 singulari
1248 2840 1389 2869 devotione
1406 2841 1532 2876 impleviL
