2027 3042
748 138 791 166 DE
811 139 926 168 CULTU
948 139 976 168 S.

997 141 1180 170 ATilANASll
1684 156 1778 177 cccxx:

207 201 217 218 ι
234 192 351 221 lliulieris
364 193 502 228 cujusdam
518 195 640 224 inliruttts
656 196 725 225 lilius
742 198 828 233 magis
845 198 945 232 magis—
962 201 985 230 Α
1002 205 1042 227 rel.
1056 201 1089 227 ad
1106 200 1231 228 Sanctam
1246 202 1369 235 Crucem,
1385 203 1428 229 ubi
1443 207 1486 230 est
1502 203 1573 230 istud
1597 211 1694 238 corptts
1717 212 1780 231 san-

170 245 222 272 que
240 238 359 272 quotidie
378 240 504 274 vergebat
519 240 553 268 ad
573 247 687 269 mortem
711 249 719 270 :
744 243 792 270 sed
807 244 841 271 ad
855 248 947 271 votum

171 284 276 316 matris,
289 292 395 312 ceream
410 293 459 319 pro
469 293 502 313 eo
516 292 632 314 statuam
649 295 708 314 cum
722 288 815 327 missa.
831 288 854 316 si
867 296 947 316 sana-

171 335 245 358 retur
255 331 381 363 dicenda,
397 331 577 365 promittentis
587 351 595 363 ,
608 333 697 359 subito
711 333 856 360 convaluit.
873 333 950 361 Alius

169 383 247 410 puer,
275 382 392 411 quatuor
415 377 547 404 mensium
567 377 655 412 spatio
681 377 856 412 assideratus,
886 383 948 406 erat

168 422 220 448 sub
237 429 299 449 cura
315 421 482 450 medicorum
503 430 512 454 ;
535 422 582 449 sed
599 430 658 449 eam
675 423 741 450 nihil
755 423 887 457 proﬁcere
902 431 949 450 ex-

171 465 278 499 periens
300 470 397 493 mater'
411 466 475 493 huic
491 466 609 500 glorioso
625 466 725 494 Sancto
738 474 799 494 eum
814 474 949 494 commen-

170 510 254 543 davit,
268 516 296 538 et
321 511 395 538 brevi
413 512 502 546 spatio
520 517 692 546 persanatum
715 513 818 540 ltabuit.
839 512 949 540 Juvenis

169 556 277 592 quidam
307 556 450 584 incurabili
475 557 632 585 inﬁrmitate
657 565 752 585 novem
778 558 856 585 annis
876 558 950 585 labo-

171 609 246 634 rans,
261 602 374 638 signavit
389 610 419 630 se
433 603 547 631 candela
564 611 624 638 quae
640 611 738 638 corpus
763 611 870 631 sacrum
885 604 949 631 atti-

170 652 257 682 gerat,
273 648 417 683 subitoque
432 649 580 681 convaluit,
597 653 678 684 atque
696 649 768 676 vovit
782 649 868 683 ipsutn
885 657 947 676 san-

169 698 242 720 ctum
259 701 356 728 corpus
371 694 502 722 visitare:
519 695 565 722 sed
582 694 644 729 quia
663 700 754 722 votutn
776 695 886 729 implere
901 702 948 722 ne-

169 738 262 774 glexit,
276 740 371 767 eadem
393 740 442 775 ipsi
461 740 605 768 inﬁrmitas
622 745 650 769 et
664 741 750 768 multo
772 748 852 775 quant
868 746 947 768 antea

169 785 277 818 gravior
292 786 380 813 rediit.
396 785 508 814 Femina
529 786 651 821 quaedam
668 786 784 814 habebat
802 786 884 813 [illum
901 786 948 821 qui

169 831 257 866 spatio
269 832 388 867 quinque
409 833 539 860 mensium
561 833 605 860 diu
623 838 755 867 noctuque
772 840 825 859 non
840 832 945 860 desine-

999 250 1084 273 ctum.
1105 246 1165 281 ipso
1179 255 1245 281 ergo
1260 248 1305 275 illo
1317 249 1447 276 tttatutitto
1462 254 1580 283 tempore
1595 250 1705 278 deduxit
1719 259 1780 278 eam

1002 295 1125 318 matrona
1145 292 1270 326 praedicta
1290 301 1349 319 cum
1368 294 1552 328 sttisjfurcillis
1570 295 1603 322 ad
1622 296 1779 329 praedictum

1001 340 1143 368 sanctum,
1161 338 1307 366 {mandans
1332 338 1435 378 duobus
1465 338 1574 367 famulis
1600 344 1627 366 ut
1659 348 1718 367 eam
1747 341 1781 368 de

1004 381 1101 416 cymba
1119 382 1215 409 elatam
1230 391 1402 418 carrurzeque
1426 385 1578 419 impositam
1602 386 1730 413 veherent
1745 386 1781 413 ad

1002 426 1163 453 ecclesiam:
1185 435 1244 461 quae
1270 428 1381 455 multum
1406 429 1500 456 devote
1525 437 1554 457 se
1580 431 1778 457 commendavit

1001 471 1142 499 benedicta
1168 473 1210 499 isti
1234 473 1343 506 Sancto,
1370 481 1401 501 ac
1420 474 1515 502 deinde
1541 475 1647 502 domum
1671 480 1777 502 revecta

1002 523 1044 544 est
1058 525 1118 545 cum
1132 519 1239 546 domina
1262 527 1322 546 sna.
1346 520 1474 555 Sequenti
1499 526 1587 548 autem
1605 527 1682 548 nocte
1693 529 1777 556 appa-

1003 563 1057 590 ruit
1079 563 1166 591 eident
1190 565 1506 600 episcopus‘praadictus,
1525 574 1638 601 eamque
1661 567 1778 602 palpavit

1002 615 1050 642 pcr
1062 615 1156 636 omnes
1173 617 1221 636 cas
1233 615 1322 644 partes
1338 611 1459 645 corporis
1478 611 1504 638 in
1519 612 1616 646 quibus
1630 617 1689 639 erat
1706 613 1778 640 assi-

1004 652 1117 680 derata:
1135 653 1268 688 dixitque,
1287 664 1296 681 ι
1312 654 1389 683 Scias
1411 661 1435 683 lc
1457 664 1516 684 esse
1538 664 1650 689 sanam;
1666 667 1675 683 ι
1689 657 1779 685 abstu-

1003 698 1086 733 litque
1104 699 1222 727 furculas
1235 701 1309 735 juxta
1327 701 1438 736 positas,
1458 702 1606 737 detulitqne
1620 704 1652 730 ad
1666 704 1778 731 alteram

1003 744 1118 772 cubiculi
1135 749 1250 780 partem.
1265 745 1400 781 Evigilans
1415 752 1504 774 autent
1519 747 1562 774 illa
1589 749 1738 776 somniasse
1749 756 1779 776 se

1002 792 1141 824 credebat,
1162 797 1243 827 atque
1256 793 1289 820 ad
1308 793 1425 821 furculas
1437 794 1582 828 capiendas
1601 801 1709 820 tttanum
1729 799 1778 821 e1-

1001 838 1124 869 tendens.
1148 839 1241 866 deesse
1264 839 1324 866 illas
1349 839 1537 873 deprehendit.
1566 839 1691 867 Tentavit
1713 847 1779 874 ergo

169 877 217 905 bat
232 878 342 912 ejulare,
368 886 422 913 pne
433 879 553 906 cruciatu
567 885 648 914 quem
675 879 827 906 sustinebat
842 886 849 905 :
876 878 948 913 quod
966 874 987 901 Β
1005 888 1068 908 num
1085 881 1187 916 absque
1201 882 1235 910 iis
1252 890 1360 911 m0vere
1378 891 1408 911 se
1429 889 1530 918 posset,
1557 884 1734 918 ntorebatque
1749 891 1779 911 se

169 931 284 951 cernens
308 923 407 952 amicta
435 930 521 952 mater
542 932 682 959 pueroque
707 924 883 959 compatiens,
909 931 949 951 re-

169 970 281 997 cordata
303 975 345 998 est
364 970 442 1004 ltnjus
464 971 600 999 benedicti
625 971 730 1003 sancti,
750 971 877 1006 vovitque
901 970 948 998 de-

170 1014 242 1043 ferre
264 1015 345 1043 ﬁlium
359 1016 386 1043 in
402 1016 543 1044 ecclesiam
566 1017 610 1045 ubi
627 1017 685 1051 ejus
699 1024 797 1051 corpus
811 1021 946 1045 servatur.

168 1060 224 1089 Nec
239 1069 313 1089 mora
326 1071 334 1089 Σ
348 1066 460 1090 sanatus
482 1067 524 1090 est
539 1070 616 1098 puer,
632 1068 660 1091 et
673 1067 765 1091 votum
780 1070 859 1091 suum
885 1063 946 1090 iacta

169 1111 256 1134 mater
270 1107 382 1141 implere
400 1107 546 1145 festinavit.

206 1161 216 1179 ι
235 1152 293 1179 Alia
308 1152 418 1184 fetutina.
435 1154 550 1188 quadam
567 1153 609 1181 sui
624 1154 745 1189 corporis
768 1158 843 1189 parte
859 1153 945 1188 impe—

167 1197 236 1229 dita,
254 1198 458 1226 commendabat
472 1207 500 1227 se
514 1199 595 1226 variis
612 1200 709 1234 quibus
729 1200 825 1227 devote
846 1199 948 1226 allicie-

169 1243 250 1270 batur
264 1243 374 1278 sanctis,
391 1244 524 1279 pra-cipue
537 1244 562 1272 itt
578 1245 733 1273 eorutndetn
755 1245 947 1273 fesﬁvitatibus

170 1289 284 1321 gratiam
311 1289 448 1323 postulans
478 1289 603 1317 sanitatis
634 1301 640 1317 :
669 1290 784 1325 denique
807 1290 888 1317 etiam
914 1291 947 1317 ad

170 1333 201 1361 S.
232 1334 408 1361 Athanasium
431 1342 461 1362 se
483 1340 655 1368 convertens,
680 1336 823 1370 subitoque
843 1342 946 1369 curata,

169 1380 285 1408 nescivit
297 1380 403 1408 cuinam
421 1381 599 1416 potissimum,
610 1389 643 1409 ex
659 1382 778 1416 pluribus
793 1390 860 1417 quos
873 1383 949 1410 invo-

169 1431 289 1460 caverat,
304 1433 442 1462 acceptant
464 1427 573 1455 deberet
587 1428 729 1455 sanitatem
751 1428 862 1456 referre.
880 1429 947 1456 ilinc

169 1473 244 1500 vario
266 1466 457 1508 cogitationum
477 1479 544 1502 aestu
563 1474 663 1509 jactala
689 1482 749 1502 cum
767 1475 879 1502 multant
893 1485 943 1502 an-

170 1519 302 1551 Iiaretur,
322 1523 350 1546 et
365 1519 408 1546 die
424 1519 540 1554 quadam
556 1523 615 1547 orto
640 1520 709 1547 inter
737 1520 820 1554 ipsam
835 1525 863 1547 et
880 1528 947 1548 cort-

168 1570 270 1593 sortem
288 1565 372 1600 litigio
386 1569 478 1592 coacta
494 1564 588 1592 fuisset
603 1566 683 1592 douto
698 1566 803 1600 egredi,
817 1566 905 1594 denuo
918 1575 947 1595 se

168 1611 367 1638 commendavit
400 1610 429 1638 S.
459 1610 617 1643 Athanasio,
647 1611 760 1639 dicens:
780 1620 789 1637 ι
816 1611 946 1640 Osancte

171 1665 182 1682 ι
197 1656 336 1689 Atltanasi,
352 1656 373 1683 si
392 1661 418 1683 ιιι
431 1663 462 1683 es
476 1655 520 1683 ille
538 1662 585 1690 per
597 1656 673 1690 cujtts
691 1656 787 1684 merita
802 1656 871 1683 Deus
884 1657 949 1699 inihi

170 1710 181 1727 ι
195 1701 307 1729 contulit
324 1701 478 1733 sanitatem,
499 1701 539 1728 fac
552 1701 665 1729 obsecro
684 1706 712 1729 ut
728 1701 835 1729 domum
856 1710 948 1743 rever-

171 1756 181 1773 ι
198 1752 256 1774 tens
271 1754 362 1781 pacem
378 1747 532 1774 inveniam:
549 1756 558 1772 ι
573 1747 721 1780 eodemque
737 1747 780 1774 die
792 1747 950 1775 desiderata:

169 1793 261 1828 gratiae
275 1800 384 1828 compos
399 1792 479 1824 facta,
498 1793 579 1819 vitam
604 1793 730 1826 deinceps
748 1800 809 1819 cum
823 1798 949 1821 consorte

168 1838 222 1873 egit
235 1838 260 1865 in
273 1845 352 1872 pace,
373 1837 597 1872 quemadmodum
613 1841 702 1864 antea.

208 1889 217 1906 ι
237 1880 368 1908 'l‘riremis
396 1881 518 1915 qutedatn
542 1881 682 1915 peregrina
710 1881 862 1915 jactaltatur
880 1886 949 1910 tent—

169 1931 272 1962 pestate
286 1927 312 1954 iu
327 1927 405 1958 mari,
419 1934 479 1954 cum
500 1927 693 1961 superveniens
722 1927 818 1955 ﬂuctus
834 1928 948 1963 quinde-

168 1974 221 2001 cim
241 1982 273 2001 ex
288 1981 322 2002 eo
337 1974 462 2002 homines
479 1975 577 2009 rapuit,
601 1979 628 2002 et
656 1980 769 2003 caeteros
790 1977 824 2003 ita
840 1981 948 2004 conter-

169 2020 235 2051 ruit,
249 2026 278 2047 ιιι
294 2021 327 2048 de
349 2021 403 2048 vita
431 2028 479 2048 sua
502 2021 677 2055 desperantes
695 2027 805 2056 peccata
834 2023 948 2051 invicem

168 2067 373 2095 conﬁterentur.
390 2068 454 2095 Erat
471 2068 541 2094 inter
553 2074 599 2095 eos
610 2068 731 2103 quidam,
752 2069 797 2103 qtti
813 2069 948 2098 Constan-

170 2112 280 2147 tinopoli
305 2113 440 2151 exsistens
470 2112 557 2140 fuerat
582 2113 695 2140 devotus
720 2113 749 2141 S.
775 2115 947 2144 Athanasio:

169 2159 234 2187 huic
250 2166 314 2193 ergo
333 2163 422 2188 votum
438 2159 502 2187 facit
516 2167 524 2189 ;
548 2164 576 2187 et
589 2167 653 2187 ecce
666 2159 762 2188 ﬂuctus
782 2161 817 2188 ab
838 2162 891 2189 alio
907 2162 948 2190 la-

960 1545 982 1574 C

989 1154 1025 1181 .in
1059 1155 1188 1182 honorent
1225 1155 1313 1189 hujus.
1339 1155 1447 1190 gloriosi
1485 1155 1515 1182 S.
1543 1154 1685 1182 Athanasii
1711 1163 1718 1182 :

998 926 1100 961 optime
1114 935 1122 954 :
1137 935 1222 962 quare
1233 929 1325 956 subito
1336 937 1495 964 assurgens,
1512 930 1629 957 maxima
1647 938 1706 956 cum
1730 929 1779 956 ire-

1000 971 1059 998 tilia
1082 972 1201 1006 perrexit
1226 973 1259 1000 ad
1281 974 1432 1001 cubiculum
1448 974 1561 1001 demittat
1574 981 1648 1006 suae;
1664 978 1692 1001 et
1704 973 1780 1008 quid-

1000 1016 1064 1051 quid
1081 1017 1219 1045 acciderat
1234 1018 1284 1045 sibi
1300 1019 1387 1046 eidem
1413 1019 1546 1046 narravit.
1565 1019 1611 1046 Die
1628 1023 1719 1046 autetn
1738 1018 1778 1045 fa-

1000 1067 1044 1089 cto
1072 1062 1145 1090 venit
1170 1063 1205 1090 ad
1229 1062 1356 1090 Sanctam
1381 1063 1494 1091 Crucem
1521 1064 1547 1090 itt
1580 1062 1689 1090 Judaica
1716 1071 1778 1090 cum

1000 1109 1098 1144 gaudio
1118 1116 1226 1144 magno,
1249 1110 1406 1144 curavitque
1430 1110 1466 1137 ibi
1488 1109 1648 1137 cantandam
1668 1108 1778 1135 missam

1751 1157 1779 1181 et

1000 1201 1026 1227 in
1041 1206 1244 1228 monumentum
1260 1201 1324 1228 facti
1341 1202 1367 1228 itt
1381 1209 1411 1228 se
1427 1201 1549 1228 miraculi
1563 1200 1661 1228 ibidem
1676 1207 1777 1235 appen-

999 1247 1038 1274 dit
1051 1246 1170 1274 furculas
1193 1255 1267 1280 suas,
1295 1247 1408 1274 laudans
1431 1247 1512 1273 Deum
1536 1250 1563 1273 et
1585 1246 1655 1273 hunc
1670 1246 1779 1273 benedi-

999 1297 1072 1319 ctum
1095 1291 1235 1324 Sanctuttt,
1253 1292 1298 1326 qui
1322 1297 1376 1318 tam
1398 1291 1540 1326 pulchrum
1565 1290 1723 1317 miraculum
1750 1290 1777 1316 iit

1001 1344 1030 1365 se
1043 1337 1132 1363 fuerat
1144 1341 1283 1370 operatus.

1038 1391 1047 1408 ι
1064 1381 1111 1409 Vir
1126 1383 1234 1417 quidam
1255 1382 1382 1410 honestus
1403 1389 1436 1409 ex
1457 1382 1571 1410 Pastena
1596 1386 1623 1408 et
1647 1381 1699 1408 duo
1719 1381 1779 1415 ejus

1001 1427 1048 1454 ﬁlii
1067 1428 1236 1462 patiebantur
1252 1435 1361 1462 gravem
1385 1427 1569 1455 infirmitatem
1591 1437 1599 1454 :
1626 1434 1739 1461 cumque
1753 1427 1778 1452 ei

999 1473 1117 1500 venisset
1137 1473 1163 1499 iit
1185 1473 1340 1500 memoriam
1357 1473 1465 1508 egregia
1488 1473 1620 1500 festivitas
1639 1480 1691 1507 qua
1706 1472 1779 1498 cele-

999 1519 1076 1546 brata
1091 1519 1178 1546 fuerat
1201 1517 1231 1546 ὃ.
1253 1518 1393 1546 Athanasii
1409 1518 1560 1550 translatio,
1576 1518 1663 1545 eidem
1679 1524 1739 1544 sese
1751 1521 1779 1544 et

1003 1565 1072 1593 ﬁlios
1102 1573 1165 1593 suos
1188 1565 1294 1593 dettovit
1316 1566 1324 1592 ὶ
1350 1565 1498 1599 cadentque
1523 1565 1588 1592 hora
1607 1565 1694 1591 sanati
1716 1567 1780 1590 sunt

1001 1618 1095 1638 omnes
1119 1611 1153 1638 ab
1178 1610 1334 1638 inﬁrmitate
1360 1611 1415 1638 illa.
1431 1609 1559 1637 Similiter
1575 1609 1664 1637 subito
1678 1616 1778 1636 conva-

999 1657 1046 1684 luit
1069 1664 1146 1691 puer,
1168 1664 1246 1692 quem
1269 1657 1384 1684 anitttatn
1406 1663 1487 1690 agere
1509 1655 1604 1682 videns
1629 1659 1726 1686 mater,
1738 1655 1778 1681 ei-

1000 1702 1060 1729 dent
1089 1701 1189 1729 Sancto
1206 1702 1361 1728 devoverat.
1381 1700 1476 1727 Mulier
1494 1699 1615 1734 quaedam
1631 1707 1662 1725 ex
1680 1697 1776 1731 llcrza,

1001 1747 1138 1775 mensibus
1167 1753 1230 1774 octo
1252 1746 1370 1779 inﬁrma,
1384 1751 1411 1774 et
1425 1751 1477 1773 tam
1491 1745 1550 1772 dire
1562 1744 1680 1771 cruciata
1694 1749 1721 1770 ut
1733 1744 1777 1770 diu

1002 1798 1134 1827 noctuque
1159 1792 1354 1820 Vociferaretur
1379 1791 1492 1826 ejulans,
1522 1791 1647 1825 nulloque
1669 1791 1778 1817 invento

1002 1838 1120 1866 rentcdio
1134 1839 1168 1865 ad
1184 1837 1279 1865 mortis
1295 1837 1439 1864 articulum
1462 1836 1575 1864 deducta
1592 1836 1777 1870 judicaretur;

1004 1883 1141 1910 recordata
1157 1888 1199 1910 est
1214 1883 1322 1918 gloriosi
1339 1883 1368 1910 S.
1388 1882 1541 1914 Athanasii,
1558 1882 1636 1916 eique
1656 1889 1685 1908 se
1705 1888 1779 1907 com-

1003 1929 1140 1956 ntendavit
1163 1936 1224 1956 cum
1246 1928 1382 1956 desiderio
1401 1928 1525 1962 tangendi
1547 1927 1646 1962 aliquid
1664 1927 1696 1954 de
1720 1926 1780 1953 reli-

1003 1977 1073 2012 quiis
1099 1977 1166 2010 ejus.
1191 1977 1270 2003 Venit
1296 1980 1386 2003 autem
1415 1976 1438 2003 ei
1464 1976 1490 2002 in
1516 1980 1631 2002 ntentent
1653 1974 1779 2006 annulus,

1007 2030 1086 2057 quem
1102 2022 1135 2049 ab
1150 2022 1276 2057 episcopo
1294 2021 1421 2049 Patavino
1443 2026 1605 2056 acceperant
1626 2021 1780 2047 reverendae

1003 2074 1104 2095 matres
1127 2068 1285 2094 monasterii
1307 2075 1322 2094 a
1344 2075 1458 2101 corpore
1486 2067 1590 2094 Domini
1614 2066 1779 2101 nun'cupati,

1004 2114 1049 2149 qui
1068 2113 1181 2141 annulus
1197 2114 1284 2141 sancti
1301 2113 1423 2148 corporis
1441 2118 1542 2139 attactu
1557 2116 1615 2139 erat
1637 2119 1779 2139 consecra-

1002 2166 1058 2188 tus.
1075 2159 1156 2188 Petiit
1177 2167 1241 2194 ergo
1264 2159 1336 2186 illum
1359 2159 1410 2186 sibi
1433 2159 1521 2185 afferri
1536 2166 1568 2185 ex
1590 2158 1662 2185 dicto
1684 2165 1777 2184 mona-

170 2211 229 2233 tere
251 2206 278 2233 in
303 2206 392 2232 navim
415 2205 527 2233 veniens
545 2205 617 2240 ipsos
630 2206 689 2233 illos
705 2207 858 2240 quindecim
879 2215 947 2242 quos
965 2213 988 2242 ι)
1002 2206 1095 2239 sterio,
1109 2205 1271 2240 allatumque
1286 2204 1374 2239 posuit
1395 2211 1427 2231 eo
1444 2204 1494 2231 ioci
1511 2203 1555 2230 ubi
1571 2203 1698 2237 majorem
1718 2210 1779 2228 sen-

171 2252 246 2287 prior
261 2255 416 2279 excusserat
432 2252 458 2278 in
471 2259 531 2278 eam
546 2253 676 2286 reposuit,
692 2251 814 2287 factaqtte
834 2257 876 2280 est
900 2261 946 2281 su-

168 2298 226 2325 bito
260 2297 438 2331 tranquillitas
471 2305 576 2331 magna.
610 2297 731 2325 Scientes
754 2304 843 2325 autettt
876 2301 947 2334 quod

168 2350 266 2378 corpus
281 2343 310 2370 S.
325 2343 465 2370 Athanasii
483 2342 602 2370 Venetiis
620 2343 676 2377 jam
699 2349 782 2377 esset,
796 2352 877 2378 quain
894 2347 948 2380 pri-

168 2398 240 2417 mum
256 2394 366 2424 potuere
383 2389 452 2417 istuc
470 2395 601 2418 venerunt
621 2399 628 2418 :
657 2396 771 2426 votoque
794 2400 848 2426 quo
871 2397 948 2421 erant

166 2436 277 2471 obligati
292 2436 409 2471 expleto,
427 2437 678 2464 sanctimonialihus
700 2443 881 2466 narraverunt
899 2439 948 2466 nti-

167 2483 288 2511 raeulum
303 2483 373 2518 quod
394 2483 443 2510 sibi
458 2483 606 2510 acciderat.

206 2537 215 2554 ι
235 2528 320 2556 Nobili
332 2528 439 2556 cuidam
455 2533 585 2555 matronae
599 2528 699 2555 famula
713 2533 772 2556 erat
786 2529 946 2562 as~iderata,

168 2574 334 2608 multumque
350 2573 456 2606 aﬁlicta,
474 2581 507 2601 eo
520 2574 590 2608 qttod
606 2573 707 2600 ttullattt
723 2574 834 2602 haberet
847 2576 948 2610 absque

167 2619 377 2647 sultaxillaribus
391 2619 484 2646 fulcris
500 2619 638 2654 gradiendi
654 2620 819 2647 facultatem.
837 2618 904 2647 lluic
921 2620 947 2647 in

168 2665 270 2692 visione
292 2666 417 2700 apparuit
434 2665 576 2699 episcopus
593 2665 702 2699 quidam
721 2666 834 2692 dicens:
854 2675 862 2691 ‹
875 2665 948 2693 Vade

169 2721 179 2736 ι
196 2711 228 2738 ad
249 2711 374 2739 Sanctam
389 2711 503 2739 Crucem
520 2712 545 2738 in
560 2710 681 2742 Iudaica.
696 2716 724 2738 et
745 2711 789 2738 isti
809 2712 908 2739 Sancto
923 2717 949 2739 te

169 2766 179 2782 ε
196 2758 356 2785 commenda
379 2765 387 2784 :
412 2757 469 2793 ipse
482 2757 565 2789 enim,
581 2757 627 2784 Dei
650 2760 736 2790 gratia
754 2758 898 2793 mediante,
923 2765 948 2787 te

169 2813 180 2830 ε
196 2804 312 2831 sanabit.
330 2813 340 2830 ι
360 2803 496 2838 Evigilans
509 2811 589 2838 porro
599 2803 666 2831 dixit
677 2803 792 2831 domina:
807 2812 862 2832 sua:
875 2813 948 2839 quaa-

166 2848 392 2894 cunque‘vidcrat
407 2853 434 2877 ct
449 2849 581 2887 audierat,
594 2856 694 2883 rogans
714 2854 742 2877 ut
761 2849 845 2884 ipsam
868 2849 948 2893 duce:

1002 2252 1085 2279 tiebat
1100 2251 1261 2282 cruciatum,
1274 2258 1305 2277 ac
1320 2249 1410 2276 subito
1433 2249 1552 2276 dormire
1581 2248 1675 2281 cwpit,
1699 2248 1778 2273 vidit-

1004 2305 1057 2332 que
1069 2304 1167 2331 pueros
1185 2296 1282 2323 multos
1306 2295 1377 2322 albis
1399 2294 1519 2326 vestitos,
1540 2294 1662 2328 interque
1675 2301 1721 2320 eos
1736 2294 1779 2318 vi—

1001 2352 1059 2371 rmtt
1073 2343 1214 2374 illustrem,
1228 2347 1255 2369 et
1269 2342 1313 2376 qui
1326 2341 1410 2369 dixit:
1425 2349 1434 2366 (
1446 2341 1514 2374 Quid
1526 2339 1572 2367 tibi
1585 2344 1626 2366 est
1640 2339 1752 2366 mulier?
1769 2348 1777 2363 ι

1000 2389 1046 2416 illa
1069 2396 1142 2422 vero,
1172 2398 1181 2414 ι
1200 2388 1257 2414 Ah!
1277 2387 1374 2414 malum
1389 2387 1499 2422 grande.
1522 2395 1531 2411 ι
1553 2385 1613 2419 Ipse
1629 2389 1718 2410 autent
1734 2392 1781 2409 ca—

1003 2435 1050 2470 piti
1072 2435 1129 2469 ejus
1146 2434 1273 2468 imposuit
1286 2440 1394 2460 manum
1411 2433 1503 2460 dicens
1517 2440 1524 2458 :
1540 2441 1549 2456 ι
1565 2431 1655 2458 Redde
1668 2435 1693 2457 te
1715 2430 1779 2456 mihi

1002 2491 1011 2507 ι
1030 2486 1136 2515 sponte,
1154 2480 1256 2507 nullum
1283 2479 1354 2506 enim
1376 2478 1490 2512 amplius
1513 2477 1612 2504 ntalum
1643 2475 1754 2502 senties.
1768 2483 1777 2499 ι

1001 2528 1077 2555 Tune
1096 2526 1139 2553 illa
1155 2525 1289 2552 curiosius
1310 2525 1416 2551 itttuens
1431 2523 1498 2550 vidit
1512 2530 1572 2549 eum
1596 2528 1655 2548 esse
1677 2521 1780 2554 absque

998 2572 1104 2607 capite:
1125 2576 1152 2598 et
1177 2574 1335 2604 experrecta
1359 2569 1480 2597 narravit
1495 2568 1553 2595 viro
1577 2575 1625 2595 stto
1640 2574 1688 2602 per
1705 2566 1779 2601 ordi-

999 2625 1059 2645 nem
1083 2623 1143 2651 quae
1165 2615 1280 2642 viderat.
1303 2615 1352 2642 Cui
1371 2614 1411 2641 vir
1437 2621 1522 2641 s-tus:
1546 2622 1556 2638 ι
1572 2613 1659 2643 Scias,
1681 2611 1779 2645 inquit,

1000 2671 1012 2689 ο
1025 2670 1086 2690 eum
1110 2667 1246 2694 sanctum,
1261 2662 1306 2695 qui
1321 2660 1436 2687 habetur
1460 2659 1492 2686 ad
1510 2659 1636 2686 Sanctam
1654 2659 1778 2690 Crucem,

1001 2719 1011 2736 ι
1027 2709 1123 2744 cuique
1143 2713 1169 2736 te
1187 2707 1393 2739 commendasti,
1410 2714 1462 2733 non
1481 2707 1580 2733 habere
1599 2711 1690 2739 caput.
1708 2714 1718 2730 ι
1737 2705 1779 2731 Ab

1000 2764 1085 2791 eaque
1106 2756 1170 2782 liora
1186 2759 1212 2781 et
1226 2754 1350 2788 deinceps
1365 2753 1496 2780 remansit
1513 2759 1577 2779 sana
1590 2752 1624 2778 ab
1639 2752 1712 2778 omtti
1735 2751 1778 2778 itt-

999 2802 1136 2830 firmitate.

1039 2860 1049 2877 ι
1063 2849 1156 2877 Mulier
1171 2848 1234 2877 alia.
1256 2855 1271 2875 a
1288 2846 1383 2882 primis
1396 2846 1516 2878 nueritia-
1528 2845 1614 2880 annis,
1630 2844 1777 2873 maximum
