2027 3042
267 141 378 164 (CLXIII

924 125 1194 155 PROLEGOME‘NA.

269 187 389 215 dolorem
406 187 560 223 patiebatur
576 195 602 214 m
623 186 686 214 tibia
702 194 734 214 ex
752 186 865 222 quodam
888 186 946 220 ejus
971 185 1046 213 defe-
1060 187 1082 214 A
1100 185 1166 212 tium
1181 184 1293 215 minuti;
1309 183 1442 218 qualia’in
1460 181 1596 218 plerisque
1617 188 1710 208 eorum
1721 201 1728 213 ,
1743 188 1802 215 quae
1813 185 1877 215 post

266 227 333 267 ctu;
349 233 416 260 adeo
429 237 458 260 ut
480 232 586 259 nonnisi
607 232 752 267 pauxillum
778 237 869 266 posset
892 232 1041 260 ambulare.

266 277 332 304 Cum
361 277 443 312 igitur
467 277 545 304 annis
574 277 666 303 multis
687 284 747 303 eam
766 276 952 303 infirmitatem
978 276 1042 303 tole-

266 327 363 354 rasset,
379 322 576 349 commendavit
591 330 620 349 se
640 321 670 349 S.
687 322 844 354 Athanasio,
864 322 907 349 cui
921 322 977 357 jam
997 329 1045 348 an-

267 372 306 393 tea
323 368 433 394 multum
452 367 547 395 devota
568 367 668 400 fuerat,
690 368 760 395 haud
784 369 877 402 paucis
889 368 923 395 ab
936 375 968 395 eo
982 375 1045 402 gra-

266 413 311 439 tiis
329 412 389 440 aliis
403 418 553 440 munerata.
569 412 699 446 Quamvis
719 417 807 440 autem
830 412 945 440 difﬁcilis
960 414 1044 447 impe-

266 461 338 484 tratu
354 458 405 491 ipsi
419 458 555 486 videretur
568 458 671 485 sanitas
690 465 750 491 sua,
766 466 826 485 cum
844 466 940 493 magna
954 463 1044 485 tamen

266 502 363 530 fiducia
381 508 406 530 et
419 503 563 530 devotione
576 504 658 531 etiam
674 504 744 531 hanc
759 504 874 538 gratiam
894 505 928 531 ab
952 504 1045 531 eodem

265 549 386 576 decrevit
400 554 502 584 petere.
519 549 589 576 votis
606 554 633 576 et
648 550 773 584 precibus
787 551 820 577 ad
840 558 901 577 eum
915 550 1044 577 directis:

266 595 407 629 subitoque
430 595 543 622 liberam
568 602 598 622 se
622 597 743 623 sentiens
758 616 766 628 ,
789 595 929 623 ambulare
953 595 1046 630 erepit,

266 641 346 668 solita
365 641 492 675 deinceps
508 641 598 668 dicere
618 641 726 676 saepius,
743 641 814 676 quod
839 641 953 668 libenter
968 640 1048 668 fecis-

267 690 308 714 set
321 693 416 713 manus
436 686 515 713 unius
530 685 663 720 jacturam
678 693 726 721 pro
740 686 869 713 facultate
892 685 1045 713 ambulandi

265 730 421 758 obtinenda.
437 730 527 763 Quare
545 738 579 758 ex
595 738 628 758 eo
647 731 717 766 quod
734 731 785 758 sibi
800 731 936 758 acciderat
949 738 1046 758 conso-

266 776 398 803 latissima
426 777 565 809 remansit,
606 784 655 805 nec
679 777 819 805 videbatur
843 776 945 810 expleri
970 784 1048 811 posse

267 822 377 857 agendis
392 822 444 849 Deo
461 822 555 857 gratiis
572 827 599 850 et
617 822 757 850 benedicta
784 822 842 857 ejus
866 822 978 855 Sancto,
999 829 1048 857 pro

267 867 360 895 favore
373 873 425 894 tam
441 868 584 903 singulari.
602 868 692 895 Infans
707 868 816 902 quidam
834 868 869 894 ita
887 868 1008 902 leprosus
1021 868 1046 894 in
1063 860 1084 888 Β

267 915 395 942 mundum
419 920 499 941 natus
523 920 593 947 erat,
618 919 647 941 ut
668 922 730 946 cum
757 914 848 942 fascia:
868 915 892 941 ei
912 922 945 941 ac
967 914 1047 949 panni

269 965 449 992 mutarentur,
474 967 571 988 carnes
595 960 754 988 deciderent
779 964 806 987 et
821 960 916 987 tenella
929 968 987 987 ossa
1007 965 1048 987 to-

268 1004 323 1032 tius
344 1004 465 1039 corporis
481 1005 549 1032 nuda
567 1009 737 1039 apparerent.
760 1004 818 1032 Non
844 1005 960 1032 audebat
977 1004 1049 1031 illius

269 1054 357 1076 iaater
381 1050 637 1077 medicamentorum
664 1050 802 1084 quidpiam
831 1050 977 1077 admovere
1012 1051 1048 1083 ei,

268 1099 394 1122 metuens
417 1101 450 1121 ne
467 1094 543 1128 pejus
561 1094 660 1122 exinde
682 1095 810 1122 haberet:
827 1094 913 1122 solum
929 1102 990 1122 cum
1003 1095 1049 1122 de-

269 1139 376 1168 votione
400 1143 428 1166 et
450 1139 501 1165 fide
526 1139 642 1165 maxima
674 1147 812 1166 recursum
847 1139 940 1166 habuit
962 1139 1048 1166 adis.

270 1184 463 1211 Athanasium:
481 1185 522 1211 cui
538 1192 598 1211 mox
611 1189 692 1219 atque
705 1189 795 1212 votum
816 1184 889 1216 fecit,
906 1185 994 1212 infans
1007 1189 1048 1212 to-

273 1233 316 1255 tus
330 1235 411 1255 sanus
426 1229 585 1264 integerque
600 1230 734 1264 apparuit,
760 1234 887 1265 tauquam
904 1230 970 1257 nihil
986 1230 1049 1258 mali

273 1281 392 1308 unquam
408 1281 511 1308 passus.

313 1329 323 1346 ι
339 1319 449 1348 Juvenis
467 1321 587 1355 quidam,
604 1321 684 1348 annis
699 1326 813 1356 quatuor
832 1321 974 1349 incurabili
988 1329 1051 1350 con-

273 1371 396 1401 sumptus
410 1366 494 1402 lepra,
514 1371 601 1394 erata
619 1367 729 1394 medicis
744 1368 901 1402 depositus:
922 1375 1006 1403 quare
1018 1369 1051 1395 ad

275 1411 306 1439 S.
323 1412 498 1440 Athanasium
518 1419 578 1440 vota
603 1417 630 1440 et
653 1421 729 1448 spem
753 1414 898 1447 convertit,
915 1422 948 1441 ac
962 1415 1051 1441 subito

277 1458 374 1485 melius
393 1458 492 1486 habere
507 1459 599 1493 capit,
621 1464 736 1493 culeque
753 1460 854 1487 siccata
873 1460 940 1486 nihil
963 1460 988 1487 ei
1007 1467 1053 1487 ve-

275 1503 341 1530 teris
353 1503 437 1531 morbi
457 1505 588 1532 remansit
603 1509 700 1539 praater
718 1505 843 1539 exiguum
857 1505 1008 1539 vestigium,
1021 1513 1053 1532 eo

273 1547 326 1574 loci
344 1548 389 1574 ubi
405 1548 520 1582 primum
535 1554 706 1583 apparuerat.
728 1549 793 1576 Erat
809 1555 898 1577 autem
911 1555 975 1577 tunc
996 1550 1053 1578 dies

275 1592 386 1621 Sabbati
399 1614 407 1627 ,
423 1592 504 1620 Lunae
524 1599 612 1621 autem
627 1595 749 1629 sequenti
767 1595 839 1622 venit
866 1596 923 1630 ipse
944 1596 977 1623 ad
991 1596 1055 1623 visi-

276 1639 385 1665 tandum
414 1639 585 1666 benedictum
613 1639 685 1667 Imnc
704 1639 733 1668 S.
759 1639 936 1668 Athanasium
954 1646 1001 1669 :et
1027 1642 1053 1668 in

275 1683 432 1714 memoriam
460 1684 524 1713 tanti
556 1684 695 1719 miraculi,
720 1685 807 1722 posito
820 1686 922 1719 veteri,
948 1694 1055 1713 assum-

275 1730 328 1765 psit
354 1738 450 1758 nomen
478 1731 629 1758 Athanasii.
661 1731 730 1758 Puer
756 1731 865 1766 quidam
892 1731 970 1760 annis
999 1730 1055 1767 jam

276 1775 362 1802 tribus
390 1780 521 1809 quartana
546 1776 686 1804 laborabat
710 1777 777 1805 febri
804 1778 947 1805 admodum
976 1779 1056 1805 vehe-

276 1819 371 1853 menti,
384 1825 411 1847 et
426 1821 530 1848 nullum
545 1821 572 1849 in
587 1823 698 1850 tuedicis
712 1829 759 1850 aut
774 1823 914 1851 medicinis
940 1824 1057 1858 reperie-

276 1865 323 1892 bat
338 1865 469 1899 levamen,
489 1867 575 1895 donec
591 1873 668 1903 pater
689 1876 754 1896 suus
772 1876 834 1897 eum
858 1870 1058 1897 commendavit

279 1911 308 1938 S.
323 1911 488 1946 Athanasio,
511 1913 590 1947 cujus
618 1914 723 1942 meritis
746 1914 790 1943 ille
809 1923 870 1944 mox
896 1921 1058 1951 pcrsanatus

278 1956 340 1985 fuit.
356 1967 366 1983 ι

339 2001 378 2028 De
391 2001 462 2029 cultu
477 2003 546 2030 sacri
560 2003 651 2038 capitis
666 2005 693 2030 in
707 2003 836 2039 Hispania
848 2010 872 2032 et
890 2003 1004 2037 Callia.)

315 2047 427 2074 Sacrum
443 2048 471 2076 S.
483 2048 623 2078 Athanasii
642 2057 750 2084 corpus,
766 2058 819 2078 non
835 2051 915 2078 modo
928 2059 998 2079 nunc
1010 2059 1054 2079 ca-

280 2099 342 2119 rere
359 2093 447 2127 capite
462 2093 637 2128 deprehendit
657 2095 690 2122 lt.
708 2094 739 2122 P.
754 2095 881 2131 Aloysius
896 2096 1055 2130 Caruolius;

280 2138 328 2165 sed
346 2145 360 2164 a
375 2138 506 2173 principio
524 2144 579 2166 sua:
589 2141 623 2167 ad
635 2139 750 2168 Venetos
763 2141 948 2169 translationis
958 2145 1059 2177 absque

1098 236 1212 258 mortem
1230 232 1331 265 integra
1351 230 1547 264 quadamtenus
1570 232 1766 259 monstrantur,
1778 235 1875 261 corpo-

1097 285 1158 304 rum
1172 281 1325 303 sanctorum
1344 275 1443 310 passim
1457 274 1633 309 conspexisse
1649 273 1780 300 memini?
1795 272 1873 299 Dein~

1095 322 1129 350 de
1141 321 1271 349 ordinarii
1291 321 1362 348 sacci
1380 327 1504 348 mensura
1517 339 1525 352 ,
1538 319 1584 355 qui
1600 325 1697 353 corpus
1710 325 1806 352 capere
1821 325 1873 345 non

1096 368 1245 403 potuisset,
1264 366 1315 393 nisi
1333 366 1410 393 ﬂexis
1431 365 1457 392 in
1475 369 1566 400 tergus
1589 364 1702 399 pedibus
1725 364 1872 391 immissum

1097 414 1182 445 foret;
1200 414 1305 445 suadet,
1323 412 1412 447 capite
1434 411 1605 438 imminutum
1634 409 1716 437 fuisse
1739 413 1872 440 truncum,

1096 469 1158 489 nam
1168 461 1249 489 etiam
1268 461 1319 487 hoc
1338 459 1418 486 altius
1435 465 1513 486 sacco
1526 457 1687 489 exstitisset.
1706 463 1754 484 nec
1767 456 1874 484 sivisset

1097 513 1219 541 naupego
1229 505 1351 532 eumdem
1365 511 1472 531 saccum
1492 503 1656 530 abscondere
1674 502 1723 529 sub
1739 508 1771 528 eo
1794 508 1872 535 quem

1096 550 1205 578 indutus
1218 554 1277 577 erat
1294 547 1484 576 bardocucullo
1499 555 1507 574 :
1520 547 1620 582 absque
1635 546 1680 574 illo
1704 550 1793 573 autem
1816 552 1875 572 sar-

1098 595 1159 623 cina
1172 615 1180 627 ,
1195 595 1267 623 haud
1289 594 1371 621 multo
1390 594 1450 628 plus
1461 600 1541 627 quam
1559 598 1613 620 tres
1622 597 1649 620 et
1665 591 1780 619 medium
1793 591 1875 626 pedes

1099 641 1177 675 longa
1189 659 1197 673 ,
1225 638 1326 667 deferri
1340 638 1390 666 sub
1406 637 1486 665 axilla
1504 637 1575 665 haud
1589 636 1729 664 difﬁculter
1744 636 1769 663 in
1796 642 1875 663 sacco

1097 686 1192 722 potuit.
1443 707 1447 709 _

1134 731 1169 758 At
1196 737 1311 766 quonam
1337 729 1453 757 delatum
1478 732 1559 764 caput
1585 727 1730 755 dicemus?
1757 726 1876 754 Venetiia

1099 777 1229 809 creditur,
1243 776 1346 810 pridem
1365 775 1428 802 illud
1442 775 1534 802 Romae
1548 773 1653 802 haberi.
1666 773 1694 800 Id
1706 773 1728 800 si
1741 773 1801 805 fuit,
1825 772 1875 798 ad-

1100 823 1209 850 modum
1230 822 1333 857 pridem
1361 822 1444 850 fuisse
1472 821 1686 856 oportuit:nam
1713 819 1791 846 modo
1804 818 1876 845 nulla

1097 869 1157 902 ejus
1175 869 1210 896 ibi
1230 868 1324 895 notitia
1338 873 1385 895 aut
1399 867 1538 895 memoria.
1554 866 1600 894 Fr.
1617 865 1762 900 Gregorius
1776 865 1876 892 Bravns

1098 915 1132 942 de
1147 915 1316 949 Sotomayor,
1333 914 1360 941 in
1383 913 1494 940 historia
1519 911 1676 940 monasterii
1691 909 1879 938 Vallis-Vena-

1098 969 1157 988 rum
1173 961 1252 994 vulgo
1279 960 1447 991 Valvanera,
1473 960 1498 986 in
1529 959 1642 986 termino
1668 958 1879 992 Calagurritanae

1099 1005 1256 1036 dimceseos,
1272 1009 1341 1039 part.
1368 1012 1389 1037 ι,
1413 1011 1472 1037 cap.
1487 1004 1515 1035 8,
1543 1003 1562 1030 f.
1586 1003 1630 1034 40,
1645 1002 1714 1029 inter
1728 1001 1780 1028 alia
1795 1009 1878 1035 argu-

1099 1055 1188 1078 menta
1204 1049 1300 1084 quibus
1315 1053 1429 1076 conatur
1448 1049 1562 1082 probare
1575 1068 1583 1079 ,
1609 1055 1700 1074 veram
1723 1054 1782 1074 esse
1796 1046 1880 1074 tradi-

1100 1097 1198 1123 tionem
1217 1096 1280 1127 loci,
1298 1103 1350 1130 quo
1363 1095 1485 1122 creditur
1494 1094 1522 1121 S.
1532 1093 1696 1121 Athanasius
1709 1092 1881 1119 Alexandriae

1099 1143 1241 1176 episcopus
1267 1142 1364 1168 ibidem
1393 1145 1572 1176 persequente
1600 1141 1685 1174 ipsum
1710 1137 1879 1168 Constantia,

1100 1189 1248 1220 delituisse,
1266 1193 1293 1215 et
1310 1187 1426 1214 ctenobii
1446 1194 1560 1220 coquum
1579 1186 1678 1220 egisse,
1700 1190 1796 1219 quarto
1820 1183 1881 1209 Ιοι-ιι

1101 1234 1220 1268 allegat,
1242 1243 1252 1258 t
1277 1234 1349 1267 quod
1373 1233 1422 1259 hac
1445 1231 1588 1259 traditione
1616 1231 1736 1258 instante
1750 1249 1758 1260 ,
1775 1229 1879 1263 antiqui

1100 1279 1193 1307 Patres
1220 1279 1299 1314 hujus
1321 1278 1438 1306 emnobii
1457 1285 1472 1304 a
1489 1277 1606 1311 quodam
1623 1283 1728 1303 sumtno
1755 1275 1882 1309 poutilit'e

1101 1326 1190 1361 adepti
1208 1329 1270 1352 sunt
1292 1324 1410 1352 casulam
1433 1324 1462 1351 S.
1479 1323 1642 1354 Athanasii,
1667 1326 1694 1349 et
1715 1326 1795 1355 caput
1818 1328 1881 1347 cum

1101 1370 1189 1405 lingua
1205 1379 1212 1398 :
1228 1377 1287 1404 qua
1305 1367 1451 1396 honorifice
1473 1371 1648 1394 asservantur
1669 1365 1740 1392 inter
1758 1363 1824 1390 alias
1839 1370 1882 1389 re-

1102 1416 1200 1450 liquias
1215 1415 1241 1442 in
1261 1414 1353 1448 majori
1370 1421 1426 1440 ara.
1443 1422 1453 1438 ›
1469 1412 1652 1439 Traditionem
1664 1411 1748 1445 ipsam
1766 1409 1882 1443 probare

1103 1470 1155 1489 non
1170 1469 1277 1496 possum
1296 1469 1303 1487 :
1320 1460 1436 1493 ideoque
1451 1458 1570 1486 Antonio
1584 1457 1616 1484 de
1631 1456 1721 1491 Yepez
1737 1454 1822 1489 magis
1838 1461 1884 1480 as-

1104 1508 1217 1539 sentior,
1236 1513 1350 1539 coquum
1372 1505 1527 1531 monasterii
1546 1502 1737 1534 Athanasium,
1751 1500 1828 1534 cujus
1844 1499 1882 1526 ibi

1105 1553 1233 1580 memoria
1259 1559 1319 1579 cum
1335 1551 1486 1578 sanctitatis
1502 1550 1629 1584 opinione
1641 1548 1747 1583 vigeat,
1761 1551 1789 1574 et
1805 1545 1885 1579 cujus

1104 1600 1247 1626 occasione
1264 1602 1325 1624 nata
1347 1597 1382 1624 sit
1406 1597 1498 1631 opinio
1510 1596 1543 1622 de
1559 1595 1660 1621 latebra
1682 1592 1712 1620 S.
1734 1591 1884 1619 Athanasio

1090 1645 1287 1674 Alexandrino
1303 1644 1384 1671 isthic
1406 1642 1529 1677 praebita,
1553 1641 1635 1668 fuisse
1655 1639 1756 1668 ordinis
1770 1638 1885 1665 Benedi-

1104 1690 1169 1717 ctini
1184 1689 1354 1716 monachum.
1370 1688 1439 1714 Idem
1450 1695 1510 1714 cum
1521 1686 1636 1721 Yepesio
1649 1690 1741 1712 censet
1751 1684 1885 1717 Tamayus

1106 1737 1139 1763 de
1153 1736 1264 1763 Salazar
1280 1735 1314 1762 ad
1341 1734 1413 1761 hunc
1427 1734 1497 1761 diem
1508 1753 1516 1766 ,
1529 1734 1556 1760 in
1573 1740 1621 1760 suo
1635 1730 1824 1766 MartyroIOgio
1837 1729 1884 1756 Ili-

1106 1782 1216 1818 span'rco
1241 1790 1249 1808 :
1275 1787 1362 1815 neque
1388 1784 1510 1807 movetur
1532 1786 1565 1806 eo
1589 1782 1747 1812 aagumento
1777 1775 1856 1802 Brevi
1874 1793 1882 1805 ,

1109 1838 1118 1855 I
1137 1829 1209 1863 quod
1225 1828 1280 1855 lere
1296 1827 1323 1854 in
1343 1825 1467 1854 omnibus
1477 1824 1633 1859 privilegiis,
1647 1823 1741 1858 gratiis
1756 1827 1782 1848 et
1798 1820 1885 1847 indul-

1107 1875 1204 1909 gentiis
1217 1893 1224 1906 ,
1240 1873 1339 1908 quibus
1367 1871 1439 1899 hunc
1465 1871 1552 1897 locutu
1572 1869 1770 1902 locupletarunt
1785 1866 1884 1894 summi

1108 1918 1220 1946 Romani
1239 1916 1396 1952 pontifices,
1416 1915 1548 1943 asseritur
1561 1921 1593 1941 ea
1609 1913 1668 1940 illos
1683 1912 1831 1940 concedere
1858 1911 1884 1937 in

1108 1965 1236 1992 honorem
1250 1963 1280 1990 Β.
1299 1963 1389 1990 Maria:
1405 1968 1432 1990 et
1447 1961 1476 1988 S.
1493 1960 1633 1988 Athanasii
1656 1958 1773 1986 doctoris
1786 1957 1888 1991 magni,

1108 2011 1153 2044 qui
1170 2009 1196 2036 in
1213 2009 1256 2036 illa
1273 2008 1404 2036 habitavit
1423 2008 1518 2039 domo;
1533 2012 1561 2033 et
1576 2005 1647 2040 quod
1672 2003 1887 2031 Innocentiuslll

1110 2053 1231 2089 pontifex
1246 2053 1389 2084 tnaximus,
1408 2053 1452 2086 qui
1473 2051 1618 2078 Ecclesiam
1633 2049 1666 2076 ad
1690 2056 1735 2076 an.
1750 2048 1818 2074 ΗΠ
1841 2055 1889 2081 εει-

1109 2100 1242 2132 bernavil,
1256 2103 1283 2126 et
1295 2098 1434 2125 Athanasii
1449 2096 1535 2124 Vitam
1549 2097 1668 2131 scripsit,
1679 2094 1814 2122 concessit
1826 2093 1890 2120 huic

1109 2134 1200 2173 doinui
1213 2152 1322 2180 magnas
1344 2143 1540 2178 indulgentias,
1563 2141 1788 2176 cunternplatione
1802 2140 1888 2167 sancti

280 2191 314 2211 eo
325 2183 418 2238 fuisse,
431 2184 571 2212 manifeste
584 2191 695 2220 apparet
713 2194 746 2213 ex
758 2186 847 2214 verbis
862 2195 943 2222 supra
956 2188 1058 2221 relatis,
1076 2210 1098 2238 Β
1113 2190 1249 2223 Doctoris,
1275 2190 1394 2218 referens
1418 2188 1597 2216 habitaculum
1618 2188 1643 2214 in
1658 2194 1700 2214 ea.
1723 2196 1732 2212 ι
1751 2186 1778 2214 Si
1799 2190 1887 2212 tamen

281 2237 343 2257 cum
360 2229 389 2257 S.
405 2229 568 2257 Athanasius
582 2231 749 2259 moribunda).
774 2232 878 2260 nmlieri
904 2239 977 2261 esset
1002 2235 1061 2261 sine

281 2276 370 2309 capite
377 2281 545 2310 conspectus.
559 2276 687 2309 Quamvis
698 2278 771 2305 enim
785 2279 811 2305 in
824 2283 879 2306 tota
894 2280 1059 2313 praecedenti

282 2321 438 2349 narratione
453 2326 480 2349 et
503 2323 627 2350 examine
641 2343 649 2356 ,
675 2330 756 2358 super
778 2324 851 2352 allati
868 2330 914 2352 aut
931 2325 1061 2353 afferendi

282 2368 405 2402 corporis
421 2368 536 2395 veritate
554 2368 647 2396 habito
658 2388 666 2401 ,
681 2369 752 2396 nulla
778 2369 824 2396 fiat
852 2370 952 2398 mentio
967 2371 1062 2406 capitis

283 2413 454 2447 deficientis;
472 2414 539 2441 satis
571 2419 659 2442 tamen
684 2415 711 2442 id
737 2417 882 2451 colligitur,
913 2418 1000 2452 primo
1028 2426 1062 2445 ex

283 2459 375 2486 verbis
398 2459 496 2486 nobilis
510 2459 581 2486 illius
597 2460 702 2492 Veneti,
725 2461 770 2495 qui
789 2461 930 2490 dubitabat
943 2470 977 2490 an
993 2471 1064 2498 smpe

282 2504 334 2531 sibi
357 2505 444 2532 visum
460 2513 558 2540 corpus
574 2511 647 2533 esset
662 2507 802 2542 agniturus
816 2527 824 2539 ,
839 2512 901 2543 post
913 2516 997 2536 annos
1016 2516 1062 2536 sex

284 2551 382 2584 quibus
405 2550 639 2587 Constantinopoli
660 2560 712 2580 non
735 2552 846 2586 fuerat,
864 2553 914 2581 nisi
938 2561 970 2581 ex
987 2555 1062 2589 digiti

285 2597 364 2622 unius
377 2595 501 2628 defectu;
523 2604 557 2623 ex
575 2597 680 2624 duabus
696 2597 810 2624 maculis
829 2597 913 2632 nigris
925 2617 932 2630 ,
948 2598 974 2624 in
991 2602 1065 2632 tergo

285 2641 404 2674 ejusdem
422 2643 542 2677 corporis
560 2643 699 2678 requisitis
712 2663 720 2675 ,
748 2643 824 2678 juxta
840 2643 932 2671 Jacobi
950 2644 1065 2672 tonsoris

287 2687 482 2715 testimoriium.
513 2689 618 2721 Quanto
636 2689 707 2715 enim
733 2689 901 2716 distinctiora
930 2690 1067 2723 magisque

287 2733 365 2760 obvia
380 2734 478 2761 indicia
500 2742 546 2761 seu
563 2735 638 2770 signa
663 2734 818 2762 distinctiva
845 2735 947 2762 dcsumi
963 2736 1067 2769 potuis-

288 2781 358 2810 sent,
375 2785 408 2806 ex
425 2779 510 2806 forma
533 2784 560 2807 et
580 2785 651 2807 statu
673 2780 762 2807 vultus
777 2779 885 2814 integri,
911 2783 956 2806 aut
972 2785 1063 2807 extre-

290 2823 428 2853 mitatibus
447 2826 568 2861 narium,
585 2827 702 2861 aurium,
718 2827 758 2855 vcl
780 2826 910 2854 labiorum
935 2826 1064 2854 deficien-

1113 2243 1175 2271 pars
1188 2235 1271 2262 altera
1291 2233 1446 2261 traditionis
1460 2234 1494 2260 de
1504 2232 1606 2263 casula,
1619 2231 1717 2266 capite,
1732 2231 1821 2265 lingua
1838 2230 1891 2256 Ito-

1112 2289 1183 2309 mam
1202 2281 1292 2307 allatis
1307 2280 1451 2311 subsistit,
1469 2285 1549 2312 quam
1573 2278 1685 2304 credere
1697 2276 1759 2303 volo
1772 2276 1890 2310 ipsarum

1113 2326 1288 2361 reliquiarum
1301 2324 1468 2351 exhibitione
1485 2323 1609 2357 praesenti
1624 2322 1733 2357 probari
1748 2328 1844 2355 posse;
1858 2327 1891 2347 eo

1112 2373 1157 2400 illa
1171 2373 1299 2399 evaderet
1314 2369 1504 2400 verosimilior,
1519 2376 1573 2403 quo
1594 2367 1736 2403 integritas
1760 2367 1889 2393 hactenus

1113 2422 1224 2446 Servatus
1238 2417 1336 2450 linguas
1357 2423 1421 2443 vero
1436 2421 1543 2449 quoque
1568 2413 1682 2441 similius
1699 2412 1764 2440 facit
1784 2420 1818 2439 ex
1831 2419 1891 2437 cor-

1113 2470 1178 2498 pore
1192 2463 1323 2490 hactenus
1335 2461 1438 2496 intcgro
1452 2462 1536 2495 ipsam
1548 2467 1617 2487 esse.

1150 2509 1249 2536 Verum
1270 2508 1394 2542 Hispanis
1415 2507 1593 2533 adversantur
1618 2505 1725 2537 Franci,
1741 2506 1811 2539 apud
1827 2512 1893 2539 quos

1115 2556 1141 2583 in
1153 2554 1263 2582 dioecesi
1280 2553 1428 2580 Turonensi
1450 2560 1533 2587 pagus
1548 2556 1590 2578 cst
1604 2572 1612 2583 ,
1637 2552 1673 2577 du
1688 2550 1779 2578 Serrin
1794 2551 1891 2580 dictus,

1115 2601 1141 2627 in
1162 2607 1249 2635 eoque
1277 2599 1390 2626 ecclesia
1417 2597 1600 2632 parochialis,
1623 2605 1683 2631 quae
1709 2598 1738 2624 S.
1756 2598 1892 2623 Albanam

1115 2646 1289 2674 Alexandrini
1305 2649 1384 2679 caput
1397 2644 1530 2678 hodieque
1547 2649 1684 2671 ostentat:
1705 2645 1787 2677 quod,
1802 2644 1837 2669 nti
1850 2650 1895 2669 su-

1116 2698 1165 2726 per
1181 2691 1223 2718 his
1250 2695 1359 2725 rogatus
1384 2688 1417 2715 Il.
1445 2688 1475 2715 P.
1504 2688 1662 2715 Guilielmus
1688 2688 1793 2720 Quirini
1818 2687 1895 2714 nobis

1116 2736 1237 2770 scripsit,
1253 2744 1262 2760 ι
1282 2735 1431 2762 creduntur
1448 2733 1609 2760 Alexandria
1633 2733 1758 2759 attulisse
1769 2737 1795 2758 et
1818 2733 1895 2758 isthic

1119 2782 1274 2816 deposuisse
1290 2780 1390 2807 domini
1408 2779 1441 2806 de
1459 2779 1624 2811 Sanblanse,
1642 2779 1703 2813 pagi
1720 2778 1845 2805 Sen-enin
1859 2777 1896 2802 ri-

1119 2827 1184 2862 cini.
1198 2827 1241 2862 qui
1253 2831 1280 2855 et
1292 2827 1376 2854 duccs
1389 2825 1598 2860 Andegavenses
1615 2825 1677 2852 olim
1698 2830 1725 2852 et
1742 2831 1817 2859 rcges
1831 2822 1895 2850 Hie-
