2027 3042
810 147 934 177 ELOGIA
956 142 1127 177 versuum.
1174 137 1183 144 '

1656 159 1771 180 CCLXXI"

164 207 293 237 rzsalem.
307 215 317 232 ι
333 205 441 234 Tabulae
456 206 638 241 geographica.-
653 206 729 232 tertia
741 205 774 232 ab
791 207 857 233 urbe
869 205 945 233 leuca
961 208 984 236 Α
998 207 1120 241 exemplo
1132 205 1166 233 ad
1181 206 1249 233 idem
1264 207 1443 241 praestandum
1456 208 1608 241 invitantes,
1622 212 1652 236 ut
1671 209 1773 236 scilicet

165 258 260 282 notant
275 252 402 286 oppidum
422 251 609 296 Samblqnpty,
632 252 708 285 eique
729 252 761 278 ad
776 252 944 280 occidentem

165 299 282 326 vicinum
295 298 318 323 le
334 295 443 324 Serrain
454 316 461 327 ,
478 296 570 330 inquo
584 295 638 330 iam
659 297 747 323 dictus
759 296 838 324 Pater
853 298 943 331 (quem

165 351 230 371 suus
242 350 291 377 pro
302 342 353 369 hoc
367 348 448 376 opere
460 341 536 367 zelus
551 341 679 375 compulit
692 341 835 375 ipsummet
848 349 880 368 eo
894 341 943 377 ire)

165 388 268 416 invenit
288 394 332 414 an.
349 386 417 413 1676
442 394 452 411 ι
478 391 558 420 caput
582 385 611 413 S.
628 386 768 413 Athanasii
782 405 790 418 ,
815 392 943 421 argenteo

164 434 245 469 capiti
273 433 406 461 inclusum
420 452 428 464 ,
441 436 468 459 et
493 432 632 459 honestius
648 439 729 466 quam
745 432 812 459 alias
838 433 942 460 viderat

163 483 330 508 asservatum
342 498 350 510 ,
364 478 411 506 sed
426 479 528 512 absque
549 478 692 512 scripturis
709 478 770 506 ullis
788 486 796 505 :
814 488 823 504 ι
838 480 943 513 accepit

164 531 251 553 tamen
264 532 278 552 a
294 528 400 559 pastore
415 532 424 549 ε
439 523 500 555 loci,
516 523 562 558 qui
579 523 604 550 in
619 523 775 558 apostolicis
788 523 882 551 litteris
896 531 943 558 ap-

163 571 280 605 pellatur
293 570 324 597 S.
336 569 489 602 Athanasii,
506 578 515 594 ι
538 569 676 603 exemplar
698 569 940 604 archiepiscopalis

163 615 282 642 mandati
310 619 372 642 ante
386 622 438 641 non
457 613 555 641 multos
583 621 691 641 menses
712 613 796 648 editi,
820 614 892 649 quod
907 621 941 641 ex

162 661 266 689 Gallico
280 661 365 696 placet
379 660 504 688 Latinum
524 659 626 688 facere.

201 716 210 732 ι
227 706 351 739 Michael,
369 706 413 734 Dei
428 705 612 733 misericordia
625 709 652 732 et
671 708 770 732 sanctze
787 705 859 732 sedis
876 712 941 740 apo-

163 751 265 779 Slolit‘a!
282 752 369 786 gratia
387 750 604 785 archiepiscopus
627 749 802 782 Turonensis,
819 751 939 777 charita-

165 798 227 824 tivis
244 797 366 824 lidelibus
385 801 482 823 nostra:
497 794 625 822 dimcesis
639 796 751 822 salutem
777 799 805 822 et
826 795 938 822 benedi-

165 842 284 870 ctionem
302 842 327 868 in
342 842 455 869 Domino
471 840 532 869 Jesu
547 842 666 873 Christo,
682 841 727 876 qui
743 845 785 868 est
803 841 874 867 Deus
890 847 938 874 pa-

162 889 203 917 cis
216 892 245 916 et
257 888 407 916 charitatis.
428 887 524 915 Nescio
547 874 758 923 quomodo'iiat,
776 892 804 914 ut
818 894 863 914 res
882 895 938 913 ma-
953 874 975 903 Β

160 935 203 969 gis
227 938 325 961 sanctae
350 938 378 961 et
398 933 492 966 majori
521 933 694 961 veneratione
720 933 816 967 dignae.
843 932 937 966 majori

161 979 318 1014 plerumque
337 983 494 1013 premantur
517 978 654 1013 pauperie.
673 977 752 1006 Certe
770 985 823 1005 non
836 979 938 1012 absque

160 1025 260 1060 gemitu
287 1029 379 1051 nostro
407 1024 506 1051 intueri
528 1031 683 1058 possumus,
714 1028 832 1050 veterem
861 1023 935 1051 illam

159 1069 272 1097 Serrinii
286 1069 439 1101 ecclesiam,
458 1076 510 1097 non
527 1069 615 1097 minus
624 1070 781 1104 antiquitate
795 1076 842 1097 sua
857 1076 936 1105 quam

159 1116 334 1150 pretiosarum
362 1115 535 1150 reliquiarum
568 1116 700 1143 thesauris
734 1116 936 1143 commendabi-

159 1162 222 1195 lem,
240 1169 272 1189 eo
289 1161 423 1189 redactam
446 1166 603 1199 paupertate
619 1161 669 1190 loci
684 1166 712 1189 ut
734 1162 837 1189 ruinam
859 1162 937 1189 undi-

158 1215 211 1242 que
236 1207 385 1235 minitetur.
410 1206 538 1242 Cogimur
550 1215 615 1243 ergo
634 1207 793 1235 charitatem
818 1208 936 1235 ﬁdelium

159 1253 285 1280 ditecesis
300 1257 396 1280 nostra!
419 1258 447 1280 et
467 1253 580 1280 aliarum
599 1253 753 1288 implorare,
771 1257 800 1280 ut
812 1253 936 1281 conferre

159 1296 244 1324 velint
259 1296 358 1332 aliquid
378 1299 411 1326 de
427 1305 477 1326 suo
492 1298 636 1326 abundanti
659 1298 692 1325 ad
712 1299 934 1326 restaurationem

159 1342 237 1370 iStius
250 1343 312 1376 loci,
327 1351 407 1378 supra
429 1351 512 1378 quem
535 1351 594 1371 eam
610 1344 829 1371 benedictionum
851 1345 935 1372 coele-

158 1388 238 1415 stium
250 1388 399 1423 largitatem
413 1389 506 1416 ell'udit
522 1389 631 1422 malum,
645 1397 724 1424 quam
746 1394 880 1418 testantur
892 1391 934 1417 in-

157 1433 300 1469 dulgentia:
315 1434 443 1469 plenaria
461 1435 549 1462 eidem
567 1442 714 1468 concessae,
729 1436 826 1463 intuitu
843 1437 934 1472 magni

159 1478 188 1507 S.
204 1480 353 1512 Athanasii,
370 1480 447 1514 cujus
472 1485 552 1515 caput
578 1481 623 1508 illa
652 1483 784 1517 integrum
804 1483 933 1517 possidet,

156 1533 216 1552 cum
233 1524 291 1552 aliis
304 1525 427 1559 pluribus
446 1526 573 1561 pretiosis
595 1527 735 1563 reliquiis:
754 1535 866 1563 quarum
891 1529 930 1556 in-
947 1540 969 1570 ο

157 1569 351 1605 dulgentiarum
380 1571 522 1600 thesaurus
547 1574 685 1608 aperietur
701 1573 734 1601 ad
751 1574 853 1609 primas
880 1574 931 1602 Ve-

155 1623 248 1650 speras
267 1615 327 1643 festi
352 1615 470 1650 ejusdem
498 1617 602 1652 Sancti,
627 1619 714 1653 prima
744 1619 788 1647 die
814 1619 931 1653 proximi

156 1660 229 1693 Maii.
241 1661 365 1690 omnibus
380 1663 504 1697 personis
514 1663 692 1697 charitativis,
708 1664 752 1700 qui
765 1665 798 1692 de
813 1672 863 1692 suo
877 1665 932 1693 illic

156 1706 274 1735 tribuent
291 1707 402 1742 aliquid,
419 1708 579 1743 pollicendo,
597 1710 667 1744 quod
680 1709 762 1738 futuri
778 1711 832 1738 sint
847 1710 932 1745 parti-

154 1753 236 1786 cipes,
251 1754 399 1788 generatim
416 1758 444 1781 et
460 1755 651 1789 particulatim,
663 1756 783 1784 omnium
808 1764 930 1791 precum,

155 1806 214 1832 quze
234 1799 340 1825 'ibidem
368 1798 419 1826 loci
447 1799 523 1826 ﬁent.
555 1800 672 1828 Dilectos
701 1806 790 1829 autem
822 1807 930 1830 nostros

155 1845 257 1879 priores
269 1849 296 1872 et
309 1850 417 1872 curatos
433 1844 537 1873 vicinos
553 1845 741 1880 exhortamur,
756 1851 787 1874 ut
806 1855 865 1875 cum
880 1855 928 1875 sua

155 1891 269 1926 quisque
284 1891 361 1926 plebe
378 1890 441 1919 illuc
453 1892 690 1927 processionaliter
707 1893 848 1926 accedant,
866 1895 929 1922 red-

152 1936 246 1964 dentes
259 1941 318 1964 vota
331 1943 396 1970 sua;
412 1941 438 1965 et
451 1938 607 1966 commissos
631 1938 680 1966 sibi
699 1938 810 1974 populos
824 1938 928 1967 ellicaci

995 258 1142 286 praesentes
1164 252 1253 279 adsim
1277 254 1440 287 processioni
1463 259 1490 281 et
1514 254 1696 288 praedicationi
1720 255 1773 282 ibi-

995 296 1055 323 dem
1087 296 1226 330 faciendae,
1252 301 1279 324 et
1307 304 1367 324 cutn
1393 298 1580 325 benedictione
1608 289 1772 325 sanctissimi

994 341 1161 368 Sacramentl
1194 343 1378 370 terminandae.
1404 343 1500 370 Datum
1528 343 1693 375 Turonihus,
1721 343 1771 370 sub

994 386 1071 421 signo
1093 392 1185 415 nostro
1204 392 1231 414 et
1254 388 1340 423 sigillo
1365 388 1598 423 arcliiepiscopali,
1621 396 1682 415 cum
1709 388 1772 415 sub—

993 432 1143 465 siguatione
1166 433 1304 460 secretarii
1327 428 1434 468 quoque
1454 434 1550 465 nostri,
1581 440 1647 460 mu
1669 424 1772 468 Aprilis

994 478 1072 504 1676.
1088 487 1098 504 ι

1029 523 1086 550 Non
1110 529 1151 551 cst
1173 532 1260 551 meum
1285 531 1446 558 componere
1471 529 1691 554 controversmm,
1709 531 1769 556 quae

993 569 1055 596 hinc
1063 570 1171 596 exsistit
1187 570 1256 597 inter
1270 569 1403 605 Ilispanos
1417 576 1443 597 et
1460 559 1597 598 .Francos:
1612 578 1672 597 nam
1689 570 1710 597 si
1729 570 1771 597 his

990 612 1098 640 diﬂicile
1124 618 1166 640 est
1199 615 1324 648 probare,
1355 614 1516 640 Alexandria
1541 619 1678 648 acceptum
1709 621 1770 640 esse

990 660 1061 694 quod
1078 660 1178 687 habent
1193 665 1293 694 caput;
1329 660 1505 687 nihilominus
1531 660 1689 687 laborabunt
1706 660 1767 687 llis-

990 705 1062 740 pani,
1078 711 1106 732 ut
1121 706 1236 740 probent
1251 712 1280 733 se
1301 705 1386 733 Roma
1401 706 1537 741 accepisse
1552 707 1621 740 quod
1635 706 1766 732 obtinent.

991 751 1018 779 Si
1034 751 1176 786 objicistur
1190 751 1316 786 Hispanis
1332 751 1461 778 credibile
1475 759 1545 782 esse,
1559 751 1686 785 reliquias
1697 758 1766 785 quas

989 801 1135 828 ostentant,
1148 797 1245 831 capitis
1258 797 1407 832 praesertim
1424 802 1450 824 et
1466 798 1572 832 lingnze,
1590 804 1649 824 esse
1665 797 1767 825 fortas-

990 843 1028 869 sis
1043 843 1113 870 illius
1124 843 1215 877 coqui,
1230 844 1300 870 unde
1314 848 1420 878 sumpta
1430 845 1536 870 occasio
1547 844 1768 871 comminiscendi

990 888 1133 915 incolatum
1152 888 1180 916 S.
1194 889 1332 916 Athanasii
1346 889 1463 923 episcopi
1490 889 1515 915 in
1539 889 1583 915 illo
1598 889 1656 916 loco
1669 896 1676 916 :
1690 896 1767 922 repo-

989 939 1054 961 nent
1070 933 1190 968 llispani,
1205 941 1281 969 aeque
1298 933 1376 961 facile
1389 926 1445 961 ﬁeri
1461 934 1592 968 potuisse,
1609 939 1639 960 ut
1651 942 1682 960 ex
1696 934 1767 961 Cou-

989 979 1229 1013 stantinopolitano
1246 980 1335 1013 potius
1353 987 1433 1014 quam
1454 979 1635 1005 Alexandrino
1649 979 1768 1013 patriar-

987 1024 1067 1052 chatu
1081 1024 1237 1059 acceperint
1254 1024 1324 1051 Galli
1344 1028 1425 1062 caput
1453 1024 1602 1058 cujuspiatu
1626 1023 1656 1050 S.
1682 1024 1768 1050 Atha-

988 1070 1055 1098 nasii
1078 1070 1208 1105 episcopi,
1232 1075 1296 1104 puta
1319 1070 1534 1102 Corinthiorum,
1561 1070 1606 1104 qtti
1631 1069 1728 1096 colitur
1751 1069 1768 1095 5

987 1117 1060 1144 Maii.
1079 1117 1119 1144 Ad
1145 1117 1211 1149 haec,
1233 1124 1313 1151 quam
1332 1121 1373 1144 est
1400 1117 1536 1143 incertum
1554 1123 1587 1142 an
1604 1122 1704 1149 coquus
1723 1114 1768 1141 ille

987 1166 1098 1189 sanctus
1112 1169 1230 1196 unquam
1245 1163 1271 1188 in
1285 1170 1374 1189 rerum
1390 1167 1485 1188 natura
1502 1161 1594 1194 fuerit,
1607 1167 1654 1188 aut
1669 1161 1764 1188 saltem

987 1214 1021 1233 an
1035 1207 1175 1234 Athanasii
1191 1207 1299 1234 nomine
1322 1207 1489 1242 appellatus;
1511 1211 1565 1234 tam
1589 1207 1695 1234 videtur
1709 1214 1768 1233 cer-

987 1257 1043 1280 tum
1059 1252 1178 1281 casulam
1194 1253 1273 1280 simul
1288 1258 1454 1280 asservatam
1477 1260 1538 1280 cum
1561 1253 1649 1287 capite
1661 1252 1765 1287 signum

985 1298 1104 1334 episcopi
1117 1304 1188 1331 esse,
1204 1305 1256 1324 non
1274 1297 1367 1325 fratris
1384 1297 1443 1325 laici
1460 1306 1467 1324 :
1497 1298 1614 1331 itemque
1631 1297 1686 1325 sola
1704 1305 1766 1325 cra-

985 1345 1023 1371 nii
1037 1351 1109 1376 ossa,
1125 1343 1198 1371 omni
1213 1351 1299 1371 carne
1314 1343 1414 1370 nudata
1432 1350 1492 1370 esse
1509 1343 1535 1370 in
1551 1343 1659 1376 Gallia;
1686 1348 1766 1378 caput

986 1396 1074 1417 autem
1094 1390 1165 1424 quod
1189 1393 1230 1416 est
1253 1389 1279 1416 in
1308 1388 1447 1422 Hispania,
1474 1387 1513 1414 uti
1541 1388 1658 1424 linguam
1677 1389 1765 1415 adhuc

986 1435 1128 1471 imputrem
1156 1438 1257 1467 servat,
1282 1434 1318 1461 ita
1345 1438 1372 1461 et
1397 1441 1507 1462 servare
1531 1441 1642 1462 carnem
1671 1434 1764 1461 saltem

985 1488 1126 1509 exsuccam
1143 1489 1150 1513 ;
1174 1479 1243 1515 quod
1259 1479 1343 1514 magis
1364 1479 1490 1506 convenit
1514 1478 1538 1506 ei
1561 1479 1641 1506 statui
1665 1478 1691 1505 in
1712 1485 1765 1512 quo

985 1532 1027 1555 est
1039 1527 1169 1561 reliquum
1187 1533 1284 1560 corpus
1301 1525 1431 1553 Venetiis.
1447 1525 1522 1558 Quod
1544 1525 1566 1552 si
1590 1527 1626 1552 ita
1644 1524 1704 1559 quis
1720 1524 1764 1558 ju-

987 1574 1090 1601 dicaret
1108 1573 1140 1600 de
1159 1573 1246 1607 capite
1264 1572 1438 1604 Serriniensi,
1460 1572 1543 1599 multo
1561 1572 1646 1606 magis
1664 1572 1704 1599 sic
1722 1571 1766 1605 ju-

986 1618 1133 1646 dicarctde
1153 1617 1275 1648 brachio,
1290 1617 1362 1651 quod
1388 1623 1436 1643 nos
1454 1623 1499 1642 an.
1523 1615 1602 1647 I661,
1622 1616 1654 1643 l7
1675 1615 1764 1643 Martii

985 1664 1101 1691 vidimus
1118 1663 1144 1690 in
1168 1663 1288 1690 sacrario
1312 1662 1467 1690 monasterii
1489 1661 1666 1694 Cassinensis,
1687 1662 1764 1689 etde

984 1714 1070 1742 costa,
1087 1716 1166 1743 quam
1179 1707 1297 1736 Joannes
1310 1706 1516 1734 Schekmannus
1530 1706 1556 1733 in
1575 1705 1694 1740 Epilome
1715 1713 1764 1733 seu

985 1754 1102 1782 Medulla
1118 1759 1248 1789 geslorum
1276 1752 1466 1780 Trevirensium
1496 1759 1541 1778 an.
1566 1751 1634 1778 1617
1651 1759 1763 1782 excusa.

984 1801 1031 1828 fol.
1045 1800 1090 1833 55,
1108 1800 1207 1828 asserit
1223 1800 1250 1826 in
1267 1799 1432 1826 monasterio
1456 1793 1485 1826 S'.
1514 1797 1652 1824 Maximini
1672 1804 1764 1824 serva-

985 1847 1177 1881 tam;scilicet
1202 1853 1261 1874 eam
1287 1853 1341 1873 non
1368 1853 1446 1880 posse
1467 1845 1541 1872 credi
1567 1844 1597 1872 S.
1619 1844 1763 1872 Athanasii

983 1892 1168 1926 Alexandrini,
1188 1892 1211 1919 sl
1225 1891 1283 1926 ejus
1300 1896 1341 1919 est
1357 1898 1455 1925 corpus
1469 1895 1607 1918 servatum
1627 1889 1760 1920 Venetiis.

967 1973 971 1977 _
985 1939 1019 1967 de
1038 1946 1091 1974 quo
1105 1945 1158 1966 non
1171 1937 1278 1966 videtur
1290 1938 1464 1986 dubitandum
1479 1937 1604 1972 amplius.
