2027 3042
796 149 920 178 ΕιοςιΑ
940 149 1116 179 νιετεηωι.

1658 155 1741 177 CCLXX
1745 156 1760 177 V

701 230 766 258 Item
779 233 806 258 in
821 232 875 259 alia
891 232 1001 268 cpistola
1018 232 1052 259 ad
1067 231 1196 259 eumdem.

187 329 274 357 Ὅταν
291 328 341 366 μὲν
355 330 422 366 πρὸς
441 330 476 357 τὰ
489 330 637 366 πράγματα
656 331 864 367 υποϐλέψωμεν,
886 332 934 358 καὶ

1018 333 1129 366 Quando
1146 332 1180 360 ad
1196 339 1240 360 res
1259 333 1331 367 ipsas
1344 331 1451 367 quidem
1477 331 1650 366 respicimus,
1667 335 1694 358 et
1709 331 1764 357 dif-

147 375 196 407 τὰς
209 376 351 408 δυσκολίας
365 376 526 412 κατίδωμεν,
546 377 589 410 ὑφ’
600 373 638 403 ὧν
653 377 728 403 πᾶσα
743 377 844 411 ἀγαθοῦ
860 378 934 413 ἐνέρ-

148 429 210 455 γεια
225 419 280 449 οἷον
299 422 352 448 ὑπό
367 430 438 453 τινος
450 422 550 457 δεσμοῦ
567 422 763 458 ἐμποδιζομὲνη
778 423 932 459 κατέχεται,

149 468 189 498 εἰς
201 468 355 501 ἀπόγνωσιν
371 468 474 494 ἑαυτῶν
495 468 630 503 ἐρχόμεθα
654 469 789 504 παντελῆ-
812 469 876 496 ὅταν
904 469 933 495 δὲ

150 512 230 538 πάλιν
251 512 318 547 πρὸς
341 512 390 547 τὴν
414 512 463 547 σὴν
480 512 620 547 ἀπίδωμεν
635 512 867 548 σεμνοπρέπειαν,
885 513 933 540 καὶ

151 557 330 594 λογισώμεθα,
350 559 390 584 ὅτι
406 566 435 584 σε
450 558 539 593 ἰατρὸν
560 558 614 584 τῶν
629 559 658 584 ἐν
673 559 732 589 ταῖς
761 558 932 594 Ἐκκλησίαις

150 603 371 639 ἀρρωστημάτων
399 604 413 630 ὁ
435 602 537 639 Κύριος
563 602 640 638 ἡμῶν
656 603 844 638 ἐταμιεύσατο,
867 604 932 630 ἀνα-

146 651 322 686 λαμϐάνομεν
346 650 448 676 ἑαυτῶν
475 649 538 681 τοὺς
564 649 725 684 λογισμοὺς,
753 650 798 676 καὶ
819 651 851 676 ἐκ
883 650 931 677 τοῦ

150 697 221 724 κατὰ
237 696 287 732 τὴν
300 697 454 730 ἀπόγνωσιν
467 695 612 730 πτώματος
625 696 692 731 πρὸς
702 695 750 731 τὴν
768 696 862 723 ἐλπίδα
876 696 930 723 τῶν

149 743 338 778 χρηστοτέρων
352 741 555 777 διανιστάμεθα.

984 378 1115 405 licultates
1137 378 1322 412 expendimus,
1343 385 1358 404 a
1374 377 1470 412 quibus
1483 377 1571 404 omnis
1588 377 1649 404 boni
1667 375 1764 403 edicax

983 425 1114 459 operatio.
1129 424 1205 458 quasi
1222 423 1338 458 quodam
1363 423 1512 451 retinaculo
1536 423 1664 454 impedita
1688 423 1758 450 deti-

983 476 1073 502 netur,
1093 477 1126 497 eo
1142 469 1301 502 relabimur,
1316 475 1346 496 ut
1359 476 1471 503 prorsus
1482 469 1515 495 de
1531 469 1608 496 nobis
1632 469 1697 503 ipsis
1716 469 1763 495 de-

984 521 1136 549 speremus.
1153 514 1265 547 Quando
1278 521 1341 541 vero
1354 515 1387 540 ad
1400 514 1540 541 honestam
1559 514 1630 541 illam
1646 515 1763 549 gravita-

984 566 1037 587 tem
1055 564 1125 586 luam
1145 560 1336 591 convertimur,
1362 568 1394 587 ac
1419 560 1567 595 cogitamus
1581 561 1658 595 {quod
1674 564 1699 587 te
1715 568 1762 588 ec-

984 606 1196 633 clesiasticarum
1210 606 1395 634 infirmitatum
1416 606 1546 634 Dominus
1566 611 1658 633 noster
1678 607 1764 633 medi-

983 660 1044 680 cum
1057 652 1236 684 constituerit,
1258 652 1363 679 animos
1386 653 1558 685 rcsumimus,
1581 656 1653 680 etex
1668 653 1761 686 despe'

985 699 1098 726 rationis
1113 698 1186 734 lapsu
1201 698 1234 726 ad
1250 705 1323 733 spem
1340 705 1428 726 rerum
1447 698 1587 725 meliorum
1602 698 1743 733 erigimur.

856 831 889 858 Et
904 832 982 868 paulo
996 837 1052 868 post
1069 839 1079 860 :

185 921 256 956 Πρὸς
267 920 351 947 ταῦτα
364 921 405 951 τίς
420 920 509 953 ἱκανὸς
539 921 707 956 κυϐερνήτης
720 929 727 952 ;
742 919 783 951 τίς
796 919 868 953 ἀξιος
891 919 931 946 δι-

1019 921 1052 948 Et
1066 921 1099 948 ad
1115 921 1165 948 ista
1180 920 1240 955 quis
1258 921 1392 948 sulliciens
1410 920 1593 955 gubernatori
1607 921 1667 955 quis
1681 923 1764 948 tanta

151 967 300 1002 αναστῆσαι
312 967 355 993 τὸν
371 968 470 1003 Κύριον
481 966 690 1002 ἐπιτιμῆσαιτῷ
712 966 803 1001 ἀνέμῳ
819 966 864 992 καὶ
885 966 931 991 Θα-

148 1011 252 1048 λάσσῃ;
264 1012 305 1042 τίς
317 1011 409 1046 ἕτερος
423 1012 439 1047 ἡ
453 1014 466 1039 ὁ
482 1014 513 1039 ἐκ
527 1012 620 1044 παιδὸς
636 1013 691 1043 τοῖς
705 1011 774 1047 ὑπὲρ
790 1010 928 1042 εὐσεϐείας

148 1057 299 1092 suam“;
313 1058 416 1092 ἀγῶσιν
424 1066 431 1091 ;

984 966 1065 999 fidei,
1092 971 1121 994 ιιι
1144 967 1269 994 credatur
1292 968 1457 994 excitaturus
1483 966 1638 999 Dominum,
1669 967 1713 1000 qui
1736 970 1765 993 et

984 1017 1091 1039 ventum
1108 1012 1227 1046 increpet
1251 1016 1279 1039 et
1302 1019 1377 1039 mare
1395 1012 1407 1038 τ
1430 1013 1491 1046 quis
1507 1011 1579 1038 alius
1588 1019 1667 1046 quam
1683 1011 1729 1045 qui
1745 1017 1760 1037 a

984 1065 1069 1093 puero
1082 1058 1107 1085 in
1124 1057 1230 1092 pietatis
1244 1057 1375 1092 agonibus
1387 1057 1552 1085 deccrtavit?

751 1135 864 1164 Rursum
879 1136 907 1163 in
918 1135 1027 1172 cpistola
1038 1137 1165 1171 sequenti.

188 1227 248 1254 Τῶν
262 1226 347 1254 ἄλλων
360 1227 414 1258 τοῖς
430 1225 564 1258 πλείστοις
584 1225 694 1262 ἐξαρκεῖ
707 1225 736 1252 τὸ
759 1225 819 1252 καθ’
837 1225 932 1252 ἑαυτὸν

151 1273 267 1300 ἕκαστον
292 1273 476 1308 περισκοπεῖν·
500 1271 541 1298 σοὶ
554 1271 582 1298 δέ
598 1272 646 1306 οὑχ
671 1270 759 1297 ἱκανὸν
773 1270 860 1302 τοῦτο,
875 1270 931 1297 ἀλλ’

153 1320 170 1354 ἠ
186 1317 304 1354 μέριμνά
322 1325 361 1343 σοι
378 1317 471 1343 πασῶν
487 1316 541 1343 τῶν
559 1315 724 1352 Ἑκκλησιῶν
738 1316 866 1351 τοσαύτη,
881 1316 929 1350 ὅση

153 1365 199 1392 καὶ
214 1364 285 1395 ἰδίως
300 1363 374 1398 παρὰ
386 1362 431 1389 τοῦ
447 1361 536 1389 κοινοῦ
549 1361 680 1388 Δεσπότου
695 1362 710 1397 ή
716 1361 772 1396 μῶν
786 1362 932 1396 ἐμπιστευ-

154 1410 245 1445 θείσης
261 1409 405 1439 ἐπίκειται,
417 1408 445 1439 ὃς
459 1415 489 1442 γε
503 1407 597 1433 οὐδένα
612 1406 705 1442 χρόνον
719 1406 865 1437 διαλείπεις
876 1405 933 1432 δια-

150 1454 312 1489 λεγόμενος,
334 1452 484 1484 νουθετῶν,
508 1452 680 1485 ἐπιστέλλων,
695 1451 845 1487 ἐκπέμπων
860 1451 934 1483 τινὰς

153 1501 281 1528 ἑκάστοτε
297 1500 359 1531 τοὺς
369 1499 576 1534 ὑποτιθεμένους
587 1498 621 1524 τὰ
631 1497 764 1533 βέλτιστα.
777 1497 936 1533 [Videantur

152 1549 248 1576 iisdem
266 1548 292 1575 in
306 1546 426 1582 epistolis
437 1545 536 1582 ωυρμ]

1020 1225 1151 1258 Quoniam
1163 1224 1276 1253 aliorum
1290 1225 1414 1260 plurimis
1437 1225 1489 1252 hoc
1510 1225 1577 1252 satis
1591 1229 1644 1257 est,
1664 1224 1687 1252 si
1709 1224 1760 1252 sibi

985 1272 1101 1306 quisque
1118 1271 1331 1305 circumspiciat,
1348 1274 1376 1297 at
1387 1270 1434 1297 tibi
1451 1270 1521 1297 istud
1534 1270 1605 1298 haud
1620 1270 1763 1302 satisfacil,

986 1316 1033 1343 sed
1068 1320 1170 1342 tantam
1201 1315 1273 1350 geris
1305 1315 1425 1342 omnium
1449 1315 1629 1343 Ecclesiarum
1661 1323 1765 1348 curam.

986 1366 1112 1396 quantam
1125 1361 1193 1395 ejus,
1211 1369 1271 1396 qua:
1287 1361 1334 1388 tibi
1350 1361 1521 1394 peculiariter
1537 1369 1552 1388 a
1568 1361 1680 1388 Domino
1700 1368 1763 1389 con-

987 1406 1089 1433 credita
1117 1410 1168 1436 est.
1198 1405 1235 1432 ita
1260 1410 1290 1432 ut
1313 1405 1385 1432 nullo
1403 1413 1456 1432 non
1479 1409 1601 1440 tempore
1627 1405 1660 1433 de
1681 1405 1767 1433 sacris

987 1453 1130 1485 edisseras,
1146 1451 1302 1484 admoneas,
1318 1451 1431 1483 scribas,
1446 1451 1654 1486 frequenterque
1671 1451 1765 1478 mittas

986 1497 1110 1532 aliquos,
1134 1497 1181 1533 qui
1204 1497 1341 1525 undelibet
1365 1498 1427 1532 quid
1453 1497 1583 1532 optimum
1610 1497 1645 1524 sit
1667 1497 1763 1524 admo-

949 1543 970 1572 C
987 1550 1076 1573 ncant.

281 1648 369 1676 Julius
385 1648 516 1676 Romanus
531 1648 558 1676 in
570 1648 680 1683 epistola
694 1649 727 1676 ad
743 1648 935 1712 Alexaétdrizo‘s

840 1692 862 1711 r.
876 1692 889 1712 e
909 1692 917 1710 ι
932 1704 935 1711 .

988 1649 1019 1710 ρει
1032 1648 1178 1710 Scit-ralem,
1194 1649 1240 1677 lib.
1255 1656 1274 1676 ll
1292 1647 1360 1677 Hist.
1377 1648 1486 1682 σίτοισι,
1502 1656 1562 1683 cap.
1576 1647 1612 1675 25
1624 1666 1634 1680 ,

996 1692 1024 1712 er
1039 1693 1053 1711 a
1066 1692 1102 1712 ια.

840 1692 862 1711 Γ.
876 1692 939 1712 ean.
957 1692 1024 1712 mter
1039 1692 1102 1712 ana.

187 1785 243 1812 Καὶ
266 1784 363 1819 ἔγωγε,
389 1784 536 1820 ἀγαπητοὶ,
550 1783 595 1811 τὸν
618 1784 760 1819 γενόμενον
782 1785 842 1811 κατ’
853 1783 934 1811 αὑτοῦ

154 1832 242 1859 πάντα
267 1831 418 1867 πειρασμδν
440 1831 490 1858 οὐκ
511 1829 604 1863 ἄδοξον
616 1830 735 1865 ἡγοῦμαι
753 1829 932 1865 γεγενῆσθαι·

155 1879 201 1905 καὶ
217 1877 271 1913 γὰρ
282 1878 328 1904 καὶ
344 1878 361 1913 ἡ
376 1876 494 1913 ὑμετέρα
508 1876 555 1903 καὶ
565 1877 582 1912 ἡ
598 1875 690 1902 τούτου
705 1875 794 1908 πίστις
812 1875 934 1911 ἐγνώσθη

155 1924 231 1960 παρά
246 1925 313 1950 πᾶσι
338 1923 385 1949 καὶ
410 1922 608 1957 δεδοκίμασται.
624 1922 656 1948 Εἰ
677 1921 730 1957 γὰρ
755 1921 792 1956 μὴ
818 1921 936 1948 τοσαῦτα

156 1969 331 2005 συμϐεϐήκει,
349 1968 391 1999 τίς
405 1967 437 1995 ἂν
451 1967 608 1994 ἐπίστευσεν
624 1966 640 2002 ἢ
658 1967 697 1998 είς
719 1966 790 2001 ὑμᾶς
804 1965 936 2001 τοσαύτην

155 2015 255 2052 κρίσιν,
271 2015 318 2041 καὶ
337 2013 472 2049 τοσαύτην
495 2014 602 2049 ἀγάπην
627 2012 692 2047 περὶ
713 2012 758 2039 τὸν
779 2011 936 2048 τηλικοῦτον

156 2061 304 2088 ἐπίσκοπον
318 2060 399 2096 ἔχειν,
416 2059 432 2096 ἢ
448 2060 549 2086 ἐκεῖνον
571 2058 717 2089 τοσαύταις
728 2059 839 2094 ἀρεταῖς
855 2066 935 2093 περι-

157 2106 314 2141 ϐεϐλῆσθαι,
339 2105 373 2132 δι’
392 2104 425 2137 ἃς
443 2104 489 2131 καὶ
504 2104 553 2139 τῆς
569 2104 597 2130 ἐν
614 2104 736 2139 οὐρανοῖς
763 2103 870 2135 ἐλπίδος
887 2102 938 2129 οὐκ

156 2151 295 2187 ἀλλότριος
307 2150 410 2184 γένοιτο
421 2157 428 2182 ;
451 2149 580 2184 Ἐπέτυχε
599 2149 687 2175 τοίνυν
699 2148 748 2183 οἴῳ
759 2148 858 2183 δήποτε
872 2147 936 2183 τρό-

1022 1786 1110 1821 Atque
1132 1793 1176 1814 res
1201 1793 1296 1814 omnes
1323 1786 1464 1820 adversas,
1482 1793 1550 1821 quas
1566 1790 1693 1823 expertus
1714 1791 1771 1820 est,

987 1830 1085 1859 fratres
1099 1831 1260 1865 charissimi.
1274 1839 1323 1860 sua
1349 1832 1427 1860 laude
1440 1832 1550 1860 minime
1581 1839 1675 1860 carere
1698 1833 1769 1860 arbi-

995 1881 1060 1904 tror.
1086 1877 1190 1905 Etenim
1213 1878 1265 1906 hoc
1291 1877 1371 1905 modo
1388 1885 1449 1906 cum
1474 1883 1574 1912 vestra,
1599 1883 1655 1906 tum
1683 1879 1770 1915 ipsius

988 1924 1055 1951 ﬁdes
1069 1924 1138 1959 apud
1154 1931 1248 1952 omnes
1263 1931 1401 1960 perspecta
1413 1926 1606 1962 explanataque
1623 1931 1675 1954 est.
1699 1926 1768 1954 Nam

988 1970 1011 1997 si
1032 1974 1086 1997 tam
1113 1970 1202 2005 gravis
1225 1978 1304 1998 casus
1320 1970 1394 1999 illum
1411 1979 1462 1999 non
1477 1970 1626 2006 aﬂlixisset,
1642 1972 1705 2008 quis
1717 1981 1769 2000 un-

989 2022 1069 2049 quam
1086 2015 1245 2043 credidisset
1253 2016 1295 2044 vel
1310 2021 1362 2044 tam
1376 2017 1472 2045 stabile
1482 2017 1615 2052 judicium
1630 2017 1657 2045 in
1672 2019 1769 2046 vestris

988 2060 1085 2088 animis
1123 2061 1269 2094 insedisse,
1289 2062 1454 2097 Ltantumque
1481 2063 1621 2091 cbaritatis
1644 2064 1769 2091 ardorem

989 2113 1052 2141 erga
1079 2111 1132 2133 tam
1148 2107 1285 2142 egregium
1298 2104 1452 2143 episeopum
1477 2108 1618 2136 incensum
1639 2116 1712 2142 esse,
1726 2108 1786 2136 vel,

991 2152 1066 2180 illum
1081 2158 1133 2180 tam
1148 2153 1288 2188 praeclaris
1300 2153 1446 2181 virtutibus
1472 2154 1622 2188 praeditum,
1647 2154 1682 2181 ob
1702 2161 1770 2182 uuas

157 2205 211 2233 πῳ,
225 2197 272 2223 καὶ
285 2196 314 2222 ἐν
324 2195 363 2231 τῷ
377 2195 424 2222 νῦν
437 2194 485 2221 καὶ
498 2195 526 2221 ἐν
542 2194 580 2230 τῷ
593 2194 725 2229 μέλλοντι,
735 2195 782 2220 καὶ
794 2193 935 2229 ὁμολογίας

990 2199 1058 2234 spei,
1088 2207 1148 2234 qua:
1174 2203 1216 2227 est
1240 2198 1316 2227 nobis
1332 2199 1359 2226 in
1387 2199 1464 2227 caelis
1482 2200 1611 2235 reposita.
1635 2199 1770 2234 particeps

158 2242 261 2275 ἐνδοξον
279 2241 437 2278 μαρτυρίαν.
454 2240 593 2276 Διαφόρως
615 2240 669 2275 γὰρ
687 2241 758 2267 κατά
772 2248 801 2266 τε
818 2240 869 2274 γῆν
890 2241 936 2266 καὶ

159 2290 228 2317 κατά
253 2289 385 2316 θάλατταν
410 2287 495 2315 πολλά
520 2287 686 2322 πειρασοεὶς,
710 2286 759 2322 τὴν
787 2287 938 2322 σκευωρίαν

159 2336 248 2362 πᾶσαν
274 2335 323 2370 τῆς
355 2334 492 2370 Ἀρειανῆς
522 2333 652 2370 αἱρέσεως
680 2333 866 2368 κατεπάτησε,
893 2334 939 2360 καὶ

159 2381 286 2413 πολλάκις
301 2380 344 2407 διὰ
356 2380 450 2415 φθόνον
465 2379 512 2406 καὶ
532 2380 573 2411 εἰς
591 2378 711 2406 κίνδυνον
727 2378 938 2411 ἐπιϐουλευθεὶς,

159 2427 342 2463 κατεφρόνησε
358 2426 472 2452 θανάτου
483 2445 490 2456 ,
514 2424 713 2460 φρουρούμενος
740 2424 792 2450 ὑπὸ
807 2423 853 2450 τοῦ
874 2432 941 2450 παν-

159 2473 321 2509 τοκράτορος
332 2471 409 2504 Θεοῦ,
427 2471 534 2498 καὶτοῦ
554 2471 750 2506 Κυρίου-ήμῶν
768 2469 855 2505 Ἰησοῦ
875 2470 941 2505 Χρι-

161 2520 235 2552 στοῦ,
250 2519 366 2551 ἐλπίζων
380 2518 436 2554 ἅμα
450 2518 497 2545 καὶ
510 2517 560 2549 τὰς
576 2516 720 2548 ἐπιϐουλὰς
742 2516 874 2543 ἐκκλίνειν
895 2516 941 2542 καὶ

160 2565 467 2600 ἀποκατασταθήσεσθαι
498 2564 565 2599 πρὸς
595 2563 729 2598 ὑμετέραν
760 2561 940 2597 παράκλησιν,

161 2612 252 2648 φέρων
263 2613 325 2648 ὑμῖν
338 2611 396 2647 ἅμα
408 2612 440 2637 ἐκ
456 2610 506 2645 τῆς
523 2610 658 2646 ὑμετέρας
679 2609 858 2643 συνειδήσεως
882 2608 941 2643 μεί-

161 2657 226 2690 ζονα
239 2658 274 2685 τὰ
285 2658 401 2694 τρόπαια
413 2666 420 2672 ·
440 2658 469 2683 ἐν
482 2654 522 2688 οἷς
542 2657 590 2683 καὶ
608 2656 671 2691 ἄχρι
692 2655 835 2690 τερμάτων
853 2654 943 2690 πάσης

161 2705 211 2739 τῆς
223 2706 273 2740 γῆς
298 2704 401 2736 ἔνδοξος
414 2703 537 2738 ἐγνώσθη
549 2722 556 2734 .
579 2701 750 2737 δοκιμασθεὶς
767 2702 799 2728 ἐκ
813 2701 860 2728 τοῦ
874 2700 941 2736 βίου,

147 2750 417 2786 ’παρρησιασάμενος
440 2749 488 2785 μὲν
512 2750 546 2784 τῇ
571 2748 696 2784 προθέσει
718 2748 766 2774 καὶ
784 2749 817 2782 τῇ
832 2747 944 2783 οὐρανίᾳ

161 2795 326 2832 διδασκαλίᾳ,
347 2792 514 2831 ἀποδειχθεὶς
539 2795 567 2822 δὲ
600 2794 726 2830 ἀθανάτῳ
763 2794 851 2830 κρίσει
879 2795 943 2831 παρ’

163 2841 240 2878 ὑμῶν
255 2841 445 2878 ἀγαπώμενος.

989 2245 1056 2272 fiet?
1077 2244 1255 2278 Quamobrem
1277 2253 1337 2272 cum
1359 2245 1385 2272 in
1413 2246 1539 2283 praesenti
1567 2250 1622 2271 tum
1638 2245 1663 2272 in
1679 2244 1770 2272 futuro

989 2291 1087 2318 sarculo
1097 2291 1226 2318 eximium
1246 2291 1425 2318 confessionis
1453 2291 1636 2319 testimonium
1652 2295 1691 2318 est
1706 2299 1770 2319 con-

990 2341 1107 2364 secutus.
1120 2335 1188 2363 Nam
1206 2336 1303 2364 multas
1316 2336 1486 2364 calamitates
1501 2337 1583 2364 variis
1596 2336 1683 2364 modis
1697 2341 1770 2365 terra

991 2382 1113 2416 marique
1125 2386 1263 2416 expertus,
1277 2389 1371 2409 omnes
1386 2383 1494 2409 Arianae
1514 2381 1641 2410 factionis
1657 2382 1771 2410 insidias

991 2427 1068 2461 quasi
1084 2427 1198 2462 pedibus
1215 2427 1394 2454 conculcavit.
1409 2427 1446 2454 Ac
1462 2434 1645 2461 saepenumero
1663 2427 1771 2454 invidize

992 2479 1073 2500 causa
1099 2472 1125 2498 in
1143 2472 1205 2499 vitae
1229 2472 1378 2506 periculum
1396 2480 1444 2507 per
1458 2473 1627 2500 adversarios
1643 2472 1772 2501 insidiose

993 2517 1140 2551 coniectus,
1157 2522 1272 2544 mortem
1289 2518 1450 2552 contempsit
1464 2518 1509 2544 ille
1520 2518 1628 2552 quidem
1643 2527 1649 2545 :
1665 2519 1712 2546 sed
1732 2523 1773 2545 ta-

994 2571 1053 2590 men
1068 2563 1114 2590 Dei
1127 2563 1320 2598 omnipotentis
1336 2568 1362 2590 et
1379 2563 1483 2590 Domini
1498 2564 1581 2590 nostri
1593 2563 1655 2591 Jesu
1670 2563 1772 2592 Christi

993 2610 1093 2636 auxilio
1107 2609 1193 2636 evasit
1210 2609 1362 2636 incolumis.
1384 2608 1461 2636 Unde
1477 2616 1551 2644 spem
1569 2611 1660 2636 animo
1675 2617 1773 2636 conce-

993 2655 1043 2689 pit,
1057 2662 1085 2681 se
1100 2660 1156 2681 tum
1174 2654 1291 2682 hostium
1307 2654 1420 2682 insidias
1434 2655 1628 2686 devitalurum,
1646 2660 1701 2681 tum
1720 2662 1768 2681 vo-

993 2701 1035 2729 bis
1058 2701 1092 2728 ad
1114 2706 1268 2728 vestrorum
1298 2702 1451 2728 animorum
1466 2701 1590 2729 solatium
1611 2701 1718 2728 tandem
1738 2708 1774 2728 re-

994 2747 1169 2778 stinnumiri,
1185 2754 1237 2781 quo
1250 2755 1283 2774 ex
1299 2752 1387 2774 vestra
1403 2752 1474 2775 recte
1487 2747 1619 2774 factorum
1634 2745 1776 2774 conscien-

995 2794 1030 2822 tia
1047 2801 1098 2820 una
1122 2792 1259 2821 vobiscum
1281 2793 1462 2821 illustrissima
1488 2797 1587 2828 tropma
1611 2796 1776 2826 reportaret,

999 2839 1095 2874 quibus
1121 2846 1185 2868 sane
1212 2840 1245 2868 ad
1273 2845 1408 2869 extremas
1436 2839 1584 2876 universze_
1602 2844 1681 2867 term
1714 2846 1776 2867 oras
