2027 3042
284 151 400 173 (CLXXVI

976 140 1240 169 PROLEGOMENA.

286 189 386 216 eximie
401 188 555 215 nobilitatus
581 191 633 219 est,
666 185 959 222 certissimaque’vilte
986 187 1112 221 praeclare
1137 191 1265 213 anteacta:
1287 185 1386 214 indicia
1411 187 1530 214 omnium
1555 187 1639 215 oculis
1660 188 1784 223 subjecit,
1802 189 1895 224 quippe

287 236 334 271 qui
351 244 402 264 non
417 236 496 263 modo
514 235 576 263 fidei
592 243 647 262 sua:
670 235 866 270 professionem
897 231 929 261 et
954 233 1104 261 doctrinam
1127 233 1262 262 etzelestem
1288 234 1324 261 sit
1345 233 1429 261 libere
1448 238 1560 266 tutatus,
1577 241 1669 262 verum
1700 235 1782 264 etiam
1799 235 1895 270 judicio

285 286 361 309 certo
373 285 401 309 et
415 281 492 316 quasi
506 280 653 308 inmortali
679 285 797 308 vestrum
821 287 885 314 erga
909 279 996 314 ipsum
1007 279 1170 315 singularem
1188 286 1308 307 amorem
1322 279 1466 315 perspicue
1483 279 1671 308 declaraverit.

988 367 1022 395 Et
1037 367 1116 402 paulo
1132 372 1201 402 post.

319 459 390 493 Quid
415 464 503 487 autem
532 463 606 486 tanto
628 459 685 486 viro
709 458 817 494 dignum
835 458 948 492 proferri
967 458 1060 492 possit,
1078 487 1082 496 Α

1149 457 1181 483 Τί
1196 457 1228 484 ἄν
1247 465 1287 489 τις
1303 457 1374 483 εἴποι
1397 458 1457 484 κατ’
1482 457 1559 490 ἀξίαν
1578 457 1626 484 τοῦ
1646 457 1773 485 τοσούτου
1789 459 1891 495 ἀνδρὸς,

282 506 329 539 qui
352 510 391 534 tot
414 510 442 534 et
462 505 544 532 tantis
556 505 736 540 periculorum
753 504 899 531 exanllalis
912 503 1060 536 laboribus,

289 553 410 580 redditur
433 552 540 578 tandem
570 552 645 578 vobis
670 551 822 583 incolumis,
851 558 904 577 non
931 551 1062 579 beneficio

283 598 368 625 nostri
398 597 595 630 tantummodo,
615 604 707 624 verum
735 598 817 624 etiam
851 597 930 624 totius
953 597 1063 624 com-iiii

280 644 381 678 judicio
405 644 465 672 talis
484 643 659 671 declaratus?
677 643 814 678 Siquidem
831 643 882 670 hoc
897 642 948 670 sibi
965 643 1062 671 divini-

1115 502 1154 535 ὃς,
1170 502 1306 534 κινδύνους
1319 503 1452 529 τοσούτων
1463 503 1577 536 θλίψεων
1592 505 1705 540 νικήσας
1714 525 1721 537 ,
1744 505 1892 533 ἀποδίδοται

1116 549 1180 585 ὑμῖν
1195 548 1292 581 ἀϐῶος,
1304 550 1334 576 οὐ
1348 551 1414 585 παρ’
1425 550 1503 585 ἡμῶν
1519 550 1570 586 (sic
1585 551 1657 578 enim
1673 559 1734 578 cum
1750 551 1892 587 interprete

1118 595 1208 622 malim
1226 595 1325 630 legere)
1342 596 1437 631 μόνον,
1465 596 1532 622 ἀλλὰ
1561 597 1607 623 καὶ
1632 597 1706 632 παρὰ
1728 597 1818 633 πάσης
1845 598 1893 633 τῆς

1119 641 1226 669 συνόδου
1242 642 1431 678 ἁποδειχθείς“;
1449 642 1499 670 Ubi
1521 644 1600 671 simul
1627 644 1708 671 etiam
1726 644 1776 671 sibi
1796 645 1846 679 ipsi
1861 646 1894 673 de

283 697 326 718 tus
341 698 496 717 concessum
509 696 569 717 esse
584 689 713 722 decrevit,
727 690 797 723 quod
812 689 936 716 nimirum
955 689 981 716 in
996 689 1063 717 tanti

1115 687 1166 714 hoc
1179 687 1337 721 gratulatur,
1355 688 1415 714 Ὅτι
1430 687 1521 714 θεόθεν
1540 687 1684 722 καὶτοῦτο
1703 688 1777 723 αὐτῷ
1795 696 1893 723 συγκε-

284 736 333 763 viri
350 735 530 770 cognitionem
545 735 636 762 venire
653 735 780 769 potuerit.

1114 733 1253 769 χυρῆσθαι
1268 733 1447 769 συνέστηκεν,
1461 734 1534 765 ὅπως
1546 734 1585 766 εἰς
1601 734 1701 768 γνῶσιν
1714 733 1760 761 τοῦ
1771 733 1894 769 τηλικούο

1114 789 1160 806 του
1173 779 1268 816 ἀνδρὸς
1280 779 1368 806 ὲλθεῖν
1383 779 1535 815 δεδύνηται.

542 861 731 889 Constantinus
743 862 836 896 junior
849 861 1016 890 Constantini
1029 861 1069 890 Μ.
1089 861 1123 891 F.
1139 863 1205 897 imp.
1219 863 1246 890 in
1257 862 1367 897 epistola
1382 862 1416 889 ad
1432 862 1633 890 Alexandrinos.

318 939 375 975 Ego
406 940 564 975 episcOpum
602 946 722 967 vestrum
755 940 932 968 Athanasium
963 939 1056 968 libenti

284 985 371 1013 animo
394 986 550 1021 complexus
570 994 642 1018 sum.
665 991 691 1014 et
709 987 745 1013 ita
769 994 830 1014 cum
850 986 894 1014 illo
909 986 1057 1014 collocutus

280 1040 352 1064 sum,
379 1037 408 1060 ut
435 1039 498 1061 vere
530 1032 577 1060 Dei
608 1033 745 1061 hominem
774 1040 835 1061 esse
863 1033 929 1061 mihi
947 1029 1069 1069 persua-'

279 1077 374 1106 serim.

1153 939 1222 974 Ἐγὼ
1239 939 1285 967 τὺν
1308 939 1439 975 ὑμέτερον
1463 925 1611 966 ἐπίσκοπον
1637 938 1793 967 ’Δθανάσιον
1807 939 1892 975 ἀσμέ-

1113 995 1165 1018 νως
1191 986 1387 1022 προσηκάμην,
1416 985 1486 1013 οὕτω
1519 994 1550 1012 τε
1580 985 1834 1021 προσεφθεγξάμην,
1855 986 1893 1018 ὡς

1113 1032 1253 1068 ἄνθρωπον
1269 1032 1350 1060 αὐτὸν
1364 1032 1429 1059 Θεοῦ
1443 1032 1508 1059 ὄντα
1521 1032 1710 1069 πεπεισμένος.

497 1165 603 1193 Ioviani
619 1165 783 1201 imperatoris
794 1164 912 1200 epistola,
928 1165 1067 1192 Athanasii
1081 1164 1176 1192 laudes
1190 1165 1339 1198 continens,
1355 1170 1442 1193 exstat
1457 1165 1538 1200 infra,
1553 1170 1616 1193 tant.
1631 1164 1663 1193 11

310 1267 344 1294 D.
359 1264 533 1302 Hieronymus
545 1267 573 1294 in
598 1266 782 1301 Scriptoribus
796 1266 998 1295 ecclesiasticis.

315 1336 477 1364 Athanasius
502 1336 674 1364 Alexandria:
695 1337 771 1365 urbis
794 1339 935 1372 episcopus
959 1339 1056 1365 multas
1070 1341 1092 1369 Β

277 1383 439 1411 Arianorum
453 1389 599 1417 perpessus
613 1382 734 1414 insidias,
755 1382 788 1409 ad
803 1381 980 1410 Constantem
991 1383 1056 1410 Gal-

279 1429 373 1456 liarum
392 1429 539 1464 principem
558 1429 646 1463 fugit:
664 1429 734 1455 unde
757 1436 884 1456 reversus
905 1436 965 1456 eum
983 1429 1056 1457 litte-

277 1476 325 1507 ris,
351 1479 410 1510 post
437 1480 548 1502 mortem
576 1474 634 1508 eius
658 1481 765 1501 rursum
785 1473 892 1509 fugatus
913 1481 999 1509 usque
1023 1474 1057 1501 ad

275 1521 379 1548 Joviaui
405 1521 546 1556 imperium
572 1520 662 1552 latuit,
683 1528 699 1546 a
723 1527 776 1554 quo
797 1527 902 1554 recepta
922 1519 1055 1552 Ecclesia,

277 1569 327 1595 sub
341 1568 453 1596 Valente
468 1569 594 1596 moritur.
609 1568 747 1595 Feruntur
761 1567 821 1601 ejus
846 1567 977 1594 adversus
990 1574 1056 1602 gen-

277 1619 318 1641 tes
341 1613 402 1641 libri
431 1615 494 1646 duo,
521 1618 549 1641 et
574 1619 668 1640 contra
693 1610 833 1640 Valentem
863 1616 891 1639 et
915 1611 1055 1639 Ursacium

275 1669 358 1693 unus,
370 1665 398 1688 et
412 1661 444 1688 de
462 1660 626 1695 virginitate,
642 1665 669 1688 et
683 1660 717 1687 de
731 1659 963 1695 persccutionihus
974 1659 1052 1686 Aria-

276 1715 371 1735 norum
391 1707 508 1742 plurimi,
522 1708 592 1734 etde
605 1706 773 1734 Psalmorum
791 1706 888 1738 titulis,
903 1711 930 1732 et
943 1706 1054 1733 historia

273 1753 382 1781 Antonii
399 1753 568 1780 anachoreta:
591 1751 677 1779 Vitam
702 1752 852 1786 continens,
870 1756 897 1780 et
914 1752 1055 1787 ἑορταστι-

274 1800 322 1826 καὶ
335 1800 465 1835 epistolae,
484 1803 512 1827 et
531 1799 614 1826 multa
633 1798 697 1833 alia,
713 1805 772 1834 quae
784 1805 928 1826 numerare
946 1798 1054 1834 longum

274 1850 324 1872 est.

1238 1266 1401 1302 Sophronias
1414 1267 1538 1302 interpres
1553 1265 1720 1303 Hieronymi.
1731 1269 1738 1280 '

1146 1337 1303 1370 Ἀθανάσιος
1323 1338 1525 1374 Ἀλεξανδρείας
1544 1339 1708 1372 ἐπίσκοπος,
1721 1339 1822 1372 πολλὰς
1840 1348 1893 1367 πα-

1111 1382 1145 1419 ρὰ
1159 1383 1214 1410 τῶν
1234 1384 1379 1420 Ἀρειανῶν
1391 1384 1539 1420 ὑπομείνας
1552 1385 1714 1417 ἐπιϐουλὰς,
1731 1386 1800 1422 πρὸς
1814 1387 1893 1414 Κών-

1110 1436 1208 1455 σταντα
1238 1429 1292 1456 τῶν
1320 1429 1441 1457 Γαλλιῶν
1476 1430 1587 1466 βασιλέα
1615 1432 1805 1468 προσέφυγεν·
1830 1434 1892 1460 ὅθεν

1109 1474 1260 1507 ἀναζεύξας
1284 1475 1352 1510 μετὰ
1375 1477 1558 1512 γραμμάτων,
1581 1478 1628 1504 καὶ
1654 1476 1731 1510 αὖθις
1757 1479 1825 1514 μετὰ
1841 1479 1892 1515 τὴν

1109 1520 1191 1547 αὐτοῦ
1205 1521 1332 1557 τελευτὴν
1342 1522 1481 1557 διωχθεὶς.
1501 1523 1554 1556 ἕως
1570 1524 1618 1559 τῆς
1639 1524 1775 1559 βασιλείας
1794 1525 1884 1553 Ἰοεια-

1109 1565 1154 1592 νοῦ
1180 1565 1295 1599 διέλαθε,
1319 1567 1366 1594 καὶ
1389 1567 1529 1595 ἀναλαϐὼν
1558 1569 1607 1604 τὴν
1638 1570 1816 1606 Ἐκκλησίαν,
1844 1571 1892 1598 ἐπὶ

1109 1611 1256 1643 υὺάλεντος
1273 1612 1394 1648 τελευτᾷ.
1414 1614 1543 1649 Φέρονται
1554 1614 1636 1641 αὑτοῦ
1655 1615 1724 1642 κατὰ
1738 1616 1792 1644 τῶν
1805 1617 1891 1644 ἐθνῶν

1105 1659 1179 1693 λόγοι
1191 1658 1246 1691 δύο,
1261 1659 1331 1686 κατὰ
1346 1660 1493 1693 Οὐάλεντος
1509 1661 1556 1688 καὶ
1579 1663 1730 1699 Οὑρσακίου
1754 1661 1804 1697 εἷς,
1826 1664 1890 1700 περὶ

1113 1704 1252 1740 αρθενίας,
1271 1705 1334 1741 περὶ
1353 1705 1480 1741 διωγμῶν
1502 1708 1648 1744 Ἀρειανῶν
1668 1709 1805 1743 πλεῖστοι,
1823 1711 1888 1746 περὶ

1108 1751 1263 1786 ἐπιγραφῆς
1283 1751 1414 1787 ψαλμῶν,
1436 1753 1483 1780 καὶ
1503 1754 1606 1789 ἱστορία
1627 1755 1767 1782 Ἀντωνίου
1784 1756 1891 1792 ἀναχω-

1108 1797 1189 1831 ρήτου
1204 1797 1248 1823 τὸν
1264 1798 1324 1824 Βίον
1339 1799 1500 1834 περιέχουσα
1510 1819 1518 1831 ,
1537 1801 1584 1826 καὶ
1600 1801 1771 1835 ἑορταστικαί
1781 1802 1889 1828 ἐπιστο-

1108 1841 1161 1873 λαὶ,
1184 1843 1231 1869 καὶ
1259 1843 1371 1870 πλεῖστα
1391 1845 1458 1872 ἄλλα
1481 1845 1552 1878 τινὰ,
1582 1845 1653 1872 ἂπεο
1676 1846 1889 1882 ἁπαριθμεῖσθαι

1108 1888 1139 1914 ὼ(
1144 1888 1188 1915 νῶ.

759 1944 880 1979 Ruﬁnus,
897 1945 1092 1973 Ecclesiaslica:
1112 1946 1183 1974 llist.
1200 1947 1246 1975 tib.
1262 1955 1281 1980 I,
1292 1956 1349 1982 cap.
1363 1948 1407 1976 Η.

309 1992 393 2026 Igitur
404 1992 473 2027 apud
489 1991 679 2019 Alexandriam
694 1992 822 2020 defuncto
837 1992 991 2020 Alexandro
1006 1993 1172 2020 Athanasius
1193 1999 1350 2028 snseeperat
1375 1995 1477 2023 sedem.
1491 1994 1566 2027 Quod
1581 2002 1644 2022 vero
1665 1999 1736 2022 esset
1756 1996 1798 2022 vir
1818 1995 1890 2022 acris

274 2037 384 2071 ingenii,
401 2043 429 2064 et
441 2038 468 2064 in
481 2037 672 2065 ecclesiasticis
686 2039 802 2071 negotiis
818 2039 939 2072 apprime
951 2039 1078 2073 vigilans,
1093 2040 1161 2067 satis
1174 2039 1231 2074 jam
1250 2046 1312 2067 tunc
1327 2041 1459 2067 lucreticis
1482 2041 1652 2069 iunotnerat.
1668 2048 1728 2068 curn
1748 2041 1781 2067 ad
1797 2041 1889 2068 conci-

273 2085 337 2112 lium
355 2083 491 2112 Nicmnum
507 2092 566 2111 cum
584 2085 712 2119 episcopo
728 2093 776 2112 suo
788 2092 853 2112 sene
865 2085 1022 2113 Alexandro
1036 2091 1168 2120 venerat,
1185 2088 1261 2122 cujus
1277 2087 1492 2122 suggestiouibus
1519 2087 1705 2115 hmreticorum
1721 2088 1775 2116 ludi
1790 2096 1821 2115 ac
1838 2088 1888 2117 fal-

272 2131 348 2159 laciae
362 2130 509 2167 vigilanter
520 2131 725 2166 detegebantur.

703 2198 818 2226 Joannes
834 2199 983 2231 Cassianus,
998 2199 1046 2228 lib.
1064 2207 1099 2227 vn
1118 2201 1309 2236 Deiucarnat.,
1322 2210 1382 2237 cap.
1396 2202 1444 2229 ult.
1462 2230 1466 2237 Α

307 2273 468 2300 Athanasius
481 2272 651 2300 Alexandriae
668 2273 743 2300 urbis
758 2273 894 2305 sacerdos,
911 2273 1043 2300 eximium
1059 2273 1220 2300 constantiae
1237 2278 1264 2300 et
1279 2274 1387 2301 virtutis
1404 2274 1570 2308 exemplum;
1590 2281 1669 2308 quem
1683 2273 1815 2301 lmreticre
1826 2281 1892 2307 per.

271 2319 418 2346 secutionis
431 2318 544 2352 procella
559 2325 612 2344 non
626 2318 762 2349 contrivit,
783 2317 830 2345 sed
856 2318 982 2352 probavit
998 2327 1005 2346 ι
1019 2317 1065 2351 qui
1092 2317 1208 2345 similem
1231 2325 1339 2353 semper
1364 2319 1511 2353 splendenti
1539 2318 1647 2354 speculo
1667 2318 1748 2346 vitam
1772 2319 1888 2351 habens,

271 2367 345 2400 prius
355 2373 422 2400 pene
438 2365 560 2399 indeptus
576 2369 619 2392 est
636 2365 764 2399 martyris
778 2365 914 2397 meritum,
928 2372 1009 2399 quam
1027 2364 1194 2392 confessoris
1209 2370 1319 2400 caperet
1337 2365 1506 2399 dignitatem.

435 2411 582 2438 Vincentius
597 2411 750 2443 Lirinensis,
767 2411 793 2437 iu
807 2410 1022 2442 Commonitorio,
1034 2415 1125 2437 contra
1146 2410 1273 2445 profanas
1286 2410 1413 2437 hwresum
1431 2410 1591 2441 nouationes,
1611 2416 1669 2442 cup.
1680 2408 1728 2437 42.

306 2459 374 2486 Sunt
397 2465 471 2492 ergo
482 2459 508 2485 hi
526 2458 595 2489 viri,
611 2465 726 2491 quorum
744 2456 770 2484 in
796 2457 841 2484 illo
857 2457 1002 2491 (Ep/resina
1025 2456 1046 2490 1)
1065 2456 1191 2489 concilio,
1208 2456 1250 2484 vel
1269 2461 1400 2490 tanquam
1418 2455 1553 2490 judicum,
1570 2455 1611 2482 vel
1629 2460 1756 2490 tanquam
1775 2454 1886 2482 testium

271 2507 368 2540 set-ipta
381 2508 491 2533 recitata
503 2506 585 2540 sunt]:
599 2505 627 2533 S.
642 2505 739 2532 Petrus
752 2505 948 2532 Alexandrinus
964 2505 1108 2540 episcopus
1129 2503 1227 2531 doctor
1251 2503 1509 2539 prtestautissimus',
1524 2507 1552 2530 et
1575 2507 1677 2537 martyr
1700 2502 1886 2534 beatissimus,

271 2558 379 2580 sanctus
389 2554 554 2580 Athanasius
565 2553 686 2588 ejusdem
704 2553 960 2586 civitatis‘antistcs,
978 2552 1107 2588 magister
1124 2551 1308 2584 ﬁdelissimus,
1325 2555 1352 2579 et
1370 2551 1509 2579 confessor
1522 2549 1763 2578 eminentissimus.

472 2642 586 2677 Cyri/tus
598 2642 790 2669 Alexandrinus
803 2642 830 2668 in
843 2642 919 2675 epist.
932 2642 966 2667 ad
979 2640 1307 2677 presbyterosLdlaconos.
1326 2645 1349 2666 et
1367 2639 1470 2677 Patres-
1478 2639 1660 2666 monachorum
1671 2658 1681 2672 ,

751 2685 807 2711 qua:
817 2682 900 2704 exstat
911 2678 939 2704 in
950 2677 1020 2703 Actis
1033 2675 1239 2712 synodnEpltcs.
1251 2683 1272 2708 ι,
1289 2682 1346 2709 cap.
1364 2675 1390 2702 1.

304 2776 446 2805 Enimvero
469 2777 632 2812 percelebris
657 2777 792 2805 memorire
812 2777 893 2804 Pater
917 2777 1040 2804 Athann-
1057 2778 1078 2807 C

1129 2775 1184 2802 Καὶ
1200 2773 1265 2809 γοῦν
1290 2775 1303 2801 ὁ
1328 2774 1376 2810 τῆς
1402 2773 1523 2809 ἀοιδίμου
1552 2773 1663 2809 μνήμης
1685 2772 1779 2808 Πατὴρ
1803 2771 1886 2808 ἡμᾶν

270 2823 337 2855 sius,
351 2825 394 2856 qui
413 2827 482 2851 totos
495 2824 672 2858 quadraginta
690 2831 734 2850 sex
753 2831 837 2850 anuos
852 2823 1042 2851 Alexandrina:

1111 2821 1271 2853 Ἀϐανᾶσιος,
1289 2821 1337 2855 τῆς
1358 2820 1553 2854 Ἀλεξανδρέων
1583 2819 1743 2852 Ἐκκλησίας
1764 2827 1886 2847 κατακη-
