2027 3042
812 156 937 186 ELOGIA
956 157 1132 186 VETERUM.

169 216 276 253 σμήσας
300 216 344 242 τὸν
375 215 469 251 θρόνον
491 214 534 249 ἐφ’
560 214 630 246 ὅλοις
655 213 726 240 luat
744 214 946 248 τεσσαράκοντα

169 263 214 289 καὶ
225 262 256 294 ἐξ
271 262 316 288 τὸν
332 261 457 296 ἀριθμὸν,
470 261 517 287 καὶ
527 261 588 292 ταῖς
601 260 654 287 τῶν
669 259 784 286 ἀνοσίων
802 260 947 295 αἱρετικῶν

167 305 362 342 ιύρεσιλογίαις
377 304 481 340 ἄμαχόν
492 312 551 331 τινα
563 305 609 330 καὶ
625 304 803 339 ἀποστολικὴν
822 303 947 330 ἀντιτάτ-

168 361 220 379 των
237 352 352 382 σύνεσιν,
377 351 424 377 καὶ
444 347 498 377 οἷον
514 350 686 385 εὐοσμοτάτῳ
706 349 783 385 μύρῳ
801 351 857 381 τοῖς
874 349 948 381 ἰδίοις

168 398 361 433 συγγράμμασι
391 396 596 431 κατευφραίνων
625 396 674 430 τὴν
699 396 745 423 ὑπ’
764 395 887 431 οὐρανὸν,
903 395 946 422 ἐπ’

165 443 289 481 ὀρθότητι
305 444 351 470 καὶ
361 442 487 478 ἀκριϐείᾳ
504 442 577 477 παρὰ
590 442 698 468 πάντων
714 442 902 477 μαρτυρεῖται.

1651 168 1714 189 CCL!
1719 169 1775 190 ινιι

1001 214 1128 242 Ecclesia
1142 213 1323 249 pontificatum
1338 214 1443 250 egregia
1457 222 1516 242 cum
1535 215 1611 242 laude
1624 217 1717 250 gessit.
1734 218 1774 244 lo-

1001 261 1184 295 quacibusquo
1215 261 1378 295 impurorum
1400 261 1586 288 haereticorum
1614 263 1774 290 commentis

1002 305 1099 332 invicta
1114 305 1244 340 planeque
1255 305 1400 341 apostolica
1415 306 1544 340 sapientia
1555 306 1664 338 restitit,
1677 308 1774 341 quippe

1003 351 1111 385 scriptis
1123 351 1178 378 suis
1197 351 1277 378 veluti
1293 351 1503 386 fragrantissimo
1516 352 1629 386 quodam
1640 357 1777 387 unguento

1003 400 1086 423 totum
1099 396 1169 423 hunc
1182 396 1273 424 orbem
1295 397 1406 424 miriﬁce
1421 397 1561 428 recreavit,
1578 401 1605 424 et
1616 397 1650 424 ob
1664 397 1775 432 dogma-

1001 445 1057 468 tum
1071 441 1221 468 absolutam
1243 441 1424 476 integritatem
1444 442 1561 476 fideique
1583 442 1772 470 rectitudinem

999 493 1094 520 magna
1122 485 1191 521 apud
1215 494 1309 515 omnes
1333 487 1535 515 existimatione
1558 492 1586 516 et
1614 489 1773 517 auctoritate

998 531 1060 558 fuit.

805 586 838 614 Et
853 587 929 621 paulo
950 594 1017 623 post,
1030 589 1130 617 ibidem.

207 645 364 680 Ἀξιόχρεως
387 645 436 679 μὲν
458 642 504 671 οὖν
519 644 533 670 ὁ
546 644 614 680 ἀνὴρ
636 644 680 671 καὶ
697 644 854 681 θαρσεῖσοαι
879 645 945 682 πρέ-

165 699 233 723 πων,
257 691 286 723 ὃς
298 691 346 717 οὑκ
361 690 394 718 ἂν
408 691 459 726 ἔφη
477 699 504 717 τι
522 691 576 717 τῶν
586 692 634 717 ὅσα
652 691 688 726 μή
705 691 762 717 ὲστι
784 692 840 722 τοῖς
862 691 944 726 ἱεροῖς

167 737 346 774 συμϐαίνοντα
359 737 457 771 λόγοις.
476 736 537 769 Πῶς
561 737 615 773 γὰρ
631 737 663 764 ἂν
680 737 796 773 ἁμάρτοι
813 737 942 772 τάληθοῦς

149 797 152 799 >
165 785 179 809 ὁ
191 784 315 820 λαμπρὸς
327 780 402 815 οὗτος
418 783 464 810 καὶ
480 783 630 819 διαϐόητος,
646 783 693 810 καὶ
704 783 732 809 ἐν
748 783 815 818 αὐτῇ
830 784 862 818 τῇ
878 783 944 818 ἁγίᾳ.

122 829 133 838 ⁸
165 831 212 858 καὶ
230 830 334 866 μεγάλῃ
352 829 460 864 συνόδῳ,
478 830 510 864 τῇ
529 830 556 856 ὲν
574 829 674 864 Νικαίᾳ.
689 828 760 863 φημὶ
774 836 943 862 συναγηγερ-

138 900 144 910 ,
166 878 244 914 μένῃ,
262 876 328 914 πρὸς
345 874 469 903 ἁπάντων
482 874 702 910 τεθαυμασμένος
712 883 720 907 ;
731 873 812 901 Οὔπω
827 874 876 909 μὲν
889 873 942 909 γὰρ

165 923 209 949 τὸν
220 923 269 958 τῆς
280 923 429 958 ἐπισκοπῆς
444 921 529 948 διεῖπε
544 921 647 957 θρόνον,
659 921 744 948 ἐτέλει
754 921 782 948 δὲ
800 920 898 956 μᾶλλον
914 921 942 946 ὲν

165 969 315 1004 κληρικοῖς,
336 968 404 1004 πλὴν
414 968 551 1003 ἀγχιονίας
561 968 653 999 ἕνεκα,
669 969 715 994 καὶ
728 968 777 1002 τῆς
790 967 870 1002 ἄλλης
883 967 943 993 ἐπι-

164 1015 266 1046 εικείας
292 1014 338 1041 καὶ
359 1014 452 1049 ἰσχνῆς
480 1015 548 1048 ἄγαν
573 1014 618 1041 καὶ
645 1013 808 1048 ὰσυγκρίτου
835 1012 940 1047 φρενὸς,

163 1061 323 1098 παρελήφθη
344 1062 392 1097 μὲν
410 1062 440 1088 τδ
462 1062 586 1098 τηνικάδε
603 1061 677 1097 παρὰ
690 1061 736 1088 τοῦ
748 1061 796 1096 τῆς
808 1060 942 1096 μακαρίας

162 1110 271 1144 μνήμης
296 1108 468 1144 Ἀλεξάνδρου
488 1107 536 1135 τοῦ
564 1108 722 1135 ἐπισκόπου.
748 1107 834 1142 Συνῆν
855 1106 882 1133 δὲ
903 1105 941 1141 τῷ

161 1154 309 1190 πρεσϐύτῃ,
325 1153 369 1181 οἷά
383 1163 436 1189 περ
459 1155 516 1186 υἱὸς
532 1155 629 1190 πατρὶ,
645 1153 768 1188 ¹ιιτοδηγῶν
781 1154 820 1184 εἰς
841 1152 941 1179 ἕκαστα

161 1199 214 1226 τῶν
228 1199 382 1235 χρησίμων,
400 1200 447 1226 καὶ
468 1199 518 1235 τὴν
538 1199 580 1234 ἐφ’
601 1199 706 1234 ἑκάστῳ
725 1198 778 1225 τῶν
799 1197 939 1233 πρακτέων

161 1244 220 1272 ὁδὸν
232 1243 261 1272 εὖ
280 1244 350 1280 μάλα
368 1245 557 1281 παραδεικνύς.

1032 647 1103 674 Sane
1128 647 1238 675 idoneus
1261 653 1301 676 est
1323 648 1368 676 hic
1393 648 1434 676 vir
1458 649 1631 684 apprimequc
1659 650 1768 685 dignus.

997 694 1039 720 cui
1055 692 1185 727 intrepide
1201 692 1279 720 fidem
1299 693 1454 728 adjungere,
1469 702 1601 730 quemque
1625 699 1682 722 tuto
1696 697 1771 731 sequi

994 739 1086 771 liceat,
1106 744 1135 765 ut
1152 739 1198 773 qui
1226 738 1290 766 nihil
1320 739 1466 774 quidquam
1494 739 1640 775 aliquando
1663 741 1772 774 dixerit,

994 784 1065 818 quod
1082 791 1096 809 ιι
1110 783 1193 810 sacris
1203 782 1300 811 litteris
1307 783 1424 812 alienum
1437 789 1519 812 esset.
1535 785 1596 819 Quo
1608 786 1680 814 enim
1693 792 1771 821 pacto

995 829 1107 856 illustris
1130 829 1175 856 ille
1196 828 1403 865 celebratusque
1420 830 1509 863 Pater,
1524 831 1568 865 qui
1585 831 1611 858 in
1633 838 1710 859 sacra
1727 831 1772 858 illa

994 881 1142 909 magnaqu
1159 875 1261 910 synodo
1278 874 1387 902 Nicena
1408 876 1434 902 in
1458 880 1532 903 tanta
1545 877 1663 904 omnium
1681 876 1769 903 admi-

994 921 1099 948 ratione
1116 921 1222 948 habitus
1233 926 1284 953 est.
1302 929 1317 948 a
1332 921 1454 949 veritatis
1476 921 1584 949 tramite
1610 922 1771 949 aberraret?

993 966 1059 993 Nam
1076 967 1127 993 etsi
1147 974 1194 1000 per
1222 967 1247 994 id
1270 970 1374 1001 tempus
1401 968 1518 1002 episcopi
1537 976 1632 995 munus
1651 969 1768 996 nondum

992 1013 1147 1043 sustineret,
1182 1013 1228 1041 sed
1264 1013 1334 1041 inter
1367 1013 1503 1041 inferioris
1530 1014 1631 1042 ordinis
1659 1014 1771 1042 clericos

993 1058 1140 1085 etiamnum
1158 1060 1277 1094 degeret,
1291 1063 1410 1086 attamen
1433 1063 1544 1095 propter
1558 1059 1712 1094 praeclaram
1727 1061 1770 1087 iti-

992 1104 1078 1131 tlnlem
1095 1104 1278 1139 insignemque
1289 1105 1351 1132 vitae
1366 1105 1536 1140 probitatem,
1548 1110 1575 1134 et
1586 1106 1770 1135 incredibilem

992 1158 1113 1186 peneque
1139 1150 1374 1185 incomparabilem
1399 1151 1496 1179 utentis
1520 1151 1726 1186 perspicaciam,
1755 1161 1771 1179 a

992 1196 1078 1224 licata:
1093 1198 1228 1224 memoria:
1242 1198 1369 1232 episcopo
1383 1197 1535 1225 Alexandro
1558 1199 1590 1225 ad
1607 1199 1769 1233 episcopalis

990 1242 1134 1276 provincia:
1160 1244 1323 1270 consortium
1341 1244 1440 1271 asoitus
1458 1244 1516 1272 fuit.
1540 1243 1703 1272 Versabatur
1723 1253 1772 1272 au-

162 1296 216 1320 tem
229 1301 289 1320 cum
302 1301 376 1326 sene,
390 1297 516 1328 tanquam
532 1292 602 1320 ﬁlius
617 1300 677 1320 cum
689 1295 762 1327 patre
773 1311 780 1323 ,
805 1291 837 1318 ad
861 1290 965 1325 quidvis
979 1290 1082 1316 utiliter
1112 1290 1308 1317 conficiendum
1340 1297 1400 1319 lese
1431 1292 1527 1319 ducem
1545 1292 1665 1327 praebens
1677 1311 1686 1324 .
1706 1299 1771 1321 nec-

162 1343 213 1364 non
227 1337 252 1364 iu
268 1336 400 1369 omnibus,
416 1344 477 1372 qua:
493 1336 615 1365 obeunda
637 1336 734 1368 forent,
762 1336 932 1364 commodum
951 1335 1002 1362 iter
1013 1334 1171 1362 ostendens.

205 1403 357 1430 Marcianus
372 1403 520 1438 imperator,
536 1405 563 1431 in
581 1411 657 1431 sacra
671 1407 765 1440 contra
777 1402 910 1440 hgreticos
924 1405 976 1440 aet.
995 1400 1194 1440 rtlti‘triaﬁsynodi
1218 1400 1446 1436 Chalcedonensis,
1461 1407 1484 1430 et
1504 1404 1531 1431 in
1549 1402 1580 1431 L.
1599 1404 1770 1440 Quicunque,

745 1437 775 1464 C.
794 1436 832 1463 De
845 1436 970 1462 heretici:
986 1440 1010 1461 et
1022 1435 1186 1464 Monk/uuis.

199 1496 354 1531 Quicunque
365 1503 431 1531 ergo
444 1496 486 1523 vel
505 1496 530 1523 in
541 1496 592 1523 hac
601 1503 678 1524 sacra
698 1496 774 1528 urbe,
790 1495 830 1523 vel
847 1495 874 1530 in
893 1494 1071 1523 Alexandrina
1087 1494 1207 1527 civitate,
1222 1495 1265 1522 vel
1278 1495 1307 1523 in
1329 1496 1402 1523 omni
1420 1495 1578 1532 Egyptiaca
1600 1498 1710 1526 ditecesi
1721 1519 1729 1532 ,
1745 1502 1773 1527 et

162 1541 274 1568 diversis
284 1541 343 1568 aliis
357 1540 503 1576 provinciis
518 1540 675 1576 Eutychetis
690 1540 831 1576 profanam
846 1541 1047 1576 perversitatem
1063 1545 1222 1579 sequuntur.
1242 1546 1269 1568 et
1288 1540 1323 1568 ita
1348 1549 1399 1568 non
1415 1542 1538 1573 credunt.
1554 1547 1582 1570 ut
1596 1544 1708 1571 trecenti
1725 1545 1772 1572 de~

162 1594 218 1614 cem
234 1590 260 1613 et
272 1591 334 1613 octo
349 1586 435 1614 sancti
448 1586 541 1615 Patres
559 1586 737 1619 tradiderunt,
752 1586 911 1614 catholicam
926 1591 1045 1614 sanctam
1061 1586 1138 1613 [idem
1154 1586 1181 1613 in
1195 1586 1303 1614 Nictena
1327 1587 1437 1615 civitate
1453 1587 1594 1615 fundantes
1611 1596 1618 1616 :
1633 1589 1673 1617 vel
1690 1589 1726 1616 ita
1742 1597 1772 1616 ιιι

161 1639 267 1662 centum
284 1635 477 1670 quinquaginta
504 1635 549 1662 alii
572 1634 739 1662 venerabiles
753 1634 885 1669 episcopi,
906 1634 932 1661 in
959 1633 1011 1660 hac
1036 1633 1104 1660 alma
1130 1633 1197 1661 urbo
1214 1637 1419 1661 convenerunt:
1438 1638 1465 1661 et
1479 1635 1550 1662 sicut
1563 1635 1728 1663 Athanasius
1743 1642 1772 1664 ct

162 1681 336 1717 Theophilus,
346 1686 373 1709 et
385 1682 503 1717 Cyrillus
513 1687 613 1709 sancta:
633 1681 830 1709 recordationis
845 1681 963 1716 episcopi
979 1680 1168 1707 Alexandrina
1179 1680 1298 1708 civitatis
1313 1681 1496 1714 crediderunt,
1508 1689 1576 1716 quos
1585 1682 1666 1710 etiam
1679 1683 1770 1719 Ephe-

160 1729 218 1756 sina
233 1728 351 1764 synodus
361 1729 414 1764 (cui
427 1730 511 1756 beata:
525 1729 660 1756 memoria:
672 1729 788 1765 Cyrillus
802 1727 919 1764 przefuit,
937 1729 965 1755 in
981 1735 1034 1763 qua
1058 1727 1172 1756 Nestorii
1199 1735 1276 1755 error
1294 1729 1421 1764 expulsus
1436 1729 1487 1762 est)
1510 1729 1652 1758 universos
1677 1736 1769 1760 secuta

160 1782 201 1804 est
215 1784 284 1811 quos
298 1781 325 1804 et
340 1783 424 1811 nuper
435 1776 596 1804 venerabilis
610 1775 836 1804 Chalcedonensis
851 1776 970 1812 synodus
983 1780 1026 1806 est
1037 1780 1142 1807 secuta,
1155 1776 1290 1810 prioribus
1308 1775 1431 1803 conciliis
1450 1777 1620 1804 sacerdotum
1642 1784 1674 1805 ex
1696 1779 1768 1805 omni

161 1827 234 1858 parte
253 1821 432 1852 consentiens,
453 1821 570 1856 nihilque
598 1822 720 1850 adimens
742 1827 918 1850 sacrosancto
935 1821 1073 1857 Symbolo,
1095 1828 1180 1857 neque
1195 1821 1333 1857 adjicicns,
1349 1822 1397 1849 sed
1423 1821 1580 1856 Eutychetis
1603 1823 1708 1852 funesta
1721 1826 1770 1853 do-

160 1875 248 1906 gmata
259 1869 452 1900 condemnatis,
470 1868 555 1896 sciant
568 1876 596 1896 se
607 1876 668 1897 esse
683 1869 825 1897 haereticos
843 1869 1056 1904 Apollinaristas,
1072 1873 1125 1896 etc.

313 1939 433 1974 Synodtu
445 1938 672 1970 Chalcedonensis,
690 1940 783 1972 quarta
797 1937 962 1967 wcumenica,
979 1941 1030 1962 act.
1047 1943 1101 1966 xvt,
1118 1937 1144 1962 in
1162 1935 1285 1962 relatione
1298 1935 1332 1962 ad
1344 1936 1405 1971 imp.
1424 1936 1596 1965 Marcianum.

195 1996 240 2024 Sic
254 1996 394 2025 Athanasii
410 1997 442 2023 ad
458 1997 606 2031 Epictetum
621 1994 809 2029 amplectimur
826 1993 939 2025 litteras.
955 1993 993 2020 sic
1005 1996 1140 2028 tanquam
1162 1992 1297 2027 propriam
1313 1992 1436 2028 Gregorii
1455 1994 1487 2023 ad
1508 1995 1695 2024 Chelidonium
1711 1996 1767 2032 cpi-

160 2043 255 2071 stolam
270 2044 366 2079 ubique
376 2043 551 2079 proferimus.

505 2111 678 2139 Theodoram;
695 2111 819 2146 Cyrentis
833 2111 941 2146 episcopi

994 2118 1010 2136 τι
1023 2109 1132 2144 Dialago
1146 2110 1229 2143 primo
1242 2109 1280 2144 τῷ
1297 2109 1445 2145 Ἀτρέπτῳ.

199 2168 281 2196 ὉΡΘ.
302 2168 458 2204 ’Δξιόχρεως
469 2167 537 2195 εἶναί
556 2177 595 2195 σοι
613 2169 686 2196 δοκεῖ
703 2169 856 2201 Ἀθανάσιος
869 2169 939 2196 ἐκεί-

1025 2165 1112 2193 Ott'ru.
1132 2164 1257 2200 Nunquid
1271 2165 1377 2192 videtur
1391 2165 1502 2192 idoneus
1520 2172 1580 2193 esse
1597 2166 1771 2193 Athanasius.

158 2221 213 2245 voc,
230 2214 244 2240 ὁ
256 2213 478 2250 πολυθρύλλητος,
494 2215 508 2240 ὁ
523 2215 669 2248 φανότατος
689 2215 738 2249 τῆς
750 2215 804 2241 τῶν
812 2214 935 2247 ’Δλεξαν-

158 2258 243 2294 δρέων
263 2258 423 2293 Ἐκκλησίας
439 2260 567 2295 φωστήρς
593 2259 676 2286 ἘΡΑ.
697 2260 770 2286 Πάνυ
785 2268 827 2293 γε.
852 2260 934 2286 ὈΡΘ.

159 2304 221 2335 Τοῖς
243 2303 296 2338 γὰρ
317 2304 366 2339 τῆς
383 2304 510 2339 ἀληθείας
533 2304 675 2340 παθήμασι
694 2306 743 2340 τὴν
763 2305 934 2332 διδασκαλίαν

157 2350 304 2386 ἐκύρωσεν.
322 2349 392 2377 Idem
407 2351 433 2376 in
450 2355 563 2378 tractattt
579 2351 633 2378 MS.
648 2350 723 2383 Quod
739 2356 794 2385 post
812 2352 937 2378 incarna-

158 2396 252 2422 tionem
271 2404 338 2423 unus
360 2397 395 2423 sit
412 2395 530 2423 Christus
550 2403 558 2422 :
574 2397 722 2432 Ταῦτατῆς
742 2396 936 2432 Ἀλεξανδρέων

156 2441 180 2466 οἱ
203 2440 313 2475 μεγάλοι
339 2441 480 2477 φωστῆρες
500 2441 670 2478 Ἀλέξανδρος
695 2442 741 2469 καὶ
769 2442 935 2474 Ἀθανάσιος,

158 2487 203 2513 καὶ
211 2486 433 2523 ὁμοφρονοῦντες,
448 2488 512 2519 τοὺς
522 2487 596 2523 παρὰ
606 2488 712 2515 πάντων
725 2488 869 2523 ᾀδομένους
883 2494 937 2514 κιν-

157 2531 248 2563 δύνους
268 2533 428 2569 ὑπέμειναν.

989 2212 1044 2244 ille,
1070 2211 1272 2239 celeberrimum
1293 2216 1322 2238 et
1351 2211 1546 2238 lncidissimum
1579 2211 1767 2238 Alexandrina:

990 2258 1114 2286 Ecrlesia:
1136 2257 1243 2285 lumen?
1263 2257 1328 2284 Em.
1350 2256 1475 2284 Omnino.
1499 2256 1585 2284 Onrn.
1605 2255 1701 2290 Utpotc
1720 2256 1764 2290 qui

991 2304 1072 2331 variis
1087 2304 1242 2339 perturbata
1261 2302 1376 2330 motibus
1388 2302 1503 2329 veritate
1517 2300 1665 2328 doctrinam
1688 2308 1769 2328 suam.

990 2349 1153 2376 auctoritate
1167 2348 1273 2384 propria
1290 2347 1484 2382 comprobavit.

1025 2394 1086 2421 llaec
1101 2395 1169 2421 inter
1183 2399 1288 2424 cat-tera,
1313 2395 1366 2420 duo
1384 2393 1427 2420 illa
1445 2400 1539 2427 magna
1567 2392 1761 2420 Alexandrino-

989 2448 1047 2467 rum
1074 2439 1199 2467 Ecclesia:
1222 2439 1357 2466 colutniua
1380 2438 1531 2466 Alexander
1546 2442 1573 2466 el
1589 2438 1767 2470 Athanasius,

989 2485 1022 2512 ab
1038 2486 1164 2513 omnibus
1177 2492 1312 2519 nunquam
1328 2485 1394 2512 satis
1409 2485 1550 2512 decantata
1568 2484 1684 2519 pericula
1699 2491 1764 2511 una-

989 2532 1097 2559 nimiter
1111 2530 1271 2559 tolerarunt.

424 2600 534 2636 Vigiliua
553 2602 685 2636 episcopus
703 2601 868 2628 Tridentinus
883 2606 906 2628 ct
923 2600 1076 2635 martyrlib.
1095 2608 1113 2627 ιι
1129 2599 1226 2626 Contra
1244 2599 1386 2634 Eutychen,
1400 2607 1458 2633 cap.
1474 2599 1500 2625 ι.

192 2653 246 2681 Cur
261 2653 390 2682 formidas
401 2655 468 2683 duas
486 2656 576 2684 dicere
589 2661 710 2688 naturas,
728 2657 799 2690 quod
814 2656 980 2684 Athanasius
998 2650 1119 2683 omnium
1142 2655 1387 2684 ecclesiasticorum
1405 2655 1524 2682 virorum
1544 2655 1645 2689 judicio
1663 2654 1762 2690 proba-

158 2702 276 2729 tissimos
291 2702 413 2730 dixit‘Hn
427 2711 477 2737 qua
497 2703 556 2731 fidei
577 2703 742 2738 professione
759 2704 848 2731 cuncti
866 2703 968 2732 Craca:
989 2705 1087 2739 lingua:
1103 2708 1278 2737 tractatores,
1299 2710 1366 2738 quos
1388 2704 1525 2738 superiore
1543 2703 1632 2731 libello
1647 2710 1763 2730 commm

158 2746 269 2778 moravi,
282 2751 309 2773 et
327 2755 419 2776 omnes
434 2748 522 2776 Latini
541 2749 674 2776 sermonis
690 2749 828 2784 apostolici
850 2751 913 2782 viri.
933 2751 958 2778 id
972 2755 1025 2784 est,
1043 2750 1170 2782 Hilarius,
1192 2750 1334 2783 Eusebius,
1356 2750 1526 2784 Ambrosius,
1546 2750 1718 2785 Augustinus,
1735 2752 1764 2777 ct

156 2793 346 2832 Hieronymus,
366 2797 517 2825 cmicstibus
536 2798 631 2825 imbuti
642 2797 781 2829 doctrinis,
796 2797 877 2824 simul
890 2797 1044 2832 pariterque
1061 2797 1240 2825 consentiunt.

277 2843 411 2873 Ρλτκοι.
431 2844 490 2874 Gn.
508 2845 610 2875 XXV.

1588 2850 1606 2871 ν
