2027 3042
806 145 932 174 ELOGIA
958 145 1133 175 VETERUM.
1664 154 1775 186 eum;

161 203 286 230 φαίνουσι
303 205 349 231 καὶ
363 205 417 240 γὰρ
442 204 600 232 Ἀθανασίου
612 205 697 239 λόγοι,

162 250 217 277 Καὶ
228 249 364 286 πανταχοῦ
376 250 521 285 φθάνουσιν
536 251 762 287 άστραπηϐόλως,

161 295 231 326 Τοὺς
243 295 304 325 σοὺς
318 294 412 329 φίλους
429 294 582 329 φλέγοντες,
596 294 613 330 ἢ
627 295 675 330 σὴν
690 295 803 330 καρδίαν
813 303 820 311 ·

168 339 214 373 Ἐξ
224 338 259 377 ἦς
270 340 304 366 τὰ
319 340 406 376 σαθρὰ
418 340 471 367 τῶν
490 341 670 376 διδαγμάτων,
686 341 779 373 πλάνε,

169 386 266 422 Ἀρχὴν
279 385 393 413 λαϐόντα
405 386 453 422 τὴν
466 386 568 422 φθορὰν
583 388 754 422 παρεισάγει.

168 430 386 466 Ἐσφενδονίσθης
403 429 555 466 πνεύματος
566 432 598 466 τῇ
613 431 752 467 σφενδόνῃ·

164 476 267 507 Ὄντως
281 475 402 511 ἐπλήγης
414 476 471 507 τοῖς
488 476 537 506 ῑοϊς
548 477 604 506 τοῖς
617 475 717 507 ἐνθέοις
726 484 732 490 ·

164 520 267 552 Ὀντως
281 520 396 556 ἑϐλήθης
412 521 472 552 ταῖς
489 519 577 555 βολαῖς
591 521 651 552 ταῖς
665 529 709 547 και
714 521 786 557 ρίαις
796 542 804 554 ,

164 565 270 598 Ἀσπερ
281 566 472 602 κατηκόντισεν
490 565 663 598 ὲνθεωτάτως

168 611 200 639 Ἦ
218 612 324 647 γλῶττα
335 612 382 639 τοῦ
397 612 521 648 μάκαρος
540 612 708 640 Ἀθανασίου.

161 658 286 694 Δίσχιστι
304 659 351 685 καὶ
364 657 514 694 δύσχρηστε
530 658 581 694 τῆς
590 658 767 694 πανουργίας,

162 705 286 732 Otum:
301 705 348 731 καὶ
360 704 473 739 δύστηνε
487 705 537 740 τῆς
549 704 700 741 βδελυρίας,

164 751 268 782 Ὄντως
279 750 398 782 δέδωκας
414 750 492 783 ἀξίαν
507 750 652 786 τιμωρίαν,

115 823 124 831 η,
146 794 222 828 ’Ῑῶν
237 796 291 823 σῶν
305 797 439 824 λυθέντων
454 797 587 831 ὲγκάτων.
607 796 676 823 Ἀλλ’
694 797 806 828 ἐνδίκως

162 841 289 869 Τοιοῦτον
308 841 385 877 ἔσχες
401 843 448 869 καὶ
462 842 538 874 τέλος
553 850 594 869 σοι
608 842 654 869 τοῦ
673 842 741 877 βίου,

163 884 252 915 Μέσον
272 887 419 924 κοπρωδῶν
429 886 546 915 ἐκλιπὼν
557 887 645 923 ψυχὴν
660 887 760 919 τόπων,

164 933 250 959 Ὅπου
264 941 316 969 περ
341 931 375 969 ἧς
394 933 518 969 βαδίζων.
539 933 571 960 Ὃ
585 933 646 960 θεία
660 933 721 968 δίκη

169 979 201 1006 Ἥ
216 980 297 1006 πᾶσιν
315 977 382 1006 οὖσα
396 980 532 1014 πάνσοφος
547 979 722 1013 ζυγοστάτιςί

169 1025 249 1057 Ἀλλ’,
267 1023 289 1052 ὦ
303 1025 420 1061 θεράπον
434 1025 489 1052 θεῖε
503 1024 551 1052 τοῦ
564 1024 632 1052 Θεοῦ
649 1024 728 1056 θύτα,

169 1071 320 1103 Ἀθανάσιε,
335 1071 390 1098 τῶν
406 1071 495 1106 σοφῶν
510 1071 585 1108 πηγὴ
596 1071 693 1106 λόγων,

164 1115 312 1153 Ἰζγχευσον
326 1118 392 1153 ἡμῖν
406 1117 511 1154 ῥεῖθρον
524 1118 683 1149 ἀθανασίας.

162 1163 214 1190 τδν
230 1163 344 1199 ψυχικὸν
359 1163 452 1197 δίωξον
466 1164 495 1198 ἐξ
509 1163 586 1200 ἡμῶν
604 1164 686 1199 μόρον
698 1172 705 1178 ·

164 1208 309 1241 Ἔνσταξον
322 1210 386 1245 ἡμῖν
400 1208 497 1245 μικρὸν
513 1210 552 1241 είς
572 1209 718 1244 σωτηρίαν.

164 1255 219 1281 Καὶ
234 1254 375 1290 σύμμαχος
390 1255 494 1290 φαίνοιο
509 1256 555 1282 καὶ
572 1255 670 1290 σεμνὸς
681 1254 795 1291 πρόμος.

147 1331 153 1337 ι
169 1300 250 1335 Ὁρᾷς
264 1299 298 1327 τὰ
307 1300 380 1327 δεινά
399 1300 541 1337 συρῤέουσί
560 1309 604 1336 μοι
622 1300 714 1333 πόσας

169 1345 250 1381 Ὁρᾷς
265 1345 296 1371 τὸ
311 1345 399 1381 ῥεῦμα
412 1345 466 1372 τῶν
483 1345 611 1372 ἐναντίων
628 1345 710 1381 μέγα,

170 1391 335 1427 ’Υψούμενον
356 1392 405 1427 μὲν
416 1392 446 1418 οὐ
457 1391 561 1427 μικρῶς
577 1391 637 1418 καθ’
653 1391 770 1428 ἡμέραν.

169 1433 249 1470 ¹Ημῖν
259 1434 281 1461 δ’
301 1435 428 1462 ἀπειλοῦν
442 1435 490 1471 τὴν
505 1435 640 1463 ἀπώλειαν
653 1435 738 1471 nixa;

165 1481 304 1517 Ἐνστηθι,
322 1482 426 1518 μάκαρ,
446 1482 548 1509 παῦσον
560 1481 641 1508 αὐτοῦ
653 1482 702 1517 τὴν
720 1481 819 1517 ῥύμην,

166 1526 210 1562 Μὴ
222 1526 253 1562 δὴ
266 1527 392 1562 καταιγὶς
409 1527 561 1555 ποντίσειεν
578 1528 692 1554 ὑδάτων.

165 1571 197 1597 Οί
217 1571 266 1606 μὲν
285 1571 444 1606 φθονοῦντες
458 1572 560 1609 δωρεάν
574 1582 618 1608 μοι
634 1573 758 1608 παγίδας,

172 1617 226 1644 Ἀεὶ
240 1617 357 1645 τιθοῦσιν
370 1618 481 1653 ἀφανῶς
499 1619 703 1654 κεκρυμμένος,

166 1662 385 1699 Κατηγοροῦπες
402 1663 461 1690 καθ’
479 1664 595 1700 ἑκάστην
612 1664 695 1700 μυρία

164 1707 338 1744 Διαπρέψειν
350 1708 472 1742 λέγοντες
487 1709 559 1744 ἡμᾶς
571 1708 620 1740 τὰς
634 1709 749 1744 κρίσεις,

166 1754 248 1780 Ὅταν
259 1762 285 1779 τι
301 1753 394 1780 καινὸν
407 1753 560 1788 είσάγωμεν
575 1754 604 1779 ὲν
621 1752 705 1788 μέσῳ,

165 1796 219 1823 Καὶ
233 1796 317 1824 τᾶλλα
332 1806 375 1832 μοι
388 1797 532 1828 πλέκοντος
547 1798 585 1828 είς
597 1796 713 1824 ἀδικίαν.

164 1839 198 1869 Δῖ
209 1841 251 1869 ai!
269 1842 483 1870 πολυστένακτον
500 1843 601 1878 ἄγομεν
618 1843 683 1878 βίον.

167 1888 286 1915 ’Δνωθεν
297 1888 452 1921 ἐλπίζοντες
468 1890 556 1925 εὑρεῖν
571 1889 620 1925 τὴν
637 1889 712 1916 λύσιν

165 1933 224 1960 Τῶν
239 1934 393 1961 κακοποιῶν
408 1934 455 1960 καὶ
469 1934 571 1970 φθορᾶς
585 1935 747 1970 παραιτίων.

165 1979 246 2006 Ὅθεν
261 1979 433 2015 παραμύθιον
446 1977 581 2014 magno
599 1988 653 2015 μοι,

165 2026 304 2052 υῖκτιστον
316 2025 422 2052 ἀνύοντι
435 2024 573 2061 δυστυχῶς
591 2025 656 2060 βίον.

165 2072 244 2099 Πόσοι
256 2073 316 2100 καθ’
328 2074 400 2110 ἡμᾶς
413 2075 555 2102 ἀκονοῦσιν
579 2075 616 2107 ὡς
633 2075 696 2110 ξίφη

165 2113 287 2152 Γλῶπας
301 2121 415 2154 ἑαυτῶν,
428 2122 476 2148 καὶ
496 2122 625 2149 πλέκουσι
637 2123 699 2154 τοὺς
710 2122 810 2155 δόλους,

165 2167 395 2202 Κατηγοροῦντες,
410 2168 592 2204 λοιδοροῦντες
607 2169 729 2204 ἀσχέτως
740 2190 747 2202 ,

171 2211 239 2239 Ἀλλ’
251 2212 317 2246 εἴθε,
330 2214 431 2250 Χριστὲ
443 2214 488 2241 τοῦ
506 2215 573 2242 Θεοῦ
586 2215 692 2250 Πατρός
706 2215 784 2249 Λόγε,

166 2258 283 2293 Ἀναρχε
299 2259 345 2285 καὶ
365 2259 513 2295 πάνταρχε.
530 2260 577 2287 καὶ
591 2261 760 2296 πανεργάτα,

170 2303 200 2330 ’0
215 2304 303 2331 πάντα
318 2305 402 2332 ταῦτα
419 2305 602 2342 συντετευχὼς
619 2308 774 2342 πανσόφως,

164 2349 229 2384 Γῆν,
243 2351 366 2386 οὐρανὸν,
385 2351 530 2384 θάλασσαν,
548 2353 670 2388 ἀστέρων
687 2353 754 2390 φάη,

167 2395 247 2431 Ὄρη,
268 2396 379 2432 πέτρας,
395 2398 549 2433 (φάραγγας.
567 2398 662 2434 ἄντρα,
678 2399 726 2426 καὶ
743 2399 841 2432 νάπας,

165 2441 236 2468 Δίτῶ
250 2450 279 2468 σε
293 2442 373 2469 τοῦτο
385 2443 486 2479 λυπρὸς
497 2444 604 2480 οἰκτρὸς
617 2445 736 2480 οίκέτης,

165 2487 318 2524 Πιιρασμὸς
332 2489 406 2525 ἡμᾶς
417 2489 550 2525 μηδαμῶς
560 2498 601 2521 τις
616 2490 730 2527 βυθίσῃ·

165 2533 250 2566 Φύλαξ
265 2533 340 2568 γίνου
354 2543 398 2570 μοι
409 2535 457 2570 τῆς
469 2535 586 2571 ψυχικῆς
597 2536 720 2568 ὁλκάδος,

165 2580 287 2615 Τήρησον
297 2580 443 2616 ἀκλόνητον
456 2582 539 2616 αὑτήν
556 2590 600 2616 μοι
614 2582 697 2617 μόνην
707 2591 714 2598 ’

165 2624 206 2651 Τὰ
219 2624 240 2650 δ’
253 2624 320 2652 ἄλλα
338 2635 386 2661 μου
401 2627 468 2662 πρὸς
479 2626 568 2662 τήνδε,
580 2626 708 2662 δευτέρου
723 2627 814 2663 λόγου,

167 2671 201 2696 ’Δ
221 2670 258 2706 μὴ
275 2671 410 2706 μένουσιν,
427 2674 435 2683 “
453 2672 569 2700 ἁπτοῦσι
586 2673 632 2700 τοῦ
650 2673 720 2707 βίου.

164 2714 202 2740 Τὸ
215 2714 340 2751 λαμπρὸν
355 2716 463 2752 ἀξίωμα
480 2717 584 2753 κόμπον
598 2718 718 2754 παρέχον

164 2759 311 2796 Παραίτιον
325 2762 443 2797 μάλιστα
454 2763 503 2799 τῆς
518 2764 619 2800 βλάϐης
633 2764 683 2792 ενι.

169 2804 199 2832 ‘0
212 2805 326 2839 πλοῦτος
338 2808 371 2835 ἂν
387 2810 437 2844 ῥεῖ,
455 2809 536 2837 Δαϐὶδ
552 2810 635 2846 ἐκϐοᾷ
652 2810 738 2845 μέγα·

166 2849 212 2886 Μὴ
227 2853 402 2887 προστίθεσθε
414 2855 521 2889 καρδία,
531 2856 637 2890 τρανῶς
652 2855 747 2890 λέγων,

958 210 982 236 Δ
996 206 1119 234 Emicant
1133 206 1232 234 etenim
1249 205 1390 234 Athanasii
1406 208 1555 234 sermones.

998 251 1031 278 Et
1044 251 1144 286 ubique
1158 250 1272 278 volitant
1289 249 1404 286 fulguris
1418 250 1450 277 in
1462 250 1582 280 modum,

996 296 1069 326 Tuos
1081 297 1189 326 amicos
1207 303 1315 326 urentes
1328 297 1370 325 vel
1385 302 1478 333 pectus
1497 302 1590 329 tuum;

996 342 1033 370 Ex
1046 351 1100 379 quo
1119 344 1230 378 putredo
1247 343 1402 378 dogmatum
1425 347 1542 375 tuorum,
1559 351 1576 370 o
1595 342 1734 376 impostor.

997 389 1091 416 Ortunt
1106 390 1202 417 sortita
1220 390 1266 416 tibi
1281 389 1393 417 exitium
1409 393 1494 424 parat.

997 434 1036 462 Tu
1054 442 1198 469 percussus
1213 443 1243 462 es
1258 435 1389 470 spirituali
1405 434 1501 463 funda:

1003 479 1070 508 Vere
1082 480 1238 508 vulneratus
1257 488 1287 508 es
1301 480 1400 508 divinis
1411 480 1488 508 telis:

997 525 1065 552 Vere
1077 526 1214 554 sauciatus
1229 533 1259 553 es
1279 525 1379 560 iaculis
1399 525 1541 557 lethiferis.

996 571 1060 604 Quae
1071 571 1190 606 jaculata
1212 576 1255 600 est
1283 573 1410 600 divinitus
1423 572 1550 606 inspirata

996 616 1098 651 Lingua
1115 617 1184 644 beati
1205 618 1355 646 Athanasii.

998 662 1108 694 Pntide,
1127 671 1195 690 vane
1209 669 1235 690 et
1250 663 1354 690 inutilis
1366 663 1480 696 malitia.

997 707 1158 740 MiserrimeI
1177 707 1271 735 infelix
1285 713 1328 735 tua
1344 707 1509 743 impudentia
1523 716 1530 735 :

967 782 970 783 ν
999 753 1074 781 Vere
1086 754 1183 780 dediin
1202 755 1312 781 tucritas
1327 760 1421 788 pmnas

997 799 1116 827 Tuorum
1132 799 1310 827 dissolutione
1325 799 1528 832 intestinorum,
1544 798 1590 826 sed
1604 798 1701 826 merito
1717 797 1777 834 jure

997 841 1089 869 Talem
1107 843 1221 870 habuisti
1237 843 1300 871 vita:
1315 848 1367 870 tua!
1383 843 1496 876 exitum,

960 875 982 905 Β
997 885 1025 914 ιιι
1041 888 1136 915 mediis
1155 893 1304 916 stereorum
1322 890 1440 916 animam
1459 888 1613 924 relinquens
1631 888 1706 921 locis.

996 934 1055 967 Quo
1071 938 1098 961 tu
1114 941 1277 962 accesseras.
1295 935 1317 963 0
1332 935 1420 963 divina
1433 934 1550 970 iustitia,

998 979 1084 1012 Quam
1100 981 1226 1008 omnibus
1242 988 1271 1008 es
1286 981 1393 1016 sapiens
1407 980 1528 1008 statera!

996 1024 1061 1058 Sed,
1078 1033 1094 1052 ο
1110 1024 1209 1052 famule
1224 1026 1313 1053 divine
1327 1026 1373 1053 Dei
1389 1027 1530 1057 sacerdos,

996 1070 1138 1103 Albanasi,
1154 1071 1303 1105 sapientum
1320 1070 1381 1098 fons
1395 1071 1559 1102 orationum,

996 1115 1110 1143 Eﬂ'unde
1124 1116 1149 1143 iu
1166 1124 1214 1144 nos
1231 1115 1331 1143 ﬂuxum
1353 1116 1584 1144 immortalitatis:

998 1162 1172 1198 Spiritualem
1186 1161 1289 1197 expelle
1300 1171 1314 1189 a
1331 1162 1407 1190 nobis
1420 1167 1533 1189 mortem
1546 1171 1554 1190 :

997 1207 1096 1235 Instilla
1109 1208 1186 1235 nobis
1199 1208 1331 1235 modicum
1343 1207 1406 1242 quid
1418 1209 1451 1235 ad
1463 1208 1589 1240 salutem,

997 1253 1029 1281 Et
1048 1253 1195 1281 commilito
1209 1259 1341 1288 appareas
1355 1257 1383 1279 et
1396 1260 1505 1288 promus
1526 1253 1651 1288 insignis.

998 1297 1079 1326 Vides
1094 1303 1201 1331 quautre
1215 1298 1241 1325 in
1260 1305 1302 1325 me
1319 1297 1458 1325 conﬂuunt
1469 1298 1598 1326 molestiae
1609 1298 1622 1325 τ

997 1344 1079 1372 Vides
1096 1351 1208 1379 magnos
1220 1343 1437 1372 adversariorum
1451 1343 1558 1377 ﬂuctus,

998 1391 1049 1424 Qui
1065 1390 1185 1425 quotidie
1201 1397 1254 1417 non
1269 1389 1364 1417 leviter
1378 1389 1533 1424 insurgunt.

995 1436 1132 1471 Nobisque
1148 1435 1292 1470 perniciem
1309 1435 1466 1463 minitantur
1483 1435 1672 1471 repentinam?

999 1481 1106 1514 insiste,
1122 1481 1212 1514 beate,
1228 1485 1255 1508 et
1270 1488 1362 1508 corum
1377 1481 1503 1516 impetum
1515 1481 1672 1517 comprime,

997 1527 1035 1555 Ne
1048 1527 1174 1555 ﬂuctuum
1190 1526 1305 1562 procella
1321 1534 1369 1554 uos
1384 1526 1548 1562 submergat.

999 1573 1067 1601 Sunt
1088 1573 1168 1600 invidi
1181 1573 1224 1608 qui
1244 1572 1309 1600 mihi
1326 1572 1437 1607 laqueos

998 1619 1112 1653 Semper
1125 1618 1238 1646 tendunt
1251 1618 1366 1645 latenter
1379 1618 1511 1647 occultos.

997 1665 1168 1692 Proferentes
1182 1664 1297 1699 singulis
1313 1664 1407 1691 diebus
1427 1665 1452 1691 in
1467 1672 1508 1692 me
1524 1669 1653 1693 sexcenta

997 1710 1154 1738 Pervertere
1168 1717 1216 1738 nos
1232 1710 1352 1737 dicentes
1364 1710 1464 1746 judicia

999 1756 1111 1790 Quando
1128 1763 1225 1784 novum
1242 1756 1342 1790 aliquid
1362 1756 1389 1783 in
1406 1756 1524 1783 medium
1539 1757 1725 1792 producimus,

998 1803 1033 1830 Et
1046 1803 1097 1830 alia
1112 1802 1176 1830 mibi
1193 1803 1377 1836 contingentes
1393 1803 1426 1830 ad
1446 1802 1617 1836 iniustitiam.

998 1846 1057 1878 llei,
1075 1846 1138 1873 lteil
1155 1846 1233 1873 valde
1246 1846 1396 1873 luctuosam
1417 1847 1540 1874 ducimus
1552 1847 1646 1879 vitam.

998 1893 1128 1928 Superius
1140 1898 1281 1928 sperantes
1297 1893 1419 1921 invenire
1435 1893 1637 1921 dissolutionem

998 1939 1201 1967 hlaleiaclorum
1217 1944 1244 1966 et
1260 1939 1398 1967 interitum
1413 1939 1592 1968 molientium.

999 1984 1075 2012 Unde
1092 1984 1217 2012 solatium
1238 1984 1308 2012 adsit
1323 1984 1390 2012 mihi

998 2030 1176 2059 Miserrimum
1191 2030 1337 2058 inleliciter
1353 2031 1461 2058 ducenti
1476 2031 1568 2058 vitam.

998 2078 1070 2110 Quot
1084 2082 1178 2105 contra
1191 2084 1240 2104 nos
1257 2081 1357 2104 acuunt
1373 2081 1403 2104 ut
1418 2076 1523 2112 gladios

1000 2123 1117 2158 Linguas
1132 2130 1207 2155 suas.
1221 2127 1249 2150 et
1263 2122 1370 2150 fraudes
1384 2122 1553 2157 contingunt,

997 2169 1165 2196 Aecusantes
1178 2173 1204 2195 et
1219 2168 1349 2196 conviciis
1363 2167 1576 2196 intolerabilibus
1591 2167 1754 2196 insectantes
1767 2168 1777 2189 τ

959 2221 982 2249 ι)
1000 2209 1193 2246 Sed'utiuam,
1208 2221 1225 2241 ο
1242 2213 1349 2241 Christe
1363 2214 1409 2241 Dei
1425 2212 1514 2241 Patris
1530 2213 1656 2244 Verbum.

998 2260 1064 2288 Sine
1076 2260 1216 2295 principio
1234 2260 1354 2287 omnium
1372 2259 1532 2294 principium
1546 2265 1573 2286 et
1590 2259 1689 2295 opifex,

997 2305 1048 2340 Qui
1064 2306 1120 2333 haec
1131 2306 1222 2333 omnia
1238 2305 1437 2340 sapientissime
1453 2305 1638 2341 composuisti,

997 2352 1120 2387 Terram,
1138 2354 1248 2385 cmlum,
1264 2360 1339 2380 mare
1350 2357 1378 2379 et
1389 2357 1534 2379 astrorunr
1543 2351 1654 2383 Iuntina,

998 2399 1114 2432 Montes,
1128 2407 1205 2433 saxa,
1223 2399 1368 2431 convalles.
1385 2404 1476 2431 antra,
1492 2397 1606 2425 latices:

998 2445 1074 2480 Rogo
1089 2449 1114 2472 te
1128 2444 1250 2471 inﬁrmus
1265 2449 1292 2472 et
1307 2444 1390 2472 miser
1406 2443 1532 2475 famulus,

997 2490 1038 2518 Ne
1054 2498 1102 2518 uos
1115 2490 1168 2518 ulla
1186 2491 1300 2518 teutatio
1318 2489 1470 2526 prmcipites
1487 2489 1620 2521 deturbet,

1003 2536 1065 2564 Fias
1081 2541 1173 2564 custos
1190 2544 1258 2564 mea:
1272 2536 1421 2572 spiritualis
1436 2535 1574 2567 naviculae,

998 2582 1133 2610 Conserva
1150 2590 1210 2610 eam
1224 2583 1308 2610 solam
1320 2583 1386 2610 mihi
1401 2583 1602 2613 inconcussam.

999 2629 1103 2656 Caetera
1116 2637 1181 2657 vero
1195 2637 1254 2656 mea
1269 2636 1323 2664 prze
1337 2629 1423 2662 hisce,
1437 2632 1500 2656 sunt
1513 2626 1670 2662 posterioris
1682 2634 1779 2655 census

1000 2674 1066 2708 Quae
1081 2682 1134 2702 non
1152 2675 1260 2707 durant,
1277 2680 1305 2702 et
1317 2675 1379 2702 vita:
1393 2679 1472 2701 tenus
1490 2674 1646 2707 expediunt.

999 2719 1121 2754 Dignitas
1134 2719 1258 2752 illustris,
1274 2726 1333 2754 quae
1348 2718 1447 2746 fastum
1461 2718 1575 2754 praebet,

999 2765 1085 2792 Causa
1103 2765 1219 2792 maxime
1236 2765 1365 2800 perniciei
1377 2763 1447 2791 solet
1462 2771 1534 2792 esse.

999 2810 1104 2838 Divitiae
1122 2808 1217 2841 ﬂuunt.
1231 2810 1313 2837 David
1323 2809 1458 2837 exclamat
1471 2809 1567 2837 valde:

1000 2855 1039 2884 Ne
1054 2855 1238 2884 asseutiamini
1257 2856 1333 2884 cordi
1346 2861 1448 2890 vestro,
1466 2855 1567 2883 diserte
1581 2854 1715 2891 loquens;
