2027 3042
160 140 1772 169 m
226 166 234 169 _
264 157 1755 169 _.

788 253 937 311 MON
942 253 1015 310 IT
1026 254 1121 311 UM

377 369 418 400 IN
439 368 542 400 DUOS
563 367 724 399 CONTRA
752 365 910 398 GENTES
930 365 982 396 ET
1003 366 1057 396 DE
1076 365 1376 397 INCARNATIONE
1398 365 1549 396 LIBROS.

195 535 217 563 l.
230 536 367 564 Athanasii
385 536 451 564 duos
462 535 564 564 Contra
578 540 675 571 gentes
686 536 769 563 libros
784 537 998 564 commemoravit
1013 536 1191 572 Hieronymus
1206 539 1234 565 in
1249 537 1317 565 libro
1333 537 1370 566 De
1382 539 1561 574 scriptoribus
1575 541 1775 575 ecclesiasticis.

162 583 209 609 hoc
220 577 317 617 pacta:
334 590 343 608 ι
363 580 498 609 Feruntur
508 581 564 616 ejus
580 581 704 609 adversus
716 587 803 616 gentes
819 581 880 608 libri
893 581 957 614 duo,
974 591 984 608 ι
999 587 1047 610 etc.
1065 590 1075 614 ,'
1097 580 1208 610 Photius
1224 591 1282 610 vero
1299 582 1357 610 loco
1371 585 1488 618 superius
1503 585 1594 617 allato,
1619 586 1730 621 priorem
1742 588 1776 614 li-

163 629 236 655 brant
251 628 349 656 Contra
364 633 456 663 gentes
468 632 611 662 nuncupat,
629 628 802 663 posteriorem
818 635 878 655 vero
890 628 926 655 De
941 628 1137 656 incarnatione.
1154 627 1188 656 Et
1199 634 1284 656 tamen
1298 629 1461 664 exploratum
1471 636 1510 657 est
1521 631 1598 659 hosce
1609 632 1700 665 libros,
1713 641 1777 668 qua-

163 675 222 702 libet
241 675 344 701 tandem
360 675 478 709 ferantur
492 673 672 707 inscriptione,
687 675 792 701 eosdem
808 675 879 708 ipsos
892 683 947 701 esse
957 674 1002 707 qui
1018 680 1198 702 morantur
1209 675 1242 701 ab
1255 674 1426 710 Hieronymo.
1440 675 1511 703 Nam
1522 684 1554 704 es
1566 678 1643 705 modo
1656 679 1776 706 ordiendi

161 720 290 754 posterior
300 719 364 746 liber
379 719 468 746 nativa
479 719 544 746 serie
558 719 669 746 coharet
681 726 738 745 cum
750 719 836 753 priore
851 726 861 746 .'
875 723 901 746 et
915 727 1010 755 magna
1022 727 1084 752 pars
1099 720 1186 752 initio,
1204 725 1295 747 contra
1309 725 1397 755 gentes
1410 729 1441 747 ac
1451 721 1593 756 foedissima
1605 723 1775 753 conﬁctorum

162 765 298 791 numinum
311 764 464 795 simulacra,
484 764 631 797 conscripta
649 763 699 798 fuit
712 771 721 790 .'
738 763 839 797 reliqua
851 771 910 791 vero
928 765 960 790 de
975 764 1157 791 incarnatione
1172 772 1182 796 ,'
1202 764 1239 791 ita
1252 770 1279 790 ut
1292 764 1353 798 jure
1366 773 1396 791 ac
1408 766 1499 792 merito
1516 766 1590 793 illum
1606 772 1712 803 utroque
1727 776 1776 795 no-

161 811 230 837 mine
243 809 385 837 inscribere
397 809 511 843 facultas
527 809 618 843 fuerit.
629 808 701 836 Editi
716 814 803 836 tamen
817 816 848 835 ac
860 809 962 835 codices
975 817 1063 835 omnes
1076 815 1234 843 postremum
1250 809 1287 837 De
1299 809 1484 838 incarnatione
1499 811 1655 839 inscribunt.

196 857 229 885 11.
244 856 302 888 Quo
314 860 400 883 autem
411 863 481 881 anno
496 855 586 882 isthtec
603 854 766 882 Athanasius
780 854 895 881 emiserit
911 854 940 881 in
955 854 1052 886 lucem,
1068 862 1197 891 nusquam
1213 855 1309 888 fertur.
1327 854 1405 882 Haud
1419 855 1484 883 leves
1510 862 1597 884 tamen
1620 859 1776 893 conjectum

167 908 239 935 sunt,
253 901 347 937 quibus
362 901 482 935 proxime
498 900 533 927 ad
549 900 603 927 turi
615 900 738 934 temporis
750 900 816 934 ﬁnes
832 899 1003 926 deducamus.
1024 898 1094 925 Nam
1106 899 1175 934 quod
1188 899 1324 926 observata
1342 900 1536 934 dignissimum,
1563 902 1590 928 in
1616 903 1774 936 posteriore,

163 950 223 976 licet
239 949 273 975 ad
288 947 384 975 Christi
400 947 524 973 deitatem
539 946 797 973 commonstrandam
814 945 896 972 multa
909 945 1066 980 aﬂ‘eranlur,
1084 945 1151 972 nihil
1166 950 1309 979 comparet,
1318 946 1387 981 quod
1402 946 1440 973 vel
1452 946 1577 974 Arianam
1588 948 1707 975 hwresim
1716 949 1775 984 jam

164 994 297 1021 subortam
310 992 418 1024 indicet,
432 991 471 1018 vel
491 999 593 1026 pugnas
606 991 672 1017 oleat
688 998 747 1017 cum
762 990 868 1017 Arianis
884 990 965 1016 initas
981 997 990 1016 :
1006 997 1037 1016 ac
1050 989 1110 1016 licet
1124 990 1239 1024 idipsum
1249 990 1292 1017 hic
1307 995 1398 1017 contra
1417 990 1528 1018 Judteos
1555 993 1776 1027 comprobandum

163 1038 260 1070 veniat,
271 1036 340 1070 quod
355 1040 443 1068 postea
456 1041 548 1062 contra
566 1035 680 1063 Arianos
695 1039 825 1062 assertum
841 1034 904 1070 fuit,
916 1034 1033 1061 videlicet
1045 1034 1130 1061 deitas
1143 1033 1258 1067 Christi,
1277 1036 1353 1062 uaria
1380 1043 1488 1069 prorsus
1511 1043 1665 1072 argumenta
1693 1043 1775 1072 sunt,

164 1084 347 1118 diversumque
359 1082 494 1117 pugnandi
504 1090 595 1117 genus.
610 1081 715 1109 Etenim
731 1081 755 1109 si
760 1082 819 1116 jam
833 1089 892 1108 cum
903 1081 1008 1108 Arionis
1023 1080 1175 1108 dimicatum
1190 1080 1293 1115 fuisset,
1306 1081 1410 1108 etiamsi
1423 1081 1455 1109 de
1469 1083 1600 1109 industria
1614 1083 1672 1110 Arii
1683 1091 1776 1112 nomen

165 1137 250 1158 tacere
268 1131 391 1158 voluisset
409 1129 582 1161 Athanasius,
598 1130 667 1162 quod
678 1129 750 1156 haud
767 1129 908 1156 verisimile
921 1133 970 1161 est,
994 1128 1082 1163 aliqua
1096 1133 1183 1155 tamen
1195 1128 1254 1163 jam
1270 1128 1343 1155 initae
1354 1137 1448 1163 pugnce
1462 1129 1537 1164 signa
1552 1136 1723 1164 superessent,
1748 1137 1776 1158 ut

165 1176 219 1211 fere
231 1175 260 1209 ﬁt
273 1175 299 1201 in
312 1175 462 1209 hujusmodi
480 1174 565 1201 rebus.
585 1173 662 1201 Unde
674 1173 838 1201 arbitramur
853 1178 913 1200 ante
926 1178 1032 1200 exortae
1048 1173 1187 1200 Arianicas
1200 1173 1290 1200 turbas
1302 1173 1358 1200 Ιιιιιε
1374 1174 1522 1206 conscripta
1537 1175 1629 1208 fuisse,
1644 1183 1711 1202 anno
1727 1176 1777 1202 cir-

162 1222 228 1247 citer
242 1220 304 1247 318.
316 1219 359 1247 Sic
371 1221 454 1255 igitur
463 1220 561 1247 Christi
576 1219 699 1246 militiam
717 1221 849 1254 ingressus
861 1220 1037 1253 Athanasius,
1053 1227 1112 1246 cum
1123 1227 1170 1252 per
1179 1224 1283 1246 aetatem
1296 1219 1403 1246 uixdum
1414 1219 1542 1254 ejusmodi
1557 1221 1661 1248 militia
1675 1223 1776 1256 patiens

163 1270 241 1298 esset,
258 1266 346 1293 statim
360 1265 533 1299 ferocissimos
546 1265 705 1292 Christiania
723 1264 785 1299 fidei
799 1265 884 1292 hostes
899 1265 1034 1300 pro/ligat,
1052 1265 1161 1300 gentiles
1175 1265 1298 1292 nimirum
1309 1270 1334 1293 et
1354 1265 1476 1293 Judaos.
1494 1264 1585 1302 Neque
1601 1272 1687 1294 tamen
1708 1268 1775 1296 alios

163 1319 230 1339 rene
245 1311 307 1345 ﬁdei
314 1312 490 1343 adversarios,
503 1311 664 1338 Manichacus
681 1311 816 1344 nimirum,
827 1318 940 1345 quorum
954 1315 1010 1338 tum
1025 1311 1147 1344 temporis
1162 1311 1270 1338 haeresis
1282 1314 1464 1346 grassabatur,
1480 1311 1664 1347 Marcionitas,
1682 1313 1776 1342 Valen-

163 1358 280 1384 tinianos
294 1363 452 1392 cteterosque
465 1358 577 1384 intactos
590 1357 779 1391 praetermittit,
793 1357 846 1384 ima
858 1356 1030 1390 validissime,
1044 1357 1126 1384 sicubi
1140 1365 1180 1384 res
1196 1358 1256 1392 fert,
1277 1358 1430 1392 aggreditur
1442 1366 1452 1385 :
1470 1359 1551 1386 multo
1564 1367 1627 1386 sane
1642 1361 1728 1387 minus
1743 1362 1775 1388 ab

163 1405 270 1431 Arionis
282 1406 463 1439 abstinuisset,
476 1406 500 1432 si
510 1406 565 1438 iam
576 1405 664 1440 infesti
680 1412 767 1431 veram
782 1404 932 1431 doctrinam
945 1404 1033 1432 adorti
1045 1405 1174 1439 fuissent:
1189 1405 1375 1433 uehementiore
1390 1413 1499 1441 namque
1513 1407 1620 1440 impetu,
1629 1416 1707 1442 quam
1716 1409 1776 1437 alia:

164 1459 251 1478 omnes
265 1451 431 1485 superiorum
446 1455 555 1478 (elatum
568 1451 689 1482 Iucreses,
704 1449 867 1476 diuintatem
891 1449 992 1477 Christi
1007 1450 1165 1484 oppugnavit
1182 1450 1291 1477 Ariana.
1307 1449 1373 1482 Qua
1386 1451 1409 1477 si
1414 1450 1473 1484 jam
1490 1451 1566 1486 signa
1581 1453 1717 1479 adversitas
1731 1461 1776 1480 ca-

163 1504 224 1524 nere
237 1497 365 1530 cozpisset,
392 1500 504 1531 putasne
525 1495 650 1522 athletam
677 1499 795 1522 nostrum
810 1503 923 1529 pugnam
939 1495 1145 1522 detrectaturum
1165 1495 1272 1529 fuisse?
1290 1495 1337 1522 Est
1355 1496 1430 1522 aliud
1445 1497 1513 1523 unde
1528 1497 1639 1530 fortasse
1652 1499 1774 1533 quendam

163 1542 286 1577 temporis
300 1543 368 1569 ratio
384 1542 446 1568 duci
463 1541 546 1568 valeat
561 1549 570 1568 :
583 1546 719 1576 postquam
733 1541 801 1568 enirn
815 1541 975 1568 Athanasius
987 1540 1121 1576 gentilium
1137 1540 1305 1573 ἀποθεώσεις
1315 1542 1467 1576 exagitavit,
1488 1542 1528 1569 his
1541 1543 1622 1570 verbis
1636 1544 1673 1570 ita
1687 1553 1776 1579 prose-

165 1589 255 1622 quitur
270 1596 280 1615 :
298 1588 353 1614 Καὶ
369 1588 405 1623 μή
423 1595 464 1614 τοι
481 1587 636 1623 Θαυμάσῃς,
653 1587 720 1623 μηδὲ
736 1587 843 1622 μακρὰν
859 1586 976 1618 πίστεως
993 1584 1062 1613 εἶναι
1079 1587 1110 1613 τὸ
1132 1587 1275 1622 λεγόμενον
1288 1587 1400 1623 νομίσῃς
1413 1607 1420 1618 ,
1446 1588 1512 1614 ὅπου
1526 1596 1558 1623 γε
1571 1589 1619 1616 καὶ
1635 1589 1666 1616 οὐ
1686 1590 1776 1626 πολλῷ

163 1633 303 1669 πρότερον,
317 1631 335 1669 ἦ
351 1633 420 1668 τάχα
430 1634 476 1660 καὶ
494 1633 573 1669 μέχρι
588 1632 633 1659 νῦν
648 1633 665 1666 ἡ
687 1632 828 1667 Ῥωμαίων
840 1631 990 1667 σύγκλητος
1005 1632 1068 1664 τοὺς
1081 1632 1189 1659 πώποτε
1200 1633 1289 1659 αὐτῶν
1304 1632 1333 1664 ἐξ
1351 1633 1438 1668 ἀρχῆς
1454 1632 1588 1668 ἄρξαντας
1603 1634 1728 1670 βασιλέας
1740 1637 1773 1673 ,ἢ

163 1679 291 1714 πάνταςῆ
305 1678 352 1710 οὒς
364 1679 396 1706 ἂν
403 1679 478 1705 αὐτοὶ
489 1678 634 1714 βούλωνται
651 1678 698 1704 καὶ
707 1678 829 1713 κρίνωσι,
837 1678 1042 1713 δογματίζουσιν
1053 1679 1081 1704 ὲν
1094 1677 1163 1709 θεοῖς
1177 1675 1258 1710 εῖναι,
1272 1678 1319 1704 καὶ
1332 1677 1528 1713 θρησκευέσθαι
1539 1679 1616 1710 Θεοὺς
1629 1680 1773 1715 γράφουσι.

163 1725 198 1752 ld
208 1730 246 1753 est
261 1732 271 1752 :
289 1734 300 1751 s
316 1726 392 1758 Quod
407 1727 509 1761 quidem
528 1733 559 1753 ne
570 1725 684 1758 mireris,
701 1733 782 1760 neque
796 1726 889 1758 procul
901 1734 916 1752 a
930 1725 982 1760 fide
995 1734 1050 1752 esse
1063 1726 1193 1752 existimes
1210 1726 1285 1752 velim
1295 1745 1303 1758 ,
1322 1726 1425 1761 quando
1452 1734 1505 1753 non
1527 1727 1565 1753 ita
1595 1728 1694 1761 pridem
1706 1747 1714 1759 ,
1729 1730 1775 1756 sed

165 1770 282 1803 fortassis
292 1772 370 1798 etiam
389 1771 436 1798 hoc
449 1776 562 1806 tempore
574 1775 680 1797 senatus
697 1769 840 1801 Romanus.
854 1778 919 1805 quos
929 1770 961 1797 ab
979 1771 1053 1797 initio
1069 1770 1160 1797 habuit
1182 1770 1361 1802 imperatores,
1380 1769 1418 1796 vel
1429 1777 1528 1803 omnes,
1541 1771 1579 1798 vel
1590 1771 1682 1798 saltent
1710 1780 1775 1807 quos

165 1817 214 1852 ipsi
231 1818 327 1852 placet,
346 1822 370 1844 et
385 1817 515 1851 ejusmodi
531 1817 628 1844 honore
649 1817 742 1851 dignos
764 1821 859 1848 censet,
879 1818 950 1843 inter
966 1817 1029 1844 deos
1040 1824 1096 1843 esse
1109 1816 1237 1848 decernit,
1255 1824 1285 1842 ac
1302 1820 1428 1850 tanquam
1441 1816 1503 1843 deos
1515 1817 1565 1844 coli
1573 1817 1657 1852 jubet.
1678 1827 1688 1844 ι
1702 1817 1776 1846 Unde

164 1863 231 1897 forte
240 1863 300 1898 quis
313 1863 422 1897 inferat,
434 1869 489 1889 tum
501 1862 611 1896 scriptos
623 1862 704 1897 fuisse
719 1862 798 1889 libros
815 1864 901 1895 hosce,
914 1871 973 1889 cum
989 1861 1178 1889 Constantinus
1191 1862 1295 1896 quidem
1308 1863 1459 1890 accessisset
1474 1863 1508 1889 ad
1524 1863 1602 1897 fidem
1613 1871 1622 1890 :
1634 1873 1693 1890 nam
1705 1873 1775 1892 anno

163 1909 216 1937 513
232 1911 253 1936 is
265 1909 444 1937 Christianum
461 1909 560 1936 cultum
576 1908 712 1942 amplexus
732 1913 791 1935 est:
808 1917 889 1944 neque
905 1913 991 1935 tamen
1005 1909 1125 1943 protinus
1146 1908 1326 1935 Romanorum
1346 1913 1451 1936 senatus
1465 1909 1634 1936 inveteratam
1651 1910 1724 1937 illam
1750 1918 1775 1938 et

163 1954 270 1987 impiam
286 1954 455 1988 imperatores
467 1954 638 1981 consecrandi
661 1954 878 1981 consuetudinem
893 1954 1024 1987 posuisset
1038 1960 1047 1980 :
1065 1955 1127 1988 quia
1147 1962 1198 1980 non
1216 1953 1306 1979 statim
1322 1953 1354 1979 ab
1366 1953 1441 1980 initio
1456 1955 1631 1981 exsecrandos
1645 1956 1713 1983 ritus
1728 1964 1776 1990 po-

163 2000 214 2026 tuit
231 1998 418 2026 Constantinus
429 1999 575 2034 antiquare.
589 1998 667 2026 Hunc
683 2007 761 2032 porro
772 1999 857 2025 locum
867 1999 971 2027 erudito
986 1999 1076 2027 lectori
1092 1999 1234 2032 sistendum
1247 1997 1382 2030 durimus,
1395 2006 1447 2026 non
1460 2007 1512 2034 quo
1524 2003 1646 2033 putemus
1659 2001 1775 2029 validum

163 2045 296 2078 quoddam
306 2046 367 2072 hinc
374 2046 633 2080 eruiargumentum,
648 2046 693 2072 sed
705 2049 733 2071 ut
744 2045 814 2071 illius
829 2045 932 2079 judicio
946 2053 1000 2072 rem
1017 2045 1210 2080 permittamus.

198 2090 242 2118 III.
261 2091 327 2126 Stgli
341 2099 418 2125 porro
429 2099 509 2126 genus
522 2091 592 2126 quod
606 2095 715 2125 spectat,
733 2091 833 2126 fateare
845 2099 948 2118 necesse
961 2096 1010 2124 est,
1028 2091 1071 2118 vix.
1085 2091 1220 2126 quidpiam
1234 2100 1263 2119 eo
1275 2092 1301 2118 in
1315 2099 1406 2127 genere
1421 2096 1494 2118 tanta
1508 2091 1682 2119 concinnitate
1695 2093 1776 2120 ador-

164 2140 256 2162 natum
268 2135 359 2170 fuisse,
381 2137 476 2163 mirere
503 2144 566 2163 sane
581 2136 749 2170 elegantiam,
773 2136 851 2168 sales,
864 2137 915 2164 vim
937 2138 1096 2171 argumenti,
1107 2137 1282 2165 eruditionem
1301 2128 1414 2169 variam,
1432 2139 1546 2165 niaxime
1559 2147 1617 2166 vero
1634 2139 1662 2166 in
1687 2139 1774 2172 prima

164 2181 292 2214 oratione,
305 2190 363 2216 quia
379 2183 447 2209 inter
463 2183 604 2215 primarios
627 2183 694 2209 tanti
710 2183 761 2209 uiri
773 2182 842 2217 fetus
855 2179 940 2210 locum
968 2183 1052 2211 habet.
1071 2182 1149 2210 Vides
1163 2185 1348 2217 Athanasium,
1366 2183 1432 2210 nihil
1449 2192 1540 2211 eorum
1562 2193 1621 2220 quia
1641 2184 1775 2219 gentilium

164 2227 330 2262 theologiam,
344 2228 396 2255 sive
416 2230 501 2263 potius
526 2228 720 2264 ματαιολογίαν
741 2233 869 2262 spectant,
886 2229 1018 2264 ignorare,
1036 2230 1112 2264 inque
1128 2230 1202 2256 libris
1215 2229 1334 2263 Homeri,
1352 2229 1474 2257 Platonis
1489 2229 1651 2264 aliorumque
1664 2229 1775 2263 scripto-

164 2281 222 2300 rum
242 2273 444 2300 uersatissimum
459 2282 524 2306 esse,
540 2280 567 2300 ut
590 2275 696 2301 decebat
711 2282 769 2301 eum
780 2275 825 2310 qui
839 2274 990 2309 hujusmodi
1006 2283 1111 2309 operam
1123 2275 1246 2309 suscepit.
1260 2275 1292 2302 In
1306 2275 1425 2302 oratione
1438 2283 1516 2308 porro
1528 2275 1564 2302 De
1577 2275 1773 2308 incarnatione,

165 2319 258 2345 validis
269 2320 429 2353 argumentis
444 2325 634 2346 commonstrat
646 2320 784 2347 veritatem
805 2319 938 2355 religionis
950 2319 1111 2347 Christiania
1123 2325 1147 2347 et
1157 2320 1349 2347 incarnationis
1358 2320 1422 2347 Iesu
1445 2319 1552 2351 Christi.
1563 2319 1702 2346 Laudatur
1713 2327 1774 2346 ora—

164 2367 199 2392 tio
212 2365 313 2393 Contra
323 2371 416 2402 gentes
430 2368 457 2394 in
469 2367 567 2402 synodo
577 2367 686 2394 Nictena
698 2375 728 2400 ιι,
741 2367 797 2394 loco
807 2367 920 2402 inferius
935 2368 1028 2395 allato.
1043 2367 1080 2395 De
1091 2369 1209 2394 oratione
1223 2376 1281 2394 vero
1294 2375 1352 2402 quae
1362 2367 1399 2394 De
1412 2367 1598 2394 incarnatione
1611 2366 1772 2397 inscribitur,

164 2411 218 2438 hac
231 2411 308 2439 habet
333 2411 526 2439 Felckmannus
543 2420 552 2440 :
566 2421 575 2438 ι
599 2411 702 2439 Titulus
715 2413 796 2447 hujus
812 2413 941 2439 orationis
957 2413 984 2439 in
1000 2413 1120 2439 omnibus
1139 2412 1235 2439 nostris
1250 2412 1442 2444 exemplaribus
1454 2417 1491 2438 est
1511 2411 1580 2446 Περὶ
1597 2410 1774 2446 ὲνανθρωπήι-

165 2465 243 2490 σεως,
255 2463 279 2485 et
290 2458 328 2485 sic
343 2458 439 2485 citatur
453 2460 531 2485 etiam
553 2467 569 2485 a
595 2458 757 2486 Theodoreto
772 2459 874 2493 Dialog.
889 2459 916 2491 5,
927 2457 965 2493 τῷ
975 2458 1087 2490 ἀπαθεῖ,
1102 2458 1146 2484 ubi
1159 2457 1261 2490 aliquot
1275 2457 1332 2491 ejus
1345 2457 1404 2484 loca
1415 2457 1535 2489 adducit,
1548 2464 1606 2492 qute
1619 2456 1675 2482 vide
1689 2455 1771 2490 infra.

164 2503 297 2532 Adrianus
307 2503 323 2531 I
337 2513 405 2539 papa
419 2504 448 2531 in
465 2504 540 2538 epist.
553 2505 588 2531 ad
607 2505 811 2532 Constantinum
824 2508 850 2531 et
862 2503 1063 2538 Irenenimpp.,
1080 2511 1138 2538 qutt
1152 2508 1236 2529 exstat
1247 2503 1274 2528 in
1289 2503 1354 2529 actis
1369 2510 1428 2537 sgn.
1442 2510 1479 2529 vn
1493 2510 1586 2529 aecum.
1603 2502 1656 2528 sive
1669 2501 1772 2529 Nica'rt.

165 2557 196 2580 ιι.
215 2555 266 2577 act.
282 2557 313 2582 η,
329 2551 396 2577 hanc
405 2551 500 2583 citans,
516 2551 553 2578 sic
561 2551 640 2578 etiam
655 2551 791 2583 describit,
805 2551 841 2577 De
854 2550 966 2584 eoquod
986 2549 1117 2577 Dominus
1132 2555 1242 2576 carnem
1261 2549 1404 2576 humanam
1425 2548 1581 2582 assumpsit.
1595 2547 1772 2582 Locumquem

163 2596 289 2630 excerpsit
301 2596 358 2622 vide
372 2596 453 2630 infra.
469 2595 581 2623 Photius
603 2595 631 2622 in
654 2595 824 2623 Bibliotheca
845 2595 912 2631 (loco
924 2594 963 2629 inf

973 2603 995 2621 ἰι
1006 2593 1154 2629 afferenda)
1168 2592 1282 2628 appellat
1295 2592 1373 2626 λόγον
1390 2593 1460 2619 hunc
1472 2592 1540 2627 Περὶ
1554 2590 1773 2626 ὲνσωματώσεως

163 2640 209 2667 τοῦ
229 2641 294 2668 Θεοῦ
307 2641 405 2676 Λόγου.
418 2641 457 2668 De
466 2641 506 2668 his
521 2642 600 2673 enim,
615 2649 667 2668 non
679 2648 737 2668 vero
750 2641 782 2667 de
795 2639 840 2666 illo
853 2640 936 2674 infra,
949 2639 1066 2674 ejusdem
1077 2638 1224 2672 argumenti
1240 2642 1330 2664 contra
1344 2636 1549 2671 Apollinarium,
1564 2644 1623 2663 eum
1636 2634 1708 2669 loqui
1719 2635 1775 2661 exi-

163 2687 250 2713 stimo.
264 2686 327 2714 Mss.
344 2688 455 2719 codices,
468 2695 578 2723 quorum
589 2687 704 2721 quinque
717 2685 864 2718 habuimus,
875 2684 1047 2712 Basiliensem
1059 2683 1193 2716 nimirum,
1205 2682 1389 2717 Anglicanam,
1399 2681 1586 2709 Goblerianum
1603 2681 1617 2708 ι
1631 2685 1657 2709 et
1669 2680 1713 2714 Il,
1727 2680 1774 2706 hos

164 2740 305 2768 anonymos
321 2738 344 2760 et
358 2734 451 2760 incerti
462 2733 581 2765 dominii,
596 2741 632 2759 an
644 2732 722 2766 λόγος
740 2739 836 2764 sermo,
852 2735 897 2757 aut
915 2730 1011 2763 oratio,
1026 2730 1079 2756 sive
1091 2729 1167 2762 liber,
1181 2728 1221 2755 vel
1234 2728 1356 2762 epistola,
1368 2727 1405 2755 vel
1417 2727 1491 2754 aliud
1510 2727 1571 2762 quid
1588 2727 1630 2753 hic
1646 2731 1774 2755 tractatus

163 2778 209 2810 sit,
220 2785 271 2804 non
293 2779 467 2805 consentiunt.
484 2777 549 2805 Bas.
567 2778 637 2805 enim
660 2781 735 2804 vocat
749 2775 828 2810 λόγον
839 2795 848 2809 ,
861 2775 953 2811 reliqui
967 2781 1058 2802 omnes
1072 2777 1158 2800 tacent
1175 2781 1207 2799 ac
1220 2772 1247 2799 in
1262 2773 1361 2799 incerto
1375 2772 1537 2807 relinquunt.
1551 2771 1681 2798 Pra'terea
1695 2771 1774 2805 illud,

162 2823 240 2858 Θεοῦ,
255 2825 282 2850 in
295 2824 460 2858 inscriptione
475 2833 527 2851 non
547 2829 585 2851 est
600 2823 650 2851 nisi
664 2823 690 2850 in
703 2822 757 2850 solo
771 2821 784 2848 1
788 2821 812 2856 1,
827 2830 878 2857 quo
892 2828 962 2850 oosrt

971 2828 977 2848 ξ
991 2821 1019 2848 in
1035 2819 1189 2856 colligendis
1203 2818 1296 2846 litteris
1309 2826 1363 2846 usae
1374 2823 1445 2846 sunt.
1467 2827 1476 2844 ι
1492 2816 1556 2845 Ηατ
1571 2815 1771 2846 Felckmannus.

263 2869 395 2901 Ριτκοι.
416 2870 473 2900 Gn.
497 2869 598 2901 XXV.
1601 2862 1617 2892 1
