2027 3042
263 136 280 163 κ
328 138 332 142 ’
560 134 588 162 S.
611 133 794 161 ATHANASII
811 132 885 160 OPP.
906 131 995 159 PARS
1012 131 1032 160 l.
1051 147 1087 153 -—-

1103 130 1286 159 [HSTORICA
1304 130 1346 157 ET
1363 130 1570 158 DOGMATlCA.
1854 130 1874 160 δ

268 204 1865 223 W

624 290 736 333 ΤΟΥ
773 290 843 331 ΕΝ
880 287 1060 330 ΑΓΙΟΙΣ
1096 286 1311 330 ΠΑΤΡΟΣ
1349 284 1510 329 ΗΜΩΝ

746 380 1392 469 ΑΘΑΝΑΣΙΟΥ

444 523 1083 583 ΑΡΧΙΕΠΙΣΚΟΠΟΥ
1123 518 1691 580 ΑΛΕΞΑΝΔΡΕΙΑΣ

567 635 859 703 ΛΟΓΟΣ
888 633 1119 700 ΚΑΤΑ
1154 632 1570 700 ΕΑΛΗΝΩΝ.

636 841 716 920 S.
750 844 837 918 P.
871 841 937 919 Ν
943 894 969 915 .
998 838 1517 918 ATHANASII

817 971 1077 1001 ARCHIEPISCOPI
1094 971 1330 1001 ALEXANDRIE

513 1062 808 1128 ORATIO
854 1061 1171 1127 CONTRA
1219 1061 1524 1128 GENTES
1562 1055 1626 1126 (ί).

303 1266 348 1293 Dei
366 1264 474 1299 quidem
496 1262 584 1291 cultus
609 1269 752 1296 rerumque
779 1262 897 1289 omnium
925 1261 1046 1288 veritatis

1132 1261 1157 1288 1.
1177 1261 1208 1288 'ﬂ
1216 1261 1265 1296 μὲν
1275 1261 1338 1296 περὶ
1347 1261 1397 1297 τῆς
1405 1261 1559 1294 θεοσεϐείας
1568 1263 1614 1289 καὶ
1624 1263 1674 1298 τῆς
1682 1262 1735 1291 τῶν
1743 1264 1810 1291 ὅλων
1816 1265 1880 1302 ἀλη-

267 1312 386 1347 coguitio
400 1318 451 1338 non
468 1316 520 1336 tam
538 1309 678 1336 hominum
693 1308 816 1335 doctrina
836 1308 947 1342 indiget,
963 1314 1044 1341 quam

267 1366 301 1385 ex
315 1357 403 1392 seipsa
417 1355 510 1384 haberi
528 1360 626 1389 potest,
642 1355 741 1388 quippe
760 1360 820 1388 quae
839 1353 960 1387 quotidie
981 1359 1046 1387 ope-

267 1403 343 1430 ribus
357 1409 440 1436 prope
454 1401 561 1432 clamet,
585 1405 612 1427 et
634 1407 694 1426 sese
714 1407 761 1433 per
777 1398 877 1426 Christi
895 1397 1045 1425 doctrinam

268 1448 325 1476 sole
341 1447 441 1474 clarius
456 1449 659 1474 commonstret.
672 1445 740 1478 Quia
757 1449 844 1471 tamen
861 1451 893 1471 ea
908 1444 940 1470 de
958 1451 985 1470 re
999 1444 1046 1470 do—

267 1490 323 1517 ceri
348 1490 496 1520 desideras,
523 1497 539 1516 0
557 1489 598 1515 vir
623 1488 720 1520 beate,
746 1496 806 1523 age,
826 1495 911 1522 pauca
935 1487 969 1515 de
995 1488 1046 1515 fide

267 1535 367 1562 Christi
385 1543 432 1569 pro
440 1535 542 1561 viribus
554 1534 653 1561 nostris
667 1541 844 1568 exponamus.
862 1533 928 1560 Nam
939 1534 1045 1560 tametsi

269 1582 340 1608 illam
354 1589 387 1608 ex
402 1581 501 1608 divinis
520 1579 629 1606 Litteris
645 1580 692 1607 tibi
704 1580 761 1614 ipse
776 1587 933 1612 comparare
959 1584 1045 1613 potes,

268 1636 302 1656 ex
320 1628 380 1655 aliis
394 1632 482 1654 tamen
501 1627 583 1653 etiam
600 1625 705 1653 discere
718 1630 842 1660 exoptas.
860 1625 892 1651 Et
905 1631 968 1651 vero
982 1632 1045 1651 san-

268 1679 318 1700 cta:
338 1680 370 1699 ac
381 1672 478 1700 divinae
498 1670 645 1705 Scriptura:
665 1671 729 1704 ipsa:
749 1678 796 1705 per
810 1677 839 1697 se
851 1670 917 1696 satis
937 1674 999 1696 sunt
1013 1669 1046 1696 ad

269 1721 409 1747 veritatem
426 1718 605 1745 indicandam.
624 1716 738 1743 Exstant
759 1722 866 1750 quoque
891 1715 998 1749 plurimi
1015 1723 1047 1742 ea

269 1766 302 1792 de
325 1772 354 1791 re
378 1771 393 1790 a
416 1763 502 1790 beatis
516 1761 617 1788 nostris
642 1761 778 1796 magistris
803 1760 950 1795 conscripti
975 1760 1046 1791 libri,

269 1817 339 1844 quos
359 1809 382 1836 si
397 1809 459 1843 quis
469 1807 782 1842 legerit,Scripturarum
799 1806 1046 1841 interpretationem

270 1856 385 1889 quodam
399 1855 477 1881 modo
495 1853 636 1887 intelliget,
656 1857 684 1879 et
701 1859 761 1879 eam
783 1859 863 1887 quam
885 1853 989 1886 expetit
1002 1859 1048 1879 co-

270 1901 418 1936 gnitionem
432 1899 560 1933 consequi
581 1897 688 1932 poterit.
706 1896 896 1924 Verumtamen
915 1905 976 1925 cum
990 1905 1047 1924 ma-

1096 1306 1169 1338 θείας
1188 1306 1289 1340 γνῶσις
1302 1307 1332 1333 οὐ
1347 1307 1472 1334 τοσοῦτον
1488 1308 1538 1343 τῆς
1553 1308 1627 1344 παρὰ
1645 1308 1684 1344 (2)
1702 1309 1756 1337 τῶν
1773 1311 1883 1347 ἀνθρώ-

1097 1361 1154 1380 πων
1174 1351 1347 1384 διδασκαλίας
1372 1353 1466 1386 δεῖται,
1490 1354 1552 1380 ὅσον
1577 1354 1623 1388 ἀφ’
1646 1356 1745 1391 ἑαυτῆς
1767 1356 1822 1392 ἔχει
1848 1358 1879 1384 τὸ

1095 1398 1248 1433 γνώριμον·
1270 1399 1349 1433 μόνον
1365 1399 1418 1433 γὰρ
1433 1400 1492 1436 ουχὶ
1513 1399 1573 1427 καθ’
1588 1402 1695 1437 ἡμέραν
1712 1404 1767 1435 τοῖς
1788 1403 1879 1438 ἔργοις

1096 1443 1225 1479 κέκραγε,
1244 1443 1290 1469 καὶ
1307 1442 1381 1478 ήλὶου
1400 1443 1589 1481 λαμπρότερον
1604 1447 1641 1481 (3)
1657 1447 1756 1483 ἑαυτὴν
1770 1447 1814 1474 διὰ
1829 1449 1879 1483 τῆς

1095 1488 1212 1524 Χριστοῦ
1229 1488 1402 1520 διδασκαλίας
1427 1490 1625 1518 ἐπιδείκνυται·
1645 1491 1768 1519 ποθοῦντι
1788 1493 1817 1519 δέ
1838 1502 1879 1519 σοι

1095 1534 1169 1568 ὅμως
1183 1533 1216 1560 τὰ
1230 1534 1293 1569 περὶ¹
1308 1534 1409 1570 ταύτης
1423 1535 1548 1568 ἀκοῦσαι,
1570 1537 1645 1572 φέρε,
1662 1534 1684 1564 ὦ
1700 1538 1829 1574 μακάριε,
1841 1538 1879 1570 ὡς

1096 1579 1129 1606 ἂν
1141 1576 1190 1605 οἷοί
1203 1587 1232 1605 τε
1244 1576 1328 1614 ὦμεν,
1340 1579 1418 1614 ὀλίγα
1430 1581 1478 1616 τῆς
1494 1581 1564 1608 κατὰ
1578 1582 1693 1616 Χριστὸν
1706 1582 1821 1614 πίστεως
1833 1583 1880 1609 ὲκ-
1893 1606 1900 1609 ι

1097 1623 1216 1659 θώμεθα,
1225 1624 1364 1660 δυναμένῳ
1377 1625 1425 1660 μέν
1437 1634 1477 1652 σοι
1490 1627 1535 1653 καὶ
1548 1627 1602 1653 ἀπὸ
1616 1627 1669 1654 τῶν
1684 1627 1762 1655 θείων
1773 1629 1879 1662 Λογίων

1096 1669 1198 1706 ταύτην
1214 1671 1314 1706 εὑρεῖν,
1329 1670 1478 1705 φιλοκάλως
1495 1671 1522 1697 δὲ
1536 1672 1611 1707 ὅμως
1630 1674 1677 1700 καὶ
1698 1675 1764 1709 παρ’
1779 1674 1878 1710 ἑτέρων

1097 1713 1232 1741 ἀκούοντι.
1249 1715 1399 1750 Αὑτάρκεις
1417 1715 1466 1750 μὲν
1480 1716 1534 1752 γάρ
1547 1718 1615 1744 εἰσιν
1629 1719 1657 1744 αἱ
1675 1718 1751 1753 ἆγιαι
1765 1719 1812 1745 καὶ
1825 1719 1879 1746 θεύ-

1098 1768 1224 1787 πνευστοι
1246 1760 1354 1796 Γραφαὶ
1377 1762 1444 1797 πρὸς
1464 1763 1514 1798 τὴν
1536 1765 1586 1799 τῆς
1605 1764 1730 1800 ἀληθείας
1757 1766 1879 1800 ἀπαγγε-

1097 1805 1156 1833 λίαν
1175 1805 1223 1841 (4)”
1239 1807 1293 1832 είσὶ
1310 1806 1338 1832 δὲ
1354 1807 1400 1833 καὶ
1419 1807 1509 1834 πολλοὶ
1524 1809 1576 1836 τῶν
1595 1810 1734 1845 μακαρίων
1747 1811 1826 1846 ἡμῶν
1837 1811 1878 1838 δι-

1097 1851 1237 1879 δασκάλων
1250 1852 1289 1883 εἰς
1306 1851 1393 1878 ταῦτα
1409 1853 1600 1888 συνταχθέντες
1614 1854 1703 1889 λόγοι⁶
1719 1852 1760 1886 οἷς
1775 1856 1823 1882 ὲάν
1837 1864 1879 1888 τις

1098 1897 1213 1932 ἐντύχοι,
1227 1897 1330 1925 εἵσεται
1343 1898 1392 1933 μέν
1404 1907 1462 1930 πως
1474 1898 1522 1934 τὴν
1533 1899 1586 1926 τῶν
1596 1899 1710 1934 Γραφῶν
1720 1900 1878 1936 ἑρμηνείαν,

270 1932 414 1981 ξὶδιι-ονυιη
429 1945 511 1970 libros
528 1945 553 1970 in
567 1943 690 1970 manibus
706 1950 777 1969 nunc
801 1949 856 1969 non
889 1942 1046 1975 habeamus,

1098 1939 1131 1977 ἧς
1157 1942 1185 1969 δὲ
1209 1932 1483 1978 ὀρέγεταινγνώσεως
1500 1932 1601 1979 ’τυχεῖν
1619 1932 1790 1981 δυνήσεται..
1809 1932 1878 1973 um"

271 1998 381 2019 necesse
394 1995 479 2017 estea
498 1996 556 2023 qua:
570 1989 603 2016 ab
628 1988 680 2015 illis
704 1987 848 2015 didicimus
874 1987 920 2014 tibi
942 1987 1047 2022 patefa-

272 2046 334 2065 cere
346 2042 374 2064 et
398 2036 517 2064 scribere
540 2035 648 2070 (loquor
659 2039 749 2061 autem
767 2035 799 2061 de
821 2039 912 2061 nostra
927 2035 953 2060 in
967 2034 1049 2062 Citri—

271 2089 343 2111 stum
364 2081 531 2109 Salvatorem
553 2079 627 2114 ﬁde),
649 2084 679 2106 ut
702 2087 734 2106 nc
747 2079 808 2113 quis
833 2079 874 2105 vel
896 2079 1047 2106 doctrinam

271 2135 324 2162 qua
346 2126 524 2154 infot'mutnur
548 2125 623 2160 parvi
652 2125 762 2159 pendat.
787 2123 826 2150 vel
848 2124 925 2151 ﬁdem
948 2133 1000 2159 qua
1022 2125 1048 2151 in

271 2173 407 2200 Christum
423 2171 568 2203 credimus,
582 2170 654 2196 nulla
669 2170 773 2196 ratione
789 2169 906 2196 innixam
919 2177 979 2197 esse
990 2178 1049 2197 sus-

271 2219 393 2252 picetur;
408 2223 437 2244 ut
452 2217 588 2244 immerito
605 2221 679 2244 certe
699 2217 820 2243 sentiunt
848 2217 971 2251 gentiles,
1002 2217 1048 2251 qui

271 2265 356 2291 variis
371 2263 513 2290 calumniis
529 2269 577 2290 nos
591 2261 718 2289 vellicant
729 2266 757 2288 et
780 2262 896 2296 profusis
911 2263 1049 2290 cachinnis

272 2310 397 2342 irrident,
417 2309 483 2336 nihil
497 2308 568 2335 aliud
579 2308 657 2335 nobis
667 2315 747 2342 quam
761 2308 860 2336 Christi
881 2316 988 2336 crucem
1002 2309 1049 2338 nb-

268 2355 405 2389 jicientes.
430 2353 486 2387 Qua
505 2354 613 2387 quidem
636 2354 662 2380 in
687 2361 716 2380 re
739 2352 845 2380 illorum
865 2354 1048 2388 stupiditatem

273 2400 392 2426 maxime
406 2399 532 2426 miserari
546 2399 683 2431 convenit,
695 2399 767 2433 quod
782 2399 888 2427 scilicet
897 2399 959 2427 dum
975 2400 1051 2428 cruci

273 2446 415 2477 insultant,
427 2445 549 2476 ejusdem
574 2445 674 2471 virtute
693 2450 777 2472 totum
803 2444 895 2472 orbem
919 2450 1051 2473 terrarum

274 2491 382 2526 repleri,
396 2495 423 2518 et
442 2498 490 2524 per
501 2497 561 2516 eam
582 2490 678 2517 divina:
690 2490 853 2524 cognitionis
865 2497 948 2525 opera
965 2492 1052 2518 omni-

274 2536 323 2563 bus
346 2536 481 2571 patcfacta
503 2536 586 2562 fuisse
611 2544 663 2562 non
688 2535 806 2562 videant.
820 2535 913 2571 Neque
928 2537 1010 2570 enim,
1027 2537 1050 2564 si

309 2614 347 2649 (1)
362 2614 410 2641 Ms.
424 2614 593 2649 Colberlintts
615 2615 686 2641 hunc
701 2615 781 2641 habet
799 2615 904 2642 titulum
931 2625 937 2642 :
966 2616 1045 2642 Ἀθα-

273 2650 365 2677 νασίου
387 2648 597 2685 γ’ᾼλεξανδρείοιςΔ
605 2649 675 2675 κατὰ
694 2649 834 2685 Ἑλλήνων.
857 2650 1048 2684 Seguerianus,

274 2658 365 2677 νασιου
395 2657 592 2710 Αλεςανῧρειας
605 2657 675 2675 κατα
702 2657 834 2685 ωληνων.
857 2657 1048 2684 aeguertauus,

274 2684 345 2711 κατὰ
359 2683 484 2710 εἰδώλων.
523 2692 556 2711 0x
569 2683 646 2718 λόγος
657 2685 731 2711 deest
746 2685 771 2711 in
789 2690 910 2719 utroque.
924 2685 1051 2712 Basilien-

274 2721 311 2745 εἰς
327 2725 352 2746 et
365 2719 535 2754 Felcktnanni
549 2720 683 2754 sccundus
695 2724 721 2754 et
739 2720 835 2746 tertius
848 2727 1004 2754 anonymus.
1021 2724 1051 2747 ut

275 2754 332 2786 ipse
347 2758 434 2785 vocat,
448 2753 546 2780 habent
570 2753 641 2780 κατὰ
670 2753 795 2780 εἰδώλων.
820 2753 999 2782 Gobleriunus
1025 2759 1052 2782 et

275 2788 445 2814 Feicktuanui
462 2789 474 2814 1
493 2795 660 2823 anonymus,
680 2789 751 2815 κατὰ
771 2788 914 2823 Ἑλλήνων.

310 2822 439 2861 (2)_[lapa’t
453 2823 528 2850 deest
540 2822 572 2850 in
595 2830 645 2850 ms.
660 2823 736 2851 Colit.

1097 1988 1190 2024 ἐπειδὴ
1202 1988 1252 2021 τὰς
1261 1990 1315 2016 τῶν
1324 1989 1489 2016 διδασκάλων
1498 1989 1636 2022 συντάξεις
1646 1991 1674 2017 ὲν
1683 1991 1760 2026 χερσὶ
1771 1991 1819 2017 νῦν
1829 1993 1880 2018 οὐκ

1097 2034 1205 2070 ἔχομεν,
1221 2035 1369 2070 ἀναγκαῖόν
1384 2037 1457 2062 ἐστιν
1475 2035 1494 2062 ἃ
1512 2037 1576 2072 παρ’
1595 2036 1706 2063 ἐκείνων
1729 2037 1878 2072 ἐμάθομεν,

1098 2079 1183 2107 ταῦτα
1199 2082 1245 2107 καὶ
1255 2081 1435 2116 ἀπαγγέλλειν
1448 2082 1495 2108 καὶ
1505 2083 1619 2118 γράφειν
1632 2091 1674 2109 σοι
1683 2091 1690 2098 ·
1703 2083 1774 2118 λέγω
1785 2083 1816 2119 δὴ
1830 2084 1879 2119 τὴν

1099 2126 1169 2153 κατὰ
1184 2127 1229 2153 τὸν
1246 2127 1361 2162 Σωτῆρα
1378 2128 1495 2163 Χριστὸν
1516 2129 1622 2155 πίστιψ
1641 2129 1683 2156 ἴνα
1699 2131 1766 2165 μήτε
1783 2130 1879 2166 εὐτελῆ

1097 2180 1140 2203 τις
1152 2172 1201 2207 τὴν
1215 2172 1261 2199 τοῦ
1278 2173 1337 2199 καθ’
1351 2174 1424 2209 ἡμᾶς
1443 2174 1521 2208 λόγου
1543 2174 1713 2202 διδασκαλίαν
1733 2177 1879 2212 ἡγήσηται,

1099 2218 1167 2252 μήτε
1185 2217 1281 2252 ἄλογον
1294 2219 1342 2254 τὴν
1357 2221 1397 2251 είς
1418 2220 1535 2255 Χριστὸν
1560 2221 1650 2248 πίστιν
1678 2222 1800 2259 ὑπολάϐῃ
1821 2223 1878 2259 (5)-

1097 2265 1176 2289 ὁποῖα.
1190 2264 1377 2297 διαϐάλλοντες
1397 2265 1526 2301 ’Έλληνες
1546 2267 1715 2302 χλευάζουσι,
1732 2268 1779 2295 καὶ
1794 2268 1881 2296 πλατὺ

1098 2309 1197 2344 γελῶσι
1215 2310 1276 2337 καθ’
1292 2311 1369 2346 ἡμῶν
1379 2331 1386 2345 ,
1406 2312 1481 2338 οὐδὲν
1496 2312 1587 2348 ἕτερον
1602 2313 1618 2349 ἦ
1639 2313 1684 2340 τὸν
1706 2315 1821 2350 σταυρὸν
1834 2314 1880 2341 τοῦ

1102 2355 1220 2391 Χριστοῦ
1244 2357 1424 2393 προφέροντες
1439 2358 1493 2393 (6)·
1511 2360 1553 2393 ἐφ’
1578 2355 1600 2392 ᾧ
1622 2359 1737 2394 μάλιστα
1762 2361 1809 2388 καὶ
1831 2362 1882 2397 τὴν

1103 2401 1279 2437 ἀναισθησίαν
1298 2403 1387 2430 αὐτῶν
1411 2404 1606 2440 οῑκτειρήσειεν
1628 2406 1660 2433 ἄν
1679 2415 1730 2438 τις,
1754 2407 1812 2439 ὅτι,
1835 2407 1882 2434 τὸν

1104 2447 1218 2483 σταυρὸν
1236 2448 1431 2481 διαϐάλλοντες,
1448 2450 1496 2485 οὐχ
1509 2450 1591 2486 ὁρῶσι
1604 2451 1652 2486 τὴν
1664 2452 1756 2478 τούτου
1769 2452 1882 2488 δύναμιν

1105 2493 1194 2521 πᾶσαν
1217 2494 1265 2530 τὴν
1288 2496 1448 2532 οἰκουμένην
1466 2497 1691 2532 πεπληρωκυῖαν,
1715 2498 1761 2525 καὶ
1787 2499 1827 2525 ὃτι
1847 2499 1882 2526 δι’

1104 2539 1185 2566 αὐτοῦ
1205 2539 1239 2566 τὰ
1259 2540 1308 2576 τῆς
1328 2540 1490 2576 θεογνωσίας
1510 2542 1578 2578 ἔργα
1594 2543 1659 2569 πᾶσι
1681 2544 1881 2578 πεφανέρωται.

1194 2617 1367 2657 ξείςιίιηεηηί
1378 2619 1559 2657 3_anonymus
1569 2640 1575 2651 ,
1589 2620 1790 2657 λαμπροτέραν.

1137 2649 1174 2686 (4)
1195 2653 1271 2690 (ξτειιι.
1291 2659 1318 2680 et
1329 2649 1515 2690 pAnglicaniis,
1536 2649 1711 2689 ὲτέαγγελιαν.
1729 2649 1810 2682 l’aulo
1824 2660 1884 2690 post

1104 2687 1305 2722 συνταχθέντες,
1322 2687 1397 2716 Coll),
1416 2690 1496 2716 habet
1513 2687 1689 2722 συντιθέντες.

1138 2721 1177 2757 (5)
1195 2723 1239 2757 δίο
1253 2722 1378 2757 Seguer.,
1392 2724 1438 2750 alii
1454 2731 1518 2752 vero
1533 2732 1592 2752 cum
1608 2721 1687 2753 editis
1698 2724 1836 2751 ὑπολάϐοι.

1138 2756 1177 2791 (6)
1187 2756 1241 2794 rS_ic
1269 2756 1382 2794 Seguer.
1413 2758 1496 2794 Basil.
1522 2759 1629 2793 Anglic.
1657 2760 1765 2787 Gobler.
1792 2758 1884 2794 Feldt-

1103 2793 1192 2818 manui
1208 2792 1220 2818 1
1239 2798 1267 2820 et
1287 2793 1305 2819 2
1323 2801 1406 2822 anon.
1427 2793 1478 2822 Alii
1502 2792 1655 2831 vsro’cum'
1667 2795 1746 2823 editis
1762 2792 1882 2830 προσφὲ-

1105 2835 1194 2862 ροντες
1199 2848 1205 2855 .
