2027 3042
157 145 173 171 5

735 141 864 170 ORATIO
883 142 1023 171 CONTRA
1039 141 1185 171 GENTES.

157 205 213 230 Οὐκ
230 205 262 230 ἂν
277 203 340 238 γὰρ,
359 203 438 238 εἴπερ
458 200 527 237 ἦσαν
540 202 586 229 καὶ
603 202 679 228 αὐτοὶ
694 202 812 236 γνησίως
830 203 938 237 ζεπιεττή-

995 202 1044 236 ipsi
1058 202 1168 229 sincero
1184 204 1341 235 attentoque
1363 200 1454 228 animo
1472 201 1530 236 ejus
1545 202 1713 231 divinitatem
1730 203 1774 231 in-

157 258 250 280 σαντες
263 249 345 275 αὑτοῦ
367 251 399 284 τῇ
415 249 522 283 θεότητι
539 249 584 274 τὸν
601 248 672 280 νοῦν,
691 248 835 284 ἐχλεύαζον
849 249 879 275 τὺ
894 257 941 284 τη-

155 295 276 321 λικοῦτον
285 303 292 309 ·
306 295 374 321 ἀλλὰ
391 295 490 330 μᾶλλον
504 295 549 320 καὶ
563 295 638 321 αὐτοὶ
651 294 744 321 τοῦτον
759 295 940 329 ἐπεγίνωσκον

155 340 269 375 Σωτῆρα
277 339 324 366 τοῦ
339 341 448 372 παντὸς,
461 341 506 367 καὶ
519 341 565 367 τὸν
580 341 694 376 σταυρὸν
709 340 745 375 μὴ
758 340 861 377 βλάϐην
874 342 941 368 ἀλλὰ

155 386 302 421 θεραπείαν
315 387 364 421 τῆς
383 386 497 418 κτίσεως
515 386 665 420 γεγονέναι.
682 386 713 412 Εἰ
727 386 781 422 γὰρ
797 387 843 413 τοῦ
859 395 940 413 σταυ-

156 431 204 466 ροῦ
214 431 360 466 γενομένου
369 431 418 466 t7),
427 431 501 458 πᾶσα
513 431 560 466 μὲν
571 430 776 467 εἰδωλολατρεία
791 431 939 467 καθῃρέθη,

156 477 230 503 πᾶσα
247 477 276 503 δὲ
293 477 427 511 δαιμόνων
444 476 578 510 φαντασία
594 477 633 512 τῷ
657 477 762 512 σημείῳ
775 477 861 513 τούτῳ
875 478 941 504 ἀπε-

154 522 290 555 λαύνεται,
303 523 350 549 καὶ
367 523 445 558 μόνος
459 524 474 549 ό
495 523 609 557 Χριστὸς
627 524 829 558 προσκυνεῖται,
848 524 895 550 καὶ
907 523 939 550 δι’

154 569 235 595 αὑτοῦ
250 568 411 602 γινώσκεται
429 571 443 597 ό
459 570 563 606 Πατὴρ,
581 570 627 596 καὶ
643 571 667 597 οἰ
687 570 736 605 μὲν
757 570 940 605 ἀντιλέγοντες

155 613 386 648 καταισχύνονται,
399 615 414 640 ό
427 615 455 641 δὲ
467 615 519 641 τῶν
536 615 730 648 ἀντιλεγόντων
742 615 874 650 ὁσημέραι
891 615 940 648 τὰς

154 659 243 694 ψυχὰς
255 660 363 694 ἀφανῶς
378 661 552 696 μεταπείθει·
564 661 622 693 πῶς
636 661 644 695 (
657 661 768 692 εἰκότως
784 661 838 697 γὰρ
853 661 884 688 ἄν
897 670 940 693 τις

155 703 226 731 εἴποι
250 705 318 739 πρὸς
339 705 452 740 αὐτούς)
475 705 514 732 ἔτι
534 705 572 740 (8)
589 706 759 741 ἀνθρώπινον
786 705 860 732 ἔστιν
879 707 939 733 ἐπι-

154 751 223 776 νοεῖν
240 750 270 776 τὸ
288 751 414 786 πρᾶγμα,
432 750 478 777 καὶ
497 750 527 777 οὐ
545 751 646 786 μᾶλλον
662 751 802 786 ὁμολογεῖν
818 751 885 778 Θεοῦ
901 751 938 788 (9)

153 796 240 830 Λόγον
264 797 311 822 καὶ
335 796 449 832 Σωτῆρα
470 796 540 823 εἰναι
562 797 608 823 τοῦ
631 797 730 829 παντὸς
755 797 801 823 τὸν
823 798 869 824 ἐπὶ
892 797 938 824 τοῦ

155 842 272 878 σταυροῦ
291 842 443 875 ἀναϐάντας
461 843 574 878 πάσχειν
593 843 621 869 δὲ
638 843 684 870 καὶ
697 839 770 869 οὗτοί
787 852 831 879 μοι
847 843 940 870 δοκοῦ-

155 896 197 914 σιν
212 889 313 924 ὅμοιον,
330 888 368 919 ὡς
383 888 410 914 εἰ
424 897 466 920 τις
485 888 531 916 τὸν
549 889 598 924 μὲν
616 888 690 924 ἥλιον
708 889 760 916 ὑπὸ
774 889 862 924 νεφῶν
878 898 940 916 σκε-

154 934 272 969 πόμενον
287 934 432 966 διαϐάλλοι,
448 934 479 961 τὸ
490 935 519 961 δὲ
538 935 633 961 τούτου
647 935 704 969 φῶς
719 934 863 971 θαυμάζοι,
882 936 941 971 βλέ-

154 988 223 1012 πων,
242 980 282 1006 ὄτι
297 980 371 1007 πᾶσα
388 981 404 1015 ἡ
423 980 512 1012 κτίσις
535 981 588 1007 ὑπὸ
606 981 700 1007 τούτου
721 981 938 1016 καταλάμπεται.

160 1025 203 1056 Ὠς
218 1025 271 1061 γὰρ
286 1024 367 1051 καλὸν
383 1025 413 1052 τὸ
430 1025 497 1060 φῶς,
512 1026 560 1052 καὶ
572 1026 689 1053 καλλίων
703 1028 717 1054 ὁ
728 1027 774 1054 τοῦ
791 1028 878 1062 φωτὸς
892 1029 940 1064 ἀρ-

153 1071 236 1106 χηγὸς
259 1071 347 1106 ἥλιοςο
365 1070 435 1098 οὕτω
456 1072 510 1107 (10)
531 1071 603 1099 θείου
625 1073 786 1108 πράγματος
802 1074 877 1106 ὄντος
892 1074 939 1101 τοῦ

152 1118 200 1153 τὴν
214 1118 376 1153 οἰκουμένην
388 1119 477 1145 πᾶσαν
494 1117 550 1154 τῆς
558 1120 639 1146 αὐτοῦ
653 1120 779 1154 γνώσεως
798 1120 940 1157 πεπληρῶ-

154 1163 224 1195 σθαι,
240 1164 347 1199 ἀνάγκη
362 1164 407 1191 τὸν
423 1165 544 1200 ἀρχηγὸν
561 1166 608 1192 καὶ
624 1166 743 1201 ἡγεμόνα
757 1166 803 1193 τοῦ
820 1167 938 1194 τοιούτου

153 1209 363 1245 κατορθώματος
392 1208 462 1237 εἶναι
486 1211 553 1237 Θεὸν
578 1211 625 1238 καὶ
649 1211 716 1238 Θεοῦ
742 1212 836 1246 Λόγον.
856 1212 939 1247 Λέγο-

154 1263 204 1290 μεν
218 1255 273 1290 (Η)
289 1253 334 1282 οὖν
348 1255 385 1287 ὡς
398 1256 508 1290 ἐφικτὸν
522 1257 597 1292 ἡμῖν,
612 1256 743 1292 πρότερον
757 1257 939 1292 διελέγξαντες

152 1301 202 1336 τὴν
216 1301 269 1326 τῶν
288 1301 409 1328 ἀπίστων
432 1302 567 1337 ἀμαθίαν·
585 1303 637 1334 ἵνα,
651 1302 705 1330 τῶν
723 1302 827 1337 ψευδῶν
838 1302 939 1337 διελεγ-

153 1343 280 1379 χθέντων,
298 1344 388 1371 λοιπὸν
405 1346 421 1380 ἡ
438 1346 552 1381 ἀλήθεια
566 1346 598 1372 δι’
613 1347 713 1382 ἑαυτῆς
728 1347 880 1383 ἐπιλάμψῃ,
893 1348 939 1374 καὶ

153 1389 256 1426 super};
266 1390 312 1416 καὶ
328 1391 419 1423 αὐτὸς,
437 1389 459 1418 ὧ
472 1391 608 1428 ἄνθρωπε,
618 1393 658 1419 ὅτι
670 1393 782 1428 ἀληθείᾳ
796 1393 939 1420 πεπίστευ-

153 1443 213 1468 κας,
231 1436 332 1462 καὶτὸν
346 1437 463 1472 Χριστὸν
477 1436 618 1471 γινώσκων
636 1437 685 1464 οὐκ
702 1437 855 1473 ἠπατήθης.
870 1438 939 1473 Πρέ-

153 1489 213 1506 πειν
229 1481 257 1507 δέ
277 1490 317 1507 σοι
337 1481 456 1516 ἡγοῦμαι
475 1481 639 1518 φιλοχρίστῳ
661 1483 718 1509 όντι
739 1482 774 1509 τὰ
788 1483 852 1518 περὶ
872 1482 938 1518 Χρι-

153 1527 215 1553 στοῦ
231 1528 414 1562 διαλέγεσθαι,
436 1529 497 1554 ἐπεὶ
516 1529 562 1555 καὶ
579 1529 687 1556 πάντων
703 1529 871 1564 τιμιωτέραν
889 1529 939 1564 τὴν

993 247 1158 282 spexissent,
1174 254 1229 274 rem
1250 251 1353 274 tantam
1370 247 1490 274 riderent
1505 257 1512 281 ;
1529 250 1575 276 sed
1595 249 1668 277 illum
1685 251 1774 285 potius

994 293 1086 320 mundi
1102 293 1270 320 Salvatorem
1296 299 1356 320 esse
1382 299 1571 328 agnoscerent,
1585 296 1695 330 ejusque
1707 304 1772 323 cru-

993 346 1050 366 cem
1067 347 1118 366 non
1135 339 1282 374 perniciem
1300 345 1388 366 rerum
1405 339 1450 366 sed
1466 340 1625 368 medicinam
1638 340 1720 369 fuisse
1735 341 1774 369 fa-

994 389 1124 412 terentur.
1144 384 1265 418 Nantque
1279 385 1302 411 si
1314 389 1403 412 erecta
1412 392 1504 416 cruce.
1515 386 1640 414 universa
1658 386 1772 414 idolola—

994 431 1046 458 tria
1061 438 1155 458 eversa
1173 435 1235 463 est;
1265 431 1287 458 si
1304 431 1355 459 hoc
1374 432 1399 466 2
1413 433 1488 467 signo
1507 440 1600 461 omnes
1622 434 1771 463 daemonum

993 477 1136 511 praestigias
1147 476 1284 511 fugantur,
1301 477 1428 512 solusque
1439 477 1563 506 Christus
1588 479 1727 514 adoratur,
1745 484 1773 508 et

993 529 1041 557 per
1056 523 1143 557 ipsum
1158 522 1238 550 Pater
1250 523 1442 558 cognoscitur;
1461 523 1482 551 si
1503 524 1617 559 denique
1626 525 1652 552 hi
1664 526 1771 560 quidem

992 568 1037 603 qui
1051 568 1255 601 contradicunt,
1271 569 1434 596 erubescere
1460 574 1604 604 coguntur,
1627 570 1683 604 ipse
1709 578 1774 599 vero

993 613 1235 641 contradicentium
1247 614 1352 642 animos
1369 615 1490 649 quotidie
1500 615 1617 643 latenter
1630 616 1771 644 immutat:

993 659 1039 694 qui
1054 659 1088 686 tit
1104 658 1233 694 (merito‘
1249 660 1320 688 enim
1340 661 1401 695 quis
1422 668 1470 688 eos
1492 661 1528 688 ita
1543 662 1730 698 aggrediatur)
1745 669 1775 690 ut

993 705 1142 732 humanutn
1158 713 1226 740 opus
1244 705 1271 733 id
1291 706 1378 733 adhuc
1391 707 1546 741 opinentur,
1563 715 1594 735 ac
1617 715 1669 735 non
1686 709 1774 743 potius

992 750 1130 778 fateantur
1143 751 1189 779 Dei
1206 751 1335 785 Verbum,
1351 757 1378 779 et
1397 751 1563 780 Salvatorem
1582 753 1673 780 mundi
1699 753 1773 781 illum

991 803 1062 829 esse,
1079 797 1124 831 qui
1139 797 1165 823 in
1181 805 1289 825 crucem
1302 798 1444 825 ascendit?
1458 799 1529 826 Sane
1545 798 1614 826 idem
1627 799 1686 826 istis
1702 799 1774 826 acci-

991 842 1056 869 dere
1067 843 1133 869 mihi
1151 843 1270 875 videtur,
1285 851 1318 871 ac
1334 843 1355 870 si
1368 844 1429 878 quis
1442 843 1526 871 solem
1542 844 1660 872 nubibus
1674 844 1773 872 obscu-

956 886 976 914 B
991 893 1078 915 ratum
1094 889 1285 924 reprehendat,
1300 889 1414 924 ejusque
1430 889 1606 917 nihilominus
1627 889 1715 917 lucem
1730 891 1775 917 ad:

992 934 1115 967 miretur,
1127 935 1226 970 quippe
1241 935 1287 970 qui
1308 940 1395 962 totum
1415 940 1550 962 terrarum
1581 936 1675 964 orbem
1691 935 1725 963 ab
1741 943 1774 963 ea

990 979 1169 1008 illuminatum
1183 985 1286 1008 cernat.
1298 980 1332 1008 Ut
1341 980 1412 1008 enim
1426 980 1536 1012 pulchra
1549 980 1593 1008 lux
1607 985 1660 1013 est,
1672 985 1699 1008 et
1716 981 1775 1015 ipse

990 1025 1041 1058 sol,
1058 1025 1124 1053 lucis
1137 1030 1243 1058 auctor,
1265 1026 1325 1053 luce
1340 1026 1477 1061 pulchrior
1484 1030 1525 1053 est
1539 1026 1593 1053 :ita
1607 1032 1667 1052 cum
1681 1033 1724 1054 res
1739 1027 1775 1053 sit

989 1071 1068 1105 plane
1082 1071 1184 1104 divina,
1209 1071 1363 1099 universum
1376 1071 1503 1099 mundum
1513 1071 1560 1098 Dei
1568 1071 1719 1106 cognitione
1734 1079 1775 1099 rc-

989 1115 1090 1150 pletum
1106 1123 1177 1147 esse,
1191 1122 1301 1144 necesse
1313 1119 1356 1143 est
1376 1115 1471 1142 ducem
1491 1120 1519 1142 et
1542 1121 1678 1142 auctorem
1705 1115 1773 1142 tanti

989 1162 1080 1195 operis
1097 1161 1181 1189 Deum
1197 1162 1284 1196 ipsum
1297 1166 1325 1188 et
1336 1161 1383 1188 Dei
1395 1160 1513 1188 Verbum
1529 1167 1600 1188 esse.
1613 1160 1707 1195 Itaque
1722 1168 1773 1195 pro

989 1205 1061 1233 virili
1077 1211 1153 1241 parte
1165 1206 1198 1233 de
1214 1214 1243 1234 re
1259 1211 1314 1233 tam
1327 1205 1481 1233 admirabili
1495 1205 1668 1238 disseremus,
1683 1206 1773 1241 prius-

989 1258 1043 1286 que
1061 1251 1209 1279 infidelium
1224 1251 1361 1280 inscitiam
1380 1251 1545 1284 refellemus,
1564 1256 1593 1279 ιιι
1619 1251 1695 1280 falsis
1708 1259 1773 1280 con-

989 1297 1091 1330 futatis,
1108 1297 1207 1325 veritas
1226 1304 1275 1332 per
1287 1297 1406 1332 seipsam
1419 1297 1549 1332 deinceps
1561 1297 1713 1332 illucescat,
1731 1304 1773 1326 tu-

989 1350 1041 1378 que
1058 1343 1126 1378 ipse,
1141 1344 1313 1377 charissime,
1328 1349 1433 1372 certum
1447 1351 1661 1379 persuasumque
1672 1345 1772 1372 habeas

991 1393 1016 1416 te
1040 1389 1148 1416 veritati
1174 1389 1335 1421 credidisse,
1359 1389 1555 1424 Christumque
1586 1390 1772 1424 cognoscendo

989 1433 1129 1468 deceptum
1146 1442 1200 1461 non
1216 1434 1310 1462 fuisse.
1330 1434 1430 1462 Tecum
1451 1442 1542 1469 porro,
1564 1435 1609 1468 qui
1633 1434 1772 1462 Christum

989 1487 1076 1512 amas,
1094 1481 1127 1508 de
1141 1480 1249 1508 Christo
1262 1480 1396 1508 disserere
1409 1481 1527 1507 maxime
1537 1479 1683 1507 convenire
1695 1479 1771 1507 arbi-

990 1529 1056 1556 tror,
1070 1525 1288 1560 quandoquidem
1313 1530 1338 1552 te
1358 1524 1416 1558 ejus
1437 1524 1619 1560 cognitionem
1647 1531 1675 1553 et
1689 1524 1770 1552 ﬁdem

153 1574 217 1608 περὶ
235 1561 330 1600 τούτου
350 1574 449 1608 γνῶσιν
474 1575 521 1601 καὶ
537 1574 628 1601 πίστιν
653 1561 781 1610 ἡγεῖσθαί
803 1561 832 1601 σε
858 1561 938 1602 πεπί-

991 1570 1070 1598 rehus
1086 1570 1212 1598 omnibus
1224 1570 1410 1605 pretiosiorem
1424 1570 1524 1598 ducere
1539 1574 1660 1597 autumo.

155 1626 265 1645 στευκα.

186 1664 213 1691 2.
237 1664 281 1697 Ἐξ
299 1665 388 1700 ἀρχῆς
413 1665 462 1701 μὲν
482 1666 532 1692 οὐκ
550 1664 584 1701 ἦν
601 1666 684 1693 κακία
696 1674 702 1681 ·
727 1666 788 1693 οὐδὲ
804 1666 858 1703 γὰρ
879 1666 938 1693 οὐδὲ

152 1709 200 1736 νῦν
212 1711 241 1736 ἐν
257 1712 311 1742 τοῖς
324 1711 410 1745 ἁγίοις
421 1711 505 1743 ἐστὶν,
521 1711 574 1738 οὐδ’
585 1711 654 1743 ὅλως
668 1713 728 1738 κατ’
741 1712 840 1743 αὐτοὺς
851 1712 939 1747 ὑπάρ-

152 1763 193 1790 χει
208 1755 276 1791 αὕτη
287 1765 293 1771 ”
310 1756 447 1792 ἄνθρωποι
461 1756 489 1783 δὲ
507 1756 608 1792 ταύτην
626 1757 738 1792 ὕστερον
754 1758 871 1784 ἐπινοεῖν
887 1758 938 1792 ἡρ-

153 1800 239 1833 ξαντο,
257 1802 304 1828 καὶ
321 1802 381 1828 καθ’
398 1802 500 1829 ἑαυτῶν
516 1802 571 1837 (12)
588 1802 807 1830 ἁνατυποῦσοαι·
824 1802 884 1829 ὅθεν
904 1802 936 1838 δὴ

152 1846 198 1872 καὶ
212 1846 260 1882 τὴν
277 1846 330 1873 τῶν
347 1846 463 1873 εἰδώλων
483 1847 603 1874 ἐπίνοιαν
620 1848 724 1878 ἑαυτοῖς
741 1847 936 1878 ἀνεπλάσαντο,

151 1892 186 1919 τὰ
199 1894 248 1920 οὐκ
268 1893 333 1920 ὄντα
348 1893 386 1925 ὠς
401 1894 466 1921 ὄντα
490 1893 668 1930 λογιζόμενοι.
698 1895 726 1921 '0
745 1895 795 1930 μὲν
813 1894 868 1930 γὰρ
890 1893 937 1920 τοῦ

152 1940 252 1971 παντὸς
270 1939 434 1975 δημιουργὸς
457 1941 504 1966 καὶ
522 1940 711 1975 παμϐασιλεὺς
734 1939 810 1971 Θεὸς,
826 1941 840 1966 ὁ
856 1940 939 1974 ὑπερ-

152 1983 243 2011 έκεινα
256 1985 345 2020 πάσης
360 1985 454 2017 οὐσίας
466 1986 514 2012 καὶ
529 1985 702 2021 ἀνθρωπίνης
715 1985 833 2017 ἐπινοίας
850 1985 937 2021 ὑπάρ-

152 2038 217 2064 χων,
236 2029 282 2056 ἆτε
295 2029 327 2065 δὴ
342 2030 442 2064 ἀγαθὸς
458 2030 506 2057 καὶ
522 2030 673 2066 ὑπέρκαλος
688 2030 735 2063 ὢν,
752 2030 797 2056 διὰ
809 2030 856 2056 τοῦ
873 2030 937 2056 ἰδίου

152 2075 239 2109 Λόγου
252 2075 298 2101 τοῦ
314 2077 439 2112 Σωτῆρος
455 2076 534 2111 ἡμῶν
557 2076 643 2111 Ἰησοῦ
655 2075 773 2111 Χριστοῦ
788 2076 818 2102 τὸ
833 2075 938 2111 ἀνθρώ-

152 2130 229 2148 πινον
242 2122 319 2156 γένος
335 2123 393 2148 κατ’
411 2122 478 2148 ἰδίαν
493 2122 583 2148 εἰκόνα
604 2121 737 2157 πεποίηκε
747 2130 753 2136 ·
770 2121 816 2148 καὶ
831 2121 884 2147 τῶν
897 2121 939 2147 ὅν-

151 2176 206 2193 των
229 2167 310 2194 αὺτὸν
326 2167 465 2203 θεωρητὴν
482 2168 530 2194 καὶ
545 2169 713 2203 ἐπιστήμονα
737 2167 781 2194 διὰ
804 2167 853 2201 τῆς
871 2166 939 2201 πρὸς

152 2211 234 2238 αὐτὸν
256 2210 410 2246 ὁμοιώσεως
426 2211 479 2248 (l5)
499 2212 694 2243 κατεσκεύασε,
715 2212 775 2242 δοὺς
794 2210 869 2246 αὐτῷ
892 2211 939 2238 καὶ

152 2257 203 2292 τῆς
227 2257 294 2289 ἰδίας
315 2258 463 2293 aeterm;
485 2258 588 2284 ἔννοιαν
611 2257 656 2284 καὶ
677 2257 793 2292 γνῶσιν,
811 2257 864 2289 ἵνα,
889 2257 937 2292 τὴν

153 2303 305 2339 ταυτότητα
327 2303 430 2335 σώζων,
453 2304 521 2339 μήτε
541 2304 589 2339 τῆς
615 2303 678 2338 περί
702 2303 768 2329 Θεοῦ
789 2302 937 2337 φαντασίας

153 2349 219 2375 ποτὲ
240 2350 362 2385 ἀποστῇ,
380 2350 447 2385 μήτε
469 2350 517 2384 τῆς
537 2349 591 2375 τῶν
610 2349 694 2383 ἁγίων
722 2349 860 2385 συζήσεως
881 2349 936 2384 (14)

153 2396 326 2432 ἀποπηδήσῃ,
357 2396 506 2432 ἁλλ’,ἕχων
532 2397 581 2431 τὴν
608 2396 654 2423 τοῦ
677 2396 822 2428 δεδωκότος
847 2397 938 2432 χάριν,

152 2441 223 2476 ἔχων
240 2442 286 2468 καὶ
297 2441 346 2477 τὴν
364 2441 429 2468 ἰδίαν
443 2441 475 2467 ὲκ
494 2441 540 2468 τοῦ
556 2440 689 2476 πατρικοῦ
706 2441 792 2475 Λόγου
811 2440 938 2475 δύναμιν,

94 2474 304 2523 ρ’ᾗθᾶγάλληται
324 2474 371 2514 καὶ
392 2487 519 2522 συνομιλῇ
534 2486 572 2521 τῷ
588 2474 667 2522 Θείῳ,
682 2486 736 2518 ζῶν
747 2474 792 2514 τὸν
810 2474 938 2521 ἀπήμονα

92 2517 125 2531 ψ
154 2517 201 2559 καὶ
221 2517 353 2569 μακάριον
370 2517 519 2564 ὄντωςτὺν,
537 2517 669 2558 ἀθάνατον
688 2517 760 2566 νβίον.
783 2517 938 2566 Οὐδὲνίγὰρ

154 2579 222 2614 ἔχων
236 2579 362 2615 ἐμπόδιον
375 2580 414 2611 εἰς
427 2579 476 2615 τὴν
490 2579 554 2614 περὶ
566 2578 613 2605 τοῦ
627 2578 704 2604 Θείου
717 2578 828 2612 γνῶσιν,
842 2577 939 2612 θεωρεῖ

154 2656 228 2728 PAG)
241 2655 354 2692 Seguer.
368 2656 477 2685 Gohler.
491 2661 519 2684 et
532 2654 649 2684 Felcltm.
663 2657 674 2683 t
692 2663 853 2690 auenymus,
867 2663 938 2689 γινο-

191 2701 247 2719 νου.

191 2701 247 2719 νου.

201 2728 228 2762 8)
243 2727 304 2754 Ἔτι
318 2728 394 2756 deest
406 2729 432 2756 in
448 2728 529 2757 Basil.
545 2727 654 2756 Gohler.
668 2732 696 2753 et
707 2725 826 2753 Felckm.
848 2725 860 2752 l
878 2732 923 2752 an.

201 2761 360 2801 $)>‘S_t-guer.
375 2764 492 2801 eI_Colb.
509 2765 585 2801 Θεὸν.
606 2797 612 2801 _
632 2797 638 2801 _
798 2795 804 2800 _

190 2795 247 2833 (l0)
261 2795 374 2832 SEguer.
388 2799 483 2831 οὕτως,
498 2805 524 2826 et
541 2800 576 2826 ita
597 2797 725 2833 deinceps
744 2795 851 2829 saepius.
867 2795 935 2823 Ibid.

237 2831 547 2871 :habetnpoocdtypa-roq
561 2841 609 2871 pro
619 2831 794 2871 πράγματος.
916 2866 922 2871 ι

190 2867 245 2903 (Η)
260 2867 426 2897 Omnibonus
444 2867 548 2898 videtur
562 2867 674 2902 legisse
700 2867 839 2901 λέγωμεν,
855 2867 936 2895 vertit

1022 1658 1050 1685 2.
1068 1658 1205 1694 Principio
1227 1659 1334 1694 quidem
1359 1659 1461 1686 malitia
1483 1666 1536 1687 non
1559 1657 1620 1692 fuit,
1641 1659 1769 1694 quoniam

987 1712 1021 1733 ne
1035 1712 1105 1732 nunc
1118 1706 1228 1740 quidem
1249 1706 1275 1733 in
1300 1706 1402 1734 sanctis
1425 1706 1568 1740 reperitur,
1592 1712 1642 1733 nec
1661 1713 1772 1740 prorsus

987 1752 1014 1779 in
1030 1752 1083 1780 illis
1098 1752 1224 1780 exsistit:
1240 1752 1286 1780 sed
1300 1759 1361 1779 eam
1376 1758 1469 1787 postea
1479 1752 1604 1780 homines
1618 1751 1771 1786 excogitare

987 1802 1068 1832 atque
1083 1798 1216 1825 adversus
1237 1798 1342 1833 seipsos
1369 1797 1498 1832 eﬂingere
1522 1802 1680 1831 coeperunt;
1701 1796 1772 1823 unde

987 1844 1070 1871 etiam
1087 1843 1221 1870 idolorum
1245 1849 1399 1871 commenta
1424 1843 1563 1876 ellinxere,
1582 1850 1614 1871 ea
1639 1850 1701 1878 qua:
1717 1850 1770 1869 non

987 1893 1061 1922 sunt,
1089 1890 1203 1924 perinde
1231 1897 1264 1916 ac
1289 1890 1311 1916 si
1338 1893 1439 1920 essent,
1461 1889 1553 1916 animo
1575 1887 1770 1922 concipientes.

987 1933 1089 1969 Nempe
1105 1934 1199 1961 mundi
1217 1935 1307 1969 opifex
1327 1940 1354 1961 et
1367 1934 1488 1962 omnium
1507 1935 1661 1961 moderator
1689 1933 1769 1964 Deus,

987 1974 1032 2014 qui
1045 1979 1174 2006 universa
1195 1984 1290 2006 natura
1311 1984 1338 2007 et
1359 1980 1477 2007 humana
1499 1978 1678 2014 intelligentia
1692 1978 1772 2012 longe

987 2026 1112 2060 superior
1136 2029 1187 2058 est,
1221 2030 1249 2052 ut
1265 2033 1328 2053 vere
1344 2026 1428 2053 bonus
1449 2033 1482 2052 ac
1502 2032 1607 2052 summe
1628 2024 1772 2058 benignus.

987 2079 1036 2106 per
1050 2072 1190 2106 proprium
1206 2071 1323 2099 Verbum
1344 2077 1371 2098 et
1388 2071 1555 2098 Salvatorem
1580 2075 1704 2098 nostrum
1728 2069 1773 2097 Je-

989 2125 1048 2144 sum
1062 2117 1212 2149 Christum,
1228 2117 1374 2144 humanum
1391 2125 1477 2153 genus
1494 2118 1526 2144 ad
1542 2116 1682 2152 propriam
1704 2115 1773 2142 ima-

990 2163 1078 2197 ginem
1107 2162 1183 2195 fecit,
1211 2170 1264 2197 qua
1292 2162 1336 2189 illa
1364 2170 1456 2190 secum
1488 2161 1663 2189 similitudine
1686 2160 1772 2186 homi—

991 2216 1052 2236 nem
1069 2208 1101 2235 ad
1116 2216 1205 2236 rerum
1229 2212 1354 2235 naturam
1368 2207 1581 2243 cognoscendam
1602 2213 1630 2234 et
1650 2210 1772 2233 contem.

954 2244 976 2270 Ῐ)
990 2252 1114 2287 plaudaiu
1130 2257 1221 2288 aptum
1242 2253 1367 2280 reddidit.
1391 2252 1459 2280 Hinc
1474 2252 1590 2287 propriae
1599 2251 1681 2278 etiam
1693 2254 1773 2276 reter-

991 2298 1083 2326 nitatis
1099 2299 1292 2334 cogitationem
1307 2303 1334 2326 et
1347 2298 1528 2333 cognitionem
1543 2297 1630 2324 cidem
1650 2295 1772 2329 imperti-

990 2345 1202 2378 vit,utvidelicet
1211 2346 1263 2372 hac
1272 2349 1429 2372 conservata
1438 2342 1624 2375 similitudine,
1636 2348 1772 2375 nunquam

990 2390 1181 2425 cogitationem
1194 2398 1209 2418 a
1231 2390 1284 2417 Deo
1305 2394 1450 2422 averteret,
1474 2396 1562 2423 neque
1579 2396 1594 2414 a
1616 2391 1773 2415 sanctorum

989 2436 1113 2463 convictu
1130 2436 1302 2463 discederet:
1318 2435 1365 2463 sed
1377 2436 1466 2462 datam
1480 2434 1528 2461 Dei
1545 2433 1659 2469 gratiam
1672 2435 1699 2458 et
1711 2439 1773 2466 pro-

989 2481 1075 2516 priam
1089 2488 1123 2508 ex
1138 2486 1250 2515 paterno
1269 2481 1357 2508 Verbo
1375 2481 1428 2507 vim
1444 2478 1561 2506 infusam
1589 2478 1708 2505 retinens
1723 2484 1772 2504 ex-

991 2526 1114 2559 sultaret,
1129 2531 1157 2554 et
1175 2534 1235 2554 cum
1248 2524 1303 2554 Deo
1317 2523 1486 2553 familiariter
1500 2525 1615 2556 viveret,
1630 2529 1771 2551 securam-

990 2577 1044 2606 que
1067 2577 1100 2598 ac
1117 2578 1180 2599 vere
1206 2572 1311 2599 beatam
1338 2571 1518 2598 immortalem
1539 2571 1623 2596 vitam
1650 2569 1771 2595 duceret.

993 2651 1219 2683 enim.dicamus.
1570 2682 1576 2686 _
1623 2681 1649 2686 __
1711 2680 1726 2686 ν,

1027 2681 1082 2723 (12)
1100 2685 1263 2723 ἘριώπιἈὸ
1284 2692 1376 2723 auom,
1401 2683 1463 2723 καθς
1481 2682 1604 2723 ἑαυτούς.
1622 2681 1668 2708 Sic
1692 2681 1772 2720 etiam

989 2715 1088 2758 legisse
1103 2722 1209 2759 videtur
1223 2715 1405 2759 Omnibonus,
1418 2720 1462 2759 qui
1481 2719 1576 2759 venit,
1600 2724 1646 2752 per
1674 2715 1772 2749 seipse:

989 2754 1171 2793 ﬁn'gerehAlii
1181 2763 1240 2783 curn
1253 2754 1405 2793 θάψει-καθ’
1421 2754 1541 2793 ἑαυτῶν..
1591 2787 1598 2793 _
1726 2785 1734 2793 Ι

1025 2785 1143 2829 ("utsic
1156 2791 1269 2829 δεῖμεν.
1290 2790 1399 2817 Gohler.
1422 2795 1449 2816 cl
1471 2787 1561 2815 Felck.
1588 2787 1600 2814 ι
1624 2794 1703 2814 anon.
1720 2785 1786 2814 Alii.

989 2825 1049 2856 cum
1064 2825 1143 2854 editis
1154 2825 1321 2861 ὁμοιότητος.

1025 2860 1080 2899 (14)
1095 2862 1164 2891 Edit.
1172 2859 1317 2894 Cornmel.,
1333 2859 1514 2895 συζητήσεως.
