2027 3042
264 120 281 148 7
560 118 588 146 S.
606 117 790 145 A'IZHANASII
808 117 883 145 OPP.
904 116 994 144 PARS
1013 117 1033 144 l.
1053 132 1088 137 —
1107 116 1289 146 illSTORlCA
1309 118 1353 146 ET
1373 118 1583 147 DOGMATICA.
1866 122 1880 150 Β

265 179 333 207 Nam
347 179 370 205 si
384 177 436 205 ulla
454 184 481 205 re
495 184 509 204 a
526 177 571 204 Dei
587 177 740 212 cognitione
755 177 928 212 impediatur,
950 177 1042 203 animat

1099 177 1149 211 μὲν
1165 177 1208 204 ἀεὶ
1223 177 1267 203 διὰ
1282 178 1330 213 τῆς
1354 178 1437 204 αὑτοῦ
1454 178 1639 214 καθαρότητος
1658 179 1706 214 τὴν
1719 188 1765 206 τιυ
1779 179 1880 215 [ἰατρὸς

1097 223 1198 254 εἰκόνα,
1211 223 1256 249 τὸν
1272 224 1337 250 Θεὸν
1361 224 1446 258 Λόγον
1456 243 1463 256 ,
1476 221 1506 251 οὗ
1525 224 1571 251 καὶ
1585 224 1644 251 κατ’
1657 225 1749 251 εἰκόνα
1761 227 1878 259 γέγονεν·
1888 223 1925 257 χ’(

265 223 408 254 munditia,
426 221 514 249 Patris
528 221 684 256 imaginem,
697 220 781 248 Deum
801 221 931 252 Verbum,
947 221 979 247 ad
996 229 1044 247 cu-

262 270 308 306 jus
320 276 427 304 quoque
437 268 582 302 imaginem
598 268 686 295 lactus
697 272 748 300 e~t.
760 275 867 302 semper
878 266 1047 301 contempla-

266 322 321 347 tur,
337 315 506 349 maximque
519 314 700 342 admiratione
716 314 842 346 allio-itur,
865 321 927 341 cum
954 313 1048 341 Provi-

265 362 394 393 dentiam,
408 368 461 395 qua
476 360 593 388 mundus
605 368 653 395 per
666 361 753 395 ipsum
769 360 984 392 administratur,
1003 360 1046 387 in-

266 408 369 442 telligit.
390 407 428 434 Ita
447 407 529 434 rebus
555 407 664 441 quidem
681 414 741 442 qua:
762 407 813 434 sub
831 413 928 434 sensus
948 406 1047 433 cadunt

263 459 292 480 et
305 459 444 487 corporeae
459 456 523 479 sunt
550 452 682 480 excelsior
701 452 826 485 eliicitur,
849 460 909 480 cum
924 452 967 480 his
982 459 1047 480 vero

264 500 288 526 vi
305 499 403 526 mentis
417 498 601 534 coniungitur,
615 507 676 534 qua:
690 499 816 527 ccelestes
830 507 862 526 ac
873 498 972 526 divinae
984 503 1047 526 sunt

263 544 374 579 solaque
387 544 563 580 intelligentia
593 546 868 580 comprehenduntur.
886 545 954 573 Cum
972 545 1045 572 enim

262 589 421 625 corporibus
444 597 520 618 mens
537 590 655 618 humana
684 599 736 619 non
760 591 932 624 adhaerescit,
959 598 1047 626 neque

262 635 365 670 aliquid
382 643 415 664 ex
428 643 522 664 eorum
534 637 683 671 cupiditate
699 637 874 665 extrinsecus
900 638 1044 665 admistum

264 681 357 713 habet.
370 683 418 709 sed
436 686 490 709 tota
509 682 565 716 ipsa
581 690 689 709 sursum
707 689 799 709 secum
817 687 871 715 est,
896 682 976 710 siculi
992 683 1044 709 ini-

264 728 300 754 tio
318 727 388 755 facta
401 732 442 754 est
456 735 464 761 ;
480 732 544 755 tunc
563 735 595 755 ea
610 735 670 762 quae
697 736 792 755 sensus
812 733 920 755 movent
940 728 1045 755 omnia-

262 779 316 807 que
333 773 450 800 humana
469 774 674 805 transcenderis,
689 773 716 800 in
730 774 848 801 sublime
863 774 960 807 fertur,
979 773 1046 801 Ver-

263 819 391 854 bumque,
412 823 440 847 et
457 820 483 846 in
503 820 592 847 Verbo
624 819 705 847 Verbi
729 819 836 847 Patrem
861 820 944 854 videt,
968 820 1045 855 cujus

262 864 492 899 contemplatione
506 865 652 899 delectata,
672 873 721 893 suo
735 873 798 901 erga
814 866 887 893 illum
910 874 1001 894 amore
1017 870 1044 893 et

260 909 398 937 desiderio
409 915 569 938 renovatur:
581 912 808 945 quemadmodum
823 911 916 946 utique
928 912 1044 946 primum

262 957 412 988 hominem,
428 957 474 991 qui
489 957 604 985 Hebraea
619 957 710 992 lingua
722 957 808 984 Adam
829 957 919 984 dictus
931 961 982 990 est,
998 964 1044 984 sa-

260 1010 314 1030 cra:
329 1002 477 1037 Scriptura:
492 1007 605 1030 narrant
622 1003 701 1030 initio
719 1010 825 1030 summa
843 1010 904 1031 cum
920 1003 1045 1030 libertate

260 1053 288 1075 et
304 1048 401 1076 liducia
418 1054 509 1076 mente
522 1048 549 1084 3
573 1049 629 1076 Deo
653 1049 809 1080 adhaesisse,
834 1053 1045 1082 sanctorumque

260 1094 394 1122 societate
408 1099 435 1122 et
448 1095 646 1122 consuetudine
660 1094 777 1129 potitum
792 1093 877 1122 fuisse
891 1094 918 1122 in
934 1094 978 1121 illa
1001 1102 1044 1122 re-

261 1148 321 1168 rum
347 1140 500 1168 caelestium
526 1139 768 1175 contemplatione,
787 1147 839 1174 qua
860 1139 906 1167 illo
931 1140 957 1167 in
985 1139 1044 1167 loco

261 1185 413 1218 fruebatur,
428 1193 507 1220 quem
520 1190 631 1212 sanctus
647 1185 754 1220 Moyses
768 1190 844 1220 tropo
865 1187 981 1220 quodam
996 1193 1044 1220 pa-

261 1231 380 1259 radisum
399 1231 553 1266 appellavit.
565 1231 670 1258 Anima:
688 1231 761 1259 enim
780 1232 912 1259 munditia
933 1239 993 1259 eam
1009 1233 1043 1260 ad

262 1277 346 1304 Deum
359 1285 408 1312 per
423 1277 541 1312 seipsam
557 1279 737 1306 contuendum
751 1278 874 1304 idoneam
891 1278 988 1311 reddit,
1003 1278 1042 1304 uti

261 1321 319 1355 ipse
344 1321 475 1349 Dominus
499 1323 558 1350 ait:
579 1322 659 1350 Beati
688 1326 785 1350 mundo
809 1322 898 1355 corde,
918 1324 1043 1357 quoniam

259 1367 310 1402 ipsi
327 1367 412 1394 Deum
431 1368 552 1395 uidebunt
567 1368 587 1394 ι.

294 1412 321 1440 5.
346 1413 392 1441 Sic
416 1421 481 1449 ergo
506 1413 631 1447 Creator,
648 1419 676 1441 ut
700 1414 803 1441 dictum
825 1418 875 1446 est,
902 1414 1041 1442 hominum

261 1460 492 1494 genusv'condidit,
506 1467 574 1494 quos
591 1462 674 1487 etiam
689 1460 714 1487 in
727 1467 759 1487 eo
774 1464 846 1487 statu
866 1467 1042 1495 perseverare

260 1504 356 1533 voluit.
376 1505 412 1532 At
424 1505 472 1537 illi,
487 1505 567 1532 rebus
580 1505 730 1539 potioribus
749 1506 889 1539 neglectis,
900 1505 1042 1541 ignavique

258 1555 287 1579 et
303 1550 406 1578 inertes
429 1551 461 1578 ad
489 1551 550 1578 illas
568 1551 758 1585 intelligendas
772 1551 873 1582 electi.
891 1558 950 1579 sese
963 1552 996 1578 ad
1010 1559 1041 1579 ea

258 1605 319 1632 quae
341 1597 392 1624 sibi
414 1597 541 1632 propiora
565 1601 654 1629 erant,
672 1601 843 1625 convertere.
864 1597 926 1625 Haec
951 1603 1042 1624 autem

257 1651 360 1679 corpus
370 1648 397 1670 et
410 1650 508 1671 sensus
531 1646 657 1678 corporis
681 1648 770 1670 erant.
791 1643 886 1678 Itaque
905 1643 1040 1676 homines,

259 1694 376 1718 mentem
391 1694 419 1716 et
430 1689 621 1724 cogitationem
634 1697 650 1716 a
666 1690 747 1717 rebus
763 1689 924 1717 caelestibus
944 1697 1043 1717 avoca-

258 1740 366 1768 verunt,
382 1740 409 1764 et
422 1736 526 1770 seipsos
548 1735 724 1770 contemplari
751 1740 905 1771 cmperunt.
931 1735 1041 1771 Seipsos

258 1786 350 1810 autem
362 1781 580 1816 contemplando.
595 1781 758 1816 corporique
770 1781 866 1809 aliisve
879 1781 970 1813 rebus,
981 1788 1042 1816 quas

256 1834 354 1855 sensus
371 1832 489 1858 movent,
507 1827 673 1860 inbaarendo,
685 1834 717 1855 ac
734 1827 808 1854 velut
824 1827 851 1855 in
865 1827 981 1863 propriis
995 1829 1042 1855 de-

256 1873 339 1908 cepti,
357 1872 384 1899 iu
399 1873 440 1899 sui
452 1872 627 1906 cupiditatem
645 1872 748 1907 delapsi
763 1877 838 1906 sunt,
859 1874 977 1908 propriis
991 1881 1036 1901 re—

256 1918 308 1944 bus
330 1923 421 1944 rerum
445 1917 596 1944 divinarum
621 1917 843 1951 contemplationi
868 1919 1039 1954 antepositis.

257 1961 286 1989 ln
301 1962 344 1989 his
358 1969 441 1996 porro
454 1967 665 1996 commorantes,
683 1963 861 1998 nolentesque
881 1972 895 1991 a
908 1965 1040 1999 proximis

257 2008 310 2036 sibi
328 2008 408 2036 rebus
424 2009 575 2041 discedere,
592 2017 669 2036 suam
685 2011 803 2037 animam
818 2012 892 2038 omni
909 2012 1036 2046 cupidita-

259 2059 314 2080 tum
342 2061 440 2089 genere
462 2055 595 2082 turbatam
613 2060 640 2082 et
654 2056 835 2090 inquinatam,
853 2058 975 2092 corporis
993 2065 1040 2085 vo-

257 2099 407 2134 luptatibus
419 2101 620 2134 constrinxere,
647 2109 678 2128 ac
699 2102 752 2128 vim
777 2110 856 2136 quam
878 2103 911 2131 ab
934 2103 1038 2130 initioa

257 2146 312 2173 Deo
327 2151 498 2180 acceperant,
517 2147 625 2181 penitus
648 2147 726 2175 obliti
742 2153 814 2176 sunt.
834 2149 861 2175 Id
879 2155 945 2177 vero
961 2150 997 2177 ita
1009 2158 1038 2177 se

1098 268 1345 304 ὑπερεκπλὴττεται
1364 270 1393 296 δὲ
1415 270 1555 297 κατανοῶν
1574 270 1623 306 τὴν
1646 270 1680 297 δι’
1695 271 1777 297 αὑτοῦ
1793 272 1832 303 εἰς
1853 271 1881 298 τὸ

1097 316 1150 343 πᾶν
1166 315 1292 350 πρόνοιαν
1302 336 1310 349 ,
1328 316 1456 352 ὑπεράνω
1479 317 1530 352 μὲν
1547 317 1601 343 τῶν
1615 317 1751 352 αἰσθητῶν
1767 318 1814 344 καὶ
1830 318 1880 345 πά·
1890 331 1911 361 δ(

1097 369 1147 396 σης
1164 363 1320 398 σωματικῆς
1336 363 1484 397 φαντασίας
1501 363 1652 398 γινόμενος,
1674 364 1742 400 πρὸς
1756 364 1784 390 δὲ
1805 365 1839 392 τὰ
1854 366 1881 392 ὲν

1096 408 1218 444 οὐρανοῖς
1233 408 1291 435 θεῖα
1306 410 1352 436 καὶ
1368 409 1451 445 νοητὰ
1461 411 1494 445 τῇ
1507 409 1618 445 δυνάμει
1632 409 1678 436 τοῦ
1690 410 1736 436 νοῦ
1752 411 1880 437 συναπτό-

1097 463 1187 490 μενος.
1209 455 1273 482 Ὅτε
1286 456 1341 491 γὰρ
1353 456 1385 482 οὺ
1401 456 1539 491 συνομιλεῖ
1552 458 1607 488 τοῖς
1623 456 1746 492 σώμασιν
1765 458 1779 484 ὸ
1791 457 1852 488 νοῦς
1867 458 1880 484 ὸ

1096 500 1149 527 τῶν
1165 499 1327 536 ἀνθρώπων,
1342 500 1401 527 οὐδὲ
1413 509 1440 526 τι
1452 500 1502 535 τῆς
1519 501 1551 527 ὲκ
1563 501 1666 527 τούτων
1679 501 1826 536 ὲπιθυμίας
1840 510 1881 536 pe-

1098 546 1229 581 μιγμένον
1243 545 1342 579 ἔξωθεν
1356 546 1422 581 ἔχει,
1437 546 1493 573 ἀλλ’
1508 546 1567 578 ὅλος
1577 547 1650 574 ἐστὶν
1661 547 1717 574 ἄνω
1728 547 1817 582 ἑαυτῷ

1097 590 1183 619 συνὼν
1205 591 1243 623 ὡς
1266 592 1378 626 γέγονεν
1399 592 1428 624 ἐξ
1450 592 1555 628 ἀρχῆς’
1572 592 1633 618 τότε
1652 592 1697 628 δὴ,
1717 592 1750 619 τὰ
1767 592 1881 628 αἰσθητὰ

1096 639 1142 665 καὶ
1158 639 1248 665 πάντα
1260 639 1294 665 τὰ
1310 639 1467 674 ἀνθρώπινα
1481 639 1586 671 διαϐὰς,
1604 639 1661 666 άνω
1682 639 1827 675 μετάρσιος
1840 639 1881 673 γί-

1095 694 1181 717 νεται,
1201 685 1247 712 καὶ
1264 685 1309 712 τὸν
1326 686 1411 719 Λόγον
1425 685 1496 717 ιδὼν,
1512 686 1563 722 όρᾷ
1578 686 1606 712 ὲν
1621 685 1696 721 αὐτῷ
1709 686 1758 712 καὶ
1771 685 1817 712 τὸν
1835 685 1880 711 τοῦ

1096 731 1182 765 Λόγου
1196 731 1314 767 Πατέρα,
1332 731 1460 767 ἡδόμενος
1481 732 1527 758 ἐπὶ
1547 733 1580 767 τῇ
1598 731 1694 758 τούτου
1710 731 1820 766 θεωρίᾳ,
1836 731 1881 758 καὶ

1095 777 1325 813 ἀνακαινούμενος
1345 779 1391 804 ἐπὶ
1413 777 1452 814 τῷ
1470 778 1539 814 πρὸς
1559 778 1655 805 τοῦτον
1675 777 1767 813 πόθῳ·
1789 777 1881 812 ὥσπερ

1095 821 1140 851 οὖν
1156 824 1201 850 τὸν
1223 823 1330 860 πρῶτον
1345 824 1399 851 τῶν
1423 824 1574 860 ἀνθρώπων
1593 824 1755 859 γενόμενον,
1779 823 1808 855 ὃς
1836 823 1881 849 καὶ

1095 871 1164 898 κατὰ
1179 871 1226 907 τὴν
1248 871 1380 907 Ἑϐραίων
1396 871 1519 906 γλῶτταν
1544 870 1630 906 ’Λδὰμ
1653 869 1816 906 ὠνομάσθη,
1836 869 1880 895 λέ-

1094 927 1188 952 γουσιν
1207 918 1235 944 αἱ
1268 918 1340 953 ἱεραὶ
1365 917 1473 953 Γραφαὶ
1497 917 1566 944 κατὰ
1586 918 1635 952 τὴν
1660 917 1746 952 ἀρχὴν
1768 916 1880 943 ἀνεπαι-

1095 963 1200 999 σχύντῳ
1210 963 1349 999 παρρησίᾳ
1363 963 1409 990 τὸν
1425 963 1485 989 νοῦν
1493 963 1638 998 ἐσχηκέναι
1656 963 1724 998 πρὸς
1737 962 1783 988 τὸν
1797 961 1862 988 Θεὸν
1871 981 1878 992 ,

1094 1009 1142 1035 καὶ
1158 1008 1359 1035 συνδιαιτᾶσθαι
1372 1009 1428 1040 τοῖς
1440 1007 1527 1042 ἁγίοις
1541 1009 1570 1034 ὲν
1584 1009 1616 1043 τῇ
1631 1007 1686 1033 τῶν
1699 1006 1802 1042 νοητῶν
1814 1005 1879 1032 θεω-

1096 1054 1149 1089 ρίᾳ,
1162 1053 1194 1089 ἢν
1209 1051 1281 1088 εἶχεν
1296 1054 1326 1080 ὲν
1342 1053 1438 1088 ἐκείνῳ
1453 1053 1491 1088 τῷ
1506 1053 1591 1088 τόπῳ,
1604 1053 1632 1078 δν
1646 1053 1693 1079 καὶ
1706 1052 1720 1078 ὸ
1736 1052 1812 1086 ἆγιος
1825 1052 1879 1086 (16)

1094 1096 1212 1131 Μωῠσῆς
1232 1097 1371 1133 τροπικῶς
1390 1097 1552 1132 παράδεισον
1569 1096 1720 1132 ὠνόμασεν.
1742 1097 1831 1132 Ἱκανὴ
1850 1097 1879 1124 δὲ

1093 1143 1261 1179 ήτῆςψυχῆς
1277 1143 1430 1180 καθαρότης
1449 1144 1507 1170 ἐστὶ
1516 1143 1561 1170 τὸν
1570 1143 1634 1169 Θεὸν
1648 1144 1681 1170 δι’
1696 1143 1794 1179 ἑαυτῆς
1810 1151 1878 1170 κατ-

1092 1189 1273 1225 οπτρίζεσθαι
1295 1190 1363 1226 (17),
1384 1190 1508 1225 καθάπερ
1525 1190 1571 1216 καὶ
1584 1190 1599 1216 ὁ
1608 1189 1709 1225 Κύριός
1720 1197 1803 1225 φησι·
1816 1191 1878 1216 Μα-

1092 1234 1186 1270 κάριοι
1205 1237 1232 1262 οἱ
1251 1237 1371 1271 καθαροὶ
1388 1236 1425 1270 τῇ
1446 1236 1561 1271 καρδίᾳ,
1577 1235 1621 1262 ὅτι
1639 1236 1724 1263 αὐτοὶ
1738 1235 1791 1263 τὸν
1806 1234 1880 1263 Θεὸν·

1094 1281 1228 1316 ὄψονται.

1125 1413 1153 1441 5.
1170 1412 1248 1439 Οὕτω
1268 1412 1316 1448 μὲν
1329 1410 1375 1439 οὗν
1389 1413 1403 1439 ὁ
1417 1412 1594 1448 Δημιουργὸς,
1608 1412 1702 1448 ὥσπερ
1716 1411 1832 1447 εἴρηται,
1847 1411 1878 1438 τὸ

1091 1458 1145 1486 τῶν
1157 1458 1308 1495 ἀνθρώπων
1322 1459 1399 1493 γένος
1421 1458 1607 1485 κατεσκεύασε
1620 1478 1628 1490 ,
1645 1459 1691 1485 xui.
1707 1457 1796 1494 μένειν
1816 1457 1879 1492 ἠθέ-

1093 1504 1189 1540 λησενο
1201 1505 1225 1531 οἱ
1236 1505 1264 1531 δὲ
1278 1504 1426 1540 ἄνθρωποι,
1441 1505 1711 1540 κατολιγωρήσαντες
1722 1503 1775 1530 τῶν
1791 1511 1879 1539 κρειτ-

1092 1551 1185 1583 τόνων,
1203 1550 1249 1578 καὶ
1264 1550 1428 1586 ὀκνήσαντες
1445 1550 1509 1586 περὶ
1525 1551 1574 1586 τὴν
1594 1550 1696 1577 τούτων
1715 1549 1877 1584 κατάληψιν,

1092 1597 1126 1623 τὰ
1144 1596 1282 1632 ἐγγυτέρω
1303 1597 1357 1631 (18)
1381 1596 1479 1631 μᾶλλον
1497 1596 1601 1623 ἑαυτῶν
1615 1596 1759 1631 ἐζήτησαν,
1780 1595 1879 1630 Ἐγγύ-

1091 1650 1158 1678 τερα
1173 1643 1200 1669 δὲ
1209 1642 1314 1674 τούτοις
1330 1639 1363 1678 ἦν
1374 1642 1404 1669 τὸ
1419 1642 1508 1678 σῶμα,
1522 1642 1568 1670 καὶ
1579 1641 1608 1668 αἱ
1619 1642 1712 1669 τούτου
1726 1642 1876 1677 αἰσθήσεις.

1095 1688 1174 1715 ὐθεν
1192 1688 1246 1716 τῶν
1270 1688 1318 1724 μὲν
1332 1688 1434 1724 νοητῶν
1450 1688 1606 1724 ἀπέστησαν
1623 1688 1725 1715 ἑαυτῶν
1745 1687 1791 1714 τὸν
1804 1686 1877 1719 νοῦν,

1092 1735 1203 1767 ἑαυτοὺς
1215 1734 1243 1762 δὲ
1257 1736 1396 1762 κατανοεῖν
1408 1733 1525 1770 ἡρξαντο
1538 1734 1593 1769 (19)
1601 1755 1604 1759 .
1613 1733 1742 1766 Ἑαυτοὺς
1752 1733 1781 1760 δὲ
1789 1742 1876 1761 κατα-

1092 1781 1224 1812 νοοῦντες,
1245 1779 1293 1806 καὶ
1316 1779 1363 1806 τοῦ
1388 1789 1418 1806 τε
1431 1779 1556 1814 σώματος
1568 1780 1613 1807 καὶ
1624 1780 1678 1806 τῶν
1686 1779 1776 1807 ἄλλων
1786 1779 1878 1814 αἰσθη-

1091 1826 1145 1853 τῶν
1160 1825 1428 1861 ἁντιλαμὸανόμενοι,
1444 1825 1491 1852 καὶ
1504 1825 1541 1857 ὡς
1558 1826 1587 1852 ὲν
1603 1825 1678 1857 ίδίοις
1693 1825 1877 1861 ἀπατώμενοι,

1092 1872 1132 1903 εις
1150 1871 1254 1898 ἑαυτῶν
1274 1870 1420 1906 ἐπιθυμίαν
1445 1870 1545 1897 ἔπεσαν
1567 1869 1634 1906 (20),
1652 1871 1686 1898 τὰ
1706 1870 1758 1897 ῐδια
1785 1879 1879 1906 προτι-

1093 1917 1229 1953 μήσαντες
1242 1916 1290 1951 τῆς
1304 1916 1372 1952 πρὸς
1387 1915 1422 1942 τὰ
1435 1915 1494 1942 θεῖα
1509 1915 1624 1951 θεωρίας
1634 1923 1641 1931 ·
1659 1915 1878 1950 ἐνδιατρίψαντες

1091 1962 1119 1988 δὲ
1135 1961 1248 1993 τούτοις,
1266 1961 1314 1988 καὶ
1333 1961 1388 1987 τῶν
1406 1961 1544 1997 ἐγγυτέρω
1562 1961 1598 1996 μὴ
1615 1961 1767 1996 ἀποστῆναι
1786 1961 1878 1988 θέλον-

1091 2016 1147 2040 τες,
1159 2008 1220 2039 ταῖς
1236 2007 1286 2042 μὲν
1300 2006 1346 2033 τοῦ
1365 2006 1489 2042 σώματος
1505 2007 1610 2042 ἡδοναῖς
1627 2006 1801 2034 συνέκλεισαν
1815 2007 1879 2033 ἑαυ-

1091 2053 1145 2080 τῶν
1161 2054 1210 2089 τὴν
1224 2052 1322 2088 ψυχὴν,
1339 2052 1545 2088 τεταραγμένην
1567 2053 1614 2078 καὶ¹
1630 2052 1806 2087 πεφυρμένην
1823 2053 1877 2079 πά·
1887 2066 1933 2104 νβ

1092 2109 1153 2132 σαις
1165 2099 1321 2135 ἐπιθυμίαις
1334 2107 1340 2114 ’
1357 2098 1446 2126 τέλεον
1459 2098 1486 2125 δὲ
1502 2098 1663 2125 ἐπελάθοντο
1676 2098 1727 2133 τῆς
1746 2097 1775 2131 se
1790 2097 1879 2133 ἀρχῆς

1091 2147 1180 2174 αὐτῶν
1194 2146 1268 2183 παρὰ
1284 2145 1350 2173 Θεοῦ
1366 2145 1514 2180 δυνάμεως.
1529 2145 1613 2171 Τοῦτο
1626 2145 1648 2171 δ’
1662 2145 1694 2172 ἄν
1709 2153 1752 2176 τις
1770 2143 1818 2170 ἴδοι
1830 2144 1879 2170 καὶ

257 2192 358 2219 habere
377 2192 419 2220 vel
431 2199 464 2220 ex
481 2193 569 2227 primo
586 2192 695 2220 homine
707 2193 800 2221 videre
811 2194 885 2228 licet,
902 2200 932 2223 ut
948 2203 981 2223 ex
994 2204 1037 2224 sa-

1093 2195 1122 2221 ὲκ
1137 2192 1184 2220 τοῦ
1203 2192 1311 2228 πρώτου
1329 2191 1492 2222 πλασθέντος
1508 2190 1651 2226 ἀνθρώπου
1668 2189 1777 2225 ἀληθὲς,
1794 2189 1831 2221 ὡς
1848 2190 1878 2217 αἱ

256 2238 312 2265 cris
335 2237 484 2272 Scripturis
513 2238 655 2266 discimus.
680 2238 819 2274 Siquidem
848 2241 967 2275 quandiu
996 2241 1041 2269 ille

257 2289 375 2311 mentem
390 2284 424 2311 ad
440 2284 524 2312 Deum
537 2290 564 2312 et
584 2285 631 2312 Dei
647 2286 906 2321 contemplationem
918 2287 1038 2323 applica-

256 2329 305 2361 vit,
322 2329 446 2364 corporis
468 2331 726 2365 contemplationem
750 2333 870 2367 respuit:
891 2340 952 2360 cum
975 2341 1041 2360 vero

256 2375 390 2410 serpentis
402 2383 533 2410 persuasu
547 2377 739 2412 cogitationem
756 2385 771 2404 a
790 2377 844 2405 Deo
866 2379 976 2412 avertit,
994 2387 1038 2406 se-

255 2427 310 2456 que
323 2422 500 2458 contemplari
520 2424 604 2458 ccepit
618 2432 625 2456 ;
644 2428 709 2451 tunc
722 2423 760 2451 illi
773 2424 808 2452 (in
821 2425 946 2459 corporis
964 2425 1039 2460 cupi-

256 2467 365 2495 ditatem
383 2469 481 2497 misere
495 2469 659 2503 inciderunt,
674 2475 702 2497 et
718 2478 748 2498 se
759 2470 846 2498 nudos
864 2478 926 2499 esse
941 2478 1039 2506 cognm

295 2527 304 2543 ¹
317 2527 410 2555 Matth.
427 2537 454 2560 ν,
468 2528 495 2557 8.

292 2593 413 2631 (βλ-δίο
426 2595 537 2630 Seguer.
556 2597 633 2631 Angt.
648 2602 674 2623 et
685 2597 804 2625 Fcickm.
818 2597 835 2625 2
846 2605 890 2625 an.
905 2597 1037 2626 Alii-cum

254 2629 411 2667 editisﬁlui;
423 2631 464 2667 vel
477 2629 623 2667 ὂλοςνὲστῖν
636 2632 733 2667 ἐαυτῷ.

290 2664 344 2699 (lli)
370 2665 399 2692 '0
424 2665 501 2698 ἅγιος
529 2666 607 2694 deest
632 2668 657 2694 in
685 2664 794 2695 beler.
824 2673 851 2696 et
881 2667 1000 2696 Felckm.
1021 2668 1033 2695 l

254 2705 322 2725 anim
328 2718 334 2724 .

290 2734 345 2774 (i7)
358 2734 474 2762 Colb.el
495 2735 586 2774 Felck,
607 2736 624 2762 2
642 2744 699 2774 an"
724 2737 939 2774 tvompiCsaeat,
968 2737 1034 2765 Ibid.

255 2774 319 2805 ante
332 2769 401 2805 hanc
413 2778 504 2798 vooetn
518 2771 583 2798 editi
596 2777 623 2798 et
637 2772 728 2805 plures
750 2769 814 2800 mss:
831 2769 905 2800 Com.
934 2773 1034 2800 habent

254 2803 348 2843 aii-5:71;.
363 2804 431 2843 ἕως.
447 2805 524 2843 cultu
536 2806 613 2832 Gobl.
634 2803 659 2834 et
673 2807 762 2835 Felck.
778 2808 790 2834 i
808 2816 864 2842 an.,
875 2808 986 2843 ἑαυτῆς.

289 2839 345 2874 (18)
360 2838 446 2872 Colb.,
461 2841 618 2876 ἐγγύτερον.

1092 2239 1163 2276 ἱεραὶ
1179 2239 1242 2274 περὶ
1255 2237 1336 2265 αὐτοῦ
1351 2237 1458 2271 λέγουσι
1470 2236 1584 2272 Γραφαί.
1597 2237 1730 2268 Κάκεῖνος
1742 2236 1806 2271 γὰρ,
1822 2235 1878 2267 ἓως

1093 2286 1142 2321 μὲν
1156 2285 1200 2312 τὸν
1215 2284 1274 2312 νοῦν
1291 2281 1348 2319 εἶχε
1364 2283 1432 2318 πρὸς
1448 2282 1494 2309 τὸν
1508 2282 1574 2309 Θεὸν
1595 2283 1642 2309 καὶ
1658 2282 1706 2318 τὴν
1721 2282 1816 2308 τούτου
1832 2281 1879 2308 θε-

1090 2331 1185 2368 ωρίαν,
1199 2330 1384 2365 ἀπεστρέφετο
1395 2329 1444 2364 τὴν
1457 2329 1524 2365 πρὸς
1539 2329 1570 2355 τὸ
1587 2329 1665 2364 σῶμα
1681 2328 1796 2364 θεωρίαν
1807 2327 1875 2363 (21)-

1090 2379 1135 2405 ὅτε
1154 2377 1184 2404 δὲ
1202 2376 1351 2412 συμῦουλίᾳ
1371 2375 1418 2402 τοῦ
1436 2375 1524 2410 ὄφεως
1539 2375 1644 2410 ἀπέστη
1671 2375 1721 2410 μὲν
1740 2374 1790 2410 τῆς
1806 2373 1877 2409 πρὸς

1091 2424 1137 2451 τὸν
1149 2423 1215 2450 Θεὸν
1228 2422 1355 2454 διανοίας,
1371 2421 1466 2448 ἑαυτὸν
1478 2421 1506 2447 δὲ
1520 2422 1661 2447 κατανοεῖν
1675 2419 1786 2456 ἤρξατο,
1801 2429 1879 2455 τηνι-

1093 2469 1181 2498 καῦτα
1197 2469 1243 2496 καὶ
1263 2469 1303 2500 είς
1320 2467 1468 2502 ἐπιθυμίαν
1489 2466 1535 2493 τοῦ
1560 2466 1684 2503 σώματος
1700 2466 1810 2499 ἔπεσαν,
1827 2466 1878 2493 καὶ

1127 2591 1181 2627 (19)
1197 2591 1259 2618 Haec
1267 2591 1347 2618 verba
1359 2590 1472 2622 ἑαυτοὺς
1479 2590 1506 2616 δὲ
1520 2590 1663 2627 κατανοεῖν
1672 2588 1800 2627 ήρξαντο,
1813 2596 1875 2623 qum

1086 2625 1215 2662 legerant,
1236 2631 1262 2654 et
1287 2630 1426 2652 verterant
1453 2627 1631 2662 interpretes,
1648 2625 1876 2662 desiderabantur

1090 2658 1131 2689 in'
1152 2661 1243 2693 editis,
1266 2668 1327 2695 quae
1353 2668 1385 2687 ex
1410 2668 1475 2687 mss.
1509 2659 1623 2693 Seguer.
1655 2658 1732 2687 Colb.
1761 2658 1874 2686 Gobier.

1089 2695 1210 2725 Fclckm.
1224 2696 1241 2723 2
1255 2702 1283 2723 et
1298 2695 1315 2722 5
1333 2703 1415 2723 anon.
1431 2695 1610 2722 rcstituimus.

1124 2732 1180 2767 (20)
1199 2731 1244 2758 Sic
1263 2731 1375 2767 δείξειεν.
1399 2735 1426 2757 et.
1451 2729 1532 2758 infra.
1558 2730 1593 2758 At
1618 2728 1707 2762 Colb.,
1729 2735 1873 2765 avsmqov.

1088 2765 1138 2795 Alii
1155 2765 1216 2793 cum
1230 2766 1308 2793 editis
1322 2765 1428 2792 ἔπεσον.

1125 2802 1181 2838 (ει)
1202 2801 1277 2829 Colb.
1297 2806 1323 2828 et
1338 2799 1438 2829 Felkm.
1455 2801 1474 2830 Ξ
1485 2806 1648 2836 anonymus,
1664 2797 1764 2833 φιλίαν.
