2027 3042
87 1562 111 1582 ει

183 183 202 211 9
768 179 896 207 ORATIO
914 178 1050 207 CONTRA
1071 176 1214 206 GENTES.
1764 170 1798 197 ω

185 239 306 272 ἔγνωσαν
332 239 374 265 ὅτι
397 238 496 274 γυμνοὶ
508 236 588 274 ἦσαν,
605 238 652 266 καὶ
668 237 776 272 γνόντες
790 237 965 273 ᾐσχύνθησαν

1026 242 1132 267 verunt.
1146 243 1206 270 qua:
1222 234 1288 270 ipsis
1308 239 1388 261 causa
1414 231 1464 259 fuit
1485 229 1671 258 erubescendi.
1689 227 1799 263 Seipsos

184 283 326 319 Ἐγνωσαν
341 284 370 310 δὲ
382 284 495 316 ἑαυτοὺς
513 284 632 319 γυμνοὺς
647 284 676 309 οὐ
691 282 815 310 τοσοῦτον
829 283 882 310 ἀπὸ
893 283 968 310 ἐνδυ-

188 332 281 367 μάτων
300 331 368 367 (2‘2),
385 331 442 358 ἀλλ’
461 331 502 358 ὅτι
515 331 612 366 γυμνοὶ
627 331 676 366 τῆς
691 330 745 357 τῶν
760 330 839 357 θείων
855 330 969 366 θεωρίας

185 383 323 412 γετονασι,
349 377 481 413 καὶπρὸς
498 377 532 404 τὰ
557 376 666 404 ἐναντία
695 376 744 412 τὴν
766 376 884 404 διάνοιαν
904 386 969 412 μετ-

187 426 317 458 ήνεγκαν.
327 423 505 455 ’Δποστάντες
519 422 573 458 γὰρ
584 422 633 458 τῆς
648 422 715 458 πρὸς
727 422 772 449 τὸν
783 422 831 449 ἕνα
839 423 885 450 καὶ
895 423 969 456 ὄντα,

186 470 252 496 θεὸν
265 470 345 504 λέγω,
362 469 552 504 κατανοήσεως
569 469 616 495 καὶ
629 468 675 495 τοῦ
690 468 758 504 πρὸς
773 469 852 495 αὐτὸν
876 469 968 501 πόθου.

187 516 278 542 λοιπὸν
292 517 332 548 εις
348 515 491 550 διαφόρους
508 515 554 541 καὶ
573 516 612 546 εἰς
627 514 676 546 τὰς
690 514 760 541 κατὰ
778 515 859 551 μέρος
876 516 970 542 ἐπιθυ-

188 562 251 597 μίας
264 561 394 596 ἐνέϐησαν
406 561 461 597 (25)
476 560 523 588 τοῦ
542 560 675 596 σώματος.
694 559 768 593 Εἶτα,
784 559 827 587 οἵα
842 561 913 596 φιλεῖ
928 562 969 595 γί-

185 607 295 638 νεσθαι,
315 607 429 633 ἑκάστου
459 607 506 632 καὶ
532 606 636 632 πολλῶν
663 606 812 641 ἐπιθυμίαν
833 606 968 639 λασόντες,

185 651 301 687 ἧρξαντο
321 651 367 677 καὶ
383 651 433 686 τὴν
449 651 516 686 πρὸς
530 650 613 682 αὑτὰς
627 650 718 685 σχέσιν
731 649 803 685 ἔχειν
815 658 822 664 ·
839 649 909 677 ὥστε
923 651 970 677 καὶ

185 697 325 731 φοὸεἰσθαι
339 696 439 728 ταύτας
459 695 630 730 καταλεῖψαι.
653 695 733 722 Ὅθεν
751 695 783 731 δὴ
800 696 847 722 καὶ
862 696 968 728 δειλίαι,

185 744 233 770 καὶ
255 743 344 777 φόϐοι,
363 743 410 770 καὶ
426 742 529 779 ἡδοναὶ,
551 742 597 768 καὶ
615 741 700 777 θνητὰ
719 744 826 778 φρονεῖν
841 743 873 778 τῇ
897 743 968 778 ψυχῇ

186 789 379 824 προσγέγονεν.
393 789 430 816 Oti
447 788 560 815 θέλουσα
575 787 629 823 γὰρ
644 787 794 822 ἀποστῆναι
809 788 864 815 τῶν
878 788 970 815 ἐπιθυ.-

188 835 266 869 μιῶν,
284 834 404 869 φοϐεῖται
425 834 470 861 τὸν
487 833 600 860 θάνατον
624 833 672 860 καὶ
694 833 739 860 τὸν
761 834 898 870 χωρισμὸν
923 834 970 860 τοῦ

187 879 322 914 σώματος.
342 879 525 915 Ἐπιθυμοῠσα
540 880 568 906 δὲ
584 879 675 911 πάλιν,
687 880 734 906 καὶ
749 879 786 914 μὴ
800 879 970 914 τυγχάνουσα

1022 289 1102 318 porro
1118 289 1170 308 non
1184 285 1239 307 tam
1252 279 1372 307 vestibus
1387 278 1473 305 nudos
1483 283 1543 304 esse
1555 274 1797 310 deprehenderunt.

1020 336 1100 362 quam
1113 328 1185 362 quod
1201 333 1289 353 rerum
1308 324 1460 352 divinarum
1479 321 1709 355 contemplatione
1735 319 1798 346 nudi

1020 373 1082 399 facti
1099 376 1172 404 sunt,
1188 377 1270 406 atque
1281 370 1400 397 animum
1413 369 1446 395 ad
1458 368 1596 396 contraria
1611 366 1797 393 traduxerunt.

1021 418 1206 445 Dem-iscentes
1225 416 1297 443 enim
1312 415 1346 443 ab
1362 415 1434 442 illius
1445 414 1492 449 qui
1508 418 1534 441 et
1548 420 1618 440 unus
1632 417 1659 439 et
1672 419 1736 439 vere
1757 415 1799 437 est

1022 463 1118 499 (Deum
1136 461 1269 497 intelligo)
1285 461 1442 496 cognitione
1463 465 1491 487 et
1507 466 1610 490 amore,
1630 459 1657 485 in
1678 457 1800 486 diversas

1021 509 1133 544 posthac
1150 512 1177 535 et
1193 507 1313 542 singulas
1327 505 1452 541 corporis
1472 505 1632 540 cupiditates
1655 510 1715 531 sese
1734 510 1798 538 pro-

1017 555 1116 591 iecere.
1136 554 1246 585 Deinde,
1267 557 1297 580 ιιι
1314 552 1370 579 fieri
1389 551 1468 583 solet,
1489 558 1550 578 cum
1580 549 1747 585 singularum
1772 553 1800 575 et

1021 601 1167 627 multarum
1183 607 1272 627 rerutn
1289 597 1484 633 cupiditatibus
1511 596 1667 631 flagrarent.
1689 595 1716 622 in
1741 594 1802 620 illas

1020 646 1083 674 ferri
1100 646 1191 673 habitu
1202 649 1354 680 cceperuut,
1368 636 1437 670 adeo
1450 647 1479 670 ut
1491 650 1538 670 eas
1551 641 1704 676 relinquere
1718 640 1799 667 etiam

1021 693 1239 720 rel‘ormidarent.
1259 691 1328 719 Hinc
1343 691 1441 717 factum
1461 693 1503 716 est
1516 693 1545 716 ut
1560 688 1729 720 timiditates,
1744 692 1799 713 me-

1021 743 1062 765 tus
1090 746 1120 766 ac
1135 737 1258 765 libidines
1285 738 1310 764 in
1328 736 1416 763 animo
1439 735 1585 766 orirentur,
1613 732 1734 766 nihilque
1754 731 1798 758 illa

1020 783 1070 811 nisi
1088 783 1201 810 mortale
1219 787 1336 817 saperet.
1356 781 1495 815 Siquidem
1518 779 1614 807 nolens
1638 777 1800 812 cupiditates

1020 829 1168 861 dimittere,
1186 833 1299 855 mortem
1317 827 1495 862 corporisque
1516 824 1722 860 disiunctionem
1739 830 1799 857 per-

1021 875 1146 901 timescit.
1160 873 1225 901 Cum
1247 874 1309 900 item
1334 880 1364 900 ea
1380 880 1440 907 qua:
1456 869 1664 905 concupiscebat
1684 876 1736 896 non
1757 875 1800 896 as-

185 924 239 950 τῶν
254 925 363 960 ὁμοίων,
380 914 464 960 ἔμαθε
477 925 601 960 φονεύειν
617 926 664 952 καὶ
676 925 788 952 ἀδικεῖν.
805 924 866 957 Πῶς
882 925 910 952 δὲ
924 927 965 952 καὶ

1020 924 1186 954 sequeretur,
1202 919 1326 946 occidere
1345 922 1372 946 et
1395 918 1495 953 injuste
1515 923 1596 951 agere
1611 915 1713 960 didicit.
1730 914 1799 948 Qua-

185 968 272 995 ταῦτα
289 970 374 1002 ποιεῖ,
391 970 501 1004 εὔλογον
519 970 590 997 κατὰ
605 970 720 1005 δύναμιν
735 970 862 1006 σημᾶναι.

220 1056 247 1095 4.
274 1057 428 1084 ’Δποστᾶσα
447 1058 496 1093 τῆς
513 1057 565 1084 τῶν
582 1057 684 1093 νοητῶν
704 1057 830 1092 θεωρίας,
848 1057 895 1084 καὶ
908 1059 968 1090 ταῖς

185 1098 254 1126 κατὰ
279 1100 361 1136 μέρος
383 1100 429 1127 τοῦ
449 1101 573 1136 σώματος
592 1102 741 1137 ἐνεργείαις
760 1103 968 1138 καταχρωμένη,

184 1145 230 1171 καὶ
246 1144 357 1180 ἡσθεῖσα
369 1148 402 1181 τῇ
417 1146 463 1173 τοῦ
479 1146 602 1182 σώματος
617 1147 727 1183 θεωρίᾳ,
743 1149 790 1174 καὶ
808 1148 898 1175 ἰδοῦσα
917 1157 967 1175 κα-

184 1190 229 1230 λὸν
240 1191 322 1226 ἑαυτῇ
336 1189 464 1228 εἶναιτὴν
479 1193 586 1228 ἡδονὴν,
603 1193 769 1229 πλανηθεῖσα
780 1195 968 1230 κατεχρήσατο

155 1223 223 1269 ﬁt?)
235 1235 281 1262 τοῦ
298 1223 380 1262 καλοῦ
395 1223 516 1273 ὀνόματι,
533 1223 583 1265 και
594 1223 718 1275 ἐνόμισεν
729 1237 798 1266 εἶναι
813 1223 969 1276 τὴνιὴθονὴν

184 1282 249 1308 αὐτὸ
259 1282 289 1308 τὸ
300 1282 382 1314 ὅντως
399 1284 494 1310 καλόν·
509 1284 602 1321 ὥσπερ
618 1285 644 1312 et
654 1294 706 1317 τις,
723 1286 772 1321 τὴν
787 1286 906 1313 διάνοιαν
916 1294 968 1313 πα-

186 1326 350 1362 ραπληγεὶς,
372 1328 419 1355 καὶ
436 1329 560 1356 ἀπαιτῶν
577 1329 653 1364 ξίφος
667 1330 737 1357 κατὰ
757 1331 811 1357 τῶν
827 1330 969 1357 ἀπαντών-

183 1381 247 1404 των,
265 1372 368 1408 νομίζοι
386 1373 441 1409 (Ξι)
463 1374 541 1401 τοῦτο
556 1373 627 1402 εἶναι
649 1375 681 1402 τὸ
701 1377 859 1412 σωφρονεῖν.
888 1377 968 1412 Ἐρα-

184 1418 276 1445 σθεῖσα
289 1418 317 1445 δὲ
336 1419 385 1454 τῆς
404 1419 510 1455 ἡδονῆς,
527 1421 657 1454 ποικίλως
677 1422 762 1457 αὐτὴν
782 1422 901 1458 ἐνεργεῖν
920 1423 968 1458 ἦρ-

183 1466 257 1499 Eata.
273 1463 346 1493 Οὖσα
361 1466 414 1502 γὰρ
427 1466 476 1502 τὴν
492 1466 570 1501 φύσιν
587 1467 738 1502 εὐκίνητος,
754 1467 777 1493 εί
791 1467 839 1493 καὶ
853 1467 887 1494 τὰ
899 1467 968 1495 καλὰ

149 1512 356 1560 αάὶπεστράφη,
371 1511 439 1538 ἀλλὰ
454 1511 501 1538 τοῦ
516 1512 648 1539 κινεῖσθαι
662 1511 692 1538 οὒ
708 1512 833 1539 παύεται.
848 1513 968 1539 Κινεῖται

182 1555 228 1583 οὖν
244 1557 294 1583 οὐκ
303 1557 343 1584 ἔτι
353 1557 404 1592 μὲν
415 1557 484 1584 κατὰ
493 1557 603 1594 ἀρετὴν,
612 1558 671 1584 οὐδὲ
680 1557 750 1584 ὥστε
760 1558 805 1585 τὸν
813 1558 878 1585 Θεὸν
887 1559 951 1594 ὁρᾷν
958 1566 965 1573 ο

182 1602 249 1628 ἀλλὰ
260 1602 294 1629 τὰ
310 1602 346 1638 μὴ
361 1603 425 1630 ὄντα
441 1603 612 1639 λογιζομένη,
627 1603 657 1630 τὸ
674 1603 773 1639 ἑαυτῆς
787 1603 897 1630 δυνατὸν
918 1612 966 1638 με-

183 1649 297 1679 ταποιεῖ,
311 1648 509 1683 καταχρωμένη
521 1648 607 1683 τούτῳ
619 1648 658 1680 είς
671 1648 704 1680 ἂς
718 1649 863 1684 ἐπενόησεν
874 1648 967 1675 ἐπιθυ-

184 1693 259 1728 μίας,
283 1694 343 1720 ἐπεὶ
369 1695 416 1721 καὶ
444 1694 614 1727 αὑτεξούσιος
642 1695 746 1730 γέγονε.
773 1695 889 1721 Δύναται
912 1694 965 1730 γὰρ

182 1739 276 1774 ὥσπερ
293 1739 361 1775 πρὸς
372 1740 406 1767 τὰ
420 1740 490 1767 καλὰ
505 1740 604 1772 νεύειν,
617 1739 688 1767 οὕτω
704 1741 751 1767 καὶ
767 1740 800 1767 τὰ
819 1740 887 1767 καλὰ
900 1741 966 1767 ἀπο-

183 1785 360 1820 στρέφεσθαιο
376 1787 601 1822 ἀποστρεφομένη
617 1787 646 1814 δὲ
656 1787 686 1813 τὸ
703 1787 794 1818 καλὸν,
812 1787 919 1819 πάντως
932 1786 966 1814 τὰ

183 1831 290 1857 ἐναντία
311 1831 463 1865 λογίζεται·
485 1831 639 1858 παύσασθαι
653 1832 708 1867 γὰρ
723 1831 836 1858 καθόλου
855 1831 902 1858 τοῦ
922 1841 964 1859 κι-

181 1876 284 1903 νεῖσθαι
307 1877 338 1903 οὺ
359 1876 480 1908 δύναται,
503 1877 552 1912 τὴν
576 1877 655 1911 φύσιν
676 1875 753 1908 οὖσα,
773 1876 810 1908 ὡς
825 1877 963 1912 προεῖπον,

180 1921 330 1955 εὐκίνητος.
350 1922 404 1948 Καὶ
425 1921 593 1956 γινώσκουσα
609 1922 639 1949 τὸ
663 1921 833 1954 αὐτεξούσιον
856 1922 963 1956 ἑαυτῆς,

179 1967 231 2002 ὁρᾷ
250 1967 349 2002 ἑαυτὴν
363 1967 491 1994 δύνασθαι
506 1968 565 1994 κατ’
580 1967 721 2003 ἀμφότερα
735 1969 789 1999 τοῖς
801 1968 848 1994 τοῦ
870 1967 963 2003 σώμα-

179 2021 225 2044 τος
241 2012 332 2048 μέλεσι
348 2013 403 2047 (25)
425 2012 541 2047 χρᾶσθαι
555 2012 595 2044 εἴς
615 2021 646 2039 τε
665 2013 699 2040 τὰ
718 2012 783 2039 ὄντα
801 2013 847 2039 καὶ
869 2012 903 2039 τὰ
927 2012 964 2048 μὴ

179 2058 258 2085 ὄνταο
275 2059 338 2086 ὄντα
352 2059 381 2086 δέ
402 2060 459 2086 ἐστι
478 2059 511 2086 τὰ
526 2059 605 2092 καλὰ,
622 2060 672 2086 οὐκ
691 2059 755 2086 ὄντα
770 2059 799 2086 δέ
813 2059 848 2086 τὰ
864 2058 961 2094 φαῦλα.

181 2104 266 2130 Ὄντα
288 2103 316 2130 δέ
338 2113 409 2139 φημι
428 2104 463 2130 τὰ
486 2104 555 2131 καλὰ
571 2104 638 2140 (‘26),
655 2104 747 2131 καθότι
769 2105 801 2132 ὲκ
823 2104 870 2131 τοῦ
888 2104 963 2136 ὄντος

180 2146 248 2174 Θεοῦ
268 2148 302 2174 τὰ
316 2148 524 2184 παραδείγματα
548 2148 621 2184 ἔχει·
637 2149 687 2176 οὐκ
709 2150 772 2176 ὂντα
789 2150 817 2176 δὲ
833 2150 868 2176 τὰ
891 2149 964 2176 κακὰ

181 2193 262 2227 λέγω,
284 2193 378 2221 καθότι
398 2195 530 2226 ἐπινοίαις
546 2194 696 2230 ἀνθρώπων
719 2195 768 2222 οὐκ
784 2195 848 2222 ὅντα
863 2195 964 2222 ἀναπέ-

181 2240 308 2266 πλασται.
332 2240 458 2275 Ἐχοντος
472 2241 526 2276 γὰρ
548 2241 594 2267 τοῦ
608 2241 732 2276 σώματος
751 2240 904 2276 ὀφθαλμοὺς
922 2242 962 2273 εις

181 2285 211 2312 τὸ
223 2285 272 2320 τὴν
286 2285 373 2312 κτίσιν
386 2287 462 2322 όρᾷν,
477 2287 523 2313 καὶ
537 2287 581 2313 διὰ
595 2287 645 2322 τῆς
661 2287 845 2322 παναρμονίου
860 2287 962 2323 ταύτης

179 2331 330 2365 συντάξεως
344 2332 487 2366 γινώσκειν
499 2333 542 2359 τὸν
559 2332 727 2368 Δημιουργόν
735 2340 742 2348 '
756 2332 863 2368 ἔχοντος
874 2332 902 2359 δέ
913 2333 961 2360 καὶ

177 2378 261 2413 ἀκοὴν
275 2378 315 2410 εἰς
327 2378 493 2414 ὲπακρόασιν
509 2378 563 2404 τῶν
579 2378 656 2405 θείων
670 2377 767 2412 λογίων
781 2377 828 2405 καὶ
843 2377 897 2404 τῶν
912 2377 958 2405 τοῦ

177 2422 245 2448 Θεοῦ
259 2423 363 2458 νόμων·
381 2423 486 2458 ἔχοντος
501 2423 530 2449 δὲ
550 2423 596 2449 καὶ
612 2424 721 2458 χεῖρας,
739 2422 780 2455 εἷς
792 2431 822 2449 τε
840 2422 888 2458 τὴν
903 2421 957 2449 τῶν

178 2469 331 2502 ἀναγκαίων
345 2469 485 2504 ἐνέργειαν
501 2468 548 2495 καὶ
562 2468 671 2495 ἔκτασιν
686 2468 736 2504 τῆς
753 2469 821 2504 πρὸς
836 2468 882 2495 τὸν
893 2468 958 2496 Θεὸν

177 2513 268 2548 εὐχῆς·
282 2515 299 2548 ή
312 2513 385 2549 ψυχὴ
400 2515 540 2541 ἀποστᾶσα
552 2514 602 2549 τῆς
617 2514 683 2550 πρὸς
699 2513 733 2541 τὰ
747 2514 817 2542 καλὰ
831 2514 956 2549 θεωρίας,

178 2558 224 2585 καὶ
236 2558 285 2593 τῆς
300 2560 330 2586 ὲν
351 2559 440 2591 αὐτοῖς
462 2560 592 2596 κινήσεως
602 2580 610 2592 ,
626 2560 719 2587 λοιπὸν
739 2560 900 2595 πλανωμένη
918 2568 959 2586 κι-

178 2605 262 2631 νεῖται
281 2605 321 2636 εἰς
338 2605 374 2631 τὰ
396 2606 514 2632 ἐναντία.
537 2603 603 2632 Εἶτα
618 2606 649 2633 τὸ
664 2606 775 2634 δυνατὸν
796 2607 904 2642 ἑαυτῆς,
921 2607 959 2638 ὼς

177 2651 307 2685 προεῖπον
318 2670 325 2682 ,
339 2650 432 2686 ὁρῶσα
441 2671 449 2684 ,
466 2652 514 2679 καὶ
528 2652 615 2686 τούτῳ
637 2653 845 2688 καταχρωμένη,
871 2652 959 2680 ἐνενό-

210 2750 268 2790 ςΞῖ)
284 2750 407 2790 Seguer?
424 2750 581 2790 ἐνδύματος.
594 2750 663 2790 ibid.
678 2750 828 2790 ᾔεις-νοιθὲ
839 2770 848 2784 ,
867 2751 896 2778 οὐ
913 2760 958 2779 το-

177 2785 270 2829 σούξρν
285 2785 627 2829 ἔστὺυὲνδυμάτωνηάςξιιιιι
639 2785 804 2829 ἰιμξείιιιιιιιλ
813 2786 830 2813 5
841 2794 920 2829 anon:

212 2820 269 2855 (25)
285 2821 330 2848 Sic
340 2820 453 2860 §eguer.
469 2822 501 2848 At
515 2821 589 2848 Colb.
605 2825 632 2848 et
656 2820 773 2848 Felckm.
788 2821 805 2848 2
815 2829 896 2849 anon.
909 2821 958 2848 ἐπ-

176 2855 288 2889 έδησαν.
305 2855 356 2882 Ain
371 2864 430 2882 cum
443 2856 533 2888 editis,
546 2855 691 2889 ἀνέϐησαν.

213 2865 288 2889 ησαν.
305 2865 356 2882 ﬂlll
371 2865 430 2882 (ΊΙΙΙΙ
443 2865 533 2888 ὒυΙιΙίῖ,
546 2865 691 2891 ανεοησαν.

213 2890 269 2923 lii)
289 2890 333 2918 Sic
349 2891 459 2925 Seguer.
472 2891 581 2920 Gobler.
601 2897 627 2919 et
640 2890 759 2920 Felckm.
780 2898 882 2920 tanon.
905 2891 957 2919 Alii

1019 974 1081 993 nam
1097 971 1185 993 autem
1201 966 1307 993 ratione
1324 965 1374 992 ista
1385 964 1476 991 omnia
1491 967 1564 998 agat,
1580 969 1669 997 operte
1680 955 1799 996 'pretium

1018 1016 1060 1039 est
1076 1019 1125 1047 pro
1142 1010 1268 1039 facultate
1282 1017 1429 1045 exponere.

1052 1057 1079 1085 4.
1093 1056 1239 1091 Postquam
1255 1064 1270 1084 a
1286 1064 1374 1083 rerum
1390 1054 1542 1082 caelestium
1568 1051 1798 1086 contemplatione

1019 1103 1133 1131 recessit
1159 1103 1259 1135 anima,
1282 1101 1450 1136 singulisque
1481 1099 1604 1134 corporis
1628 1098 1798 1131 facultatibus

1017 1157 1100 1185 prave
1125 1157 1185 1182 usa,
1208 1153 1236 1176 et
1258 1148 1380 1182 corporis
1405 1146 1639 1181 contemplatione
1665 1144 1798 1172 deiectam

1017 1201 1072 1228 est,
1091 1201 1120 1223 ut
1136 1196 1202 1223 vidit
1215 1195 1315 1222 bonum
1331 1194 1381 1221 sibi
1400 1201 1462 1221 esse
1476 1193 1652 1227 voiuptatent,
1667 1191 1729 1218 boni
1749 1196 1798 1216 no-

1018 1243 1099 1274 mine,
1119 1241 1237 1270 errando
1255 1241 1337 1268 abusa
1352 1245 1403 1274 est,
1422 1245 1504 1274 atque
1520 1239 1685 1273 voluptatem
1711 1236 1795 1269 ipsum

1017 1295 1109 1315 verum
1124 1288 1223 1315 bonum
1235 1292 1296 1314 esse
1310 1285 1486 1317 existimavit,
1501 1291 1554 1311 non
1564 1289 1642 1311 secus
1654 1289 1685 1310 ac
1702 1282 1724 1309 si
1737 1281 1798 1316 quis

1018 1339 1108 1362 mente
1126 1333 1276 1368 perculsus,
1295 1332 1411 1367 gladium
1427 1332 1453 1359 in
1468 1331 1577 1359 obvium
1594 1337 1729 1365 quemque
1742 1328 1798 1356 dis-

1017 1379 1190 1415 tringendum
1207 1378 1396 1413 postulaverit,
1408 1377 1489 1412 idquc
1504 1377 1635 1412 sapientis
1647 1383 1707 1403 esse
1723 1375 1797 1401 arbi-

1018 1428 1114 1452 tretur.
1131 1425 1231 1451 Amore
1249 1430 1330 1459 porro
1346 1422 1491 1456 voluptatis
1505 1421 1620 1452 irretita,
1637 1427 1697 1448 eam
1723 1419 1798 1446 varie

1017 1477 1144 1498 exercere
1161 1469 1255 1504 cmpit.
1270 1468 1336 1495 Cum
1351 1467 1423 1495 enim
1440 1475 1473 1494 ex
1492 1472 1586 1493 natura
1608 1473 1655 1493 sua
1668 1467 1704 1493 sit
1719 1464 1798 1493 facile

1018 1514 1134 1548 mobilis,
1154 1513 1260 1541 tametsi
1277 1513 1310 1540 ab
1326 1513 1369 1540 his
1384 1519 1443 1547 qua
1457 1512 1526 1539 bona
1537 1517 1601 1539 sunt
1614 1518 1674 1539 sese
1687 1511 1796 1544 avertit,

1019 1559 1121 1587 moveri
1137 1564 1227 1586 tamen
1245 1566 1298 1586 non
1317 1558 1424 1585 desinit.
1439 1557 1562 1585 Movetur
1575 1556 1667 1592 itaque
1677 1557 1731 1590 jam
1744 1564 1796 1584 non

981 1596 1001 1625 ο
1018 1605 1165 1633 secundum
1186 1604 1325 1637 virtutem,
1343 1610 1431 1638 neque
1458 1607 1487 1630 ut
1513 1603 1598 1630 Deum
1622 1603 1730 1630 videat:
1749 1604 1796 1631 sed

1017 1651 1106 1678 inania
1124 1651 1257 1684 cogitans,
1274 1657 1335 1677 suas
1357 1649 1499 1676 facultates
1518 1648 1570 1676 alio
1592 1647 1729 1682 transfert,
1749 1649 1796 1676 iis-

1016 1704 1069 1732 que
1086 1697 1119 1723 ad
1139 1695 1283 1730 explendas
1302 1694 1575 1730 suasﬁcupiditates
1599 1693 1730 1727 abutitur,
1751 1699 1794 1721 ut-

1016 1747 1077 1777 pote
1090 1749 1150 1777 quae
1163 1741 1246 1768 libera
1265 1741 1333 1768 facta
1345 1741 1391 1769 sit.
1409 1740 1443 1768 Ut
1456 1740 1527 1768 enim
1544 1747 1574 1767 se
1588 1740 1621 1766 ad
1640 1740 1709 1766 bona
1728 1747 1792 1767 con-

1016 1793 1131 1821 vertere,
1149 1788 1188 1815 sic
1205 1788 1237 1815 ab
1251 1788 1345 1815 iisdem
1369 1795 1398 1814 se
1419 1791 1542 1814 avertere
1563 1790 1662 1821 potest.
1685 1787 1706 1813 Α
1724 1787 1795 1815 bono

1015 1839 1104 1861 autem
1134 1841 1241 1865 aversa,
1265 1832 1400 1860 contraria
1420 1832 1530 1859 omnino
1556 1832 1665 1866 cogitat.
1688 1831 1754 1858 Nam
1779 1840 1794 1859 a

1015 1882 1088 1905 motu
1103 1877 1183 1912 plane
1209 1877 1349 1912 quiescere
1373 1884 1426 1904 non
1452 1881 1550 1912 potest,
1568 1876 1667 1911 quippe
1688 1884 1747 1912 qua:
1760 1884 1794 1904 ex

1014 1928 1108 1951 natura
1125 1931 1184 1956 stta,
1204 1928 1233 1950 ut
1255 1923 1378 1957 superius
1396 1923 1460 1956 dixi,
1482 1923 1517 1950 sit
1541 1922 1727 1950 mobilissima.
1747 1922 1792 1949 illa

1013 1975 1077 2003 ergo
1101 1967 1218 2004 propriae
1237 1968 1371 1995 libertatis
1385 1967 1507 1999 conscia.
1528 1966 1600 1994 videt
1615 1974 1645 1994 se
1663 1967 1793 1994 membris

1014 2015 1040 2042 in
1053 2018 1194 2049 utramque
1212 2019 1316 2049 partem
1331 2014 1369 2041 uti
1386 2021 1474 2048 posse,
1489 2018 1544 2040 tum
1559 2013 1593 2040 ad
1606 2020 1637 2040 ea
1651 2020 1710 2047 quae
1720 2018 1793 2044 sunt,

1014 2065 1069 2088 tum
1084 2059 1117 2087 ad
1130 2067 1162 2087 ea
1176 2067 1236 2095 quae
1249 2067 1300 2087 non
1315 2064 1389 2087 sunt.
1406 2059 1443 2086 Ea
1459 2064 1549 2086 autem
1561 2062 1635 2090 sunt,
1651 2066 1711 2093 quae
1723 2058 1793 2085 bona

1015 2111 1092 2134 sunt:
1116 2113 1147 2134 ea
1169 2113 1234 2134 vero
1257 2114 1310 2134 non
1327 2110 1399 2137 sunt,
1416 2112 1475 2139 quae
1491 2105 1560 2132 mala
1575 2109 1647 2132 sunt.
1663 2103 1747 2131 Porro
1762 2112 1792 2132 ea

1012 2157 1072 2178 esse
1087 2151 1148 2178 dico
1161 2158 1221 2186 quae
1235 2150 1308 2178 bona
1332 2155 1404 2182 sunt,
1422 2153 1557 2184 quatenus
1580 2155 1676 2176 eorum
1699 2156 1792 2175 exem-

1014 2195 1099 2230 plaria
1118 2200 1182 2224 sunt
1195 2196 1222 2223 in
1235 2196 1289 2223 Deo
1300 2196 1346 2230 qui
1362 2202 1428 2222 vere
1443 2199 1495 2222 est.
1518 2194 1555 2221 Ea
1572 2201 1636 2221 vero
1659 2201 1712 2220 non
1732 2201 1793 2221 esse

1013 2242 1073 2269 dico
1088 2249 1148 2277 qua:
1161 2242 1232 2269 mala
1245 2246 1318 2273 sunt.
1334 2247 1477 2277 quatenus,
1493 2248 1553 2268 cum
1566 2240 1636 2268 nihil
1649 2238 1713 2270 sint,
1727 2239 1793 2266 solis

1013 2287 1149 2314 hominum
1165 2287 1325 2314 commentis
1339 2286 1453 2314 conficta
1467 2290 1541 2313 sunt.
1568 2284 1634 2313 Nam
1651 2291 1712 2312 cum
1726 2292 1791 2312 cor-

1013 2339 1063 2366 pus
1076 2332 1174 2360 babeat
1189 2332 1282 2360 oculos
1299 2331 1333 2359 ad
1353 2339 1397 2360 res
1421 2336 1528 2359 creatas
1541 2330 1682 2362 Videndas.
1708 2335 1736 2357 et
1758 2330 1791 2357 ad

1012 2377 1168 2405 Creatorem
1183 2384 1231 2412 per
1247 2377 1414 2410 aptissimam
1439 2377 1595 2404 earumdem
1610 2383 1700 2402 rerum
1715 2382 1791 2401 com-

1011 2423 1172 2457 positionem
1190 2423 1425 2456 cognosccndum:
1451 2428 1512 2448 cum
1535 2427 1615 2448 aures
1637 2419 1736 2446 habeat
1758 2419 1791 2446 ad

1012 2469 1102 2496 divina
1117 2468 1227 2495 oracula
1242 2473 1269 2496 et
1290 2467 1337 2494 Dei
1356 2467 1428 2502 leges
1442 2466 1625 2494 audiendum:
1654 2473 1714 2493 cum
1735 2472 1791 2492 ma-

1013 2521 1064 2541 nus
1078 2513 1177 2540 habeat
1192 2520 1255 2540 eum
1269 2513 1303 2540 ad
1319 2512 1471 2539 necessaria
1491 2510 1658 2546 peragenda,
1682 2514 1737 2536 tum
1757 2508 1790 2535 ad

1011 2567 1057 2587 eas
1082 2559 1108 2586 in
1133 2558 1259 2593 precibus
1282 2557 1467 2585 extendendae
1489 2566 1495 2583 :
1521 2557 1623 2590 anima,
1656 2556 1788 2584 bonorum

1012 2604 1239 2639 contemplatione
1250 2604 1372 2637 dimissa,
1390 2604 1434 2630 ubi
1447 2603 1473 2630 in
1492 2603 1534 2630 his
1547 2607 1648 2631 motum
1661 2608 1790 2630 exercere

1010 2651 1102 2682 desiit,
1132 2650 1159 2677 in
1193 2650 1330 2678 contraria
1355 2649 1412 2684 jam
1438 2656 1534 2677 errans
1567 2648 1668 2676 moveri
1695 2647 1788 2682 coepit.

1010 2758 1070 2779 cum
1085 2750 1164 2778 editis
1176 2749 1289 2785 νομίζει,

1045 2786 1104 2821 βε)
1118 2785 1163 2813 Sic
1170 2782 1232 2820 δαὶς.
1243 2783 1321 2821 Coll).
1327 2783 1415 2821 rBasil.
1429 2784 1535 2821 Anglic.
1546 2783 1655 2821 Gobler.
1668 2782 1788 2812 Feickm.

1013 2822 1023 2848 i
1044 2819 1071 2847 ιὶι
1085 2819 1103 2848 2
1118 2819 1276 2854 anonymus.
1292 2820 1342 2846 Alii
1358 2827 1418 2845 cum
1433 2819 1511 2846 editis
1526 2819 1630 2854 μέρεσι.

1046 2828 1071 2847 ut
1085 2828 1103 2848 κ
1118 2828 1276 2881 οηοιιὲιιιιισ.
1292 2828 1342 2846 aut
1358 2828 1418 2845 cum
1433 2828 1511 2846 collis
1526 2828 1630 2854 μερεσι.

1046 2857 1101 2891 (26)
1116 2856 1172 2882 υὺκ
1207 2863 1259 2891 vta:
1276 2854 1314 2891 δὲν
1329 2854 1363 2881 τὰ
1389 2854 1485 2888 φαῦλα.
1511 2856 1593 2882 Ὄντα
1613 2854 1640 2880 δέ
1663 2862 1733 2890 φημι
1756 2853 1789 2881 τὰ

1013 2896 1080 2919 um
1095 2893 1191 2920 desunt
1205 2891 1231 2918 in
1247 2890 1326 2918 Busil.
1340 2894 1366 2918 et
1378 2891 1457 2925 Angl.
