2027 3042
251 162 281 190 Η
550 159 577 188 S.
598 158 782 187 ATHANASII
801 157 876 186 OPP.
897 157 985 185 PARS
1005 157 1026 186 Ι.
1045 173 1078 177 -
1095 156 1275 185 ιιιετοιιιαλ
1296 155 1339 183 ΕΤ
1357 154 1563 183 DOGMATICA.
1835 155 1868 183 £2

249 218 352 247 Deinde
365 218 422 245 suis
438 216 618 250 facultatibus,
635 221 664 242 ut
676 216 742 248 dixi,
757 216 914 251 perspectis,
928 217 1024 250 hisque

1085 224 1155 250 ησεν.
1176 216 1217 242 ὅτι
1231 216 1278 242 καὶ
1294 215 1332 246 εἰς
1353 214 1387 240 τὰ
1409 213 1516 240 ἐναντία
1537 212 1648 240 δύναται
1669 213 1753 239 κινεῖν
1769 207 1802 239 τὰ
1818 214 1866 240 τοῦ

250 265 376 295 abutens,
393 263 524 291 intellexit
537 270 566 289 se
578 262 701 296 corporis
717 263 837 290 membra
851 269 931 296 posse
945 263 1027 288 etiam

251 310 279 338 in
300 309 435 336 contraria
469 315 589 335 movere.
612 307 679 335 Hine
702 308 762 335 loco
794 307 1031 342 contemplationis

252 357 366 384 naturae,
385 351 478 379 oculos
491 352 523 378 ad
538 351 702 386 cupiditates
713 352 860 383 convertit,
875 359 904 379 se
920 352 945 378 id
963 360 1030 387 quo-

251 404 304 432 que
316 403 395 430 posse
409 395 567 428 ostendens,
586 400 667 430 atque
687 395 857 428 existimans,
885 395 1031 422 dummodo

252 447 404 473 moveatur,
427 449 456 469 se
476 449 552 469 suam
577 441 737 475 dignitatem
758 449 878 473 servare,
903 449 953 468 nec
970 448 1030 476 pec-

251 495 324 520 care,
347 488 473 515 faciendo
501 488 573 522 quod
600 492 696 521 potest.
722 486 821 514 Verum
840 487 980 522 ignorabat
1003 494 1031 514 se

251 538 372 562 creatam
387 540 458 565 esse.
476 541 529 560 non
543 537 572 559 ut
591 533 753 566 simpliciter
769 537 931 564 moveretur,
944 533 990 559 sed
1003 536 1032 559 ut

251 581 285 608 ad
301 587 332 607 ea
350 587 410 614 qua:
423 583 531 614 oportet
545 584 709 610 moveretur,
727 583 757 604 ut
773 578 829 605 hzec
848 585 899 605 vox
911 577 1030 612 Apostoli

250 625 352 659 optime
363 628 473 651 monet:
495 623 593 650 Omnia
608 624 697 656 licent,
715 625 760 651 sed
781 632 833 650 non
847 623 934 650 omnia
953 630 1031 657 expe-

251 670 328 697 diunt
339 671 360 698 '.

287 714 312 742 5.
326 715 361 742 At
377 714 515 743 hominum
529 714 641 741 audacia
656 722 709 742 non
724 714 757 741 ad
771 714 796 742 id
816 714 887 749 Quod
901 713 1029 748 expedie-

252 759 300 788 bat
316 764 344 787 et
361 759 483 790 decebat,
511 759 559 787 sed
578 760 611 786 ad
627 759 653 786 id
668 759 740 794 quod
754 763 860 793 poterat
879 760 1029 791 attendens,

253 805 388 833 contraria
403 811 486 839 agere
509 805 612 839 coepit:
629 805 699 832 unde
715 809 742 831 et
761 811 856 831 manus
877 804 903 831 in
921 809 1030 831 contra-

252 851 322 879 rium
335 858 455 881 movens.
463 851 550 878 caedes
559 855 714 885 perpetrare
726 851 807 885 jussit
821 859 828 878 :
840 857 920 878 aures
930 851 963 876 ad
976 857 1029 877 non

253 897 431 924 obediendum
445 897 600 924 convertit:
617 895 735 923 membra
757 896 807 922 alia
829 897 863 923 ad
882 896 982 923 liberos
995 895 1032 922 le-
1047 888 1068 915 Β

253 942 347 976 αἰιίιιιθ
363 942 546 976 procreandos
559 941 634 973 data,
657 941 761 975 stupris
783 945 811 968 et
823 941 973 968 -adu|teriis
991 941 1033 968 il-

253 988 357 1015 servire
374 989 496 1022 permisit
514 997 521 1015 :
548 987 666 1022 linguam
682 987 757 1015 nobis
775 987 808 1014 ad
820 987 1032 1014 benedicendum

254 1041 422 1066 concessam,
436 1035 468 1062 ad
482 1034 700 1061 calumniandum
717 1033 983 1068 maledicendumque
1006 1037 1034 1060 et

239 1079 429 1114 :pejerandum
441 1079 583 1107 adhibuit:
600 1079 724 1106 manibus
741 1079 774 1105 ad
794 1078 936 1106 furandum
952 1083 979 1105 et
994 1078 1033 1105 si-

255 1124 333 1152 miles
342 1125 466 1152 homines
475 1124 668 1156 verherandos,
682 1124 794 1151 odoratu
807 1124 840 1150 ad
852 1123 944 1151 varios
956 1130 1033 1150 ama-

256 1170 340 1198 torios
353 1171 450 1198 odores
465 1171 640 1206 indagandos,
656 1171 753 1206 pedum
767 1171 907 1198 celeritate
922 1172 955 1198 ad
971 1179 1034 1198 san-

255 1215 362 1250 guinem
378 1215 567 1243 elfundendum
587 1215 670 1243 abusa
688 1221 729 1243 est
747 1225 754 1243 :
775 1221 896 1243 ventrem
919 1216 1034 1251 denique

255 1261 380 1289 ebrietati
395 1266 424 1288 et
435 1260 588 1295 inexplebili
601 1262 718 1289 satietati
733 1261 824 1293 dedit;
842 1269 901 1296 qua:
926 1262 1032 1295 quidem

253 1307 356 1339 omnia,
369 1308 434 1335 vitia
450 1311 477 1336 et
489 1312 597 1341 peccata
616 1312 678 1334 sunt
694 1308 803 1340 animae,
825 1315 939 1342 quorum
962 1307 1033 1334 nulla

255 1352 308 1381 alia
331 1360 412 1380 causa
428 1358 479 1386 est,
494 1360 575 1387 quam
589 1353 659 1388 quod
679 1360 709 1380 se
727 1360 741 1379 a
758 1353 840 1380 rebus
861 1353 1033 1387 praestantio-

253 1399 328 1426 ribus
342 1399 452 1427 avertit.
467 1399 614 1426 Enimvero
626 1399 696 1426 idem
710 1399 746 1426 illi
759 1399 906 1433 contigisse
927 1399 1034 1426 videtur

256 1451 289 1471 ac
309 1444 331 1470 si
355 1444 519 1479 auriga,qui
534 1451 618 1478 equos
642 1444 670 1471 in
694 1444 782 1471 stadio
804 1445 936 1477 ascendit,
963 1449 1033 1472 meta

255 1497 309 1524 quo
330 1490 492 1517 currendum
514 1493 556 1517 est
577 1490 710 1525 neglecta,
738 1490 772 1518 ab
801 1497 886 1525 eaque
909 1497 1033 1524 aversus,

256 1543 369 1570 equum,
392 1541 421 1562 ut
446 1540 544 1570 potest,
571 1540 674 1562 tantum
696 1536 798 1570 agitare
816 1540 893 1563 curet
923 1536 1034 1571 (potest

254 1585 344 1610 autem
369 1586 400 1608 ut
416 1581 467 1609 sibi
487 1582 593 1609 videtur
605 1582 626 1616 ),
643 1582 760 1617 hincque
779 1583 857 1610 modo
881 1583 906 1609 in
922 1582 1032 1609 obvium

255 1633 391 1662 quemque
415 1627 545 1661 impetum
569 1627 662 1660 faciat,
687 1628 766 1654 modo
793 1627 819 1654 in
842 1628 954 1662 abrupta
975 1628 1033 1655 loca

259 1672 351 1699 tendat
368 1677 395 1699 et
406 1679 568 1707 quocunque
579 1679 709 1707 equorum
725 1673 871 1707 pernicitas
889 1680 950 1700 eum
962 1673 1035 1700 ebri-

257 1716 358 1751 puerit,
371 1720 446 1744 ratus
458 1723 498 1748 se,
512 1717 576 1743 dum
590 1717 628 1744 ita
643 1717 738 1747 currit,
753 1724 768 1743 a
788 1722 859 1744 meta
879 1724 931 1744 non
957 1717 1036 1745 aber-

257 1768 329 1793 rare.
346 1761 444 1796 quippe
458 1761 504 1796 qui
518 1761 606 1789 solum
621 1769 730 1789 cursum
744 1761 843 1789 habeat
856 1767 920 1790 ante
932 1762 1035 1795 oculos,

257 1812 307 1833 nec
320 1806 433 1840 proinde
443 1813 473 1834 se
493 1811 568 1833 extra
582 1811 681 1833 metam
699 1807 761 1834 ferri
780 1809 986 1834 animadvertat.
997 1807 1036 1835 Ita

256 1859 323 1882 sane
339 1852 427 1879 anima
448 1859 461 1878 a
479 1853 522 1878 via
546 1859 606 1886 quae
629 1853 661 1879 ad
688 1853 772 1883 Dento
795 1853 870 1882 ducit
890 1861 996 1886 aversa,
1009 1858 1037 1881 et

256 1902 356 1935 praeter
376 1897 404 1925 id
423 1897 495 1932 quod
516 1898 594 1925 decet
608 1898 730 1931 corporis
745 1897 864 1925 membra
883 1898 1035 1932 impellens,

258 1941 311 1968 imo
331 1947 395 1968 vero
421 1941 479 1975 ipsa
502 1948 610 1976 quoque
634 1949 687 1969 una
702 1950 763 1969 cum
784 1942 837 1969 illis
859 1950 874 1968 a
887 1943 974 1976 seipsa
991 1942 1038 1969 im-

257 1986 345 2025 pulsa,
363 1991 457 2020 peccat
469 1990 496 2014 et
511 1987 609 2013 malum
625 1987 733 2014 sibimet
746 1988 833 2022 lingit,
854 1995 903 2014 nec
916 1987 1038 2019 animad-

258 2031 339 2058 vertit
349 2039 378 2058 se
391 2039 405 2058 a
423 2031 466 2058 via
482 2032 636 2065 aberrasse,
651 2037 680 2060 et
694 2038 772 2059 extra
791 2033 916 2061 veritatis
939 2038 1037 2060 metam

256 2078 362 2112 vagari,
377 2084 456 2112 quam
472 2077 566 2105 beatus
580 2078 688 2111 Paulus,
701 2078 746 2113 qui
761 2078 899 2105 Christum
913 2079 940 2107 in
957 2086 986 2106 se
999 2079 1038 2106 fe-

257 2121 344 2154 rebat,
364 2129 419 2156 prae
438 2122 523 2150 oculis
537 2122 651 2154 habens,
670 2123 706 2150 ita
721 2123 883 2157 loquebatur
899 2132 905 2150 :
929 2124 969 2149 Ad
993 2125 1038 2150 de-

256 2167 382 2194 stinatum
396 2176 548 2203 pernquar,
566 2169 600 2196 ad
624 2169 741 2196 bravium
759 2177 879 2204 supernae
894 2170 1038 2196 uocationis

1082 261 1206 297 σώματος
1230 261 1296 296 μέλη
1309 269 1315 276 ·
1336 260 1383 287 καὶ
1398 259 1443 286 διὰ
1465 259 1544 286 τοῦτο
1565 259 1625 286 ἀντὶ
1640 258 1688 285 τοῦ
1709 260 1757 295 τὴν
1780 260 1866 287 κτίσιν

1080 307 1157 342 όρᾷν,
1175 307 1214 338 εἰς
1236 305 1382 340 ἐπιθυμίας
1401 305 1457 339 (27)
1472 305 1516 330 τὸν
1530 304 1667 339 ὀφθαλμὸν
1688 304 1865 340 ἀποστρέφει,

1079 352 1255 384 δεικνύουσα,
1273 352 1313 378 i'm
1329 351 1375 378 καὶ
1389 351 1468 377 τοῦτο
1487 349 1614 376 δύναται·
1631 350 1678 377 καὶ
1701 350 1846 385 νομίζουσα
1858 371 1866 382 ,

1079 398 1131 429 ὃτι,
1149 397 1222 429 ἅπαξ
1243 397 1399 432 κινουμένη,
1424 396 1504 428 σώζει
1524 396 1573 430 τὴν
1596 395 1694 430 ἑαυτῆς
1708 395 1797 427 ἀξίαν,
1818 397 1866 422 καὶ

1080 443 1129 478 οὐχ
1144 442 1295 478 ἁμαρτάνει
1320 442 1433 468 ποιοῦσα
1449 442 1463 468 ὅ
1482 441 1592 468 δύναται
1603 449 1609 456 ’
1626 442 1672 467 καὶ
1692 441 1748 476 (28)
1762 442 1812 468 οὐκ
1827 443 1866 468 εί-

1080 489 1151 521 δυῖα,
1167 489 1208 515 ὃτι
1228 488 1277 523 οὐχ
1291 487 1384 520 ἁπλῶς
1405 487 1548 518 κινεῖσθαι,
1566 487 1621 514 ἀλλ’
1636 488 1676 519 είς
1694 486 1768 522 ἃ,δεῖ
1781 488 1864 513 κινεῖ-

1083 535 1144 561 σθαι
1157 534 1265 568 γέγονε·
1281 533 1376 560 τούτου
1393 533 1447 569 γὰρ
1461 533 1539 569 χάριν
1552 533 1598 560 καὶ
1611 532 1774 567 ἁποστολικὴ
1792 541 1862 568 παρ-

1084 580 1171 615 εγγυᾷ
1198 580 1272 614 φωνή
1281 587 1288 593 ’
1304 579 1404 606 Πάντα
1415 578 1544 610 ἔξεστιν,
1554 578 1622 605 ἀλλ’
1631 579 1667 604 οὑ
1680 577 1778 604 πάντα
1788 585 1863 612 συμ-

1081 627 1171 661 φέρει.

1169 715 1247 742 Ἀλλὰ
1262 715 1314 741 τῶν
1327 713 1477 750 ἀνθρώπων
1491 715 1507 749 ἡ
1523 713 1618 748 τόλμα.
1634 712 1684 738 οὐκ
1697 712 1736 743 είς
1751 711 1782 738 τὸ
1796 720 1865 746 συμ-

1081 762 1162 798 φέρον
1178 762 1225 788 καὶ
1241 760 1354 796 πρέπον,
1371 760 1429 787 ἀλλ’
1443 761 1482 791 εἰς
1503 759 1532 786 τὺ
1553 759 1664 785 δυνατὸν
1688 759 1743 793 (ἳ9)
1762 758 1862 792 σκοπήι

1082 817 1162 840 σασα,
1179 807 1212 834 τὰ
1226 807 1333 834 ἐναντία
1348 807 1434 833 ποιεῖν
1444 805 1557 842 ἡρξατο·
1569 804 1640 835 ὅθεν,
1652 805 1699 831 καὶ
1711 803 1759 835 τὰς
1769 804 1864 838 χεῖρας

1081 857 1120 888 είς
1136 856 1166 882 τὸ
1185 855 1304 882 ἐναντίον
1329 853 1492 889 κινουμένη,
1512 852 1634 887 φονεύειν
1651 851 1800 886 πεποίηκε,
1817 849 1865 876 καὶ

1081 902 1131 937 τὴν
1153 901 1237 936 ἀκοὴν
1261 902 1301 932 είς
1323 899 1464 936 παρακοὴν
1489 899 1644 934 παρήγαγε,
1668 897 1714 924 καὶ
1738 895 1772 922 τὰ
1796 894 1865 922 ἄλλα

1084 947 1152 983 μέλη
1164 947 1204 979 εἰς
1215 947 1246 973 τὸ
1261 945 1395 982 μοιχεύειν
1409 944 1468 971 ἀντὶ
1481 943 1598 979 νομίμης
1609 942 1665 977 (50)
1679 940 1862 974 τεκνογονίας·

1083 995 1129 1022 καὶ
1142 995 1190 1030 τὴν
1206 994 1254 1029 μὲν
1271 993 1392 1028 γλῶτταν
1409 992 1469 1019 ἀντὶ
1485 990 1620 1026 εὐφημίας
1637 990 1675 1020 είς
1693 986 1865 1023 βλασφημίας

1083 1041 1129 1068 καὶ
1144 1040 1276 1075 λοιδορίας
1293 1039 1340 1065 καὶ
1353 1037 1504 1073 ἐπιορκίας,
1520 1036 1570 1068 τὰς
1583 1036 1610 1062 δὲ
1626 1036 1720 1070 χεῖρας
1735 1031 1767 1060 αὖ
1785 1032 1866 1059 πάλιν

1083 1086 1122 1117 είς
1134 1085 1164 1111 τὸ
1174 1085 1300 1117 κλέπτειν
1312 1084 1359 1111 καὶ
1373 1082 1483 1110 τύπτειν
1496 1083 1559 1113 τοὺς
1572 1081 1680 1116 ὁμοίους
1695 1078 1862 1115 ἀνθρώπους·

1083 1132 1129 1158 καὶ
1146 1131 1195 1166 τὴν
1216 1131 1266 1166 μὲν
1285 1130 1416 1165 δσφρησιν
1427 1149 1433 1160 ,
1456 1129 1496 1160 εἰς
1511 1127 1600 1163 ὀδμῶν
1617 1126 1755 1162 ἐρωτικῶν
1774 1133 1865 1151 ποικις

1083 1177 1158 1208 λίας’
1177 1177 1238 1207 τοὺς
1252 1176 1280 1202 δὲ
1303 1175 1385 1207 πόδας
1407 1175 1446 1206 είς
1465 1174 1583 1209 ὀξύτητα
1598 1173 1645 1200 τοῦ
1663 1172 1756 1207 ἐκχέαι
1774 1167 1844 1206 αἷμα
1856 1178 1863 1186 ·

1083 1223 1129 1250 καὶ
1138 1223 1186 1258 τὴν
1203 1222 1251 1257 μὲν
1269 1221 1388 1256 γαστέρα
1405 1222 1444 1252 είς
1470 1220 1556 1255 μέθην
1572 1219 1618 1246 καὶ
1640 1218 1718 1254 κόρον
1733 1217 1864 1251 ἀπλήρω-

1083 1277 1145 1296 τον’
1163 1269 1234 1304 ἅπερ
1254 1268 1342 1295 πάντα
1357 1267 1441 1294 κακία
1459 1267 1506 1293 καὶ
1523 1264 1641 1301 ἁμαρτία
1665 1263 1754 1298 ψυχῆς
1779 1263 1863 1288 ἐστιν.

1083 1315 1160 1341 Atria
1183 1315 1212 1341 δέ
1238 1314 1340 1341 τούτων
1365 1313 1487 1348 οὐδεμία,
1513 1312 1571 1338 ἀλλ’
1588 1311 1604 1346 ἡ
1624 1310 1677 1336 τῶν
1705 1307 1865 1344 κρειττόνων

1083 1360 1250 1395 ἀποστροφή.
1274 1359 1316 1390 Ὡς
1339 1358 1393 1393 γὰρ
1411 1357 1458 1384 ἐὰν
1472 1358 1588 1392 ἡνίοχος,
1613 1354 1709 1386 ἐπιὸἀς
1724 1354 1817 1384 ἵπποις
1835 1353 1865 1378 ἐν

1085 1406 1183 1441 σταδίῳ
1203 1405 1395 1440 καταφρονήσῃ
1413 1403 1468 1439 (5i)
1495 1403 1544 1438 μὲν
1570 1402 1624 1429 τοῦ“
1639 1400 1751 1432 σκοποῦ,
1775 1400 1814 1430 εἰς
1835 1399 1866 1425 ὃν

1084 1453 1204 1481 ἐλαύνειν
1234 1453 1315 1480 αὑτὸν
1343 1454 1486 1488 προσήκει,
1507 1450 1689 1486 ἀποστραφεὶς
1712 1449 1740 1475 δὲ
1762 1447 1865 1479 τοῦτον,

1084 1499 1176 1531 ἁπλῶς
1189 1499 1289 1535 ἐλαύνῃ
1302 1499 1347 1525 τὸν
1362 1499 1444 1525 ἵππον
1457 1499 1493 1531 ὼς
1513 1498 1543 1525 ἂν
1558 1497 1683 1533 δύνηται·
1701 1497 1811 1523 δύναται
1826 1495 1866 1527 δὲ,

1084 1545 1122 1577 ὼς
1138 1545 1269 1580 βούλεται·
1288 1545 1334 1572 καὶ
1354 1544 1482 1576 πολλάκις
1497 1544 1546 1579 μὲν
1561 1544 1600 1575 είς
1614 1543 1677 1575 τοὺς
1690 1541 1866 1572 ἀπαντῶντας

1084 1592 1166 1626 ὁρμᾷ,
1182 1591 1310 1623 πολλάκις
1327 1591 1355 1617 δὲ
1378 1591 1423 1617 καὶ
1441 1590 1511 1617 κατὰ
1528 1589 1659 1626 κρημνῶν
1675 1588 1774 1625 ἐλαύνῃ
1798 1586 1866 1622 (52).

1085 1637 1233 1673 φερόμενος
1250 1637 1316 1663 ὅπου
1335 1637 1357 1663 δ’
1371 1636 1404 1663 ἂν
1419 1637 1514 1663 ἑαυτὸν
1528 1637 1560 1671 τῇ
1579 1635 1688 1670 ὀξύτητι
1703 1634 1756 1661 τῶν
1776 1634 1867 1660 ἵππων

1085 1683 1161 1719 φέροι
1171 1702 1178 1714 ,
1198 1681 1325 1718 νομίζων,
1341 1682 1392 1713 ὅτι,
1409 1682 1480 1708 οὕτω
1502 1683 1605 1717 τρέχων
1615 1701 1622 1712 ,
1634 1681 1683 1707 οὐκ
1702 1681 1804 1715 ἐσφάλη
1817 1679 1865 1706 τοῦ

1086 1729 1186 1756 σκοποῦ
1198 1737 1205 1744 ⁸
1225 1729 1294 1764 πρὸς
1309 1729 1363 1765 γὰρ
1385 1729 1465 1764 μόνον
1475 1728 1520 1754 τὸν
1535 1727 1634 1762 δρόμον
1648 1726 1805 1758 ἀποϐλέπει,
1820 1725 1868 1752 καὶ

1084 1775 1133 1810 οὐχ
1155 1775 1216 1810 ὁρᾷ,
1240 1775 1281 1801 ὅτι
1297 1774 1350 1807 ἔξω
1369 1774 1415 1801 τοῦ
1435 1773 1536 1800 σκοποῦ
1551 1773 1678 1807 γέγονεν’
1695 1766 1767 1798 οὕτω
1788 1771 1835 1798 καὶ
1851 1772 1868 1805 ἡ

1085 1819 1157 1855 ψυχὴ
1178 1820 1383 1855 ἀποστραφεϊσα
1406 1820 1456 1854 τὴν
1480 1819 1548 1854 πρὸς
1576 1818 1621 1844 τὸν
1641 1817 1707 1844 Θεὸν
1728 1817 1802 1848 ὁδὸν,
1823 1816 1870 1842 καὶ

1086 1865 1234 1892 ἐλαύνουσα
1254 1866 1330 1901 παρὰ
1344 1866 1373 1892 τὸ
1399 1865 1502 1900 πρέπον
1522 1864 1556 1890 τὰ
1570 1864 1617 1890 τοῦ
1641 1862 1766 1898 σώματος
1789 1862 1870 1898 μέλη,

1088 1911 1188 1946 μᾶλλον
1199 1911 1227 1937 δὲ
1247 1912 1294 1938 καὶ
1312 1911 1381 1946 αὐτὴ
1399 1911 1457 1946 μετ’
1472 1909 1561 1937 αὐτῶν
1581 1909 1626 1944 ὑφ’
1645 1909 1743 1944 ἑαυτῆς
1760 1907 1870 1934 ἐλαυνο-

1088 1957 1166 1993 μένη,
1182 1958 1330 1993 ἁμαρτάνει
1351 1957 1398 1984 καὶ
1419 1957 1449 1984 τὸ
1473 1956 1557 1983 κακὸν
1578 1957 1659 1990 ἑαυτῇ
1682 1950 1872 1989 π’λάττει,,οὑχ

1087 2001 1188 2037 ὁρῶσα,
1202 2002 1242 2028 ὅτι
1255 2002 1424 2037 πεπλάνηται
1438 2002 1487 2036 τῆς
1502 2001 1572 2034 ὁδοῦ,
1590 2000 1638 2027 καὶ
1649 2000 1700 2033 ἐξω
1714 1999 1810 2034 γέγονε
1824 1998 1871 2025 τοῦ

1087 2046 1136 2082 τῆς
1150 2047 1277 2082 ἀληθείας
1299 2047 1410 2079 σκοποῦ,
1432 2048 1472 2078 είς
1490 2047 1519 2073 ὃν
1539 2048 1554 2073 ὁ
1574 2045 1749 2081 χριστοφόρος
1771 2044 1839 2080 ἀνὴρ
1858 2045 1872 2070 6

1090 2091 1223 2127 μακάριος
1241 2092 1346 2124 Παῦλος
1365 2091 1527 2118 ἀποὸλέπων
1548 2091 1640 2124 ἔλεγε·
1659 2089 1740 2117 Κατὰ
1755 2089 1873 2116 σκοπὸν

1088 2137 1192 2169 διώκω,
1211 2139 1255 2171 εις
1271 2137 1303 2164 τὸ
1319 2137 1459 2172 βραϐεῖον
1474 2137 1529 2171 τῆς
1543 2137 1603 2164 ἅνω
1623 2136 1759 2169 κλήσεως
1776 2135 1872 2169 Ἰησοῦ

1090 2185 1216 2218 Χριστοῦ
1226 2193 1232 2199 ·
1248 2185 1356 2212 σκοπῶν
1374 2183 1439 2219 γοῦν
1454 2184 1486 2210 τὸ
1506 2183 1587 2210 καλὸν
1603 2184 1617 2209 ὁ
1638 2182 1725 2216 ἅγιος,
1743 2181 1873 2208 οὐδέποτε

256 2213 321 2244 ,Ιεειι
333 2214 430 2241 Christi
441 2214 460 2240 ³.
477 2215 566 2249 Itaque
582 2220 694 2242 sanctus
709 2215 853 2249 Apostolus
869 2222 930 2242 cum
950 2215 1034 2249 ipsum

1089 2230 1118 2256 τὸ
1131 2230 1214 2258 κακὸν
1226 2231 1322 2258 ἐποίει.

257 2259 367 2293 bonum,
389 2266 500 2296 scopum
521 2265 548 2287 et
568 2260 649 2288 linem
675 2260 799 2294 haberet,
828 2260 895 2288 nihil
919 2268 1037 2295 unquam

257 2305 320 2336 mali
333 2306 440 2340 agebat.

291 2352 317 2388 5
334 2353 360 2379 6.
379 2352 505 2379 Nonnulli
517 2353 624 2387 quidem
636 2352 782 2381 Gentilium
796 2360 811 2379 a
824 2354 879 2381 veri
895 2353 938 2380 via
959 2352 1036 2381 aber-

257 2402 367 2432 rantes,
392 2405 442 2425 nec
463 2397 600 2426 Christum
622 2403 827 2433 cognoscentes,
843 2399 953 2426 malitia:
973 2399 1037 2426 sub-

256 2443 385 2472 stantiam
399 2444 516 2479 aliquam
527 2452 589 2472 esse
607 2452 638 2471 ac
659 2452 708 2479 per
721 2445 838 2480 seipsam
854 2446 988 2473 exsistere
998 2444 1038 2470 al"-

258 2489 411 2523 tlrmavere,
427 2498 478 2525 qua
494 2490 615 2525 profecto
627 2491 653 2517 in
667 2491 805 2526 opinione,
818 2491 917 2526 duplici
934 2491 1038 2520 ratione

312 2551 322 2566 ³
334 2549 343 2576 Ι
355 2550 418 2578 Cor.
433 2557 469 2582 vi,
484 2550 528 2577 l2.
566 2551 577 2566 ³
591 2550 686 2584 Phiiip.
707 2558 748 2582 ιιι,
765 2550 808 2577 li.

293 2604 348 2638 (‘27)
366 2605 469 2633 Felkm.
489 2606 505 2633 5
519 2614 613 2638 anon.,
631 2606 786 2640 ἐπιθυμίαν.

293 2640 349 2676 (28)
365 2641 498 2668 PartiCnla
509 2641 554 2668 καί
567 2642 642 2669 deest
660 2643 685 2667 in
700 2644 823 2676 ὅρμοι,
841 2648 891 2667 nec
904 2649 963 2668 eam
973 2642 1041 2676 lege-

257 2681 322 2702 runt
340 2676 507 2704 Omnibonus
528 2683 556 2704 et
585 2676 742 2704 Ambrosius
761 2675 902 2708 Catuald.;
929 2677 954 2703 in
981 2678 1040 2704 aliis

257 2710 444 2746 verorlegitur.

293 2745 349 2781 (29)
368 2747 491 2781 δίιμεν..
508 2746 646 2774 ἀδύνατον.

294 2780 350 2816 (30)
370 2781 415 2807 Sic
429 2780 541 2815 Seguer.
555 2781 655 2808 Gobler
668 2780 824 2810 etFelckm.
845 2781 856 2807 ι
881 2789 974 2814 anon.,
994 2781 1038 2808 alii

259 2823 319 2851 cum
339 2816 419 2851 editis
437 2816 561 2851 νομικῆς.

293 2850 481 2922 (ῗέζὲοιδοιι.
498 2851 607 2879 Goblcr.
633 2856 657 2878 el
682 2851 815 2878 Felknt.l
841 2858 933 2884 anon.,
959 2860 1039 2878 κατα-

293 2895 310 2912 υ
389 2903 396 2910 ο
697 2896 702 2900 '

258 2892 396 2922 (θρονησει.
697 2896 702 2900 -

1121 2359 1146 2386 6.
1169 2359 1299 2394 Ἐλλήνων
1323 2361 1371 2395 μὲν
1385 2358 1431 2386 οὖν
1446 2360 1501 2395 (55)
1516 2367 1598 2390 τινες,
1618 2357 1798 2393 πλανηθέντες
1824 2357 1874 2391 τῆς

1087 2405 1157 2438 ὁδοῦ,
1173 2407 1219 2432 καὶ
1233 2407 1278 2432 τὸν
1299 2406 1414 2442 Χριστὸν
1438 2407 1487 2432 οὐκ
1510 2405 1668 2439 ἐγνωκότες,
1685 2405 1714 2431 ἐν
1728 2403 1874 2430 ὑποστάσει

1089 2452 1136 2478 καὶ
1153 2451 1213 2478 καθ’
1233 2452 1331 2488 ἑαυτὴν
1345 2449 1413 2478 εἶναι
1425 2451 1473 2487 τὴν
1489 2451 1587 2478 κακίαν
1601 2451 1772 2485 ἀπεφήναντο
1786 2449 1876 2484 ἀμαρ-

1089 2498 1214 2530 τάνοντες
1227 2497 1297 2526 κατά
1314 2498 1359 2525 δύο
1369 2498 1463 2525 ταῦτα·
1478 2498 1494 2533 ἢ
1509 2497 1554 2524 τὸν
1573 2495 1741 2532 Δημιουργὸν
1762 2495 1876 2522 ἀποστε-

1108 2609 1187 2671 λίξλὶ)
1206 2609 1318 2644 Seguer.
1338 2608 1458 2637 Colbcrt.
1477 2608 1556 2635 Basil.
1581 2611 1608 2634 et
1625 2604 1729 2632 Felkm.
1751 2604 1763 2631 l
1781 2611 1874 2636 anon.,

1125 2654 1211 2671 αυνει.

1094 2645 1211 2672 ἐλαύνει.

1130 2680 1185 2715 (55)
1201 2678 1338 2707 Particula
1351 2675 1397 2715 οὖν
1415 2677 1491 2715 deest
1505 2676 1623 2715 in_Colb.
1638 2675 1711 2715 Quos
1728 2679 1816 2715 autem
1832 2673 1876 2715 hic

1094 2707 1212 2742 noiet’S.
1230 2714 1406 2746 Athanasius,
1427 2713 1505 2740 nobis
1521 2713 1599 2746 plane
1616 2707 1668 2738 non
1687 2710 1782 2746 liquet.
1797 2707 1876 2746 Certe

1092 2751 1210 2784 Araspas
1240 2749 1348 2784 quidam
1387 2744 1457 2782 apud
1492 2744 1708 2784 xenophonteim
1736 2744 1873 2784 Cyropa'd.

1094 2785 1140 2812 lib.
1157 2779 1182 2811 in
1197 2779 1263 2812 satis
1287 2784 1387 2810 indicat
1403 2779 1470 2809 hanc
1489 2779 1639 2817 aliquorum
1654 2779 1874 2817 philosophorum

1096 2820 1107 2830 '
1124 2821 1178 2846 isse
1201 2820 1374 2848 sententiam,
1400 2818 1466 2844 duas
1488 2817 1515 2843 iu
1543 2816 1651 2842 homine
1676 2822 1735 2841 esse
1760 2820 1875 2843 annmts.

1095 2856 1193 2885 bonam
1211 2854 1336 2888 alterumI
1351 2853 1462 2880 alteram
1477 2852 1584 2879 mulam.
