2027 3042
181 152 214 182 ίὲ
752 130 755 133 Ι
763 154 892 184 ORATIO
912 155 965 183 COI

1015 156 1053 183 ΚΛ
1071 156 1214 186 CENTES.
1759 159 1794 188 M

180 210 290 248 ροῦντες
301 209 349 238 τοῦ
360 208 430 238 εἶναι
442 212 555 247 ποιητὴν
566 209 618 238 τῶν
631 212 713 240 ὖντων
723 221 728 227 ·
739 214 788 240 οὐκ
804 214 835 241 ἂν
851 214 905 251 γὰρ
919 213 962 250 εἴη

1015 215 1171 249 peccabanl.
1195 215 1243 242 Vel
1268 215 1339 244 enim
1364 216 1500 252 negabant
1522 215 1678 245 Creatorem
1703 225 1792 248 rerum

178 257 232 285 τῶν
239 257 323 284 ὄντων
333 257 444 293 Κύριος,
456 259 519 292 εῐγε
529 258 588 285 κατ’
597 259 717 295 αὐτοὺςὴ
728 261 812 287 κακία
818 261 963 297 VSM-«316w

178 303 235 339 ἔχει
251 303 312 330 καθ’
327 303 427 339 ἑαυτὴν
440 304 486 331 καὶ
499 304 606 331 οὐσίαν·
625 304 642 339 ἢ
663 305 754 338 πάλιν,
779 305 902 339 θέλοντες
916 307 965 334 αὐ-

178 349 224 376 τὸν
239 349 353 385 ποιητὴν
370 348 439 377 εἶναι
466 350 519 377 τῶν
540 351 617 383 ὅλων,
642 351 672 384 ἐξ
698 353 819 389 ἀνάγκης
845 354 891 381 καὶ
917 354 964 381 τοῦ

179 395 265 422 κακοῦ
285 395 416 423 δώσουσιν
433 394 501 423 εἶναι
511 405 518 412 ·
531 398 559 423 ὲν
574 398 627 433 γὰρ
641 401 696 431 τοῖς
709 397 769 426 οὖσι
784 401 872 427 καὶτὸ
881 401 965 428 κακὸν

179 441 240 468 κατ’
255 441 353 473 αὺτούς
375 442 444 468 ἐστι.
463 442 548 469 Τοῦτο
563 442 590 469 δὲ
605 444 704 470 ἄτοπον
721 445 766 471 καὶ
789 445 917 472 ἀδύνατον
932 445 965 472 ἂν

180 485 275 521 φανείη
285 493 292 499 ·
306 485 335 512 οὐ
348 486 402 520 γὰρ
421 486 453 512 ἐκ
469 486 515 512 τοῦ
529 486 610 513 καλοῦ
627 488 656 514 τὸ
670 489 762 521 κακὸν,
777 489 837 516 οὐδὲ
851 490 879 516 ὲν
891 490 965 525 αὐτῷ

180 532 264 563 ἐστιν,
277 532 336 558 οὐδὲ
347 532 469 559 διἀὐτοῦ
483 541 489 547 ·
503 532 564 559 ἐπεὶ
581 533 671 560 οὐκέτι
683 535 764 562 καλὸν
776 534 808 562 ἂν
823 535 865 571 εἴη
885 545 966 571 μεμι-

180 578 285 613 γμένην
299 578 360 613 ἕχον
374 578 424 613 τὴν
447 578 538 612 φύσιν,
559 579 575 614 ἢ
592 579 677 606 αἴτιον
691 580 832 615 γινόμενον
844 581 898 616 (δι)
915 590 964 608 κα-

178 623 238 651 κοῦ.
255 624 286 651 Οἱ
302 624 329 650 δὲ
341 624 395 650 ἀπὸ
405 624 459 650 τῶν
475 624 615 660 αἱρέσεων,
633 625 793 658 ἐκπεσόντες
804 627 853 661 τῆς
865 627 964 662 ἐκκλη-

181 668 322 703 σιαστικῆς
333 668 512 701 διδασκαλίας,
534 671 580 696 καὶ
603 671 666 706 περὶ
679 672 728 707 τὴν
743 672 833 698 πίστιν
847 674 966 708 ναυαγή-

181 722 287 745 σαντες,
305 714 350 739 καὶ
364 711 435 741 οὗτοι
451 714 500 750 μὲν
513 715 658 742 ὑπόστασιν
670 717 715 743 τοῦ
726 717 811 744 κακοῦ
826 727 966 754 παραφρο-

180 759 271 786 νοῦσιν
295 757 380 786 εἶναι·
399 760 612 788 ἀναπλάττονται
637 762 665 788 δὲ
694 763 800 795 ἑαυτοῖς
826 764 902 800 παρά
921 765 965 792 τὸν

180 804 305 839 ἀληθινὸν
323 805 369 832 τοῦ
395 806 511 842 Χριστοῦ
532 807 640 843 Πατέρα
655 808 715 834 θεὸν
728 809 830 845 ἕτερον,
846 811 893 837 καὶ
905 811 966 837 τοῦ·

180 859 226 878 τον
237 851 367 887 ἀγένητον
383 851 430 878 τοῦ
445 852 529 879 κακοῦ
540 853 653 888 ποιητὴν
671 855 716 881 καὶ
735 855 784 890 τῆς
799 855 897 888 κακίας
916 857 964 892 ἀρ-

181 897 276 934 χηγὸν,
291 897 336 924 τὸν
353 897 399 924 καὶ
409 898 458 934 τῆς
469 898 584 930 κτίσεως
603 899 778 935 δημιουργόν.
794 901 911 933 Τούτους
936 902 964 929 δὲ

181 943 301 979 εὐχερῶς
325 944 357 970 ἄν
376 953 418 976 τις
433 944 567 978 ἐλέγξειεν
579 945 610 971 ἔκ
620 953 650 972 τε
665 946 719 972 τῶν
732 947 811 974 θείων
825 947 880 983 (55)
895 948 965 984 Γρα-

181 988 240 1022 φῶν
251 989 296 1016 καὶ
307 989 337 1022 ἐξ
353 989 438 1026 αὐτῆς
457 990 506 1025 τῆς
517 991 546 1016 έν
563 990 717 1026 ἀνθρώποις
729 993 858 1026 διανοίας,
874 994 921 1030 ἀφ’
931 993 965 1030 ἧς

180 1033 228 1075 καὶ
253 1033 339 1061 ταῦτα
367 1035 589 1071 ἀναπλασὰμενοι
619 1037 767 1072 μαίνονται.
789 1039 817 1065 '0
845 1039 894 1074 μὲν
918 1038 964 1067 οὖν

179 1079 282 1115 Κύριος
306 1081 353 1107 καὶ
379 1081 474 1117 Σωτὴρ
491 1082 569 1117 ήμῶν
600 1082 704 1118 Ἰησοῦς
732 1084 847 1120 Χριστὸς
870 1086 964 1118 ἐντοῖς

179 1126 276 1153 ἑαυτοῦ
291 1127 467 1161 Εὐαγγελιοις
488 1129 555 1164 φησὶ
575 1129 689 1164 βεϐαιῶν
713 1129 746 1156 τὰ
762 1131 900 1163 Μωῡσέως
917 1133 965 1167 ρή-

181 1181 264 1207 ματα,
282 1172 325 1199 ὅτι
337 1173 444 1207 Κύριος
461 1175 477 1201 ό
497 1174 568 1207 Θεὸς
583 1173 625 1208 εἷς
642 1175 718 1202 ἐστι’
733 1177 790 1208 καὶ,
812 1176 965 1212 Ἐξομολο-

180 1218 287 1253 γοῦμαί
301 1226 360 1251 σοι,
383 1219 488 1254 Πάτερ,
504 1221 592 1254 Κύριε
617 1221 670 1248 τοῦ
692 1222 821 1256 οὐρανοῦ
846 1223 965 1257 καὶτῆς

180 1262 247 1298 γῆς.
268 1264 298 1290 El
314 1264 341 1291 δὲ
357 1261 396 1297 εἷς
415 1266 486 1292 ἐστιν
503 1267 517 1292 ὁ
529 1266 605 1298 Θεὸς,
629 1267 676 1293 καὶ
694 1265 769 1299 οὗτος
785 1268 898 1304 οὐρανοῦ
919 1271 965 1296 καὶ

181 1309 232 1344 γῆς
246 1309 357 1345 Κύριος,
382 1310 440 1342 πῶς
461 1311 539 1343 ἄλλος
556 1311 588 1338 ἂν
602 1312 644 1347 εἴη
673 1313 738 1345 Θεὸς
760 1314 834 1349 παρὰ
853 1314 963 1347 τοῦτον;

180 1354 236 1381 Ποῦ
249 1355 278 1381 δὲ
291 1356 337 1382 καὶ
349 1355 425 1382 ἔσται
441 1357 455 1383 ὁ
471 1358 531 1383 κατ’
545 1358 643 1389 αὐτοὺς
665 1358 741 1391 Θεὸς,
764 1359 798 1386 τὰ
813 1360 901 1387 πάντα
917 1361 963 1388 τοῦ

182 1400 262 1436 μόνου
279 1401 326 1428 καὶ
341 1401 467 1436 ἀληθινοῦ
477 1402 704 1439 (56)πληροῦντος
715 1405 784 1432 κατὰ
797 1405 845 1441 τὴν
856 1405 902 1432 τοῦ
919 1406 964 1433 οὑ-

182 1447 263 1483 ρανοῠ
279 1447 325 1475 καὶ
341 1448 393 1483 γῆς
407 1448 552 1484 περίληψιν
566 1458 573 1482 ;
598 1449 659 1481 Πῶς
682 1450 709 1477 δὲ
724 1451 770 1477 καὶ
783 1451 861 1483 ἄλλος
872 1451 905 1479 ἂν
921 1452 963 1488 εἴη

183 1492 306 1528 ποιητὴς,
321 1490 358 1519 ὧν
373 1493 453 1525 αὐτὸς
462 1495 476 1520 ὁ
484 1494 549 1526 Θεὸς
560 1494 607 1521 καὶ
619 1495 712 1531 Πατὴρ
725 1496 770 1522 τοῦ
779 1497 896 1532 Χριστοῦ
908 1498 964 1525 ἐστι

1015 259 1135 287 omnium
1152 259 1308 288 ell'ectorem
1320 267 1397 293 esse;
1414 268 1464 288 nec
1475 261 1548 289 enim
1559 263 1680 289 omnium
1700 271 1792 290 rerum

1015 303 1144 333 Dominus
1156 305 1235 339 foret.
1249 305 1282 338 si,
1301 306 1339 333 uti
1355 311 1478 340 censent,
1496 307 1598 335 malitia
1613 308 1791 336 substantiam

1015 356 1042 379 et
1056 356 1180 379 naturam
1195 360 1243 387 per
1255 352 1373 386 seipsam
1385 353 1508 381 haberet.
1523 353 1572 381 Vel
1586 361 1681 382 rursus
1691 374 1699 388 ,
1721 355 1744 382 si
1757 355 1792 382 il-

1015 397 1069 424 lum
1087 397 1180 425 volunt
1203 405 1293 425 rerum
1310 399 1431 426 omnium
1448 398 1602 427 ell‘ectorem
1625 407 1703 434 esse,
1727 400 1791 428 mali

1015 450 1121 477 quoque
1134 447 1272 470 auctorem
1285 451 1345 471 esse
1355 444 1504 471 concedant
1514 452 1625 473 necesse
1638 450 1690 478 851,
1709 453 1794 480 quan-

1015 487 1158 521 doquidem
1170 487 1246 521 juxta
1261 488 1333 520 illos,
1346 487 1447 515 malum
1465 495 1510 516 res
1519 489 1608 524 aliqua
1623 495 1675 517 est.
1692 489 1794 518 Verum

1016 532 1041 560 id
1059 532 1116 559 lieri
1140 539 1193 560 non
1213 540 1293 567 posse
1307 538 1335 561 et
1350 533 1495 562 absurdum
1514 542 1586 567 esse,
1598 536 1676 563 valde
1690 536 1794 570 perspi-

1016 585 1094 606 cuum
1108 583 1149 605 est
1163 588 1170 606 :
1184 586 1245 605 nam
1264 578 1364 606 malum
1382 586 1416 606 ex
1433 579 1504 607 bono
1527 587 1579 607 non
1599 580 1695 613 oritur,
1706 589 1795 615 neque

1015 625 1041 651 in
1055 625 1124 659 ipso.
1140 632 1227 659 neque
1241 632 1289 659 per
1302 625 1388 660 ipsum
1407 631 1464 658 est;
1486 626 1605 660 alioquin
1624 626 1679 660 jam
1694 627 1794 654 bonum

1016 679 1068 698 non
1082 675 1165 704 esset,
1176 672 1247 706 quod
1266 672 1372 699 mistam
1396 677 1517 699 naturam
1533 673 1655 705 haberet,
1673 672 1714 700 vel
1730 672 1794 700 mali

1015 723 1097 743 causa
1109 716 1264 744 exsisteret.
1289 715 1414 743 Haeretici
1435 724 1544 751 quoque
1555 717 1601 752 qui
1617 724 1650 744 ex
1667 717 1795 745 ecclesia-

1015 761 1082 788 stica
1105 761 1228 789 doctrinm
1243 762 1403 789 exciderunt
1417 769 1448 789 ac
1464 762 1489 788 in
1508 763 1559 789 lide
1573 762 1742 797 naufragium
1756 762 1795 790 fe-

1015 810 1119 839 cerunt,
1136 806 1197 834 mali
1211 806 1327 841 aliquam
1342 806 1522 833 substantiam
1534 814 1596 834 esse
1608 806 1691 835 stulte
1703 811 1730 835 et
1743 807 1794 842 ipsi

1015 852 1171 879 existimant
1184 873 1192 885 ,
1207 851 1313 887 sibique
1336 856 1433 887 prwter
1448 859 1542 880 verum
1557 851 1659 880 Christi
1684 853 1793 880 Patrem

1015 896 1096 924 alium
1114 897 1197 925 deum
1211 896 1350 931 effingunt,
1377 905 1456 932 quem
1480 898 1564 925 etiam
1581 905 1635 926 non
1662 898 1794 934 genitum.

1015 943 1077 971 mali
1092 942 1245 971 ell'ectorem
1259 948 1288 972 et
1307 944 1418 972 malitiae
1441 949 1578 972 auctorem
1595 949 1677 979 atque
1691 948 1795 971 natura:

1014 994 1112 1017 creata:
1122 990 1246 1024 opiﬁcem
1265 990 1358 1017 volunt
1379 997 1448 1017 esse.
1467 989 1561 1018 Verum
1574 990 1611 1017 illi
1625 989 1704 1018 facile
1723 989 1795 1017 reru-

1014 1036 1064 1063 tari
1080 1039 1193 1069 possunt
1204 1042 1264 1062 cum
1279 1042 1313 1063 ex
1331 1035 1430 1063 divinis
1447 1035 1606 1070 Scripturis,
1619 1040 1674 1063 tum
1689 1043 1722 1063 ex
1736 1035 1793 1069 ipsa

1013 1089 1073 1117 quze
1089 1082 1116 1109 in
1128 1082 1283 1110 hominibus
1297 1082 1367 1110 inest
1381 1082 1571 1116 intelligentia,
1584 1090 1637 1117 qua
1647 1082 1728 1109 etiam
1742 1082 1792 1108 ista

1014 1128 1154 1155 dementer
1168 1128 1314 1155 commenti
1327 1133 1401 1156 sunt.
1415 1128 1519 1162 Itaque,
1536 1133 1566 1155 ut
1583 1129 1617 1155 ab
1633 1128 1796 1155 auctoritate

1014 1173 1161 1208 Scriptura;
1186 1173 1325 1206 exordiar,
1351 1173 1481 1202 Dominus
1505 1178 1533 1201 et
1563 1173 1691 1201 Servator
1716 1173 1794 1200 Jesus

1013 1219 1138 1247 Christus
1153 1219 1235 1247 verba
1249 1218 1349 1255 Moysis
1362 1219 1388 1246 in
1400 1227 1449 1247 suo
1465 1219 1610 1254 Evangelio
1617 1219 1794 1251 conﬁrmans,

1013 1265 1051 1292 ait
1068 1274 1075 1292 :
1095 1265 1222 1292 Dominus
1247 1264 1317 1292 Deus
1342 1273 1409 1292 unus
1420 1265 1490 1292 eu‘.
1506 1265 1558 1292 Et:
1576 1265 1709 1300 Conﬁteor
1738 1265 1794 1297 tibi,

1015 1309 1107 1343 Pater,
1130 1310 1241 1338 Domine
1259 1310 1316 1337 caeli
1340 1315 1364 1337 et
1385 1316 1462 1338 teme
1484 1311 1504 1338 '.
1524 1310 1552 1338 Si
1580 1318 1645 1345 ergo
1662 1318 1731 1338 unus
1754 1314 1797 1337 est

1015 1357 1096 1390 Deus,
1112 1361 1140 1384 et
1159 1357 1215 1391 ipse
1231 1357 1292 1385 cmli
1308 1362 1337 1385 et
1353 1362 1432 1384 terra:
1453 1357 1582 1384 Dominus
1598 1361 1649 1390 est,
1663 1356 1797 1391 quomodo

1014 1402 1084 1429 alius
1095 1407 1194 1437 praeter
1214 1402 1302 1437 ipsum
1318 1402 1391 1429 erit?
1407 1401 1521 1430 Ubinam
1530 1409 1595 1429 vero
1610 1402 1716 1429 illorum
1728 1401 1797 1429 Deus

1014 1449 1122 1477 futurus
1135 1453 1186 1482 est,
1207 1456 1267 1476 cum
1281 1448 1373 1476 omnia
1393 1455 1451 1482 quae
1469 1448 1530 1476 cmli
1545 1452 1573 1475 et
1599 1452 1677 1475 terrae
1691 1448 1795 1475 ambitu

1014 1495 1188 1536 continentur
1202 1502 1270 1522 unus
1284 1498 1311 1522 et
1325 1501 1406 1521 verus
1421 1494 1490 1521 Deus
1509 1494 1642 1529 impleat?
1657 1493 1797 1527 Quomodo

181 1536 281 1587 ἰξύριος
299 1537 369 1565 κατὰ
383 1538 432 1574 τὴν
445 1539 492 1565 τοῦ
513 1539 639 1575 Σωτῆρος
659 1542 768 1576 φωνήν;
792 1543 823 1568 Εἰ
841 1542 878 1578 μὴ
899 1543 963 1578 ἄρα.

1017 1542 1097 1568 etiam
1122 1541 1192 1568 alius
1216 1540 1308 1575 opifex
1335 1547 1428 1567 eorum
1455 1548 1546 1568 rerum
1565 1540 1666 1571 fuerit,
1682 1547 1796 1574 quarum

181 1582 218 1613 ὡς
233 1583 261 1609 ὲν
274 1583 427 1619 ῐσοστασίῳ,
443 1585 489 1610 καὶ
503 1585 548 1612 τὸν
559 1585 605 1612 τοῦ
631 1586 732 1620 ἀγαθοῦ
754 1587 820 1614 Θεοῦ
840 1588 884 1615 τὴν
902 1589 967 1623 φαῦ-

181 1626 227 1655 λον
240 1628 367 1655 δύνασθαι
382 1629 508 1663 γενέσθαι
524 1630 617 1667 κύριον
630 1632 686 1667 (57)
701 1633 811 1660 εἴποιεν.
835 1634 902 1660 Ἀλλ’
919 1635 966 1662 ἐὰν

181 1672 260 1700 τοῦτο
272 1673 394 1708 λέγωσιν,
407 1675 458 1710 ὅρα
471 1676 510 1706 είς
519 1675 585 1711 ὅσην
596 1677 720 1704 ἀσέϐειαν
737 1679 923 1707 ἐκπίπτουσιν·
937 1682 967 1708 ὲν

181 1718 236 1756 γὰρ
251 1720 306 1752 τοῖς
323 1720 357 1747 τὰ
373 1721 417 1747 ἴσα
433 1721 592 1756 δυναμένοις
602 1722 633 1748 τὸ
646 1722 829 1759 ὑπερέχονκαὶ
845 1728 966 1762 κρεῖττον

181 1765 232 1793 οὐκ
247 1765 280 1793 ἂν
290 1766 425 1802 εὑρεθείη.
443 1767 498 1793 Καὶ
511 1767 565 1803 γὰρ
581 1768 605 1794 εί
621 1768 658 1804 μὴ
667 1768 788 1802 θέλοντος
799 1771 846 1798 τοῦ
862 1773 966 1808 ἑτέρου,

182 1810 213 1837 τὸ
227 1811 319 1847 ἕτερον
342 1812 436 1838 ἔστιν’
459 1812 503 1848 ἴση
534 1813 696 1849 ἀμφοτέρων
711 1815 728 1850 ή
743 1815 857 1852 δύναμις
879 1818 926 1845 καὶ
949 1820 965 1855 ἡ

182 1856 309 1885 ἀσθένειά
329 1859 401 1885 ἐστιν
413 1866 420 1873 ·
445 1858 489 1894 ῐση
515 1859 573 1894 μὲν,
594 1859 634 1886 ὅτι
649 1860 759 1888 νικῶσιν
784 1862 904 1898 ἀλλήλων
918 1865 967 1900 τὴν

184 1903 310 1939 βούλησιν
325 1904 354 1930 ὲν
364 1905 402 1939 τῷ
417 1902 494 1931 εἶναι’
519 1904 646 1931 ἀσθένεια
661 1905 690 1931 δὲ
706 1906 868 1942 ἀμφοτέρων
882 1909 965 1943 ἐστὶν,

182 1948 223 1975 δτι
239 1949 276 1985 μὴ
294 1949 463 1984 βουλομένοις
487 1949 579 1981 αὐτοῖς
597 1950 673 1986 παρὰ
696 1950 807 1986 γνώμην
826 1952 985 1980 ἀποῆαινει”

182 1993 218 2020 τὰ
233 1994 397 2030 πράγματα·
416 1994 473 2021 ἐστι
486 1995 541 2030 γὰρ
557 1996 604 2022 καὶ
620 1997 634 2022 ὁ
646 1996 745 2030 ἀγαθὸς
762 1998 837 2033 παρὰ
856 1998 967 2035 γνώμην

182 2039 230 2068 τοῦ
247 2040 358 2075 φαύλου,
372 2040 429 2067 ἐστι
444 2040 490 2067 καὶ
513 2042 527 2067 ὀ
556 2041 657 2076 φαῦλος
674 2042 750 2079 παρὰ
769 2043 895 2079 βούλησιν
919 2046 967 2073 τοῦ

182 2086 297 2120 ἀγαθοῦ.

217 2175 245 2202 7.
261 2174 363 2206 Ἄλλως
377 2184 405 2202 τε
414 2184 420 2190 ·
439 2176 484 2203 κα.)⁵
498 2177 575 2203 τοῦτο
589 2176 644 2212 γὰρ
667 2177 700 2203 ἄν
713 2186 755 2209 τις
770 2178 860 2211 αὐτοῖς
874 2180 943 2207 εἴποι
958 2189 964 2196 ·

1017 1587 1075 1620 ipse
1092 1586 1161 1613 Deus
1173 1590 1200 1613 et
1213 1585 1294 1613 Pater
1305 1585 1404 1612 Christi
1420 1589 1460 1612 est
1477 1585 1617 1618 Dominus,
1631 1589 1659 1612 ut
1671 1592 1719 1612 suo
1739 1584 1798 1618 ipse

1016 1638 1065 1658 ore
1079 1634 1194 1658 testatur
1206 1629 1332 1657 Salvator
1346 1629 1358 1656 ?
1370 1628 1427 1656 Nisi
1448 1629 1517 1656 forte
1530 1634 1559 1656 ut
1577 1630 1602 1657 in
1615 1629 1718 1664 parium
1731 1635 1796 1655 con—

1016 1676 1119 1703 ditione
1133 1676 1233 1703 accidit
1245 1695 1253 1706 .
1272 1675 1334 1702 boni
1352 1675 1397 1702 Dei
1418 1675 1518 1702 malum
1536 1682 1614 1710 posse
1629 1681 1690 1703 esse
1707 1675 1797 1702 domi-

1017 1730 1081 1750 num
1101 1722 1228 1749 dixerint.
1245 1720 1298 1747 Sed
1315 1720 1338 1747 si
1360 1720 1396 1747 ita
1408 1720 1539 1754 sentiunt,
1556 1720 1618 1748 vide
1628 1720 1654 1747 in
1668 1724 1796 1755 quantam

1016 1767 1181 1802 impietatem
1201 1767 1332 1794 incidant.
1351 1765 1423 1793 Inter
1436 1766 1496 1793 illos
1508 1766 1580 1793 enim
1593 1766 1638 1800 qui
1653 1767 1729 1800 paria
1740 1772 1798 1800 pos-

1015 1818 1090 1845 sunt,
1103 1813 1237 1840 neminem
1251 1812 1295 1847 qui
1308 1811 1422 1839 excellat
1439 1817 1465 1838 et
1474 1811 1571 1839 fortior
1585 1811 1630 1845 sit,
1645 1812 1795 1839 inveneris.

1016 1859 1120 1887 Etenim
1132 1859 1154 1886 si
1171 1858 1279 1886 nolente
1291 1857 1463 1889 altero,alter
1477 1857 1712 1893 exsistit,:equalis
1723 1862 1798 1884 certe

1016 1906 1157 1933 amborum
1182 1904 1224 1932 vis
1246 1909 1273 1932 et
1289 1903 1461 1932 imbecillitas
1476 1909 1536 1937 est;
1557 1904 1668 1939 azqualis
1688 1903 1797 1938 quidem

1015 1951 1056 1978 vis
1071 1970 1078 1982 ,
1099 1950 1161 1985 quia
1190 1949 1258 1977 alter
1282 1950 1394 1977 alterius
1409 1949 1575 1977 voluntatem
1588 1969 1596 1982 ,
1620 1949 1776 1976 cxsistendo
1790 1968 1798 1980 .

1015 1995 1099 2023 vincit
1124 2005 1131 2022 :
1159 1995 1331 2023 imbecillitas
1353 2002 1440 2029 vero,
1463 1995 1525 2030 quia
1554 1994 1619 2030 ipsis
1645 1994 1800 2022 nolentibus

1016 2049 1062 2070 res
1089 2045 1189 2077 praeter
1213 2046 1331 2068 mentem
1362 2035 1517 2073 eveniunt;
1548 2038 1680 2075 siquidem
1714 2041 1800 2067 bonus

1015 2088 1100 2116 invito
1124 2088 1207 2122 malo,
1228 2093 1256 2116 et
1272 2088 1391 2116 vicissim
1413 2087 1500 2115 malus
1517 2088 1588 2115 bono
1606 2087 1713 2114 nolente
1727 2086 1800 2113 exsi-

1016 2135 1073 2163 slit.

1051 2181 1079 2206 'l.
1092 2179 1178 2207 Aliter
1187 2179 1269 2207 etiam
1283 2186 1330 2207 eos
1346 2179 1397 2206 hoc
1416 2179 1495 2206 modo
1512 2178 1633 2206 refellere
1646 2185 1798 2213 possumus.

183 2220 215 2246 El
228 2220 262 2246 τὰ
273 2221 421 2256 φαινόμενα
437 2222 504 2257 ἔργα
519 2222 566 2249 τοῦ
582 2222 683 2257 φαύλου
706 2224 775 2257 ἐστὶ,
791 2224 818 2250 τί
841 2225 871 2251 τὺ
887 2225 965 2261 ἔργον

1019 2226 1047 2254 Si
1062 2234 1094 2254 ea
1120 2233 1180 2260 quae
1202 2230 1353 2260 apparent,
1369 2229 1432 2252 sunt
1446 2224 1509 2251 mali
1533 2232 1613 2258 opera
1633 2233 1640 2251 :
1654 2224 1799 2258 quodnam.

181 2265 228 2292 τοῦ
251 2265 373 2300 ἁγαθοῦ;
403 2267 528 2300 φαίνεται
549 2269 604 2305 γὰρ
623 2269 697 2296 οὐδὲν
718 2269 787 2305 πλὴν
813 2271 897 2307 μόνης
918 2273 968 2308 τῆς

182 2310 230 2337 τοῦ
239 2311 412 2347 Δημιουργοῦ
427 2312 550 2345 κτίσεως,
567 2314 599 2340 Τί
612 2314 639 2341 δὲ
653 2314 700 2340 καὶ
709 2314 756 2341 τοῦ
771 2313 841 2341 εἶναι
854 2316 899 2342 τὸν
912 2316 966 2353 (58)

182 2357 283 2392 ἀγαθὸν
301 2357 456 2393 γνώρισμα.
472 2359 522 2385 οὐκ
538 2359 621 2386 ὅντων
644 2360 725 2386 αὑτοῦ
740 2359 827 2396 ἔργων
840 2362 873 2388 δι’
885 2359 922 2389 ὧν
935 2363 968 2390 ἃν

182 2402 315 2444 γνωσθείη
326 2411 333 2435 ;
346 2403 379 2429 ὲκ
392 2403 446 2439 γὰρ
459 2403 513 2430 τῶν
530 2404 616 2440 ἔργων
626 2406 640 2432 ό
657 2405 820 2442 δημιουργὸς
833 2407 965 2441 γινώσκε-

182 2457 237 2475 ται.
249 2448 310 2481 Πῶς
322 2449 350 2476 δὲ
360 2449 429 2481 ὅλως
443 2450 489 2477 καὶ
500 2449 546 2476 δύο
557 2450 589 2477 ἂν
609 2451 651 2482 εἴη
671 2452 779 2480 ἐναντία
794 2453 925 2487 ἀλλήλων,
947 2454 964 2490 ἢ

182 2494 209 2520 τί
221 2493 252 2521 τὸ
261 2494 381 2530 διαιροῦν
395 2496 453 2521 ἐστι
466 2494 562 2526 ταῦτα,
574 2495 617 2522 ἵνα
637 2497 720 2532 χωρὶς
732 2497 853 2533 ἀλλήλων
871 2499 978 2532 γένωνν

183 2548 245 2572 ται;
262 2539 339 2566 Εἶναι
351 2540 405 2576 γὰρ
421 2541 490 2568 αὐτὰ
510 2541 569 2576 ἅμα
591 2541 731 2575 ἀδύνατον,
752 2542 797 2569 διὰ
814 2543 844 2570 τὸ
858 2544 966 2580 ἀναιρε-

182 2585 245 2612 τικὰ
257 2586 379 2622 ἀλλήλων
388 2585 466 2613 εἶναι.
485 2586 552 2613 Ἀλλ’
562 2586 622 2613 οὐδὲ
636 2587 729 2623 ἕτερον
745 2589 774 2614 ἐν
788 2589 874 2624 ἑτέρῳ
889 2590 968 2626 δυνη-

183 2630 242 2666 θείη
258 2631 291 2658 ἂν
306 2630 375 2659 εἶναι
393 2631 436 2658 διὰ
461 2632 492 2658 τὸ
521 2632 635 2668 ἄμικτον
660 2634 706 2660 καὶ
729 2633 852 2669 ἀνόμοιον
878 2635 967 2664 αὐτῶν

219 2697 229 2713 ⁵
244 2697 327 2725 Marc.
340 2705 389 2729 xu,
405 2697 449 2725 29.
488 2698 498 2714 '
512 2697 606 2725 Matth.
622 2705 660 2731 xi,
673 2697 718 2726 25.

290 2763 423 2800 goibert”
441 2773 595 2800 γενομενον.

185 2834 196 2860 1
216 2798 344 2860 gain-Vox
356 2798 435 2825 θείων
446 2798 522 2828 deest
535 2800 560 2827 in
572 2799 683 2835 Seguer.
694 2799 801 2828 Gobler.
821 2806 846 2828 et
865 2801 966 2831 Felkm.

221 2868 277 2903 (56)
301 2868 355 2896 Vos
372 2868 438 2895 Θεου
456 2869 563 2897 additur
586 2869 612 2898 in
636 2869 753 2898 Colbcrt.
783 2876 808 2899 et
833 2872 962 2907 particula

1018 2279 1119 2307 quaeso,
1139 2275 1180 2298 est
1193 2271 1257 2298 boni
1280 2271 1371 2305 opus?
1397 2277 1460 2297 nam
1486 2270 1554 2297 nihil
1577 2275 1689 2305 apparet
1703 2275 1801 2304 praeter

1019 2322 1143 2345 naturam
1160 2323 1241 2351 quam
1266 2316 1380 2344 Creator
1402 2315 1533 2343 condidit.
1559 2315 1699 2348 Quodnam
1720 2322 1801 2349 porro

1019 2362 1148 2389 indicium
1167 2365 1210 2388 est
1226 2361 1324 2387 bonum
1348 2361 1500 2392 exsistere,
1516 2368 1577 2387 cum
1595 2360 1668 2387 nulla
1693 2365 1801 2388 exstent

1018 2414 1099 2441 opera
1114 2406 1212 2441 quibus
1226 2406 1430 2441 cognoscatur?
1453 2414 1487 2434 ex
1507 2406 1635 2441 operibus
1653 2405 1725 2432 enim
1742 2406 1801 2439 opi-

1018 2452 1062 2480 lex
1077 2453 1262 2487 cognoscitur:
1286 2452 1337 2485 Qui
1356 2459 1420 2479 vero
1436 2451 1494 2478 ﬁeri
1509 2456 1599 2486 potest
1614 2455 1643 2478 ut
1655 2451 1735 2478 ambo
1748 2451 1799 2478 sibi

1018 2499 1134 2526 invicem
1149 2498 1203 2526 sint
1223 2498 1355 2525 contrarii
1370 2498 1382 2525 Τ
1397 2497 1440 2526 vel
1462 2497 1590 2532 quidnam
1604 2497 1729 2532 estquod
1741 2497 1800 2524 illos

1018 2545 1125 2577 dividit.
1139 2549 1169 2572 ut.
1181 2545 1263 2572 simul
1278 2544 1392 2572 invicem
1413 2551 1467 2571 non
1483 2543 1562 2570 sint?
1583 2543 1706 2578 Namque
1721 2543 1801 2570 simul

1020 2598 1082 2619 esse
1101 2599 1155 2619 non
1171 2595 1295 2626 possunt,
1308 2598 1369 2618 cum
1386 2597 1444 2618 sese
1457 2590 1573 2617 invicem
1589 2591 1739 2617 destruant.
1753 2589 1800 2615 Al-

1022 2642 1063 2665 ter
1088 2644 1196 2672 quoque
1209 2637 1236 2664 in
1252 2636 1339 2663 altero
1351 2643 1412 2663 esse
1426 2643 1479 2664 non
1494 2639 1600 2670 potest,
1613 2642 1674 2662 cum
1687 2633 1808 2662 diversae,

1021 2770 1068 2797 καί
1083 2773 1141 2802 post
1154 2767 1191 2796 ὧν
1207 2777 1267 2796 mox
1286 2777 1411 2804 sequens.

1056 2805 1111 2866 (i7)
1125 2804 1184 2867 IVo;
1196 2804 1298 2840 Κύριον
1321 2806 1396 2832 deest
1416 2805 1442 2833 in
1461 2804 1580 2833 Colbert.
1604 2804 1670 2832 ibid.
1695 2805 1801 2834 additur:

1057 2849 1067 2865 r
1082 2848 1151 2866 n-ua
1185 2849 1209 2867 ν.

1039 2848 1151 2867 artu-uta
1167 2848 1209 2867 αν.

1053 2874 1109 2910 (58)
1123 2875 1167 2902 Sic
1179 2868 1298 2904 Colbcrt‘.
1319 2875 1369 2903 Alii
1385 2883 1446 2904 cum
1467 2876 1558 2910 editis,
1571 2874 1612 2902 τό.
