2027 3042
249 154 282 181 i5
546 155 574 183 S.
596 154 782 182 ATIIANASII
800 153 876 183 ουρ.
895 153 984 183 PARS
1003 154 1023 183 Ι.
1041 170 1075 176 -
1094 154 1279 183 IIISTORICA
1299 155 1342 182 ET
1362 154 1572 184 DOGMATICA.
1826 157 1860 186 16

245 219 273 241 et
298 213 442 242 dissimilis
464 214 518 242 sint
540 220 654 242 naturai.
672 215 741 250 Ergo
759 215 869 243 tertium
892 215 1025 249 quoddam

1077 215 1123 250 τῆς
1140 214 1256 249 φύσεως.
1275 214 1378 241 Οὐκοῦν
1399 215 1431 240 ὲκ
1448 214 1539 250 τρίτου
1555 213 1585 241 τὸ
1607 211 1727 248 διαιροῦν
1745 213 1861 249 φανήσερ

245 261 311 292 erit,
331 261 402 295 quod
417 260 476 288 illos
497 261 621 294 dirimat,
640 262 765 296 quodque
784 262 872 296 ipsum
887 262 923 289 sit
940 261 1023 289 Deus.

245 307 279 334 At
292 307 441 341 cuiusnam,
458 314 560 341 quaso.
577 312 680 334 natura:
693 307 801 335 tertium
815 308 886 335 istud
905 307 1025 335 futurum

245 353 306 379 est?
328 351 428 379 bonine
440 359 473 379 an
494 352 581 380 mali?
609 353 741 380 incertum
763 353 855 388 utique
870 353 1026 386 videbitur;

246 405 295 424 nec
307 397 377 425 enim
391 402 480 432 potest
496 398 638 425 amborum
662 403 765 426 natura
779 405 849 426 esse.
860 398 951 433 itaque
964 405 1026 426 cum

246 442 348 470 l‘utiiem
365 444 434 471 banc
460 443 566 471 illorum
582 444 745 472 sententiam
766 451 826 472 esse
845 444 963 479 liqueat,
981 451 1028 472 ne.

245 495 321 516 cesse
338 493 380 516 est
392 489 585 517 ecclesiastica
601 489 734 517 doctrinm
750 490 892 518 veritatem
906 490 1026 523 elucere,

246 534 350 562 scilicet
358 535 456 562 malum
471 543 520 563 nec
534 543 549 562 a
565 535 619 563 Deo
631 543 681 563 nec
698 536 724 563 in
740 536 793 563 Deo
809 542 880 568 esse,
894 543 980 571 neque
991 537 1026 564 ab

247 580 326 608 initio
343 580 438 613 fuisse,
451 589 499 609 nec
511 586 634 609 naturam
648 582 676 618 6
686 582 802 617 aliquam
814 582 871 617 ejus
887 590 965 610 esse:
979 584 1026 610 sed

246 625 381 659 homines,
400 626 462 654 boni
480 627 708 662 contemplatione
725 633 838 660 remota.
859 636 889 655 ea
902 636 962 664 qute
975 637 1026 656 non

245 676 333 704 erant,
348 676 428 706 prout
444 672 581 704 volebant.
597 673 648 700 sibi
672 673 722 708 ipsi
738 674 895 709 excogitare
911 679 939 702 et
953 673 1028 701 enin-

246 725 309 752 gere
328 718 455 754 cwpisse.
480 718 711 752 Quemadmodum
732 721 804 748 enim
829 721 851 748 si
869 721 930 756 quis
943 741 950 755 ,
971 721 1028 749 sole

246 763 396 792 collucente
413 764 522 800 suisque
546 766 631 793 radiis
645 765 804 793 universum
822 771 958 795 terrarum
980 775 1026 795 or-

246 809 306 837 bem
320 809 483 842 illustrante,
496 811 589 839 oculos
604 811 746 842 clauserit.
762 817 790 840 et
805 813 943 846 tenebras,
966 821 1027 848 qua

248 859 338 882 tamen
356 856 435 883 nulla;
449 861 522 890 sunt,
540 857 591 884 sibi
609 857 658 892 ipsi
683 857 801 888 ﬁnxerit.
824 866 856 886 ac
869 858 966 886 deinde
982 859 1027 886 ille

1076 268 1132 293 ται,
1143 260 1190 288 καὶ
1205 261 1270 287 αὐτὸ
1284 261 1360 292 Θεός.
1387 260 1469 286 Ἀλλὰ
1485 260 1565 291 ποίας
1583 260 1616 286 ἂν
1637 258 1679 295 εἴη
1694 259 1741 286 καὶ
1754 259 1784 286 τὸ
1802 260 1861 296 τρί-

1077 315 1122 334 τον
1135 306 1257 341 φύσεως;
1271 306 1385 342 πότερον
1400 306 1450 341 τῆς
1464 305 1510 332 τοῦ
1529 305 1622 338 καλοῦ,
1637 305 1654 341 ἢ
1668 304 1715 332 τοῦ
1738 305 1839 341 φαύλου
1851 314 1859 340 ;

1076 352 1173 387 ἆδηλον
1185 353 1342 387 φανήσεται.
1361 352 1416 387 Τῆς
1439 351 1494 387 γὰρ
1518 351 1682 386 ἀμφοτέρων
1693 349 1762 378 εῖναι
1783 351 1859 383 αὐτὸ,

1077 398 1216 425 ἀδύνατον.
1230 397 1337 433 Σαθρᾶς
1348 397 1380 433 δὴ
1393 397 1483 424 τοίνυν
1499 397 1548 433 τῆς
1558 396 1686 432 τοιαύτης
1698 397 1786 423 αὐτῶν
1802 396 1860 424 δια-

1077 445 1153 476 νοίας
1169 444 1345 480 φαινομένης,
1363 444 1469 480 ἀνάγκη
1483 443 1532 479 τὴν
1549 442 1678 478 ἀλήθειαν
1699 441 1860 478 διαλάμπειν

1092 492 1125 526 ἧς
1134 491 1363 526 ὲκκλῃσιαστικῆς
1377 489 1503 524 γνώσεως
1514 498 1521 504 ·
1538 490 1580 516 ὅτι
1595 489 1626 516 τὸ
1637 489 1721 517 κακὸν
1738 489 1768 516 οὐ
1785 490 1860 526 παρὶ

1514 500 1521 504 “
1538 500 1580 516 οτι
1595 500 1626 516 το
1637 500 1721 517 κακον
1738 500 1768 516 ου
1785 500 1860 526 παρα

1076 537 1143 564 Θεοῦ
1159 537 1219 564 οὐδὲ
1230 538 1259 563 ὲν
1273 536 1333 572 Θεῷ
1346 546 1361 563 ο
1379 545 1408 563 τε
1422 535 1451 569 ἐξ
1464 536 1550 571 ἀρχῆς
1565 535 1685 570 γέγονεν,
1706 535 1861 573 egregiis:

1075 584 1123 619 τίς
1130 582 1310 619 ὲωέύτοῦ.
1326 582 1407 609 Ἀλλὰ
1420 582 1558 617 ἄνθρωποι
1576 581 1647 608 κατὰ
1661 581 1787 617 στέρησιν
1811 582 1859 617 τῆς

1075 619 1122 658 τοῦ
1136 629 1218 656 καλοῦ
1246 629 1397 664 φαντασίας
1417 629 1524 660 ἑαυτοῖς
1542 628 1658 654 ἐπινοεῖν
1671 628 1787 663 ἤρξαντο
1813 627 1862 654 καὶ

1076 676 1254 703 ἀναπλάττειν
1265 675 1300 701 τὰ
1321 675 1372 701 οὐκ
1389 674 1464 706 ὄντα,
1483 674 1530 701 καὶ
1549 673 1620 709 ἅπερ
1648 672 1794 708 βούλονται.
1816 673 1861 705 Ὦς

1076 722 1130 758 γὰρ
1146 722 1178 749 ἄν
1193 730 1236 753 τις
1259 721 1334 757 ἡλίου
1359 721 1507 755 φαίνοντος,
1525 720 1572 746 καὶ
1586 720 1678 754 πάσης
1692 719 1742 754 τῆς
1756 721 1807 754 γῆς
1821 719 1862 754 τῷ

1076 767 1146 803 φωτὶ
1161 766 1256 793 τούτου
1282 765 1541 801 καταλαμπομένης,
1566 764 1700 800 καμμύων
1722 763 1776 798 (59)
1797 764 1862 795 τοὺς

1076 812 1239 847 ὀφθαλμοὺς,
1256 811 1351 843 σκότος
1367 810 1455 845 ἐαυτῷ
1466 811 1559 845 ἐπινοῇ
1576 810 1632 845 (40)
1642 810 1691 836 οὐκ
1704 809 1779 841 ὄντος
1797 809 1861 836 σκό-

1076 866 1148 890 τους,
1163 858 1209 884 καὶ
1222 857 1314 884 λοιπὸν
1325 857 1363 888 ὡς
1379 857 1408 884 ἐν
1419 856 1509 883 σκότει
1523 855 1698 890 πλανώμενος
1710 856 1859 890 περιπατῇ,

248 900 343 928 mediis
353 901 424 928 velut
447 901 473 928 in
489 902 607 930 tenebris
621 910 716 930 errans
730 903 857 934 incedat.
872 911 931 938 qua:
944 911 1025 932 causa

1077 902 1204 934 πολλάκις
1217 901 1324 929 πίπτων
1335 901 1382 928 καὶ
1389 900 1459 928 κατὰ
1471 900 1600 936 κρημνῶν
1611 900 1733 935 ὑπάγων,
1743 900 1862 935 νομίζων

248 945 285 973 illi
300 947 335 974 sit
349 947 447 981 saepius
457 947 569 974 cadendi
588 953 668 983 atque
683 949 710 975 in
730 957 826 984 aspera
842 954 868 976 et
891 954 1024 985 prmrupta

249 991 308 1019 loca
333 992 499 1024 incurrendi,
525 994 587 1020 dum
606 994 714 1021 interim
731 995 787 1030 ipse
803 995 955 1022 arbitratur
971 1003 1024 1023 non

248 1037 335 1065 lucem
351 1057 359 1070 ,
385 1039 432 1065 sed
448 1039 571 1066 tenebras
585 1047 657 1072 esse,
681 1040 780 1075 quippe
795 1040 840 1074 qui
858 1048 918 1068 cum
934 1040 1026 1068 videre

246 1087 343 1118 putat,
367 1083 433 1110 nihil
457 1092 571 1118 prorsus
584 1085 696 1112 videat:
716 1086 752 1112 ita
779 1086 896 1113 humana
923 1085 1024 1119 anima,

247 1129 346 1156 clausis
356 1129 441 1157 oculis
456 1130 554 1164 quibus
569 1130 652 1158 Deum
675 1131 768 1159 videre
791 1135 891 1165 potest,
907 1131 958 1159 sibi
974 1132 1024 1167 ipsi

247 1174 316 1200 mala
332 1174 444 1210 elliugit,
461 1175 487 1202 in
506 1176 605 1210 quibus
629 1177 691 1204 dum
708 1178 764 1213 ipsa
786 1183 918 1212 movetur,
939 1179 1026 1207 nescit

246 1227 307 1248 sese
319 1221 386 1247 nihil
402 1228 491 1256 agere,
505 1230 564 1249 cum
582 1222 682 1257 aliquid
701 1230 781 1258 agere
794 1223 949 1258 existimat;
965 1232 1025 1259 qua!

245 1266 318 1293 enim
335 1266 380 1293 illa
395 1265 495 1302 etiingit
507 1287 515 1301 ,
539 1268 613 1295 nullo
634 1268 714 1296 modo
731 1269 875 1297 exsistunt.
890 1268 947 1297 Nec
961 1277 1026 1298 vero

246 1311 335 1347 qualia
361 1318 453 1340 creata
477 1319 539 1347 est,
567 1314 628 1342 talis
649 1315 730 1343 etiam
753 1317 959 1350 perseveravit:
979 1317 1024 1345 sed

248 1357 356 1391 qualem
370 1360 566 1387 contaminavit
588 1361 703 1395 scipsam
717 1383 724 1394 ,
748 1361 810 1389 talis
831 1366 858 1390 et
877 1368 1024 1398 comparet.

246 1401 367 1438 Namque
379 1409 468 1431 creata
482 1409 523 1432 est
543 1410 572 1432 ut
590 1406 673 1433 Deum
689 1407 788 1440 videat,
804 1411 831 1435 et
843 1408 878 1434 ab
905 1415 938 1436 eo
962 1408 1024 1435 illu-

247 1448 367 1476 minetur
381 1458 389 1476 :
405 1449 462 1484 ipsa
477 1455 568 1478 autent
586 1458 634 1486 pro
650 1452 704 1480 Deo
720 1460 762 1481 res
777 1454 894 1481 caducas
911 1458 937 1481 et
948 1459 1024 1481 tene-

1075 949 1125 976 οὐκ
1140 942 1208 975 εῐνάι
1222 947 1289 983 φῶς,
1302 947 1369 974 ἀλλὰ
1385 946 1479 978 σκότος
1492 946 1557 982 (ιι)-
1573 946 1659 972 δοκῶν
1670 946 1724 982 γὰρ
1741 945 1860 981 βλέπειν,

1075 995 1128 1022 οὐδ’
1141 994 1209 1025 ὅλως
1217 994 1282 1029 ὁρᾷ*
1297 992 1369 1019 οὕτω
1381 992 1429 1018 καὶ
1440 992 1456 1027 ὴ
1468 992 1540 1027 ψυχὴ
1547 992 1600 1018 τῶν
1610 991 1770 1027 ἀνθρώπων,
1787 1000 1861 1027 καμ-

1077 1041 1185 1076 μύσασα
1198 1039 1243 1066 τὺν
1259 1038 1406 1074 ὀφθαλμὸν,
1425 1037 1458 1064 δι’
1470 1035 1500 1065 οὗ
1508 1037 1554 1076 τον
1568 1037 1634 1063 Θεὸν
1655 1037 1720 1072 ὸρᾷν
1739 1037 1860 1070 δύναται,

1075 1073 1157 1122 ἑαυτῇ
1173 1086 1208 1113 τὰ
1222 1073 1294 1112 κακὰ
1304 1084 1460 1120 ἐπενόησεν,
1475 1083 1504 1109 ὲν
1516 1073 1556 1115 οἷς
1567 1083 1723 1118 κινουμένη,
1734 1083 1783 1109 οὐκ
1790 1080 1861 1109 οἶδεν

1075 1127 1126 1166 ὅτι,
1142 1132 1259 1160 δοκοῦσά
1273 1141 1299 1159 τι
1315 1133 1409 1164 ποιεῖν,
1425 1131 1500 1158 οὐδὲν
1515 1132 1603 1158 ποιεῖ·
1618 1130 1652 1157 τὰ
1667 1131 1717 1157 οὐκ
1731 1130 1794 1156 ὄντα
1805 1130 1861 1166 γὰρ

1075 1179 1283 1208 ἁναπλάττεται.
1303 1179 1358 1206 Καὶ
1384 1178 1433 1213 οὐχ
1461 1177 1541 1204 ὁποία
1561 1176 1666 1211 γέγονε,
1688 1175 1797 1211 τοιαύτη
1813 1175 1862 1202 καὶ

1076 1226 1200 1262 ἔμεινεν·
1224 1225 1281 1252 ἀλλ’
1303 1224 1398 1252 ὁποίαν
1411 1224 1508 1259 ἑαυτὴν
1528 1222 1652 1258 ὲνέφυρε,
1679 1221 1790 1256 τοιαύτη
1813 1221 1862 1247 καὶ

1075 1271 1209 1306 φαίνεται.
1226 1271 1323 1306 Γέγονε
1341 1270 1390 1306 μὲν
1404 1269 1460 1305 γὰρ
1476 1269 1517 1301 είς
1538 1268 1569 1295 τδ
1580 1269 1646 1304 ὁρᾷν
1657 1267 1703 1294 τὸν
1719 1266 1795 1298 Θεὸν,
1813 1266 1861 1292 καὶ

1076 1318 1121 1345 ὐπ’
1144 1317 1226 1344 αὐτοῦ
1249 1316 1430 1352 φωτίζεσθαι·
1452 1314 1521 1350 αὕτη
1542 1315 1570 1341 δὲ
1594 1314 1654 1341 ἀντὶ
1672 1313 1719 1340 τοῦ
1735 1312 1802 1340 Θεοῦ
1825 1312 1862 1340 τὰ

1075 1363 1183 1399 φθαρτὰ
1189 1363 1236 1390 καὶ
1246 1363 1276 1389 τὸ
1282 1362 1376 1394 σκότος
1387 1361 1528 1398 ἐζήτησεν,
1540 1361 1577 1393 ὧς
1588 1369 1639 1387 που
1653 1361 1698 1387 καὶ
1708 1360 1738 1386 τὺ
1749 1359 1860 1395 Πνεῦμα

1075 1410 1220 1445 ἐγγράφως
1235 1408 1334 1444 φησίν·
1354 1408 1382 1434 Ὀ
1398 1407 1470 1440 Θεὸς
1486 1406 1540 1434 τὸν
1555 1406 1861 1440 ἇνθρωπονὲποίησεν

1074 1455 1165 1490 εὑθῆ-
1190 1455 1273 1482 αὐτοὶ
1298 1454 1332 1481 δὲ
1355 1454 1502 1489 ἐζήτησαν
1525 1452 1688 1488 λογισμοὺς
1715 1452 1860 1484 πολλούς.

246 1495 310 1522 bras
324 1495 458 1530 quaesivit,
474 1501 504 1523 ut
522 1497 622 1525 alicubi
647 1497 766 1533 Spiritus
780 1499 822 1526 his
838 1499 926 1527 verbis
942 1504 1026 1527 testa-

1077 1502 1180 1533 Κακίας
1189 1501 1221 1536 δὴ
1234 1498 1279 1528 οὖν
1293 1500 1402 1536 εὕρεσις
1414 1500 1461 1526 καὶ
1473 1499 1577 1525 ἐπίνοια
1594 1499 1648 1530 τοῖς
1662 1497 1814 1534 ἀνθρώποις
1831 1497 1862 1530 ἐξ

247 1545 292 1568 tur
310 1550 317 1568 :
334 1541 407 1569 Delta
416 1542 545 1570 hominem
559 1549 656 1571 rectum
670 1543 731 1579 fecit
743 1552 752 1571 :
765 1545 814 1578 ipsi
823 1549 909 1571 autem
918 1545 1024 1572 ratioci-

1077 1546 1164 1582 ἀρχῆς
1175 1545 1247 1573 οὕτω
1256 1545 1352 1580 γέγονε
1375 1544 1422 1571 καὶ
1445 1543 1608 1572 πέπλασται.
1631 1543 1693 1575 Πῶς
1707 1543 1735 1569 δὲ
1751 1543 1798 1569 καὶ
1821 1543 1861 1574 είς

246 1587 362 1615 nationes
375 1589 471 1616 multa;
485 1589 644 1623 quasierunt
659 1589 679 1617 ⁸.
704 1589 797 1625 Itaque
812 1591 920 1618 malitiae
931 1591 1026 1618 inven-

1077 1592 1124 1627 τὴν
1139 1591 1193 1618 τῶν
1208 1590 1324 1617 εἰδώλων
1340 1589 1438 1626 μανίαν
1459 1589 1688 1624 ηταὸεὸήκασιν,
1706 1589 1755 1624 ἥδη
1772 1588 1862 1622 λέγειν

248 1633 286 1661 tio
302 1638 330 1660 ct
346 1635 509 1669 excogitatio
534 1635 574 1663 sic
600 1636 754 1663 hominibus
779 1636 858 1664 initio
879 1641 974 1664 exorta
999 1642 1026 1665 et

1077 1637 1232 1671 ἀναγκαῖον,
1253 1637 1297 1663 ἵνα
1316 1636 1464 1672 γινώσκῃς]
1481 1635 1522 1662 ὅτι
1546 1634 1615 1666 ὅλως
1632 1635 1649 1669 ἡ
1673 1633 1727 1661 τῶν
1741 1633 1862 1660 εἰδώλων

247 1678 363 1706 conﬂata
375 1684 426 1708 est.
442 1680 564 1714 Quanam
577 1688 642 1709 vero
663 1682 772 1709 ratione
794 1682 876 1709 etiam
892 1683 926 1709 ad
940 1681 1026 1710 idolo-

1077 1681 1182 1717 εὕρεσις
1198 1682 1249 1708 οὐκ
1269 1681 1322 1708 ἀπὸ
1343 1680 1458 1715 ἀγαθοῦ,
1478 1679 1534 1706 ἀλλ’
1554 1678 1609 1706 ἀπὸ
1631 1678 1740 1711 κακίας,
1753 1679 1860 1713 γέγονε.

247 1732 307 1753 rum
325 1725 456 1754 insaniam
469 1727 589 1756 devoluti
608 1727 709 1755 fuerint
722 1749 730 1761 ,
743 1728 798 1762 iam
813 1728 903 1756 dicere
917 1735 1026 1756 necesse

1077 1727 1112 1754 Τδ
1131 1727 1161 1754 δὲ
1181 1727 1230 1763 τὴν
1253 1727 1338 1763 ἀρχὴν
1354 1726 1415 1762 ἔχον
1440 1725 1529 1762 κακὴν
1543 1725 1573 1752 ὲν
1588 1724 1676 1752 οὐδενί
1689 1732 1755 1751 ποτε
1779 1723 1863 1751 καλὸν

245 1776 299 1804 est.
316 1777 345 1800 ut
358 1780 507 1809 cognoscas
518 1774 650 1802 idolorum
666 1774 849 1802 inventionem
861 1775 933 1802 nullo
949 1774 1026 1802 modo

1077 1773 1195 1810 κριθείη,
1210 1774 1269 1801 ὅλον
1281 1773 1310 1800 ὃν
1325 1773 1437 1809 φαῦλον.

247 1827 264 1846 a
290 1819 360 1847 bono
383 1820 430 1847 sed
467 1827 482 1847 a
515 1820 616 1848 malitia
641 1825 730 1848 ortum
747 1822 858 1849 habere.
880 1821 956 1856 Quod
980 1828 1062 1857 porro
1080 1821 1242 1857 principium
1259 1820 1358 1847 malum
1376 1819 1477 1852 habet,
1491 1817 1566 1846 nulla
1583 1822 1702 1852 unquam
1719 1815 1746 1843 in
1763 1822 1792 1842 re
1815 1815 1864 1842 bo-

247 1875 311 1895 num
328 1867 503 1903 iudicandum
520 1872 571 1901 est,
586 1876 646 1895 cum
659 1868 755 1896 malum
773 1869 809 1897 sit
823 1873 918 1897 totum.

281 1915 308 1943 8.
321 1915 450 1942 Malitiam
474 1916 643 1950 excogitasse
663 1923 714 1944 non
735 1921 861 1944 contenta
887 1916 1025 1945 hominum

247 1959 347 1993 anima,
364 1960 492 1994 paulatim
509 1967 568 1988 sese
578 1962 611 1988 ad
632 1962 764 1989 deteriora
779 1963 861 1997 coepit
875 1962 1026 1998 impellere.

246 2004 391 2039 Postquam
409 2004 482 2032 enim
496 2005 588 2035 varias
609 2006 778 2041 voluptatum
793 2008 897 2043 species
913 2009 1020 2042 didicit,

246 2055 275 2078 et
286 2056 375 2077 rerum
389 2050 539 2078 divinarum
552 2051 633 2078 oblita
651 2056 709 2084 est,
730 2053 869 2087 corporeis
888 2052 1028 2081 atl'ectibus

247 2095 390 2129 delectata,
405 2100 486 2132 atque
501 2097 534 2124 ad
550 2097 605 2124 sola
613 2098 757 2132 praesentia
768 2104 794 2125 et
804 2105 898 2131 vanas,
917 2106 977 2133 quae
993 2099 1028 2126 de

247 2141 290 2169 his
303 2141 449 2174 habentur,
469 2142 610 2177 opiniones
623 2144 774 2178 attendens,
792 2143 857 2171 nihil
872 2149 969 2179 praeter
981 2151 1028 2171 as-

247 2187 389 2223 pcctabilia
404 2188 537 2217 exsistere
548 2209 556 2221 ,
582 2188 691 2224 solaque
714 2189 871 2224 temporalia
888 2195 915 2217 et
932 2197 1028 2224 corpo-

248 2240 306 2266 rea,
321 2234 390 2261 bona
402 2241 463 2262 esse
474 2235 602 2262 arbitrata
619 2239 670 2262 est.
690 2235 735 2262 Sic
746 2240 836 2263 autem
852 2243 867 2263 a
878 2243 943 2263 vero
954 2243 1029 2263 aver-

247 2287 289 2312 sa,
304 2283 330 2307 et
343 2287 371 2308 se
383 2280 416 2307 ad
435 2281 581 2316 imaginem
600 2281 663 2308 boni
684 2281 732 2308 Dei
748 2281 845 2308 iactam
860 2289 920 2308 csse
934 2281 1028 2314 oblita,

247 2331 300 2351 non
317 2325 432 2359 amplius
447 2325 530 2353 Deum
545 2325 672 2358 Verbum.
687 2326 721 2353 ad
732 2326 809 2361 cujus
825 2325 1027 2353 similitudinem

247 2375 339 2399 creata
351 2376 403 2404 est,
420 2379 469 2400 sua
485 2371 613 2399 facultate
632 2372 704 2399 videt
720 2379 728 2399 :
747 2373 794 2399 sed
816 2376 893 2399 extra
910 2371 1026 2405 seipsam

247 2418 346 2452 posita,
361 2425 392 2444 ea
406 2425 466 2453 quae
487 2426 539 2445 non
554 2423 617 2445 sunt
628 2418 729 2453 cogitat
743 2422 771 2445 et
786 2417 896 2452 eilingit.
910 2415 1026 2444 Obstru-

247 2467 293 2490 cto
303 2463 401 2498 quippe
417 2471 610 2499 corporearum
626 2465 804 2499 cupiditatum
823 2463 968 2490 involucris
982 2462 1029 2490 illo

247 2509 318 2544 quod
332 2509 358 2537 in
377 2510 436 2544 ipsa
448 2514 489 2538 est
505 2511 581 2545 quasi
601 2509 724 2545 speculo.
739 2516 788 2545 per
800 2509 870 2543 quod
884 2516 965 2535 unum
979 2507 1029 2535 Pa-

248 2555 299 2582 tris
322 2555 466 2591 imaginem
490 2557 612 2584 contueri
632 2561 741 2591 poterat
755 2575 763 2587 ,
786 2555 841 2589 jam
867 2562 919 2582 non
941 2554 1030 2581 cernit

248 2607 308 2634 qua:
318 2601 437 2628 animam
449 2600 599 2637 intelligere
613 2606 729 2636 oportet.
748 2601 795 2628 sed
806 2601 832 2628 in
844 2607 951 2628 omnem
970 2607 1031 2634 par-

249 2650 301 2673 tem
315 2645 516 2678 circumt‘ertur.
529 2647 640 2682 solaque
654 2647 699 2674 illa
713 2647 787 2674 videt
802 2654 862 2681 qum
878 2646 904 2673 in
920 2651 1029 2673 sensum

282 2690 293 2706 ‘
307 2690 410 2718 Eccles.
419 2698 469 2720 vn.
482 2691 527 2719 '50.

284 2737 340 2773 (39)
355 2736 467 2773 Seguerr,
481 2736 558 2765 Colb.
569 2735 650 2773 Basil.
662 2735 765 2773 Anglic.
778 2734 887 2762 Gobler.
905 2733 1024 2773 Feicltm.

247 2774 262 2813 ᾖ
279 2769 307 2813 ξι
315 2773 332 2798 2
340 2769 428 2813 anei-1:.
441 2771 485 2799 hic
496 2771 641 2813 καμμιὸων,
655 2776 682 2799 et
691 2769 778 2813 paulo
785 2774 844 2804 post
856 2769 1025 2811 καμμύσασα

247 2808 358 2838 habent.
379 2807 429 2833 Alii
443 2814 504 2834 cum
520 2803 611 2839 editis,
626 2805 737 2841 καμύων
754 2803 952 2841 οικαμύσασα.

283 2841 339 2877 (40)
355 2841 401 2868 Sic
423 2841 551 2876 Seguer.,
567 2841 613 2877 alii
634 2839 700 2877 vero
723 2847 784 2867 cum
809 2839 890 2866 editis
915 2840 1025 2877 ἐπινοεῖ,

247 2882 274 2906 et
289 2875 370 2912 paulo
384 2881 444 2910 post
459 2875 612 2912 περιπατεῖ,
623 2876 669 2904 ubi
683 2877 796 2911 Seguer.
813 2875 961 2909 περιπατῇ.

1112 1916 1138 1944 8.
1151 1915 1209 1943 Οὐκ
1224 1913 1387 1952 ἀρκεσθεῖσα
1405 1913 1438 1948 τῇ
1453 1910 1508 1947 (42)
1525 1910 1573 1946 τῆς
1584 1909 1682 1940 κακίας
1692 1906 1797 1943 ἐπινοίᾳ
1809 1906 1866 1933 τῶν

1077 1961 1227 1998 ἀνθρώπων
1249 1962 1265 1997 ὴ
1285 1959 1368 1995 ψυχὴ,
1386 1958 1446 1985 κατ’
1472 1956 1560 1991 ὀλίγον
1573 1955 1620 1982 καὶ
1642 1955 1680 1986 είς
1698 1954 1733 1980 τὰ
1754 1953 1865 1989 χείρονα

1077 2007 1175 2043 ἑαυτὴν
1189 2006 1294 2041 ἐξάγειν
1309 2005 1418 2040 ἤρξατο.
1435 2001 1566 2031 Μαθοῦσα
1582 2000 1635 2036 γὰρ
1652 1998 1781 2034 διαφορὰς
1804 1998 1866 2034 ἠδο-

1078 2053 1142 2086 νῶν,
1156 2053 1203 2080 καὶ
1215 2051 1360 2086 ζωσαμένη
1369 2050 1419 2086 τὴν
1432 2049 1485 2076 τῶν
1500 2048 1579 2075 θείων
1593 2047 1686 2083 λήθην,
1703 2045 1822 2082 ήδομένη
1835 2044 1866 2071 δὲ

1079 2099 1206 2135 καὶπρὸς
1221 2097 1255 2125 τὰ
1268 2096 1315 2124 τοῦ
1338 2096 1462 2131 σώματος
1481 2094 1554 2129 πάθη
1579 2093 1627 2120 καὶ
1645 2091 1713 2127 πρὸς
1738 2090 1805 2126 μόνα
1829 2090 1865 2116 τὰ

1079 2144 1210 2180 παρόντα,
1226 2141 1329 2173 καὶτὰς
1341 2140 1442 2167 τούτων
1454 2139 1532 2172 δόξας
1544 2136 1744 2167 ἀποϐλέπουσα,
1755 2135 1864 2180 ἐνόμισε

1082 2190 1164 2226 μηδὲν
1181 2189 1221 2216 ἔτι
1234 2187 1313 2215 πλέον
1327 2185 1398 2214 εἶναι
1407 2186 1461 2213 τῶν
1473 2183 1655 2220 βλεπομένων,
1667 2181 1735 2208 ἀλλὰ
1750 2180 1817 2216 μόνα
1830 2179 1866 2206 τὰ

1080 2236 1234 2272 πρόσκαιρα
1241 2235 1287 2261 καὶ
1294 2233 1329 2260 τὰ
1341 2232 1482 2268 σωματικὰ
1496 2229 1565 2257 εἶναι
1577 2229 1611 2256 τὰ
1619 2228 1700 2255 καλά.
1715 2228 1865 2263 Ἀποστρα-

1081 2271 1163 2318 φεῖσα
1177 2281 1206 2308 δὲ
1217 2280 1264 2307 καὶ
1278 2277 1460 2314 ἐπιλαϐομένη
1480 2275 1578 2312 ἑαυτὴν
1601 2273 1669 2302 εἶναι
1692 2274 1753 2300 κατ’
1774 2271 1865 2318 είκόνα

1080 2316 1128 2354 τοῦ
1141 2324 1241 2360 ἀγαθοῦ
1253 2323 1390 2355 Θεοῦ,οὺκ
1405 2321 1445 2348 ἔτι
1461 2321 1508 2357 μὲν
1528 2320 1573 2347 διὰ
1594 2319 1644 2354 τῆς
1661 2319 1689 2345 ὲν
1706 2318 1774 2352 αὐτῇ
1789 2316 1866 2343 δυνά-

1081 2380 1153 2408 μεως
1167 2370 1213 2397 τὸν
1224 2369 1288 2397 Θεὸν
1300 2368 1395 2402 Λόγον,
1410 2366 1471 2394 καθ’
1481 2366 1510 2392 ὃν
1523 2365 1570 2393 καὶ
1585 2365 1707 2399 γέγονεν,
1721 2363 1786 2408 ὁρᾷς
1806 2361 1866 2408 ’ἔξω

1079 2406 1108 2444 δὲ
1123 2415 1222 2451 ἑαυτῆς
1237 2413 1380 2449 γενομένη,
1392 2411 1428 2438 τὰ
1437 2411 1487 2438 οὐκ
1502 2410 1566 2437 ὅντα
1585 2408 1723 2443 λογίζεται
1740 2406 1786 2433 καὶ
1800 2406 1865 2432 ἁνα-

1081 2461 1222 2489 τυποῦται.
1234 2458 1424 2494 Ἐπικρύψασα
1434 2456 1487 2492 γὰρ
1498 2456 1559 2487 ταῖς
1573 2453 1733 2484 ἐπιπλοκαῖς
1747 2452 1801 2478 τῶν
1815 2460 1867 2494 om:

1084 2506 1204 2544 ματικῶν
1220 2503 1372 2540 ἐπιθυμιῶν
1388 2503 1417 2530 τὸ
1429 2503 1466 2534 ὡς
1481 2502 1509 2528 ὲν
1521 2501 1588 2536 αὐτῇ
1607 2499 1771 2534 κάτοπτρον,
1784 2497 1816 2524 δι’
1835 2493 1866 2523 οὗ

1084 2543 1163 2589 μόνου
1181 2551 1237 2587 (45)
1262 2551 1328 2586 όρᾷν
1353 2547 1468 2584 ἠδύνατο
1483 2547 1532 2582 τὴν
1560 2546 1652 2573 εἰκόνα
1677 2544 1726 2571 τοῦ
1749 2543 1866 2589 Πατρὸς,

1082 2588 1173 2625 οὐκέτι
1192 2597 1240 2632 μὲν
1252 2596 1304 2631 ὁρᾷ
1318 2594 1336 2622 ἃ
1348 2594 1387 2620 δεῖ
1405 2592 1493 2628 ψυχὴν
1505 2593 1590 2619 νοεῖν
1606 2591 1686 2617 παντὶ
1706 2590 1736 2616 δὲ
1753 2588 1867 2632 περιφέ-

1083 2651 1170 2679 ρεται,
1186 2631 1233 2667 καὶ
1249 2640 1317 2675 μόνα
1339 2640 1428 2665 ἐκεῖνα
1441 2638 1491 2673 ὁρᾷ
1511 2636 1546 2663 τὰ
1558 2637 1591 2671 τῇ
1605 2634 1731 2670 αἰσθήσει
1749 2631 1865 2669 προσπί-

1114 2731 1170 2766 (LI)
1185 2730 1304 2758 Felckm.
1318 2727 1462 2766 5_vop.l§tbv
1479 2725 1625 2761 εἷναιφῶς,
1641 2724 1697 2752 ἀλλ’
1714 2724 1746 2751 οὺ
1763 2724 1867 2757 σκότος,

1078 2764 1126 2795 sed
1144 2764 1281 2802 corrupte,
1296 2770 1326 2802 ιιι
1341 2764 1444 2802 l_iquet.1
1478 2797 1485 2802 _
1538 2801 1541 2802 ν
1566 2796 1572 2802 _

1116 2793 1320 2834 (sithi-uenia
1343 2793 1375 2825 δέ’
1390 2793 1451 2833 quae
1469 2797 1547 2824 deest
1566 2796 1593 2824 in
1615 2795 1727 2829 Seguer.
1757 2793 1866 2822 Gobler.

1116 2804 1173 2862 (4:2?
1186 2804 1320 2828 Particula
1343 2804 1371 2825 δε
1390 2804 1516 2838 quaa'dee

1081 2842 1108 2865 et
1123 2837 1159 2864 Fc
1171 2837 1241 2863 ckm.
1259 2836 1272 2862 ι
1290 2836 1314 2861 in
1331 2835 1391 2861 aliis
1407 2834 1516 2866 legitur.

1117 2872 1173 2907 (45)
1189 2872 1302 2907 Seguer.
1319 2875 1346 2897 et
1358 2867 1479 2896 Felcktu.
1497 2867 1516 2894 2
1535 2874 1616 2894 anon.
1637 2867 1727 2900 μονον.
