2027 3042
185 179 216 206 l7
763 177 896 207 ORATIO
911 177 1049 206 CONTRA
1069 177 1213 206 GENTES.
1766 180 1800 208 l8

184 243 295 262 πτοντα.
313 234 394 262 Ὅθεν
414 234 446 270 δὴ
462 235 552 270 πάσης
565 235 698 271 σαρκικῆς
712 235 859 271 ἐπιθυμίας
872 236 970 272 γέμου-

1020 237 1130 264 cadunt.
1151 235 1220 263 llinc
1237 241 1302 262 sane
1313 235 1358 263 illa
1370 235 1497 264 omnibus
1507 236 1597 264 carnis
1609 236 1800 271 cupiditatibus

183 289 226 313 σα,
243 281 290 307 καὶ
305 281 335 307 ὲν
353 281 413 312 ταῖς
429 279 531 307 τούτων
545 280 634 312 δόξαις
647 281 846 316 ταραττομένη.
864 281 966 313 λοιπὸν,

182 328 210 354 δν
225 327 372 353 ἐπελάθετο
397 327 430 361 τῇ
447 326 551 362 διανοίᾳ
564 325 641 356 Θεὸν,
657 325 751 353 τοῦτον
763 327 791 353 ὲν
804 328 968 362 σωματικοῖς

183 373 227 400 καὶ
242 372 380 408 αἰσθητοῖς
392 372 602 404 ἀναπλάττεται,
611 373 668 403 τοῖς
676 371 846 406 φαινομένοις
857 372 907 408 τὴν
920 371 967 399 τοῦ

183 418 250 445 Θεοῦ
263 418 450 454 προσηγορίαν
464 417 633 448 ἀνατιθεῖσα,
646 417 694 443 καὶ
708 417 775 452 μόνα
792 417 877 444 ταῦτα
892 417 969 450 δοξά-

184 462 277 495 ζουσα,
295 462 367 497 άπερ
381 461 450 497 αὑτὴ
473 461 597 496 βούλεται
615 461 682 495 (ιι),
699 462 746 488 καὶ
760 461 798 493 ὼς
820 462 886 497 ἡδέα
905 463 966 497 όρᾷ.

184 508 348 544 Προηγεῖται
357 507 446 534 τοίνυν
459 507 533 533 αἰτία
543 507 592 541 τῆς
612 506 831 542 είδωλολατρείας
842 508 859 542 ἡ
873 507 966 535 κακία.

184 552 321 583 Μαθόντες
344 552 397 588 γὰρ
419 552 444 578 οι
468 551 604 587 ἄνθρωποι
629 551 679 586 τὴν
702 552 752 578 οὐκ
767 550 848 579 οὖσαν
872 552 969 579 κακίαν

185 600 287 630 ιαυτοῖς
300 599 426 629 ἐπινοεῖν,
443 597 514 624 οὓτω
524 597 570 624 καὶ
585 598 648 629 τοὺς
662 598 712 624 οὺκ
728 598 808 630 ὂντας
818 598 894 630 θεοὺς
908 599 969 625 ἑαυ-

184 643 240 674 τοῖς
254 642 449 670 ἀνεπλάσαντο.
463 639 525 668 Οἷον
538 642 567 668 δὲ
580 641 607 668 ei
617 650 670 674 τις,
690 643 730 674 είς
747 642 825 677 βυθὸν
840 643 966 674 καταδὺς,

187 687 283 723 μηκέτι
301 688 349 723 μὲν
367 687 459 722 βλέποι
477 686 533 722 (45)
549 687 580 714 τὸ
596 687 663 721 φῶς,
681 688 747 723 μηδὲ
759 688 793 714 τά
805 689 834 714 ὲν
847 687 886 723 τῷ
900 688 968 722 φωτὶ

185 734 345 769 φαινόμενα,
359 733 404 760 διὰ
416 733 446 760 τὸ
458 733 512 760 τῶν
518 733 666 769 ὀφθαλμῶν
682 733 763 760 αὐτοῦ
779 734 847 769 πρὸς
856 734 887 760 τὸ
894 733 969 760 κάτω

185 780 283 815 νεῦμα,
308 780 356 807 xci.
381 780 431 814 τὴν
456 779 502 806 τοῦ
524 779 618 811 ὕδατος
647 780 824 816 ἐπικειμένην
843 780 969 815 ἐπίχυσιν

185 826 275 861 αὐτῷ·
296 826 365 861 μόνα
380 825 453 853 δὲτά
475 826 505 852 ἐν
526 824 565 860 τῷ
589 825 662 860 βυθῷ
677 825 845 860 αἰσθόμενος,
863 825 968 860 νομίζοι

185 870 267 897 πλέον
283 870 364 906 μηδὲν
382 870 493 897 ἐκείνων
512 867 593 902 εἶναι,
611 869 668 897 ἀλλ’
687 870 757 897 αὐτὰ
771 870 805 897 τά
819 870 967 906 φαινόμενα

185 916 259 951 αὐτῷ
272 916 325 943 τῶν
341 916 425 943 ὄντων
438 913 507 942 εἶναι
517 915 552 942 τά
565 915 647 951 κύρια
657 924 663 931 ·
686 915 758 942 οὕτω
773 916 819 942 καὶ
838 917 862 942 oi
885 915 968 943 πάλαι

185 961 240 988 τῶν
257 961 407 998 ἀνθρώπιον
418 961 602 996 παράφρονες,
619 960 781 993 καταδύντες
796 962 836 993 είς
850 961 899 992 τάς
915 961 969 988 τῶν

186 1007 324 1043 σαρκικῶν
334 1007 390 1042 (46)
403 1007 551 1042 ὲπιθυμίας
565 1007 613 1033 καὶ
634 1006 793 1041 φαντασίας,
810 1007 856 1033 καὶ
877 1007 970 1034 ὶπιλα-

184 1053 292 1087 οόμενοι
305 1053 356 1088 τῆς
367 1054 432 1088 περὶ
443 1052 511 1079 Θεοῦ
528 1052 631 1084 ἑννοίας
644 1052 691 1079 καὶ
704 1052 792 1087 δόξης,
802 1051 914 1087 ἀμυδρῷ
930 1051 970 1087 τῷ

184 1097 316 1134 λογισμῷ,
344 1098 443 1134 μᾶλλον
464 1098 493 1125 δὲ
514 1098 610 1134 ἀλογίᾳ
627 1097 806 1134 χρησάμενοι,
826 1097 860 1124 τὰ
877 1097 967 1132 φαινό-

186 1153 254 1179 μενα
272 1144 349 1176 θεοὺς
363 1143 581 1175 ἀνετνπώσαντο,
594 1143 642 1178 τὴν
654 1142 744 1169 κτίσιν
757 1142 832 1178 παρά
848 1142 894 1169 τὸν
910 1142 969 1169 κτί-

186 1198 271 1217 σαντα
284 1189 448 1223 δοξάζοντες,
466 1190 512 1217 nisi.
527 1189 561 1216 τὰ
577 1189 645 1225 ἔργα
659 1189 758 1224 μᾶλλον
780 1187 968 1220 ὲκθειάζοντες
988 1200 1000 1208 -

185 1235 259 1270 ἧπερ
275 1235 322 1261 τὸν
341 1234 442 1261 τούτων
467 1235 554 1262 αἴτιον
578 1234 626 1262 καὶ
649 1233 814 1270 δημιουργὸν
837 1232 969 1268 δεσπότην

186 1280 262 1307 Θεόν.
279 1280 384 1315 Ὠσπερ
399 1280 428 1307 δὲ
439 1280 510 1308 κατὰ
525 1281 555 1307 τὸ
564 1279 712 1316 προλεχθὲν
731 1279 917 1316 παράδειγμα,
944 1279 969 1306 oi

187 1326 226 1357 είς
241 1325 287 1352 τὸν
308 1325 387 1360 βυθὸν
404 1325 609 1360 καταδυόμενοι,
629 1325 685 1361 ὅσῳ
714 1325 815 1361 μᾶλλον
838 1326 971 1352 ἐπικατα-

186 1372 318 1402 όαίνουσι,
335 1371 461 1399 τοσοῦτον
475 1371 531 1406 (47)
549 1371 589 1402 εἰς
607 1371 641 1398 τά
659 1371 848 1406 σκοτεινότερα
860 1370 907 1397 καὶ
922 1370 970 1405 βα-

186 1415 286 1452 θύτερα
300 1415 421 1452 ὁρμῶσιν
433 1424 440 1431 ·
458 1415 529 1443 οὕτω
539 1416 585 1443 καὶ
595 1416 625 1442 τὸ
635 1415 688 1442 τῶν
693 1414 843 1451 ἀνθρόητων
853 1414 970 1442 πέπονθε

186 1462 273 1496 γένος.
284 1462 322 1488 υὺ
337 1461 391 1497 γὰρ
403 1461 494 1496 ἁπλῆν
511 1461 589 1496 ἔσχον
605 1461 655 1496 τὴν
670 1460 899 1496 εἰδωλολατρείαν,
911 1460 970 1487 οὐδὲ

186 1507 231 1541 ἀφ’
248 1503 285 1534 ὧν
301 1506 426 1542 ἧρξαντο,
439 1508 468 1534 ὲν
480 1506 585 1538 τούτοις
596 1507 642 1534 καὶ
657 1506 792 1542 διέμειναν
804 1514 811 1522 ⁸
837 1506 894 1533 ἀλλ’
909 1506 970 1534 ὅσον

186 1555 241 1585 τοῖς
256 1552 374 1589 πρώτοις
394 1553 571 1589 ἑνεχρόνιζον,
586 1553 711 1580 τοσοῦτον
727 1553 831 1585 ὲαυτοῖς
845 1553 967 1580 καινοτέ-

187 1607 238 1634 ρας
257 1587 312 1633 (48)
333 1587 494 1634 ὲφεύρισκον
513 1599 739 1633 δεισιδαιμονίας·
765 1599 813 1625 καὶ
840 1598 920 1635 κόρον
939 1599 969 1626 οὺ
983 1587 1004 1617 C

186 1644 367 1680 λαμϐάνοντες
378 1645 432 1672 τῶν
445 1645 570 1681 πρώτων,
580 1645 669 1677 ἄλλοις
677 1646 756 1672 πάλιν
770 1645 968 1680 ὲνεπίμπλαντο

186 1691 290 1723 κακοῖς,
306 1692 504 1726 προκόπτοντες
517 1691 547 1717 ὲν
564 1692 621 1723 τοῖς
637 1691 794 1727 αἰσχίστοις,
814 1692 861 1718 καὶ
879 1692 969 1718 πλεῖον

186 1736 290 1764 ἑαυτῶν
302 1736 503 1768 ἐπεκτείνοντες
514 1737 564 1772 τὴν
579 1737 716 1764 ἀσέϐειαν.
734 1737 820 1764 Τοῦτο
841 1737 870 1764 δὲ
888 1738 935 1764 καὶ
951 1738 968 1774 ὴ

187 1781 246 1808 θεία
261 1782 355 1818 Γραφὴ
368 1782 534 1818 μαρτύρεται
550 1783 666 1817 λέγουσα
677 1791 683 1798 ·
702 1783 792 1810 Ὅταν
811 1784 885 1818 ἔλθῃ
900 1784 969 1811 ἀσε-

187 1827 242 1862 ϐὴς
259 1828 303 1860 εις
312 1827 409 1861 ,ϐάθος
430 1828 539 1861 κακῶν,
555 1828 743 1863 καταφρονεῖ.

1018 283 1107 318 plena,
1125 282 1253 316 falsisque
1276 281 1449 316 opinionibus
1472 289 1539 317 quas
1563 282 1603 309 de-
1625 282 1678 310 illis
1693 282 1800 312 imbibit

1018 328 1190 359 conturbata,
1203 329 1312 354 demum
1335 333 1414 362 quem
1441 332 1530 354 mente
1551 327 1633 355 oblita
1647 333 1688 356 est
1704 330 1799 363 Deum,

1018 374 1090 401 hunc
1102 374 1189 409 ipsum
1202 373 1229 400 in
1246 372 1384 407 corporeis
1399 377 1426 400 et
1445 373 1619 401 sensibilihus
1633 375 1715 402 relms
1727 383 1799 402 com-

1018 431 1108 454 menta
1126 430 1187 453 est:
1204 426 1274 453 unde
1295 424 1342 452 Dei
1362 425 1472 453 nomine
1485 426 1567 454 rebus
1593 428 1801 462 aspectabilihus

1019 472 1158 502 attributo,
1181 471 1236 498 sola
1253 478 1284 498 ea
1310 470 1485 505 amplectitur
1498 477 1525 499 et
1547 473 1649 506 cogitat
1665 481 1725 508 quze
1749 475 1799 502 sibi

1018 517 1133 553 placent,
1149 521 1176 544 et
1203 521 1231 543 ut
1259 515 1375 547 jucunda
1395 516 1518 551 suspicit.
1544 517 1632 545 Prima
1648 526 1712 554 ergo
1744 520 1801 547 ido—

1019 563 1131 591 lolatriae
1149 569 1232 590 causa
1253 567 1293 589 est
1318 563 1433 590 malitia.
1451 563 1484 591 Ut
1502 564 1574 590 enim
1593 564 1715 593 homines
1744 574 1802 593 ma-

1019 609 1117 642 litiam,
1146 616 1206 643 qua)
1236 608 1306 635 nulla
1331 616 1376 636 res
1404 614 1457 641 est,
1476 609 1527 637 sibi
1554 610 1621 645 ipsis
1647 611 1802 647 contingere

1017 662 1182 694 didicerunt,
1201 662 1239 689 sic
1253 667 1280 688 et
1294 662 1369 695 deos,
1388 661 1433 696 qui
1454 662 1520 689 nulli
1535 667 1608 695 sunt,
1629 663 1678 690 sibi
1694 671 1802 698 quoque

1018 707 1162 734 commenti
1190 712 1264 734 sunt.
1288 707 1361 734 Idem
1388 707 1511 742 profecto
1530 711 1572 735 est
1594 715 1625 735 ac
1653 708 1675 735 si
1700 710 1759 743 quis
1774 709 1800 736 in

1018 753 1182 788 profundum
1214 753 1354 781 demersus
1380 761 1430 780 nec
1456 753 1543 781 lucem
1572 761 1622 781 nec
1650 762 1709 789 qua:
1742 754 1802 783 luce

1017 799 1223 834 conspiciuntur
1249 799 1352 827 videret
1370 799 1480 835 (quippe
1508 807 1568 827 cum
1592 799 1650 835 ejus
1669 800 1737 827 oculi
1755 801 1802 828 de-

1018 851 1110 872 orsum
1139 844 1305 877 aspicerent,
1318 849 1345 872 et
1371 844 1429 878 ipse
1458 851 1590 879 aquarum
1614 844 1684 872 mole
1707 844 1803 872 obruo-

983 909 1004 936 Β
1021 903 1094 924 retur
1108 897 1117 932 )
1131 904 1138 929 ;
1153 896 1198 924 ille
1210 901 1300 923 autent
1318 896 1422 924 idcirco
1435 897 1491 924 sola
1502 903 1533 924 ea
1554 904 1613 932 quze
1631 897 1655 924 in
1669 898 1801 932 prolutqu

1020 947 1082 970 sunt
1096 949 1176 969 sensu
1200 941 1352 977 percipiens
1365 961 1374 974 ,
1399 941 1467 969 nihil
1483 947 1581 976 prazter
1598 942 1654 977 ipsa
1670 943 1802 971 exsistere

1019 995 1105 1023 eaque
1119 995 1211 1015 rerum
1231 988 1352 1015 onmium
1370 987 1505 1022 préecipua
1517 994 1576 1014 esse
1599 987 1777 1015 arbitraretur
1792 998 1800 1017 :

1021 1034 1058 1061 ita
1087 1033 1159 1061 enim
1176 1033 1258 1068 prisci
1281 1033 1440 1067 insipientes
1455 1033 1580 1061 homines
1604 1034 1648 1060 ubi
1665 1034 1691 1061 in
1711 1035 1802 1063 carnis

1019 1080 1178 1115 cupiditates
1188 1084 1216 1108 et
1230 1079 1340 1108 fallaces
1356 1078 1495 1106 illecebras
1509 1079 1625 1106 demersi
1648 1084 1721 1111 sunt,
1740 1080 1802 1108 Dei—

1019 1133 1070 1160 que
1092 1125 1215 1152 notitiam
1243 1129 1270 1153 et
1284 1124 1461 1160 cognitionem
1479 1124 1614 1152 oblivione
1633 1124 1802 1158 deleverunt,

1019 1179 1113 1206 obtusa
1129 1179 1233 1206 ratione
1245 1199 1254 1211 ,
1264 1178 1306 1206 vel
1327 1177 1416 1213 potius
1429 1177 1455 1212 7
1468 1177 1580 1206 rationis
1587 1182 1713 1212 expertes
1725 1177 1802 1210 facti,

1020 1232 1064 1253 res
1081 1225 1259 1260 aspectabiles
1268 1225 1333 1252 deos
1345 1231 1408 1251 esse
1423 1223 1569 1256 ﬁnxerunt,
1583 1224 1608 1257 ip
1614 1231 1723 1258 sumque
1730 1231 1803 1251 crea-

1020 1277 1074 1299 tam
1089 1276 1214 1298 naturam
1227 1278 1282 1305 pra:
1297 1270 1351 1298 Deo
1366 1270 1554 1303 honorarunt,
1570 1276 1602 1297 ac
1618 1277 1699 1304 opera
1715 1270 1803 1304 potius

1018 1324 1098 1352 quam
1110 1324 1220 1352 operum
1231 1321 1368 1344 auctorem
1377 1321 1404 1343 et
1417 1315 1538 1351 opiﬁcem
1556 1316 1696 1344 Dominum
1706 1315 1801 1349 Deum,

1021 1363 1066 1390 Dei
1078 1362 1154 1390 titulo
1170 1362 1324 1397 divinisque
1338 1362 1487 1390 honoribus
1498 1361 1672 1390 decoraruut.
1690 1361 1722 1389 lit
1737 1369 1802 1389 vero

1019 1408 1056 1436 illi
1072 1409 1129 1444 qui,
1148 1409 1295 1436 secundum
1321 1408 1446 1443 superius
1458 1407 1610 1442 exemplum
1622 1428 1629 1441 ,
1643 1408 1670 1435 in
1693 1407 1804 1442 profun—

1019 1454 1082 1481 dum
1098 1454 1214 1481 demersi
1228 1458 1302 1486 sunt,
1321 1458 1424 1488 quanto
1439 1453 1524 1488 magis
1539 1454 1803 1488 progrediuntur,eo

1020 1500 1046 1528 in
1067 1500 1223 1528 obscuriora
1239 1504 1266 1527 et
1286 1499 1460 1534 profundiora
1478 1499 1536 1527 loca
1557 1500 1727 1534 abripiuntur
1741 1509 1748 1526 :
1764 1500 1802 1527 ita

1020 1561 1128 1588 quoque
1141 1552 1230 1580 simile
1244 1553 1378 1588 quoddam
1389 1553 1507 1580 humano
1523 1554 1614 1587 generi
1627 1553 1734 1580 accidit.
1744 1552 1802 1580 Non

1021 1599 1093 1628 enim
1109 1599 1136 1627 in
1152 1599 1266 1634 simplici
1286 1600 1421 1626 Iusserunt
1445 1599 1611 1630 idololatria.
1626 1607 1713 1634 neque
1732 1600 1803 1627 unde

1021 1649 1180 1679 coeperunt,
1205 1645 1242 1672 ibi
1264 1645 1345 1672 etiam
1373 1644 1548 1680 perstiterunt
1571 1652 1578 1671 :
1602 1646 1648 1672 sed
1673 1653 1726 1680 quo
1743 1645 1803 1680 plus

1022 1689 1150 1724 temporis
1162 1688 1190 1716 in
1204 1689 1298 1724 primis
1322 1689 1379 1716 suis
1392 1689 1533 1716 erroribus
1547 1696 1740 1724 consumpsere
1749 1709 1757 1721 ,
1769 1697 1802 1716 eo

1021 1734 1186 1762 recentiores
1209 1733 1356 1762 identidem
1381 1735 1570 1770 excogitavere
1583 1735 1801 1769 superstitiones,

1021 1781 1085 1808 hinc
1099 1780 1234 1815 prioribus
1258 1779 1377 1807 nomium
1394 1781 1485 1807 satiati
1497 1801 1506 1814 ,
1520 1788 1614 1808 rursus
1631 1788 1691 1808 sese
1706 1781 1731 1808 in
1748 1781 1802 1808 alia

1018 1827 1118 1862 flagitia
1144 1826 1352 1862 ingurgitarunt.
1374 1825 1420 1854 Sic
1443 1826 1481 1853 illi
1507 1827 1647 1861 proiecere
1672 1827 1698 1854 in
1720 1826 1803 1856 rebus

187 1875 365 1909 turpissimis,
391 1881 522 1909 suamque
545 1874 714 1909 impietatem
740 1876 825 1910 magis
854 1875 994 1910 magisque
1025 1881 1136 1901 auxere.
1155 1872 1182 1900 Id
1203 1880 1270 1901 sane
1283 1872 1374 1900 divina
1390 1871 1530 1908 Scriptura
1557 1872 1599 1901 his
1613 1872 1703 1901 verbis
1720 1877 1804 1900 testa-

187 1924 230 1947 tur
244 1929 251 1947 :
266 1919 332 1947 Cum
352 1920 448 1946 uenerit
465 1920 560 1953 impius
586 1920 614 1947 in
630 1920 790 1954 profundum
815 1921 944 1948 mutarunt
957 1940 965 1953 ,
984 1919 1126 1947 contemnit
1141 1919 1163 1946 '.

219 1965 247 1992 9.
265 1965 346 2001 Ἀρτι
358 1965 412 2001 γὰρ
422 1965 596 2000 ἀπεπήδησεν
607 1966 624 2001 ὴ
640 1964 743 1992 διάνοια
755 1965 809 1992 τῶν
821 1965 970 2001 ἀνθρώπων

185 2009 240 2036 ἀπὸ
257 2008 335 2042 Θεοῦ,
348 2009 396 2035 καὶ
409 2009 618 2041 καταϐαίνοντες
628 2009 687 2040 ταῖς
714 2008 828 2040 ἐννοίαις
845 2009 892 2035 καὶ
914 2009 970 2040 τοῖς

185 2054 323 2089 λογισμοῖς
336 2055 360 2081 oi
377 2053 523 2089 ἄνθρωποι,
539 2053 656 2089 πρώτοις
671 2053 777 2089 οὐρανῷ
784 2054 831 2080 καὶ
843 2053 911 2089 ἡλίῳ
924 2054 971 2080 καὶ

186 2100 284 2134 σελήνῃ
300 2100 347 2126 καὶ
361 2100 415 2131 τοῖς
430 2099 539 2134 ἄστροις
552 2099 601 2135 τὴν
615 2098 661 2126 τοῦ
687 2099 754 2125 Θεοῦ
769 2099 850 2134 τιμὴν
872 2098 970 2134 ἀνέθη-

185 2153 248 2176 καν,
264 2145 384 2176 ἐκείνους
398 2145 429 2171 οὐ
445 2145 524 2180 μόνον
540 2144 618 2176 θεοὺς
637 2143 707 2172 εἶναι
721 2144 886 2180 νομίζοντες,
903 2144 971 2171 ἀλλά

1055 1963 1082 1991 9.
1099 1963 1135 1991 Ut
1144 1963 1216 1992 enim
1230 1971 1306 1991 mens
1319 1964 1435 1991 humana
1451 1971 1465 1990 ιι
1477 1962 1533 1991 Deo
1548 1964 1669 1996 recessit,
1682 1963 1804 1993 homines

1020 2009 1099 2036 vanis
1112 2009 1169 2036 suis
1182 2008 1394 2044 cogitationibus
1409 2017 1441 2037 ac
1455 2009 1711 2037 ratiocinationibus
1724 2010 1803 2038 deor-

1021 2062 1080 2082 sum
1097 2060 1250 2090 vergentes,
1267 2056 1384 2090 primum
1405 2055 1482 2088 caelo,
1501 2055 1563 2086 soli,
1575 2055 1654 2088 lunae,
1666 2060 1695 2083 et
1713 2056 1802 2089 astris,

1021 2101 1067 2128 Dei
1080 2101 1208 2128 honorem
1217 2100 1411 2136 ascripserunt,
1422 2101 1538 2136 illosque
1549 2108 1603 2128 non
1613 2105 1716 2127 tantum
1727 2101 1802 2134 deos,

1020 2146 1067 2173 sed
1080 2147 1163 2174 etiam
1183 2153 1272 2174 rerum
1287 2146 1400 2174 aliarum
1415 2151 1541 2174 auctores
1549 2154 1609 2174 esse
1621 2152 1801 2174 censuerunt:

186 2190 234 2217 καὶ
245 2189 300 2216 τῶν
312 2189 399 2217 ἄλλων
419 2190 474 2217 τῶν
489 2191 548 2226 μετ’
572 2190 669 2222 αὐτοὺς
689 2190 791 2222 αἰτίους
804 2190 948 2225 τυγχάνειν
961 2198 968 2205 '

1021 2197 1114 2227 postea
1129 2199 1191 2220 vero
1203 2192 1380 2220 tenebricosis
1393 2192 1448 2220 suis
1458 2192 1666 2226 cogitationibus
1677 2192 1801 2218 deorsum

186 2235 248 2269 εἶτ’,
262 2236 517 2269 ὲπικαταὸαίνοντες
529 2236 585 2268 τοῖς
602 2238 749 2269 σκοτεινοῖς
767 2236 916 2272 λογισμοῖς,
928 2237 970 2263 αι-

186 2282 254 2318 θέρα
265 2281 311 2308 καὶ
327 2282 372 2309 τὸν
393 2282 463 2318 ἀέρα
475 2283 522 2309 καὶ
534 2282 568 2309 τὰ
581 2283 610 2309 ὲν
620 2282 659 2317 τῷ
674 2282 734 2317 ἀέρι
748 2282 970 2318 προσηγόρευσαν

187 2326 274 2358 θεούς.
290 2327 483 2363 Προόαίνοντες
499 2327 527 2354 δὲ
542 2329 597 2359 τοῖς
608 2328 711 2359 κακοῖς,
725 2328 775 2363 ήδη
791 2328 837 2354 καὶ
851 2327 884 2354 τά
904 2336 972 2354 στοι-

185 2374 258 2408 χεῖα,
275 2373 384 2405 καὶτὰς
399 2373 487 2408 ἀρχὰς
511 2373 560 2408 τῆς
576 2373 630 2399 τῶν
651 2373 784 2408 σωμάτων
805 2373 969 2406 συστάσεως,

1022 2244 1116 2265 rursus
1129 2237 1277 2272 progressi,
1297 2237 1410 2268 aethera.
1424 2245 1525 2270 aerem,
1541 2242 1568 2264 et
1580 2244 1611 2264 ea
1629 2244 1688 2271 qum
1701 2237 1728 2263 in
1738 2243 1801 2263 aere

1021 2288 1096 2316 sunt,
1116 2283 1181 2310 deos
1202 2283 1379 2318 appellavere.
1397 2282 1478 2309 iidem
1500 2290 1591 2310 rursus
1606 2283 1631 2310 iu
1644 2282 1721 2310 malis
1740 2289 1803 2316 pro-

1022 2329 1150 2356 cedentes
1162 2348 1171 2361 ,
1197 2329 1329 2356 elementa
1349 2335 1456 2363 quoque
1473 2333 1497 2356 et
1521 2327 1652 2362 principia
1670 2327 1802 2361 composi-

1022 2374 1104 2402 tionis
1116 2372 1278 2408 corporum,
1300 2381 1395 2409 nempe
1414 2374 1530 2401 calidam
1548 2378 1576 2400 et
1593 2373 1735 2406 fulgidam,
1750 2373 1803 2400 sic-

186 2418 236 2454 τὴν
250 2418 355 2455 θερμὴν
373 2419 421 2446 καὶ
430 2418 479 2455 τὴν
490 2419 608 2454 ψυχράν,
623 2419 670 2446 καὶ
685 2419 736 2454 τὴν
753 2417 837 2454 ξηρὰν
857 2419 904 2446 καὶ
923 2418 970 2454 τὴν

1019 2427 1079 2447 eam
1100 2424 1128 2446 et
1144 2419 1281 2446 humidam
1298 2424 1434 2451 naturam,
1445 2419 1510 2446 deos
1527 2426 1670 2454 agnovere.
1690 2418 1724 2446 Ut
1738 2426 1802 2445 vero

187 2462 275 2500 ὑγρὰν
286 2464 378 2491 οὐσίαν
392 2464 469 2496 θεοὺς
481 2463 648 2499 ἀνύμνησαν.
672 2464 715 2496 Ὡς
737 2463 765 2490 δὲ
778 2465 802 2490 οἱ
816 2464 906 2491 τέλεον
928 2473 973 2491 πε-

186 2507 279 2541 σόντες
288 2509 352 2545 περὶ
364 2510 414 2545 τὴν
425 2510 477 2545 γῆν
490 2509 654 2537 ίλυσπῶνται
665 2510 742 2546 δίκην
750 2510 805 2537 τῶν
821 2511 849 2537 ἐν
860 2511 894 2545 τῇ
907 2510 972 2545 χὲρτ

187 2563 226 2590 σῳ
246 2555 371 2591 κοχλιιῖψ
384 2556 472 2588 οὕτως
485 2558 510 2584 οἱ
535 2556 712 2584 ἀσεϐέστατοι
731 2557 785 2584 τῶν
807 2556 968 2593 ἀνθρώπων,

187 2602 314 2634 πεσόντες
329 2603 377 2631 καὶ
387 2603 586 2637 καταπεσόντες
599 2603 652 2630 ἀπὸ
666 2605 715 2640 τῆς
735 2605 798 2640 περὶ
821 2603 887 2631 Θεοῦ
901 2612 969 2639 φαν-

223 2681 233 2696 ⁷
251 2680 331 2710 Prov.
349 2690 426 2716 xvut,
446 2683 474 2711 3.

222 2758 280 2795 (μ)
307 2758 353 2795 Sic
379 2759 495 2795 Seguer.
523 2759 600 2787 Colb.
635 2758 739 2795 Basili,
755 2759 970 2795 Anglicccubl.

186 2792 306 2829 Fclckin.
326 2794 381 2821 let
399 2792 521 2822 Qvanon.
544 2795 597 2821 Alii
620 2803 682 2822 cum
710 2792 808 2826 editis,
833 2793 969 2829 βούληται.

186 2828 253 2864 Ibid.
272 2830 384 2861 Seguer.
402 2835 426 2856 et
441 2829 516 2856 Colb.
531 2829 629 2856 habent
643 2829 661 2856 ἆ
677 2837 725 2864 pro
735 2829 817 2864 άπερ.

239 2863 285 2899 ιε)
299 2865 411 2898 Segner.
425 2864 556 2894 Cnlhert..
575 2864 676 2899 βλέπει.

235 2897 280 2934 46)
295 2897 464 2934 δῖείδοειιθτ.
479 2899 530 2927 Alii
542 2897 602 2927 cum
617 2900 707 2932 editis,
725 2901 842 2934 σαρκῶν.

1020 2465 1066 2501 qui
1079 2465 1186 2500 penitus
1202 2465 1229 2492 in
1255 2465 1416 2500 profundum
1434 2466 1609 2497 ceciderunt,
1633 2465 1659 2492 in
1677 2469 1750 2492 terra
1775 2470 1803 2492 et

1022 2519 1117 2545 coeno,
1131 2511 1300 2538 terrestrium
1323 2511 1496 2539 cochlearum
1516 2511 1613 2543 instar,
1630 2515 1748 2544 repunt:
1764 2510 1802 2537 ita

1022 2556 1172 2592 impiissimi
1189 2555 1327 2588 mortales,
1345 2559 1487 2591 postquam
1502 2555 1692 2591 cogitationem
1709 2563 1725 2581 ο
1739 2562 1802 2582 vera

1023 2603 1071 2631 Dei
1100 2603 1211 2631 notione
1239 2609 1435 2636 removerunt,
1461 2603 1586 2631 homines
1611 2602 1803 2637 hominumque

1063 2758 1118 2794 (ΓΙ)
1133 2757 1179 2785 Sic
1194 2756 1304 2793 Seguer.
1325 2763 1352 2787 et
1373 2759 1448 2788 Colb.
1462 2759 1514 2786 Alit
1528 2766 1588 2787 cum
1605 2757 1699 2791 editis,
1708 2756 1802 2784 τοσοῦ-

1024 2803 1117 2863 10218)
1142 2825 1309 2856 Omnibonus
1329 2835 1356 2857 et
1378 2829 1504 2857 Ambros.
1532 2828 1651 2856 Camal-l.
1678 2827 1801 2855 Κενωτὲ-

1025 2865 1208 2904 ραςιίιεετυηι
1235 2871 1241 2888 :
1267 2871 1328 2895 nam
1358 2865 1400 2893 hic
1431 2865 1549 2892 vaniores
1598 2864 1642 2891 ille
1668 2863 1800 2890 inaniores

1020 2905 1109 2928 vertit.
