2027 3042
264 153 298 183 19

267 213 369 242 formas
382 235 389 247 ,
405 223 466 242 cum
479 216 625 244 viventium
642 223 697 245 tum
713 224 880 248 mortuorum
894 220 965 248 inter
979 221 1044 250 deos
1060 224 1080 251 A

266 261 369 288 referre
391 267 546 296 cceperunt.
563 262 632 296 Quin
649 264 731 292 etiam
756 267 845 301 pejora
863 269 1000 301 meditati,
1021 271 1046 297 iu

265 305 366 340 lapides
377 312 404 334 et
417 307 486 342 ligna
496 328 505 341 ,
521 309 547 335 in
564 309 669 344 reptilia
686 312 814 346 aquatilia
827 318 854 340 et
869 318 988 348 terrena,
1004 321 1047 343 at-

265 359 318 386 que
330 354 355 378 in
368 352 440 380 feras
450 360 478 381 et
492 355 585 382 brutas
595 358 749 385 animantes
760 358 880 386 divinum
896 364 924 388 et
938 363 1047 390 cmleste

266 398 311 425 Dei
323 406 420 426 nomen
433 400 641 434 transtulerunt,
650 410 797 438 omnesque
812 406 862 432 soli
879 406 931 434 Deo
944 408 1047 436 debitos

263 450 380 478 honores
407 451 458 478 illis
481 453 664 481 attribuerunt
689 463 696 481 :
725 462 818 483 verum
844 462 936 485 autem
964 458 1045 486 Deum

267 502 368 530 Christi
383 503 490 532 Patrem
506 501 678 538 reiecerunt."
688 507 797 535 Utinam
815 517 880 536 vero
895 510 939 537 hic
950 511 1044 539 saltem

262 549 381 576 stetisset
406 550 562 578 insanorum
583 553 736 580 mortalium
759 555 883 588 audacia,
908 563 958 584 nec
973 557 1044 585 ultra

261 595 393 629 progressi
420 603 480 624 sese
495 598 614 629 graviori
631 598 778 633 impietatis
795 609 893 636 genere
911 604 1045 631 contami-

261 645 382 669 nassent.
409 641 547 676 Siquidem
568 644 688 672 nonnulli
713 646 781 673 adeo
806 652 896 674 mente
918 649 1045 676 concide-

263 691 332 716 runt.
345 692 371 714 et
389 695 482 714 eorum
497 689 603 716 animus
619 689 853 725 fuitobscuratus,
866 697 895 719 ut
911 695 993 721 etiam
1001 701 1043 727 ea,

260 738 322 765 quae
342 732 414 759 nullo
430 733 509 760 modo
527 739 633 767 essent,
662 743 711 763 nec
733 736 804 764 inter
819 745 862 765 res
876 743 982 767 creatas
996 747 1046 767 ex-

260 777 407 810 sisterent,
432 778 482 813 ipsi
505 781 776 809 comminiscerentur
792 788 819 810 et
832 783 897 811 deos
913 784 1043 813 facerent.

261 823 411 851 Humanam
436 825 508 852 enim
537 826 652 853 formam
678 835 737 854 cum
761 829 848 857 brmis
864 831 1044 860 animantibus

261 868 455 902 permiscentes
467 889 475 902 ,
493 875 659 905 naturasque
684 873 827 902 dissimiles
844 876 923 902 simul
942 884 1043 906 conue-

564 157 592 186 S.
614 157 799 186 ATllANASll
819 159 895 187 OPP.
915 159 1005 187 PARS
1023 160 1043 188 l.
1063 175 1097 180 —
1117 160 1303 190 HISTORICA
1319 162 1364 190 ET
1381 160 1603 192 DOGMATICA.‘

1842 169 1878 196 ΞΠ

1095 222 1201 254 τασίας,
1213 223 1306 250 λοιπὸν
1321 223 1367 249 καὶ
1374 223 1531 258 ἀνθρώπους
1541 224 1588 251 καὶ
1598 224 1747 260 ἀνθρώπιον
1760 228 1878 262 μορφὰς,

1098 267 1152 293 τῶν
1166 268 1214 302 μὲν
1225 268 1265 294 ἔτι
1286 267 1404 300 ζώντων,
1425 268 1480 294 τῶν
1501 268 1529 295 δὲ
1548 269 1595 295 καὶ
1618 270 1686 304 μετὰ
1700 270 1815 298 θάνατον
1839 273 1878 304 είς

1098 313 1175 345 θεοὺς
1193 313 1338 349 ἀνέθηκαν.
1361 315 1421 340 Ἔτι
1445 315 1473 341 δὲ
1493 316 1539 341 καὶ
1561 315 1668 350 χείρονα
1691 315 1878 352 βουλευόμενοι

1098 359 1151 394 (49)
1170 361 1218 386 καὶ
1231 360 1407 395 λογιζόμενοι,
1420 361 1469 396 ἤδη
1485 361 1513 388 δὲ
1527 362 1573 388 καὶ
1588 363 1627 394 εἰς
1640 362 1738 395 λίθως,
1751 364 1798 389 καὶ
1813 364 1878 396 ξύλα

1098 404 1145 430 καί
1160 405 1271 439 ἑρπετὰ,
1290 405 1387 441 ἕνυδρά
1401 415 1431 432 τε
1452 407 1498 433 καὶ
1515 409 1639 442 χερσαῖα,
1655 409 1701 435 καὶ
1716 410 1756 441 είς
1774 409 1809 436 τὰ
1822 410 1877 437 τῶν

1096 449 1200 483 ἀλόγων
1210 450 1335 485 ἀνήμερα
1346 450 1412 482 ζῶα,
1427 451 1476 487 τὴν
1491 451 1565 479 θείαν
1573 453 1620 479 καὶ
1634 454 1816 489 ὐπερκόσμιον
1830 456 1877 483 τοῦ

1096 495 1162 522 Θεοῦ
1180 497 1364 532 προσηγορίαν
1379 498 1558 533 μετήνεγκαν,
1575 500 1664 526 πᾶσαν
1683 500 1765 536 τιμὴν
1787 501 1876 533 αὐτοῖς

1095 541 1163 568 Θεοῦ
1193 543 1392 578 ἀπονέμοντες,
1413 544 1458 570 καὶ
1489 545 1535 570 τὸν
1563 545 1688 579 ἀληθινὸν
1719 547 1766 573 καὶ
1793 546 1876 579 ovum;

1095 586 1158 613 ὄντα
1173 587 1228 621 (50)
1241 588 1305 614 Θεὸν
1318 588 1363 615 τὸν
1377 588 1423 615 τοῦ
1447 590 1564 624 Χριστοῦ
1581 590 1689 625 Πατέρα
1710 592 1876 627 ἀποστρεφό-

1097 641 1180 667 μενοι.
1197 632 1258 659 Εἴθε
1270 633 1298 658 δὲ
1316 633 1367 659 κᾶν
1386 633 1464 669 μέχρι
1476 634 1577 660 τούτων
1590 635 1710 670 είστήκει
1724 636 1777 662 τῶν
1789 636 1875 671 ἀφρό-

1094 686 1148 704 νων
1167 679 1292 713 ήτόλμα,
1311 679 1358 705 καὶ
1379 679 1415 714 μὴ
1431 680 1583 715 περαιτέρω
1607 679 1742 714 βαίνοντες
1764 682 1877 713 ἑαυτοὺς

1094 725 1153 754 ταῖς
1167 723 1304 756 ἀσεϐείαις
1323 725 1469 759 ὲνέφυρονῐ
1486 725 1618 752 Τοσοῦτον
1635 725 1688 761 γάρ
1704 734 1774 758 τινες
1792 735 1878 754 κατα-

1094 769 1254 796 πεπτώκασι
1268 771 1301 805 τῇ
1322 770 1425 806 διανοίᾳ
1449 771 1496 798 καὶ
1517 771 1713 806 ὲσκοτίσθησαν
1735 773 1780 798 τὸν
1801 772 1875 806 νοῦν,

1094 814 1163 841 ὥστε
1177 815 1223 841 καὶ
1238 814 1272 841 τὰ
1288 815 1348 850 μηδ’
1361 815 1429 846 ὅλως
1440 816 1571 851 μηδαμῶς
1586 816 1752 851 ὑπάρχοντα,
1767 817 1833 852 μηδὲ
1847 818 1878 844 ἐν

1093 861 1151 891 τοῖς
1163 860 1318 895 γενομένοις
1342 861 1500 896 φαινόμενα,
1520 862 1594 896 ὅμως
1609 862 1715 894 ἑαυτοῖς
1735 863 1877 898 ἐπινοῆσαι

259 918 382 944 ctentes.
399 919 526 950 tanquam
544 917 609 945 deos
633 919 754 946 venerari
783 928 835 948 nou
864 921 1042 953 erubueruut.

1095 906 1141 932 καὶ
1157 906 1323 941 θεοπιῆσαι.
1342 906 1445 938 Λογικὰ
1458 907 1512 941 γὰρ
1524 907 1629 942 ἀλόγοις
1635 908 1820 943 ὲπιμίξαντες,
1829 910 1877 936 καὶ

261 965 419 1001 Hujusmodi
436 969 528 1004 utique
550 976 613 998 sunt
634 971 669 999 dii
685 972 723 999 illi
748 974 793 1007 qui
818 975 887 1009 apud
902 975 1044 1011 Egyptios

261 1012 347 1043 canis.
364 1015 500 1048 serpentis
517 1020 544 1042 et
563 1016 631 1043 asini
649 1023 730 1051 caput
746 1019 855 1051 habent.
871 1025 898 1048 et
915 1023 984 1056 apud
999 1022 1043 1049 Li—

259 1057 319 1092 byae
336 1058 450 1093 populos
472 1059 588 1087 Ammon
616 1063 712 1089 arietis
732 1064 818 1097 capite
841 1065 964 1101 insignis.
988 1067 1042 1095 Alii

259 1110 324 1129 vero
341 1105 462 1138 corporis
477 1110 582 1139 partes.
600 1111 629 1134 ut
653 1112 744 1142 caput,
764 1110 906 1143 humeros,
921 1119 1041 1146 manum,

259 1149 368 1182 pedem,
385 1151 497 1177 scorsim
507 1152 617 1184 divisas,
631 1153 749 1188 singulas
763 1154 834 1183 inter
846 1156 911 1184 deos
928 1158 1043 1186 colloca-

259 1201 334 1226 vere,
346 1200 374 1222 et
389 1196 487 1223 divinis
501 1197 649 1226 honoribus
662 1205 725 1227 sunt
742 1202 976 1237 prosecuti,quasi
989 1212 1042 1232 non

259 1240 378 1267 contenti
399 1241 531 1276 religione
547 1250 610 1278 erga
638 1249 722 1272 totum
748 1251 775 1273 et
795 1248 927 1283 integrum
944 1257 1043 1285 corpus

259 1286 391 1314 adhibita.
417 1288 469 1315 Alii
492 1289 630 1324 impietate
657 1291 738 1320 latius
763 1293 857 1321 dill‘usa
878 1296 1041 1331 voluptatem

233 1324 236 1331 ’
259 1335 286 1358 et.
301 1333 473 1366 cupiditatem
486 1356 493 1367 ,
516 1343 576 1369 qua;
591 1336 710 1370 ipsorum
729 1338 839 1366 malitia:
857 1345 883 1367 et
899 1324 980 1369 tan-tte
991 1342 1042 1369 im-

259 1377 369 1412 pietatis
382 1379 490 1407 occasio
504 1379 564 1413 l‘uit,
579 1381 643 1409 deos
657 1381 746 1411 fecere
760 1389 786 1411 et
801 1385 960 1419 adoravere,
975 1394 1043 1422 qua-

260 1429 293 1456 lis
310 1435 351 1457 est
367 1431 436 1465 apud
452 1439 500 1459 eos
527 1432 608 1460 Amor
622 1438 649 1461 et
672 1434 762 1462 Venus
785 1436 812 1463 iu
834 1435 927 1472 Papho
941 1438 1041 1468 insula.

260 1475 312 1502 Alii
328 1476 400 1503 velut
413 1476 503 1510 pejora
522 1478 664 1506 ambitiose
679 1480 808 1512 zemulati,
822 1489 885 1509 suos
893 1483 1040 1519 principes,

261 1525 307 1546 aut
319 1521 399 1547 etiam
420 1521 525 1549 illorum
541 1522 640 1550 liberos
654 1524 694 1551 vel
710 1533 758 1558 pro
774 1534 822 1552 sua
837 1534 902 1562 erga
918 1535 965 1555 eos
991 1529 1040 1556 ob-

260 1567 406 1600 servantia,
421 1568 463 1595 vel
478 1570 633 1596 eorumdem
647 1571 796 1605 tyrannidis
813 1577 883 1600 metu
894 1573 966 1602 inter
977 1575 1041 1604 deos
1055 1571 1076 1599 Ο

260 1620 404 1640 numerare
428 1614 486 1641 ausi
506 1619 579 1642 sunt.
598 1615 671 1643 Talis
692 1618 775 1644 estin
796 1618 875 1646 Creta
898 1620 1042 1650 celeberri~

259 1665 320 1685 mus
342 1659 411 1692 apud
435 1660 508 1692 ipsos
531 1659 646 1695 .Iupiter,
662 1661 691 1696 8
707 1662 733 1689 in
749 1664 865 1691 Arcadia
881 1665 1040 1699 Mercurius,

259 1704 328 1738 apud
344 1703 423 1732 ludos
438 1705 583 1740 Dionysius
600 1707 656 1734 sive
672 1708 793 1736 Bacchus
804 1730 812 1742 ,
829 1715 856 1737 et
875 1712 943 1746 apud
956 1712 1043 1748 Egy-

259 1752 329 1785 ptios
346 1750 414 1784 Isis,
432 1750 518 1779 Osiris
530 1756 556 1780 et
570 1752 650 1781 Orus.
669 1754 742 1782 Talis
755 1755 798 1783 his
815 1757 897 1784 etiam
916 1760 1042 1794 tempori-

260 1795 309 1823 bus
323 1796 455 1824 Antinous
466 1797 577 1825 Adriaui
593 1798 775 1828 Romanorum
791 1802 961 1837 imperatoris
970 1814 1043 1834 ama-

259 1843 326 1875 sius,
340 1850 422 1877 quem
438 1844 546 1871 tametsi
567 1844 704 1873 hominem
723 1846 807 1875 fuisse
821 1853 848 1875 et
862 1849 970 1883 quidem
993 1852 1042 1879 ho-

259 1894 361 1922 minem
376 1896 488 1923 minime
504 1904 614 1931 gravem
633 1903 661 1925 et
676 1899 820 1928 honestum
832 1922 840 1934 ,
854 1903 902 1930 sed
915 1903 1043 1938 impuris-

258 1940 357 1968 simum
374 1949 426 1968 non
440 1942 583 1977 ignorant,
607 1951 667 1972 eum
681 1950 770 1973 tamen
783 1948 817 1974 ob
832 1953 933 1976 metum
957 1951 1042 1985 impe-

260 1986 346 2014 rantis
370 1993 543 2015 venerantur.
563 1989 629 2017 Cum
643 1990 732 2024 enim,
754 1993 875 2021 Adriano
888 1995 915 2022 in
931 1995 1041 2032 Egypti

259 2031 371 2066 regione
385 2032 551 2067 diversante,
571 2035 706 2064 Antinous
719 2036 790 2065 illius
805 2039 950 2074 voluptatis
963 2031 1041 2070 mini-

258 2082 317 2104 ster
339 2085 355 2106 e
368 2078 422 2104 vita
451 2079 607 2114 migrasset,
627 2089 690 2109 eum
716 2083 865 2118 imperator
877 2086 928 2114 coli
941 2087 1039 2122 jussit:

258 2132 312 2160 quo
327 2125 421 2160 utique
439 2125 511 2154 facto
526 2131 553 2154 et
566 2135 595 2155 se
610 2128 791 2157 adolescentis
811 2131 892 2159 etiam
911 2139 971 2168 post
982 2134 1041 2168 ejus

259 2176 373 2199 mortem
389 2179 482 2200 amore
498 2172 613 2208 ﬂagrare
626 2179 666 2202 est
684 2180 845 2208 testatus,et
857 2177 935 2212 justze
954 2186 1041 2214 repre-

1093 951 1206 986 ἀνόμοια
1220 953 1253 988 τῇ
1271 952 1349 987 φύσει
1361 953 1511 988 ὲνείραντες
1522 953 1588 988 (51),
1606 954 1643 985 ὼς
1657 953 1734 986 θεοὺς
1744 954 1878 989 θρησκεύ-

1093 1005 1180 1023 ουσιν·
1193 996 1243 1023 οἷοί
1254 998 1322 1024 εἰσιν
1334 998 1358 1024 οἱ
1372 999 1435 1034 παρ’
1454 999 1613 1033 Αἰγυπτίοις
1627 999 1808 1034 κυνοκέφαλοι
1828 1000 1876 1027 καὶ

1092 1042 1264 1077 ὀφιοκέφαλοι
1278 1043 1324 1070 καὶ
1338 1043 1504 1077 ὀνοκέφαλοι,
1519 1044 1566 1071 καὶ
1576 1045 1590 1071 ὁ
1603 1044 1678 1080 παρὰ
1688 1045 1784 1072 Λίὸυσι
1800 1054 1876 1081 κριο-

1093 1087 1208 1122 κέφαλος
1223 1089 1351 1131 ’ἐμίμωὲ
1365 1089 1456 1116 Ἀλλοι
1468 1089 1496 1116 δὲ
1518 1089 1552 1116 τὰ
1574 1090 1644 1125 μέρη
1660 1091 1715 1117 τῶν
1732 1092 1875 1126 σωμάτων,

1093 1134 1223 1170 κεφαλὴν,
1237 1135 1284 1161 καὶ
1300 1132 1386 1170 ὦμον,
1399 1136 1446 1161 καὶ
1458 1137 1548 1170 χεῖρα,
1565 1136 1612 1162 καὶ
1623 1136 1690 1163 πόδα
1706 1136 1766 1163 καθ’
1790 1137 1875 1164 ἑαυτὰ

1091 1179 1231 1212 διελόντες,
1245 1180 1360 1207 ἕκαστον
1379 1182 1418 1212 είς
1433 1181 1510 1212 θεοὺς
1526 1181 1672 1217 ἀνέθηκαν,
1696 1183 1743 1209 καὶ
1758 1182 1876 1214 ἐξεθεία-

1093 1233 1152 1256 σαν,
1166 1224 1259 1261 ὥσπερ
1272 1225 1322 1252 οὐκ
1338 1226 1502 1261 ἀρκούμενοι
1523 1226 1552 1258 ἐξ
1578 1227 1724 1262 ὁλοκλήρου
1743 1228 1789 1254 τοῦ
1812 1229 1874 1255 ὅλου

1093 1271 1216 1306 σώματος
1232 1270 1304 1306 ἔχειν
1317 1271 1366 1307 τὴν
1385 1271 1542 1307 θρησκείαν.
1563 1273 1753 1305 Ἐπιτείνοντες
1772 1274 1799 1300 δὲ
1824 1275 1875 1310 τὴν

1091 1316 1217 1343 ἀσέϐειαν
1232 1317 1329 1352 ἕτεροι,
1343 1317 1392 1352 τὴν
1409 1318 1544 1353 πρόφασιν
1560 1318 1609 1353 τῆς
1627 1319 1728 1346 τούτων
1740 1320 1874 1355 εὑρέσεως

1092 1362 1137 1388 καὶ
1153 1361 1202 1397 τῆς
1218 1362 1320 1388 ἑαυτῶν
1336 1362 1434 1394 κακίας
1444 1363 1493 1398 τὴν
1503 1363 1597 1398 ἡδονὴν
1613 1364 1660 1391 καὶ
1670 1364 1719 1400 τὴν
1729 1365 1875 1400 ἐπιθυμίαν

1092 1407 1298 1443 θεοποιήσαντες
1317 1408 1527 1442 προσκυνοῦσιν’
1552 1407 1607 1441 οἶός
1621 1411 1694 1436 ἐστιν
1710 1411 1725 1436 ὀ
1741 1412 1806 1446 παρ’
1824 1412 1874 1438 αὺ-

1091 1455 1146 1485 τοῖς
1162 1454 1260 1499 Ἑρς,
1276 1454 1323 1480 καὶ
1337 1455 1353 1489 ή
1370 1454 1399 1481 ἐν
1411 1454 1494 1490 Πάρῳ
1511 1455 1662 1499 Ἀἐρρδίὲγ
1684 1456 1715 1482 Οὶ
1731 1456 1758 1483 δὲ
1773 1457 1873 1490 αὐτῶν,

1091 1487 1195 1536 ὥσπεξ
1197 1487 1287 1536 Etim-rt
1291 1501 1340 1536 μού
1345 1487 1419 1536 μενοι
1436 1487 1492 1533 τοῖς
1506 1487 1799 1538 χᾙοᾟνῖετόλμησαν
1811 1487 1874 1535 τοὺς

1093 1548 1157 1582 παρ’
1171 1547 1259 1574 αὐτῶν
1270 1547 1401 1583 ἄρχοντας
1414 1547 1430 1582 ῆ
1454 1548 1501 1574 καὶ
1521 1547 1582 1578 τοὺς
1595 1547 1697 1574 τούτων
1715 1549 1810 1580 παῖδας
1834 1550 1874 1580 είς

1093 1592 1169 1624 θεοὺς
1182 1593 1317 1620 ἀναθεῖναι
1340 1593 1356 1628 ἥ
1376 1593 1421 1619 διὰ
1441 1592 1522 1628 τιμὴν
1542 1592 1596 1619 τῶν
1619 1593 1767 1628 ἀρξάντων.
1792 1594 1808 1630 ἦ
1829 1594 1873 1621 διὰ

1093 1637 1174 1672 φόϐον
1187 1638 1237 1672 τῆς
1251 1637 1341 1664 αὐτῶν
1365 1638 1530 1674 τυραννίδος,
1546 1639 1584 1670 ὼς
1603 1639 1617 1664 ὁ
1635 1639 1664 1664 ἐν
1687 1639 1783 1676 Κρήτῃ
1807 1640 1873 1676 παρ’

1092 1683 1184 1714 αὐτοῖς
1200 1683 1362 1718 περιϐόητος
1374 1684 1451 1723 ζεὲις,
1467 1684 1515 1710 καὶ
1529 1684 1543 1710 ό
1558 1683 1612 1718 (52)
1626 1685 1795 1724 biﬁda;
1812 1685 1875 1724 Ἐρ-

1091 1730 1163 1770 ξῆςσ
1178 1731 1224 1757 καὶ
1239 1730 1314 1766 παρὰ
1331 1731 1379 1766 μὲν
1399 1730 1490 1762 Ἰνδοῖς
1506 1730 1640 1769 AM,
1655 1731 1730 1766 παρὰ
1749 1730 1779 1758 δὲ
1792 1732 1876 1766 Αἰγυ-

1092 1778 1180 1808 πτίοις
1187 1774 1257 1812 Ἶεις
1276 1775 1342 1811 (53),
1357 1777 1404 1803 καὶ
1420 1777 1537 1816 Ἴως,
1557 1777 1603 1803 καὶ
1615 1775 1706 1816 Ὧρος,
1727 1778 1774 1804 καὶ
1791 1779 1806 1804 ὁ
1827 1778 1875 1805 νῦν

1098 1820 1234 1859 Ἀξωοῦ
1258 1821 1304 1847 τοῦ
1328 1820 1468 1856 Ῥωμαίων
1487 1820 1620 1856 βασιλέως
1646 1822 1768 1853 παιδικὸς
1790 1822 1876 1848 Ἀντί-

1091 1875 1161 1898 νοος,
1178 1866 1207 1892 ὃν
1224 1866 1326 1900 καίπερ
1341 1865 1442 1897 εἰδότες
1453 1865 1603 1901 ἄνθρωπον,
1624 1866 1670 1892 καὶ
1688 1866 1828 1902 ἄνθρωπον
1843 1867 1875 1892 οὺ

1093 1903 1199 1947 «Em,
1214 1911 1419 1945 ἀλλ’ἀσελγείας
1431 1911 1566 1946 ἔμπλεων,
1583 1911 1627 1938 διὰ
1640 1911 1722 1946 φόϐον
1734 1911 1782 1938 τοῦ
1794 1920 1877 1947 προσ-

1091 1957 1219 1990 τάξαντος
1238 1957 1374 1985 σέϐουσιν.
1401 1957 1587 1992 Ἐπιδημήσας
1608 1956 1663 1991 γὰρ
1684 1957 1820 1993 Ἀδριανὸς
1839 1959 1872 1992 τῇ

1091 2003 1168 2038 χώρᾳ
1181 2003 1234 2029 τῶν
1244 2003 1408 2036 Αἰγυπτίων,
1431 2002 1627 2038 τελευτήσαντα
1642 2003 1686 2029 τὸν
1706 2003 1756 2038 τῆς
1777 2002 1875 2037 ἡδονῆς

1091 2049 1172 2076 αὐτοῦ
1192 2049 1331 2084 ὑπηρέτην
1353 2048 1482 2075 Ἀντίνοον
1514 2048 1638 2075 ἐκέλευσε
1666 2048 1873 2084 θρησκεύεσθαι,

1091 2094 1171 2125 αὐτὸς
1187 2094 1236 2129 μὲν
1248 2094 1295 2120 καὶ
1309 2093 1377 2128 μετὰ
1392 2093 1505 2120 θάνατον
1521 2093 1590 2129 ἐρῶν
1611 2093 1658 2120 τοῦ
1683 2093 1786 2125 παιδὸς,
1799 2093 1874 2127 ἐλεγ-

1090 2148 1136 2174 χον
1150 2139 1178 2165 δὲ
1188 2139 1261 2173 ὅμως
1276 2138 1336 2165 καθ’
1352 2138 1457 2170 ἑαυτοῦ,
1475 2139 1522 2165 καὶ
1533 2138 1676 2174 γνώρισμα
1695 2138 1765 2165 κατὰ
1783 2139 1874 2174 πάσης

1091 2182 1308 2217 εἰδωλολατρείας
1333 2182 1470 2217 παρέχων,
1491 2183 1531 2209 ὃτι
1554 2183 1602 2208 οὐκ
1628 2182 1715 2214 ἄλλως
1740 2182 1872 2218 ὲφευρέθη

1675 1852 1855 1861 ..Ψ

258 2217 398 2244 hensionis
415 2223 605 2252 argumentum
620 2219 648 2246 in
667 2220 787 2254 seipsum
811 2223 937 2257 prabuit,
950 2232 982 2252 ac
992 2226 1038 2252 de-

1092 2229 1166 2263 παρά
1180 2229 1237 2260 τοῖς
1247 2227 1399 2262 ἀνθρωποις
1412 2227 1481 2262 αὕτη
1494 2227 1511 2262 ἢ
1526 2227 1560 2253 δι’
1570 2226 1717 2262 ἐπιθυμίαν
1735 2226 1789 2253 τῶν
1805 2217 1874 2253 πλα-

257 2263 338 2298 nique
350 2263 454 2299 insigne
465 2264 595 2292 adversus
607 2266 763 2294 universam
778 2267 959 2297 idololatriam
982 2275 1036 2298 sta-

257 2309 308 2336 tuit
322 2314 525 2338 monumentum
538 2321 553 2343 ,·
565 2318 618 2345 quo
644 2320 742 2348 nempe
761 2318 867 2347 pateret
887 2315 962 2343 illam
984 2324 1036 2344 non

255 2353 336 2381 aliter
360 2355 394 2382 ab
418 2355 574 2383 hominibus
603 2357 739 2385 inventam
765 2358 850 2387 fuisse
872 2368 952 2395 quam
969 2369 1037 2390 vana

255 2399 518 2432 comminiscentium
533 2402 697 2436 cupiditate;
713 2405 782 2438 quod
798 2410 826 2433 et
838 2406 886 2434 Dei
906 2408 1036 2442 sapientia

255 2445 297 2473 his
319 2446 408 2474 verbis
428 2447 569 2475 declarat:
585 2447 697 2476 Initium
723 2450 903 2485 fornicationis
928 2459 967 2482 est
989 2463 1036 2482 ea;—

254 2491 362 2524 quisitio
373 2492 506 2520 idolorum
519 2494 540 2520 ⁸.
557 2494 633 2527 Quod
649 2496 757 2530 quidem
773 2505 806 2525 ne
820 2499 938 2532 mireris,
949 2508 1035 2535 neque

254 2538 347 2570 procul
363 2546 378 2565 a
398 2538 450 2566 lide
467 2546 529 2567 esse
547 2541 684 2569 existimes
701 2543 792 2578 velim,
804 2546 911 2578 quando
929 2554 981 2574 non
998 2548 1035 2574 ita

253 2583 375 2618 pridem,
401 2585 447 2612 sed
464 2585 587 2614 fortassis
603 2588 684 2616 etiam
708 2589 761 2618 hoc
784 2595 904 2626 tempore
923 2599 1035 2621 senatus

305 2641 316 2657 ⁸
330 2641 394 2676 Sap.
412 2650 468 2675 xw,
482 2643 525 2671 12.

287 2688 342 2724 (49)
358 2690 404 2718 Sic
417 2690 529 2724 Seguer.
543 2695 572 2718 et
582 2691 658 2720 Colb.
673 2692 724 2720 Alii
744 2700 804 2720 cum
828 2693 908 2721 editis
918 2714 926 2728 ,
942 2694 1035 2730 βουλό-

254 2732 344 2794 μεῖἕθ)
363 2760 419 2786 Vox
437 2760 502 2788 ὄντα
516 2761 589 2788 deest
605 2762 632 2788 in
645 2762 759 2794 Segucr.

292 2795 347 2857 (5;)
361 2795 405 2822 Sic
422 2796 533 2830 Seguer.
554 2796 630 2823 Colb.
647 2802 675 2840 et
690 2798 793 2829 Anglic.
807 2798 893 2829 Editi,
911 2799 1034 2834 ἐγείραν-

292 2838 308 2857 :.
347 2830 444 2857 elt'ltm.
461 2832 479 2857 ‘2
491 2839 572 2857 anon.
589 2832 782 2857 ἐνεγειοαντεε.
808 2833 887 2857 Paulo
911 2840 969 2857 nnsl
985 2836 1031 2857 ita.

253 2838 308 2861 τες.
325 2830 444 2857 Felt'ltm.
461 2832 479 2857 ‘2
491 2839 572 2860 anon.
589 2832 782 2867 ἐνεγείραντες.
808 2833 887 2862 Paulo
911 2830 1031 2868 post'de‘

253 2866 316 2892 sinit
327 2872 377 2892 ms.
386 2865 464 2892 Colb.
785 2879 790 2884 -

1090 2274 1222 2308 σαμένων,
1237 2273 1327 2304 καθὼς
1343 2272 1389 2299 καὶ
1407 2273 1423 2307 ή
1441 2272 1521 2307 σοφία
1534 2272 1580 2298 τοῦ
1601 2271 1667 2298 Θεοῦ
1683 2271 1874 2308 προμαρτύρε-

1088 2328 1132 2346 ται
1152 2319 1283 2353 λέγουσα·
1311 2318 1397 2353 Ἀρχὴ
1426 2318 1565 2352 πορνείας
1590 2317 1707 2344 ἐπίνοια
1731 2316 1872 2343 εἰδώλων.

1087 2366 1142 2392 Καὶ
1154 2365 1232 2400 μήτοι
1246 2364 1302 2399 (54)
1317 2363 1461 2400 θαυμάσῃς
1483 2364 1549 2399 μηδὲ
1567 2363 1676 2399 μακρὰν
1690 2362 1808 2394 πίστεως
1832 2359 1872 2388 εἷ-

1087 2419 1130 2438 ναι
1141 2411 1171 2438 τὸ
1186 2410 1330 2446 λεγόμενον
1341 2410 1462 2447 νομίσῃς,
1477 2410 1542 2436 ὅπου
1555 2417 1587 2443 γε
1602 2410 1648 2435 καὶ
1658 2409 1687 2434 οὐ
1702 2408 1791 2443 πολλῷ
1807 2407 1873 2442 πρό-

1087 2466 1175 2493 τερον,
1191 2457 1207 2492 ἦ
1225 2457 1294 2492 τάχα
1311 2457 1358 2483 καὶ
1377 2456 1458 2492 μέχρι
1469 2455 1515 2482 νῦν
1531 2456 1547 2491 ἡ
1563 2455 1705 2490 Ῥωμαίων
1719 2454 1871 2489 σύγκλητος

1087 2503 1149 2534 τοὺς
1165 2503 1274 2529 πώποτε
1290 2503 1379 2529 αὐτῶν
1393 2502 1422 2535 ἐξ
1437 2502 1522 2537 ἀρχῆς
1543 2500 1677 2536 ἄρξαντος
1692 2500 1827 2535 βασιλέας,
1853 2499 1870 2534 ἢ

1087 2549 1201 2579 πάντας,
1214 2548 1231 2584 ἢ
1245 2548 1291 2579 οὓς
1303 2548 1336 2574 ἂν
1349 2547 1425 2574 αὐτοὶ
1442 2547 1587 2582 βούλωνται
1608 2545 1653 2572 καὶ
1668 2545 1790 2581 κρίνωσι.
1808 2545 1868 2578 δογ-

1090 2594 1245 2627 ιιατίξουσιν
1259 2596 1287 2621 ἐν
1309 2595 1379 2626 θεοῖς
1393 2593 1474 2626 εἶναι,
1502 2593 1549 2619 καὶ
1571 2591 1769 2620 θρησκεύεσθαι
1793 2591 1870 2623 θεοὺς

1120 2696 1176 2729 (52)
1187 2696 1299 2724 Articul.
1310 2697 1324 2723 ὁ
1337 2696 1410 2723 deest
1419 2696 1445 2723 in
1454 2695 1566 2730 Seguer.
1577 2695 1651 2723 Colb.
1663 2694 1744 2722 Basil.
1756 2694 1865 2722 Gobler.

1084 2730 1492 2770 etiislclsm-jel?anot-.
1570 2765 1595 2770 ..
1667 2764 1683 2770 η
1771 2764 1837 2770 η..

1119 2766 1174 2798 (55)
1191 2765 1239 2793 Isis
1252 2766 1353 2794 Grauis
1363 2771 1404 2792 est
1419 2766 1560 2801 Δημήτηρ,
1570 2765 1595 2791 id
1611 2769 1652 2792 est
1664 2764 1757 2801 Ceres,
1769 2764 1863 2795 Osiris;

1087 2801 1222 2833 Διόνυσος,
1249 2802 1273 2828 id
1300 2806 1342 2828 est
1356 2799 1477 2828 Bacchus
1492 2799 1500 2827 ξ
1517 2799 1543 2828 et
1556 2800 1626 2828 Orus
1637 2820 1644 2833 ,
1660 2799 1753 2834 Apollo
1765 2821 1773 2834 ,
1798 2805 1866 2828 teste

1091 2836 1227 2863 llerodoto
1246 2836 1270 2863 iu
1289 2836 1408 2869 Euterpe.

1122 2871 1178 2906 (54)
1196 2872 1305 2908 chtlcr.
1321 2870 1382 2902 Alii,
1393 2872 1467 2907 μήτι.
