2027 3042
195 177 226 205 21
778 171 908 200 ORATIO
925 170 979 198 (ἷοἲ

1031 170 1065 197 ιλ
1085 169 1231 199 GENTES.
1781 171 1818 198 Β

195 236 355 272 γράφουσιν.
375 231 423 265 Οἷς
442 233 490 269 μὲν
505 232 560 269 γὰρ
586 231 794 268 ἀπεχθάνονται,
819 231 929 263 τούτους
948 231 979 262 ὡς

1038 229 1176 257 Romanus
1193 236 1261 264 quos
1283 229 1317 257 ab
1341 229 1419 257 initio
1439 229 1533 257 habuit
1556 229 1752 264 imperatores,
1778 233 1820 259 νυΙ

195 282 339 317 πολεμίους
355 281 405 316 τὴν
418 279 499 315 φύσιν
511 278 681 315 ὁμολογοῦσι,
695 279 742 305 καὶ
755 277 914 314 ἀνθρώπους
930 278 987 304 ὀνο-

199 329 348 364 μάζουσιν·
364 326 411 357 οὓς
434 326 463 352 δὲ
489 324 674 359 καταθυμίους
691 323 793 358 ιχουσι,
816 323 927 355 τούτους
952 322 986 350 δι’

196 372 381 410 ἀνδραγαθίαν
388 370 589 407 θρησκεύεσθαι
602 369 828 406 προστάττουσιν,
839 369 933 404 ὥσπερ
943 369 986 395 ἐπ’

193 420 318 453 ἐξουσίας
332 419 388 453 (55)
406 418 513 453 ἔχοντες
538 417 568 443 τὸ
584 416 726 448 θεοποιεῖν,
749 415 826 441 αὐτοὶ
848 414 986 450 ἄνθρωποι

193 465 381 500 τυγχάνοντες,
390 463 436 489 καὶ
448 460 516 488 εἶναι
534 461 625 496 θνητοὶ
639 460 676 496 μὴ
690 460 859 496 ἀρνούμενοι.
873 460 944 486 Ἔδει
957 460 986 486 δὲ

193 510 384 541 θεοωιοῦντας
401 509 499 539 αὐτοὺς
511 507 610 542 μᾶλλον
629 506 727 538 αὐτοὺς
750 503 820 532 εἶναι
836 504 928 536 θεούς·
954 504 985 530 τὸ

194 556 248 592 γὰρ
264 554 358 581 ποιοῦν
374 552 421 580 τοῦ
437 552 598 587 ποιουμένου
612 551 734 584 κρεῖττον
748 548 818 576 εἶναι
836 549 886 580 δεῖ,
905 548 952 576 xui.
971 549 984 574 ὁ

193 601 294 636 κρίνων
308 599 356 626 τοῦ
363 597 523 634 κρινομένου
539 596 568 628 ἐξ
580 596 701 631 ἀνάγκης
715 595 802 630 ἄρχει.
814 594 861 621 καὶ
872 596 885 621 ὁ
897 593 984 625 διδοὺς

194 647 301 678 πάντως
316 645 331 671 ὃ
355 644 421 680 ἔχει,
450 642 605 678 χαρίζεται·
625 641 719 677 ὥσπερ
741 641 838 676 ἀμέλει
867 641 913 667 καὶ
930 641 983 670 πᾶς

194 691 318 727 βασιλεὺς
334 690 349 716 ὁ
367 690 415 725 μὲν
435 688 491 723 ἔχει
504 686 659 723 χαρίζεται,
676 686 730 712 τῶν
744 686 772 713 δὲ
791 685 983 720 λαμϐανόντων

192 737 324 773 κρείττων
353 736 400 762 καὶ
415 734 514 770 μείζων
541 733 624 760 ἐστίν.
643 732 728 767 Εἴπερ
740 729 786 758 οὖν
802 731 848 762 οὒς
863 730 982 757 θέλουσιν

192 783 279 815 αὐτοὶ,
295 782 406 813 τούτους
421 781 499 812 θεοὺς
524 778 732 814 δογματίζουσιν
756 775 836 809 εἶναι,
855 776 908 803 ἔδει
935 775 983 802 καὶ

190 829 290 860 αὐτοὺς
304 827 411 862 πρῶτον
427 824 496 852 εἶναι
510 824 596 856 θεούς.
615 823 695 850 Ἀλλά
708 822 739 849 τὸ
754 821 908 857 θαυμαστόν
924 822 980 847 ὲστι

190 873 281 905 τοῦτο,
292 873 344 904 ὅτι,
361 872 437 898 αὐτοὶ
452 870 671 905 ἀποθνήσκοντες
690 868 728 900 ὡς
741 867 890 903 ἅνθρωποι,
902 866 980 900 ἐλέγ-

1038 282 1142 307 omnes.
1161 275 1203 302 vel
1217 275 1313 302 saltem
1330 283 1399 310 quos
1413 276 1464 310 ipsi
1481 275 1568 310 placet
1580 280 1607 302 et
1623 275 1756 309 ejusmodi
1770 277 1820 304 ho-

1038 327 1103 346 nore
1120 320 1214 355 dignos
1236 326 1345 353 censet,
1365 320 1434 347 inter
1459 321 1524 348 deos
1548 328 1609 348 esse
1626 321 1764 354 decernit,
1787 329 1820 348 ac

1037 371 1164 400 tanquam
1182 367 1247 394 deos
1265 367 1316 394 coli
1333 367 1418 401 jubet.
1444 367 1566 402 Namque
1581 367 1689 394 illorum
1710 368 1819 402 quidem

1036 412 1133 447 quibus
1146 412 1183 440 illi
1202 413 1302 440 infensi
1317 417 1391 444 sunt,
1405 418 1529 440 naturam
1548 418 1707 447 agnoscunt,
1719 420 1820 448 eosque

1037 462 1130 491 utpote
1147 457 1291 490 inimicos,
1312 457 1435 485 homines
1460 457 1654 492 appellantzat
1667 464 1730 484 vero
1751 464 1820 492 quos

1035 502 1149 536 diligunt
1165 507 1191 530 et
1205 503 1303 530 charos
1320 503 1429 535 habent,
1439 511 1486 531 eos
1498 504 1532 530 ob
1546 503 1669 530 virtutem
1683 503 1734 530 coli
1749 510 1818 537 prte-

1035 548 1146 582 cipiunt,
1160 549 1238 583 quasi
1262 549 1326 577 deos
1340 549 1456 576 faciendi
1471 553 1632 583 potestatem
1656 548 1706 583 ipsi
1735 549 1819 575 habe-

1036 599 1106 629 rent,
1117 596 1162 629 qui
1190 595 1282 629 utique
1306 595 1429 621 homines
1444 599 1516 626 sunt,
1535 599 1562 620 et
1575 601 1604 621 se
1616 592 1744 620 mortales
1759 600 1820 620 esse

1035 650 1087 669 non
1112 642 1279 670 iuiiciaulur.
1298 641 1330 668 lli
1349 642 1420 668 enirn
1446 640 1567 676 profecto
1592 639 1680 674 potius
1694 639 1739 673 qui
1755 638 1819 666 deos

1034 687 1139 715 faciunt
1159 688 1194 715 dii
1211 695 1273 716 esse
1286 687 1412 715 censendi
1426 691 1498 719 sunt,
1514 694 1594 721 quam
1610 694 1678 721 quos
1700 685 1751 720 ipsi
1776 685 1817 712 fa-

1033 735 1107 762 ciunt
1119 735 1192 763 deos.
1202 734 1338 769 Siquidem
1349 741 1391 761 res
1406 741 1466 768 quae
1477 732 1552 764 facit,
1566 740 1597 759 ea
1628 739 1689 766 quae
1705 732 1734 758 iit
1751 738 1820 765 pra).

1033 780 1148 806 slantior
1161 787 1221 807 esse
1234 779 1329 813 debet;
1346 783 1374 806 ct
1389 779 1434 814 qui
1451 779 1566 813 aliquem
1578 778 1692 813 iudicat,
1708 777 1765 812 ejus
1774 777 1820 811 qui

1030 824 1176 859 jndicatur,
1195 825 1321 852 dominus
1336 825 1489 852 situecessc
1508 828 1570 851 est:
1589 824 1613 851 is
1628 823 1692 850 item
1706 823 1751 857 qui
1768 822 1819 849 ali.-

1032 869 1097 904 qnid
1116 870 1208 901 donat,
1224 870 1334 897 omnino
1350 870 1375 897 id
1393 870 1463 903 quod
1477 869 1559 896 habet
1576 868 1708 904 largitur;
1724 875 1820 902 quem-

192 928 268 955 χουσι
281 919 330 954 τὴν
342 917 444 945 ἑαυτῶν
457 916 520 953 ’περὶ¹
534 915 588 942 τῶν
600 914 815 950 θεοποιηθέντων
831 914 875 940 ὑπ’
894 913 979 940 αὐτῶν

1035 915 1179 942 admodum
1197 921 1269 943 certe
1284 921 1311 943 et
1333 916 1421 943 omnis
1446 916 1604 950 imperator,
1627 915 1653 942 id
1671 914 1742 948 quod
1762 914 1820 948 ipse

190 965 280 1000 ψῆφον
296 963 364 991 εἷναι
376 963 473 998 ψευδῆ.

1036 961 1128 994 habet,
1144 962 1236 993 donat,
1253 962 1340 996 iisque
1352 963 1396 995 qui
1418 961 1554 995 accipiunt
1573 961 1708 995 potentior
1720 964 1747 987 et
1760 967 1819 986 ma-

188 1012 233 1046 jor
249 1017 300 1039 est.
313 1011 484 1046 Quapropter
495 1011 517 1037 si
530 1016 598 1043 quos
616 1008 665 1042 ipsi
681 1007 825 1037 voluerint,
843 1006 906 1033 deos
918 1013 978 1034 esse
996 1007 1146 1035 decernunt
1161 1017 1167 1034 :
1185 1015 1231 1035 eos
1240 1015 1305 1035 sane
1316 1008 1430 1042 prinntm
1444 1007 1508 1034 deos
1519 1013 1627 1040 quoque
1656 1013 1716 1033 esse
1740 1013 1820 1040 opor-

191 1063 269 1086 teret.
289 1057 384 1084 Verum
406 1055 538 1083 hocinter
551 1060 648 1081 caetera
683 1053 866 1079 admiratione
896 1053 1006 1086 dignum
1030 1053 1148 1085 videtur,
1175 1054 1246 1087 quod
1273 1054 1324 1088 ipsi
1349 1058 1477 1088 tanquam
1506 1053 1628 1080 homines
1653 1052 1818 1088 morientes,

184 1098 268 1131 suum
285 1104 318 1130 de
332 1103 386 1133 his,
400 1102 549 1137 quos-deos
561 1100 693 1131 fecerunt,
707 1099 802 1126 falsum
813 1106 873 1125 esse
881 1098 1038 1132 suffragium
1053 1104 1145 1133 aperte
1161 1104 1286 1135 arguant.

226 1150 269 1177 10.
286 1148 372 1175 Τοῦτο
383 1148 412 1175 δὲ
425 1147 456 1174 τὸ
470 1146 530 1178 ἔθος
546 1147 577 1173 οὑ
599 1146 702 1177 καινὸν,
717 1145 776 1172 οὐδὲ
789 1145 843 1172 ἀπὸ
856 1145 905 1179 τῆς
922 1145 979 1170 Ῥω-

1070 1146 1111 1173 10.
1130 1145 1185 1172 Nec
1205 1152 1270 1172 vero
1286 1152 1381 1172 recens
1393 1149 1437 1171 est
1463 1144 1614 1171 istiusmodi
1640 1145 1818 1172 consuetudo:

191 1193 279 1228 μαίων
293 1192 393 1227 ἤρξατο
411 1191 519 1226 βουλῆς,
533 1190 591 1217 ἀλλ’
607 1188 641 1225 ἦν
653 1189 755 1217 ἄνωθεν
770 1189 979 1224 προγιγνόμενον

1031 1199 1119 1226 neque
1136 1199 1151 1217 a
1167 1190 1289 1218 Romano
1306 1196 1400 1218 senatu
1413 1190 1518 1217 initium
1536 1190 1623 1222 duxit,
1639 1191 1685 1217 sed
1696 1191 1740 1218 ditt
1754 1195 1818 1218 ante

190 1239 239 1266 καὶ
254 1237 495 1273 προμελετώμενον
511 1237 557 1263 ἐπὶ
580 1237 630 1272 τὴν
646 1236 699 1262 τῶν
721 1235 840 1262 είδώλων
866 1235 979 1262 ἔννοιαν.

1031 1238 1063 1264 ad
1078 1236 1200 1272 fingenda
1226 1236 1294 1264 idola
1311 1237 1419 1263 inventa
1435 1241 1463 1263 et
1477 1236 1600 1268 instituta
1615 1241 1666 1263 est.
1684 1236 1722 1262 llli
1745 1237 1818 1264 enim

189 1284 245 1312 Kal
259 1283 316 1319 γάρ
335 1285 358 1310 οἱ
378 1283 461 1310 πάλαι
477 1283 541 1318 παρ’
558 1282 670 1317 Ἕλλησι
695 1281 901 1316 διαϐεϐοημένοι
926 1281 979 1309 θεοὶ

1031 1283 1073 1317 qui
1090 1290 1104 1309 a
1121 1287 1195 1309 tanto
1221 1286 1341 1315 tempore
1362 1282 1398 1308 dii
1415 1283 1484 1316 apud
1503 1281 1611 1309 Graecos
1632 1282 1818 1314 celebrantur,

188 1330 267 1365 Zgbj,
283 1329 330 1356 καὶ
342 1329 487 1365 Ποσειδῶν,
514 1328 562 1355 καὶ
582 1328 728 1360 Ἀπρλλων,
750 1329 797 1354 καὶ
817 1328 979 1365 Ἥφομσεος,

1031 1325 1141 1360 Jupiter,
1157 1324 1307 1361 Neptunus,
1322 1325 1428 1360 Apollo,
1449 1325 1597 1358 Vulcanus,
1616 1326 1776 1358 Mercurius,
1790 1331 1817 1353 et

188 1376 236 1402 καὶ
249 1375 364 1412 Ἑρμῆς,
376 1375 460 1401 καὶέν
478 1374 598 1410 θηλείαις
607 1374 692 1411 ’Ὶξρμη
711 1373 757 1400 καὶ
773 1374 915 1409 Δήμητρα,
934 1373 979 1400 καὶ

1031 1381 1043 1399 e
1058 1371 1164 1398 feminis
1183 1371 1263 1404 Juno,
1276 1371 1369 1403 Ceres,
1383 1371 1481 1405 Pallas,
1496 1371 1587 1404 Diana,
1603 1373 1699 1400 edictis
1711 1371 1817 1405 Thesei,

194 1421 291 1459 Ἀθήνῃ
304 1421 370 1456 (56),
382 1421 431 1447 καὶ
452 1421 594 1459 Ἀεεεμις.
612 1421 672 1451 ταῖς
694 1419 805 1454 Θησέως
831 1419 878 1446 τοῦ
901 1419 978 1454 παρὰ

1031 1425 1108 1452 quem
1126 1417 1281 1445 Graecorum
1309 1417 1433 1445 historia:
1455 1419 1592 1452 praecipue
1613 1419 1817 1449 continendam,

186 1467 375 1502 τοίςἜλλητιν
393 1467 582 1502 ἱστορουμένου
605 1466 745 1499 διαταγαίς
765 1464 914 1500 ἐκρίθησαν
933 1464 979 1490 λέ-

1031 1464 1197 1491 divinitatem
1214 1468 1276 1491 sunt
1296 1464 1444 1490 consecuti.
1465 1463 1533 1491 Hinc
1554 1463 1593 1490 illi
1609 1464 1655 1498 qui
1676 1463 1702 1490 id
1725 1463 1817 1490 sanci-

188 1512 282 1546 γεσθαι
298 1512 370 1539 θεοί·
389 1512 436 1538 καὶ
449 1512 474 1537 oi
491 1512 541 1545 μὲν
558 1509 758 1545 διαταξάμενοι,
780 1510 818 1541 ὡς
841 1510 978 1546 ἄνθρωποι

1031 1516 1103 1541 vere.
1116 1515 1145 1536 ut
1160 1509 1282 1536 homines
1293 1529 1302 1542 ,
1321 1509 1418 1536 mortui
1437 1509 1563 1544 lugenlur
1578 1518 1584 1536 :
1603 1510 1629 1535 hi
1644 1515 1733 1536 autem
1749 1516 1818 1542 quos

187 1543 415 1593 ἀποθνήσκοντες,
425 1543 599 1592 θρηνοῦνται·
619 1555 664 1587 οὓς
673 1543 704 1581 δὲ
722 1543 977 1587 διετάξαντο,ὀῦτοι

1031 1556 1094 1583 deos
1108 1563 1168 1583 esse
1179 1561 1342 1588 statuerunt,
1361 1543 1487 1591 tanquam
1511 1556 1547 1582 dii
1562 1555 1720 1582 adorantur.
1735 1555 1757 1582 O
1774 1555 1816 1581 iu-

187 1604 226 1635 ὼς
239 1603 295 1630 θεοὶ
308 1602 534 1638 προσκυνοῦνται.
551 1602 583 1627 Ὢ
602 1601 702 1636 πολλῆς
726 1601 911 1634 ἐναντιότητος
933 1600 979 1627 καὶ

1031 1602 1186 1628 credibilem
1215 1602 1418 1637 repugnantiam
1441 1606 1522 1635 atque
1545 1601 1678 1628 insaniam
1697 1601 1704 1627 !
1730 1600 1816 1628 Notus

189 1649 286 1684 μανίας
297 1649 303 1674 l
317 1648 368 1675 Τὸν
383 1648 577 1682 διαταξάμενον
588 1647 698 1679 εἰδότες,
710 1646 756 1678 οὓς
766 1646 904 1678 διετάξατο
912 1646 978 1680 (57),

188 1693 352 1729 πρπιμῶσι.
370 1693 424 1719 Καὶ
441 1692 497 1718 εἴθε
519 1692 614 1727 μέχρις
630 1691 756 1727 ἀρῤἐνων
773 1692 894 1726 εἱστήκει
918 1690 979 1717 τού-

186 1747 240 1765 των
256 1739 273 1774 ή
286 1738 464 1773 εἰδωλομανία
474 1737 541 1773 (58).
555 1738 602 1764 καὶ
618 1738 655 1774 μὴ
669 1739 709 1769 εἰς
728 1737 838 1773 θηλείας
864 1738 979 1772 κατέφε-

189 1795 235 1822 ρον
244 1786 293 1822 τὴν
304 1785 379 1812 θείαν
392 1784 589 1820 προσηγορίαν.
601 1785 657 1811 Καὶ
663 1784 718 1820 γὰρ
731 1784 778 1810 καὶ
792 1785 934 1817 γυναῖκας,
946 1783 980 1815 ἀς

187 1832 247 1859 οὐδὲ
260 1833 300 1864 εἰς
315 1831 407 1867 κοινὴν
422 1831 487 1866 περὶ
505 1831 675 1866 πραγμάτων
695 1829 861 1865 συμϐουλίαν
873 1829 980 1865 λαμῦά-

186 1886 242 1905 νειν
255 1877 384 1912 ἀσφαλὲς,
398 1877 498 1908 ταύτας
510 1878 542 1912 τῇ
555 1875 602 1903 τοῦ
617 1876 684 1902 Θεοῦ
706 1877 772 1911 τιμῇ
798 1875 978 1911 θρησκεύουσι

186 1925 234 1951 καὶ
251 1923 384 1955 σέϐουσιν,
397 1923 435 1954 ὡς
455 1923 483 1949 αι
506 1923 554 1958 μὲν
575 1921 777 1961 neptim;
793 1921 976 1955 διαταγείσαι,

186 1971 219 2003 ἀς
231 1966 286 2006 (59)
304 1970 519 2006 προειρήκαμεν,
537 1960 612 2003 παρᾶ
625 1959 654 1993 δὲ
667 1967 826 2001 Αἰγυπτίοις
845 1966 917 2003 Ἶσις
931 1968 978 1995 καὶ

187 2016 263 2056 Ιξρεη
272 2016 320 2042 καὶ
332 2015 461 2055 Nigaea
469 2014 535 2049 (60),
547 2013 592 2040 καὶ
601 2013 666 2048 παρ⁴
675 2012 764 2044 ἀλλοις
779 2012 930 2052 Ἀζερξί-τη.
938 2013 978 2039 Τά

187 2063 241 2097 γάρ
252 2061 307 2089 τῶν
320 2061 408 2088 ἄλλων
419 2061 539 2096 ὀνόματα
550 2059 612 2086 οὐδὲ
628 2059 718 2093 λέγειν
735 2058 832 2092 εὐαγὲς
846 2059 977 2094 ἡγοῦμαι,

187 2108 278 2144 πάσης
290 2107 387 2143 χλεύης
403 2107 467 2134 ὅντα
482 2107 577 2142 μεστά,
599 2105 695 2132 Πολλοὶ
720 2105 774 2141 γὰρ
796 2105 826 2132 οὺ
854 2105 933 2140 μόνον
949 2106 978 2132 ὲν

186 2156 244 2186 τοῖς
259 2154 354 2184 πάλαι,
369 2153 437 2180 ἀλλά
448 2153 494 2180 καὶ
511 2153 540 2178 ὲν
553 2153 608 2184 τοῖς
620 2151 680 2178 καθ’
694 2152 768 2187 ἡμᾶς
779 2151 896 2186 χρόνοις,
915 2151 978 2178 ἀπο-

1030 1647 1094 1681 ipsis
1108 1652 1149 1674 est
1165 1647 1210 1682 qni
1228 1647 1292 1674 deos
1307 1647 1366 1674 illos
1380 1654 1440 1674 esse
1456 1647 1557 1677 sanxit,
1569 1652 1596 1673 et
1613 1653 1680 1680 quos
1694 1646 1738 1672 ille
1753 1653 1817 1672 san-

1030 1694 1084 1726 xit,
1106 1694 1194 1721 eidem
1214 1693 1403 1727 anteponunt!
1424 1692 1522 1720 Verum
1542 1693 1646 1719 utinam
1667 1692 1763 1719 saltem
1789 1691 1816 1719 in

1031 1740 1150 1767 maribus
1164 1740 1286 1766 stetisset
1306 1747 1400 1766 eorum
1426 1739 1591 1770 idololatria,
1609 1746 1694 1773 neque
1708 1737 1816 1768 feminis

1030 1786 1150 1813 divinum
1172 1792 1266 1812 nomen
1293 1785 1473 1812 detulissent!
1491 1785 1631 1819 Siquidem
1655 1785 1736 1812 etiam
1755 1794 1815 1812 mu-

1029 1829 1119 1862 lieres,
1132 1836 1201 1864 quas
1215 1836 1303 1863 neque
1315 1829 1348 1855 ad
1367 1829 1474 1863 publica
1488 1829 1603 1856 concilia
1622 1829 1765 1858 admittere
1777 1836 1817 1857 tn-

1029 1880 1084 1902 tum
1108 1879 1160 1908 est,
1186 1875 1284 1902 divinis
1301 1875 1449 1902 honoribus
1473 1871 1566 1902 colunt
1589 1880 1616 1902 et
1638 1880 1814 1909 venerantur,

1029 1921 1122 1955 quales
1145 1927 1226 1953 sunt,
1250 1929 1320 1956 quae,
1341 1925 1370 1947 ut
1383 1928 1465 1955 supra
1481 1921 1612 1954 diximus,
1628 1921 1724 1950 Thesei
1745 1929 1816 1957 prae-

1029 1968 1131 2001 scripto
1142 1966 1214 1994 inter
1231 1967 1341 1994 numina
1353 1971 1415 1993 sunt
1432 1967 1533 2000 relatae,
1550 1972 1578 1994 et
1591 1967 1661 2002 apud
1673 1967 1816 2003 [Egyptios

1029 2011 1089 2044 Isis,
1107 2012 1197 2040 Puella
1215 2017 1242 2040 et
1256 2013 1464 2040 Adolescentula
1477 2033 1485 2046 ,
1503 2019 1583 2048 atque
1596 2014 1666 2048 apud
1680 2015 1747 2042 alios
1763 2015 1815 2042 Ve-

1029 2066 1089 2086 nus.
1100 2058 1167 2085 Nam
1181 2059 1295 2085 aliarum
1311 2059 1425 2086 ridicula
1440 2060 1548 2086 nomina
1567 2059 1690 2094 proferre
1705 2060 1745 2088 fas
1754 2068 1815 2088 esse

1029 2112 1081 2131 non
1100 2111 1170 2131 reor.
1184 2104 1258 2131 Multi
1272 2105 1344 2132 enim
1366 2113 1418 2132 non
1435 2105 1534 2140 priscis
1549 2110 1653 2133 tantum
1665 2126 1672 2138 ,
1697 2107 1744 2133 sed
1765 2114 1813 2134 no-

1029 2149 1092 2177 stris
1107 2149 1188 2177 etiam
1202 2151 1376 2184 temporibus,
1393 2155 1454 2184 post
1469 2151 1584 2179 amissos
1598 2159 1666 2185 quos
1680 2151 1814 2179 habebant

188 2199 316 2231 ϐαλόντες
329 2199 442 2234 φίλτατα
452 2199 498 2225 καὶ
513 2198 644 2233 ἀδελφοὺς
655 2198 702 2225 καὶ
717 2200 859 2232 συγγενεῖς
871 2199 917 2226 καὶ
930 2207 978 2232 γυ-

1031 2195 1220 2227 charissimos,
1241 2195 1270 2231 9
1287 2201 1341 2222 tum
1359 2196 1458 2224 fratres
1475 2201 1529 2223 tum
1547 2202 1675 2232 cognatos
1692 2204 1724 2224 ac
1748 2205 1812 2224 uxo-

187 2246 285 2277 ναῖκας
293 2264 302 2277 ,
319 2244 414 2271 πολλαὶ
423 2244 451 2270 δὲ
471 2244 517 2270 καὶ
530 2243 629 2279 ἀνδρας
640 2243 836 2275 ἀποϐαλοῦσαι,
848 2243 894 2275 οὒς
906 2244 975 2270 πάν-

185 2291 265 2325 ταςή
284 2289 364 2324 φύσις
384 2288 496 2324 ἤλεγξεν
513 2288 671 2324 ἀνθρώπους
691 2287 760 2315 εἶναι
774 2288 897 2324 θνητοὺς,
914 2289 976 2315 τού-

186 2344 249 2367 τους
269 2336 315 2362 καὶ
325 2334 426 2366 ταύτας
439 2334 484 2361 διὰ
495 2334 525 2361 τὸ
539 2335 606 2361 πολὺ
623 2335 686 2370 περὶ
696 2334 786 2361 αὐτῶν
802 2334 899 2366 πένθος
910 2335 975 2361 ἀνα-

187 2382 319 2417 ζωγραφή
324 2390 430 2412 σαντες,
439 2381 487 2407 καὶ
500 2380 595 2412 θυσίας
605 2380 819 2412 ἀνα-πλάσαντες,
827 2379 972 2415 ἀνέθηκαν,

186 2426 233 2458 οὒς
246 2427 271 2452 oi.
286 2425 354 2461 μετά
370 2425 455 2452 ταῦτα
466 2425 510 2452 διὰ
519 2425 568 2461 τὴν
583 2425 692 2457 πλάσιν,
707 2425 753 2452 καὶ
767 2426 817 2461 τὴν
826 2425 873 2451 τοῦ
885 2425 973 2460 τεχνί-

186 2479 234 2498 του
245 2471 400 2506 φιλοτιμίαν
414 2469 492 2502 θεοίις
514 2471 710 2506 ἐθρήσκευσαν,
725 2472 841 2507 πρᾶγμα
858 2471 976 2505 πάσχον-

1032 2249 1075 2269 res
1095 2250 1102 2268 :
1125 2242 1214 2269 multa
1239 2243 1302 2269 item
1319 2243 1444 2270 mulieres
1468 2243 1611 2270 exstinctis
1636 2243 1701 2270 viris
1733 2242 1813 2278 (quos

1028 2294 1093 2314 sane
1109 2294 1204 2315 omnes
1215 2307 1223 2320 ,
1247 2288 1376 2315 mortales
1392 2288 1514 2316 homines
1537 2289 1618 2316 fuisse
1634 2293 1729 2315 natura
1747 2297 1813 2316 con-

1029 2333 1134 2369 vincit),
1151 2333 1213 2361 illos
1226 2339 1254 2361 et
1276 2334 1346 2366 illas,
1363 2340 1478 2369 cogente
1494 2335 1581 2362 luctus
1595 2335 1756 2367 acerbitate,
1772 2336 1812 2370 pi-

1028 2383 1104 2406 ctura
1124 2384 1318 2413 expresserunt
1331 2385 1358 2407 et
1373 2380 1496 2407 confictis
1511 2380 1653 2407 sacrificiis
1667 2387 1811 2407 consecra-

1028 2430 1101 2457 runt,
1118 2432 1186 2459 quos
1200 2426 1297 2453 deinde
1319 2426 1419 2460 posteri
1437 2426 1472 2454 ob
1485 2427 1583 2460 pictum
1598 2427 1770 2454 simulacrum
1784 2432 1812 2454 et

1026 2471 1137 2498 artificis
1151 2471 1310 2497 industriam
1327 2477 1455 2506 tanquam
1470 2472 1536 2500 deos
1550 2473 1668 2500 venerati
1687 2478 1760 2505 sunt,
1773 2472 1810 2499 id-

188 2525 232 2548 τες
247 2517 278 2543 οὐ
304 2516 374 2543 κατά
387 2515 478 2550 φύσιν.
494 2516 547 2547 Οὒς
561 2516 616 2551 γὰρ
635 2517 659 2542 oi
682 2517 769 2550 γονεῖς
792 2517 831 2548 ὡς
845 2516 881 2551 μὴ
895 2516 974 2548 ὄντας

1031 2523 1077 2550 que
1102 2521 1201 2549 praeter
1221 2524 1328 2543 omnem
1354 2522 1456 2545 naturae
1483 2519 1625 2545 rationem.
1651 2518 1723 2551 QUOS
1737 2519 1809 2546 enim

187 2560 265 2592 θεοὺς
276 2561 429 2596 ἐθρήνησαν
447 2560 508 2595 (οὐκ
531 2561 565 2588 ἂν
580 2561 644 2597 γὰρ,
660 2562 740 2598 εἴπερ
755 2562 865 2597 ᾔδεισαν
878 2562 975 2594 αὐτοὺς

1031 2562 1077 2596 ipsi
1090 2566 1217 2596 parentes
1232 2562 1324 2589 luxere
1341 2568 1368 2589 ut
1384 2564 1429 2597 qui
1446 2563 1481 2590 dii
1500 2571 1553 2593 non
1575 2569 1666 2591 essent
1682 2564 1810 2599 (namque

222 2628 279 2663 (55)
292 2628 338 2667 Sic
349 2628 480 2667 Basil._et
498 2630 614 2667 Anglic._
628 2630 716 2667 Editio
731 2629 908 2667 Commel.‘et
927 2630 972 2658 alii
1022 2629 1246 2667 terarusNannins
1260 2630 1445 2667 Proserpinam
1458 2631 1584 2658 minorem
1593 2632 1667 2666 quasi
1680 2632 1809 2667 Νεωτέρα

187 2663 346 2701 ιηεελιιηξοιι
359 2671 424 2691 voce
438 2664 538 2701 habent
550 2665 723 2701 ἐπεξουσίας,
739 2666 786 2692 sed
800 2665 936 2692 mendose.

1031 2667 1067 2692 Itl-
1083 2666 1158 2701 Κόρη
1187 2665 1344 2692 referretur.
1357 2663 1462 2701 ’Κόρην
1487 2663 1807 2700 ιιιιιῐηίεῬτοεεΓμίηιιίη

221 2698 279 2737 (ἕρ)
294 2698 418 2737 §eguer.,
430 2700 562 2737 ᾼήμηςιρα
574 2706 601 2727 et
621 2700 731 2735 Ἀθηνᾶ.

1031 2698 1174 2737 εεεοηιὲιιιό
1194 2701 1287 2727 nescit.
1317 2698 1507 2737 inth'aulem
1527 2701 1563 2727 sit
1581 2698 1723 2737 Νεωτέρα,
1743 2703 1808 2728 nihil

295 2733 608 2772 ξεειιετηδιετάξαντο..
724 2768 740 2772 _
762 2769 768 2772 _
780 2768 786 2772 _
852 2768 871 2772 __
890 2769 896 2772 ‘
915 2769 922 2772 _

1031 2735 1087 2772 terti
1110 2736 1202 2772 dicere
1221 2733 1363 2772 habemus,
1388 2735 1469 2772 Forte
1490 2736 1603 2763 Juuonis
1620 2733 1701 2762 liliain
1718 2736 1808 2772 Ἥϐην

225 2768 281 2806 (ὅθ)
298 2769 344 2796 Sic
353 2769 467 2806 ﬁegner.
492 2770 574 2796 Basil.
596 2769 700 2806 Anglic.
721 2768 828 2806 Gobler.
852 2768 969 2797 Fel’t-km.
1021 2771 1097 2806 deam
1110 2771 1260 2806 jnventutis
1278 2771 1422 2806 signiﬁcat.
1445 2771 1543 2798 Verum
1560 2772 1688 2806 quidquid
1708 2772 1752 2798 hic
1772 2768 1808 2799 sit

181 2805 200 2838 _l
220 2804 273 2841 et?
283 2812 329 2841 an.
344 2804 396 2830 Alii
412 2812 472 2841 cum
483 2803 811 2841 γεαὶιξ,νείδωλολατρεία.
903 2839 908 2841 _

1031 2803 1144 2841 Κόρηόι
1158 2803 1444 2841 Νεωτέρα,ᾏιι›ι›τοδίὶ
1472 2803 1731 2839 interpretationem,
1747 2815 1808 2841 qna:

295 2840 407 2877 Segrier.
422 2839 666 2877 Goblcr._Felrki_n.
682 2838 768 2877 [ετξ
787 2847 882 2877 auom,
894 2839 941 2870 ὡς.

1031 2838 1127 2868 Graaeis
1139 2841 1226 2868 verbis
1243 2838 1400 2876 simpliciter
1415 2838 1568 2877 respondet,
1581 2842 1665 2868 risum
1687 2847 1728 2869 est
1748 2838 1805 2870 am-

225 2873 426 2910 (150)7Alllhl'05-
453 2874 615 2905 liamaldul.,
631 2874 748 2910 Puellam
772 2880 799 2900 ct
817 2874 971 2910 Adalcx_r_eu—
1024 2877 1112 2910 plecti.

190 2907 271 2938 tutum
286 2909 330 2938 hic
344 2914 423 2937 vertit
437 2917 443 2936 :
461 2910 634 2944 Omnibonus,
650 2909 834 2945 Proserpinam
857 2914 882 2936 et
899 2907 970 2936 Neu-
