2037 3044
247 137 283 168 27

532 140 562 167 S.
583 139 766 167 ATHANASII
786 138 861 166 OPP.
881 137 970 165 PARS
990 138 1009 165 Ι,
1031 154 1062 158 -
1086 134 1268 166 lllSTOlilCA
1291 137 1333 164 ET
1354 136 1566 165 DOGMATICA.

1833 135 1869 162 ‘28

249 199 337 225 minus
356 199 422 225 deos
437 197 496 225 illos
512 204 573 224 esse
582 197 665 229 dicat,
682 196 728 223 sed
750 197 838 230 potius
852 204 913 223 cum
931 203 1024 223 corru-

1081 197 1128 223 χαὶ
1148 196 1285 232 παθητοὺς
1305 196 1402 226 αὐτοὺς
1424 194 1539 226 ἀκούων,
1558 194 1635 220 οὐδὲν
1653 192 1717 220 ἄλλο
1736 193 1870 228 ἢάνθρώ-

248 243 331 279 ptioni
348 243 486 278 subjectos
503 246 530 270 et
545 241 665 277 patibilis
683 247 784 268 natura:
800 249 861 268 esse
887 242 1029 269 intellexe-

248 291 292 322 rit,
317 288 383 316 nihil
399 288 521 323 profecto
535 287 607 315 aliud
623 294 670 314 eos
688 295 767 322 quam
794 288 927 318 homines,
950 291 1030 321 atque

247 333 396 360 imbecilles
424 332 547 359 homines
566 339 626 359 esse
649 336 787 367 agnoscet,
803 333 942 366 magisque
971 332 1029 359 illos

247 380 293 414 qui
306 379 457 411 vulnerant,
478 386 559 413 quam
581 377 627 412 qui
655 378 843 409 vulnerantur,
858 378 918 413 jure
934 383 962 404 et
977 386 1030 404 me-

249 426 301 453 r'rto
318 425 513 464 admirabitur?
544 425 611 458 Quis
638 425 700 451 item
732 423 826 450 Martis
846 432 906 451 cum
926 424 1029 451 Venere

244 470 419 501 adulterium.
438 474 465 497 et
482 471 589 504 utrique
602 475 710 505 paratas
729 478 744 496 a
762 469 882 497 Vulcano
894 470 1005 497 insidias
1020 490 1027 503 ,

244 517 364 551 aliosque
380 524 448 552 quos
471 521 567 544 vocant
593 517 657 544 deos
684 517 716 543 ad
740 516 824 551 stupri
846 516 1028 551 spectaculum

243 564 277 590 ab
291 564 386 590 eodem
401 562 523 590 Vulcano
541 563 687 590 accersitus
706 562 863 594 adventare,
879 567 907 589 et
920 562 1026 589 illorum

243 608 441 643 impudicitiam
458 608 582 635 e0ntueri
611 607 791 642 conspiciens,
822 607 905 634 risum
935 611 1028 634 tenere

242 660 336 690 queat,
349 662 450 689 eosque
465 662 518 681 non
535 654 610 681 valde
626 653 807 688 aspernetur?
840 653 905 686 Quis
922 660 974 679 non
994 653 1029 679 ri-

243 700 316 732 deat,
327 700 348 726 si
365 699 506 727 Herculem
523 699 620 726 viderit
631 707 686 734 pra:
695 699 829 726 ebrietate
844 699 986 725 libidinose
1000 699 1026 725 in

243 746 403 781 Omphalem
420 745 560 772 insanire?
574 745 640 772 Nam
660 745 802 772 libidinosa
822 745 930 772 illorum
951 749 1027 780 gesta

243 791 468 826 turpissimosque
490 799 607 824 amores,
637 799 669 818 ac
685 799 778 818 eorum
800 791 931 826 imagines
947 799 1023 825 auro,

243 843 367 873 argento,
388 845 451 871 tere,
471 837 542 864 ferro
554 857 561 870 ,
579 837 713 872 lapidibus
735 843 762 865 et
780 838 857 872 lignis
872 845 1025 872 expressas,

243 882 310 911 nihil
324 888 366 910 est
384 891 433 910 cur
449 889 577 910 accurate
603 884 810 918 reprehendam,
825 891 886 910 cum
904 891 948 911 res
963 884 1027 918 ipsae

241 935 275 955 ex
291 935 351 955 sese
362 928 534 955 exsecranda:
547 928 611 960 sint,
628 933 655 955 et
677 928 849 955 manifestam
862 929 964 956 erroris
976 935 1026 955 no-

243 979 298 1000 tam
317 973 444 1000 habeant.
462 972 519 1006 Qua
537 981 602 1001 sane
620 973 646 1000 in
668 981 706 1007 re,
722 981 827 1007 eorum,
846 974 892 1009 qui
911 974 953 1001 his
978 973 1028 1000 fal-

242 1017 320 1045 laciis
348 1019 523 1050 seducuntur,
548 1019 666 1046 maxime
691 1019 814 1046 misereri
841 1019 976 1046 convenit.
993 1017 1026 1046 Hi

241 1063 314 1090 enim
326 1063 371 1098 qui
387 1063 547 1096 adulterum,
570 1064 616 1098 qui
632 1065 665 1090 ad
680 1064 799 1099 ipsorum
815 1072 926 1092 uxorem
941 1065 1026 1092 aude-

242 1114 284 1136 ret
302 1109 442 1142 accedere,
457 1109 574 1136 maximo
593 1110 654 1136 odio
678 1116 922 1144 prosequerentur,
954 1110 1028 1137 adul-

242 1154 303 1180 terii
320 1155 464 1188 magistros
478 1154 543 1181 deos
563 1155 653 1182 facere
674 1163 726 1181 non
740 1161 867 1182 verentur
883 1164 890 1182 :
909 1163 1026 1190 eumque

241 1198 293 1232 ipsi
309 1206 369 1226 cum
387 1199 525 1227 sororibus
548 1200 597 1234 ιι
624 1201 796 1228 commisceri
823 1201 1024 1234 reformidant,

241 1250 288 1270 eos
301 1244 347 1277 qui
373 1244 490 1278 idipsum
523 1244 636 1278 faciunt,
667 1251 851 1272 venerantur:
876 1246 920 1280 qui
945 1247 1024 1273 iidem

241 1296 342 1323 pueros
355 1296 530 1324 corrumpere
547 1291 648 1318 crimen
670 1298 730 1319 esse
758 1291 887 1323 fatentur,
905 1291 965 1319 illos
985 1292 1026 1318 ni-

243 1334 391 1362 hilominus
405 1335 495 1362 colunt
510 1337 555 1370 qui
581 1336 692 1370 hujusce
708 1336 800 1370 ﬂagitii
823 1337 861 1365 rei
885 1345 946 1365 esse
958 1345 1026 1372 prte-

243 1380 394 1408 dieantur:
421 1389 452 1409 ac
477 1382 593 1416 denique
618 1390 667 1416 ea,
698 1391 758 1418 qua:
780 1383 854 1418 leges
872 1384 1026 1412 hominibus

241 1426 396 1461 prohibent,
408 1427 476 1462 suis,
490 1433 519 1455 ut
535 1428 680 1464 appellant,
701 1429 755 1457 diis
781 1437 835 1457 non
862 1429 1026 1458 erubescunt

242 1473 391 1500 ascribere.

276 1519 321 1548 i3.
340 1519 476 1547 Praeterea
492 1527 553 1547 cum
577 1519 680 1555 lapides
694 1525 721 1548 et
743 1521 815 1556 ligna
832 1521 956 1555 adorant,
971 1531 1022 1551 non

240 1566 386 1593 attendunt
399 1572 429 1592 se
446 1572 489 1593 res
505 1573 616 1600 prorsus
626 1566 728 1594 similes
740 1567 851 1601 pedibus
862 1569 1024 1599 conculcare

241 1617 269 1639 et
284 1612 455 1643 comburere,
476 1619 589 1645 quarum
609 1617 698 1646 partes
715 1613 780 1641 deos
803 1620 971 1649 nuncupant,
999 1621 1026 1644 et

240 1664 301 1692 quae
313 1657 393 1691 paulo
416 1662 479 1684 ante
504 1657 530 1684 in
556 1665 633 1684 usum
657 1659 910 1691 assumebant,haec
931 1662 1024 1690 eadem

241 1703 345 1738 sculpta
373 1703 534 1738 insipienter
558 1704 707 1731 venerari:
739 1712 800 1739 qua:
816 1706 879 1734 dum
896 1707 1001 1735 faciunt
1014 1729 1022 1742 ,

242 1756 293 1775 non
303 1754 376 1776 certe
389 1749 532 1776 advertunt
545 1756 595 1776 nec
605 1749 715 1777 omnino
725 1751 845 1786 cogitant
853 1760 882 1780 se
894 1761 945 1781 non
961 1755 1025 1782 deos

240 1795 286 1822 sed
304 1794 439 1822 caelatoris
450 1799 537 1822 artem
550 1796 674 1824 adorare.
687 1795 826 1832 Siquidem
843 1800 960 1834 quamliu
973 1801 1024 1827 im-

241 1837 341 1870 politus
353 1841 395 1864 est
406 1838 474 1872 lapis
493 1842 521 1865 et
547 1839 660 1866 materia
688 1840 773 1873 rudis,
791 1842 881 1869 tandiu
899 1843 953 1870 ista
969 1844 1025 1871 cal-

240 1884 303 1908 cant
315 1882 387 1909 et'ad
400 1889 464 1909 suos
483 1890 554 1917 saepe
572 1891 636 1910 usus
649 1884 731 1911 etiam
752 1885 861 1914 viliores
882 1887 1023 1915 adhibent.

240 1926 309 1954 Cum
323 1935 387 1954 vero
405 1928 482 1955 lictor
501 1935 588 1956 artem
602 1936 678 1957 suam
692 1931 719 1957 in
743 1930 796 1958 illis
811 1934 976 1967 exercuerit,
998 1938 1026 1962 et

240 1972 293 1999 viri
309 1973 352 1999 vel
379 1973 498 2001 mulieris
513 1974 601 2002 forma
629 1977 770 2004 materiam
799 1977 932 2013 llgurarit,
959 1984 1024 2008 tunc

239 2018 343 2052 gratias
358 2023 441 2053 agunt
456 2020 565 2052 artifici,
579 2021 690 2056 jamque
705 2026 734 2049 ut
758 2023 822 2050 deos
837 2023 941 2057 colunt,
957 2032 1023 2059 quos

241 2064 366 2091 mercede
392 2072 406 2091 a
427 2065 553 2093 cmlatore
582 2073 717 2095 emerunt.
742 2068 895 2102 Quinetiam
922 2071 1024 2104 fictor,

239 2111 315 2146 quasi
331 2110 430 2138 oblitus
444 2119 504 2146 qua:
518 2113 575 2146 ipse
595 2113 747 2146 fabricavit,
761 2117 879 2151 propriis
895 2117 1022 2151 operibus

238 2157 384 2192 supplicat,
400 2163 428 2184 et
440 2165 501 2192 qua!
513 2159 592 2192 paulo
611 2165 673 2187 ante
681 2161 818 2195 scalpebat
831 2168 859 2190 et
875 2163 1021 2197 incidebat,

1042 870 1064 899 Β

1038 1541 1059 1570 C

1081 250 1148 273 πους
1163 242 1270 273 αὐτοὺς,
1282 241 1328 268 καὶ
1338 240 1497 276 ἀνθρώπους
1508 239 1562 274 (76)
1580 239 1702 270 ἀσθενεῖς
1719 237 1870 272 ἐπιγνώσε-

1081 297 1134 319 ται,
1159 288 1205 314 καὶ
1231 287 1329 322 μᾶλλον
1350 287 1413 318 τοὺς
1426 286 1585 321 τρώσαντας
1606 286 1622 320 ἢ
1642 286 1705 316 τοὺς
1715 284 1871 320 τρωθέντας

1081 334 1262 368 θαυμάσειεν;
1281 333 1315 359 Ἢ
1337 333 1388 364 τίς,
1406 331 1468 358 ίδὼν
1481 331 1530 366 τὴν
1547 331 1650 375 Stet-:05.
1659 329 1727 364 πρὸς
1748 328 1871 369 ’Λωί-

1081 387 1129 414 την
1146 379 1279 414 μοιχείαν,
1293 379 1340 405 καὶ
1353 378 1399 405 τὸν
1412 377 1559 418 Tlng
1572 377 1632 403 κατ’
1646 376 1807 412 ἀμφοτέρων
1820 385 1867 402 κα-

1080 425 1314 460 τασκευαζόμενον
1330 424 1414 456 δόλον,
1439 424 1486 450 καὶ
1504 424 1566 454 τοὺς
1586 422 1681 454 ἄλλους
1704 422 1864 457 λεγομένους

1083 471 1160 502 θεοὺς
1176 471 1222 497 ἐπὶ
1237 471 1301 497 Θέαν
1314 472 1363 506 τῆς
1377 470 1498 506 μοιχείας
1519 469 1572 496 ὑπὸ
1588 469 1635 495 τοῦ
1656 468 1802 503 Ἡφαίστου
1815 476 1866 494 κα-

1080 517 1235 553 λουμένους,
1250 517 1296 544 καὶ
1312 517 1410 548 αὐτοὺς
1423 516 1594 552 ἐρχομένους,
1617 515 1663 542 καὶ
1680 515 1801 551 ὁρῶντας
1817 515 1866 542 αὖα

1079 563 1134 589 τῶν
1147 563 1195 597 τὴν
1210 562 1362 596 ἀσέλγειαν,
1377 563 1427 588 οὐκ
1443 562 1477 588 ἂν
1493 561 1616 596 γελάσειε
1631 562 1677 587 καὶ
1693 560 1868 594 καταγνώσει

1079 617 1123 636 ται
1139 609 1189 644 τῆς
1198 608 1363 643 φαυλότητος
1377 607 1483 640 αὺτῶν;
1497 608 1533 634 Ἢ
1550 608 1591 639 τίς
1607 607 1656 634 οὐκ
1682 607 1714 633 ἂν
1729 607 1867 641 γελάσειεν

1078 655 1148 690 ὁρῶν
1164 655 1213 690 τὴν
1229 654 1394 692 Ἡρακλέους
1417 654 1485 690 πρὸς
1505 654 1553 690 τὴν
1576 654 1716 692 Ὀμφάλην
1732 654 1764 680 ἐκ
1781 654 1867 689 μέθης

1079 700 1292 736 παραφροσύνην
1312 701 1358 727 καὶ
1382 700 1518 732 dom-Juv;
1544 699 1598 730 Τὰς
1617 699 1670 735 γὰρ
1695 699 1755 725 καθ’
1770 698 1866 735 ἡδονὴν

1078 746 1166 773 αὐτῶν
1183 745 1307 781 πράξεις,
1324 745 1370 772 καὶ
1384 746 1447 777 τοὺς
1459 745 1629 780 παραλόγους
1644 745 1732 771 αὐτῶν
1750 744 1864 780 ἔρωτας,

1077 792 1123 820 καὶ
1139 792 1187 824 τὰς
1201 793 1230 818 ὲν
1244 791 1337 827 χρυσῷ
1354 791 1402 818 καὶ
1414 790 1537 826 ἀργύρῳ,
1554 791 1600 817 καὶ
1615 790 1707 826 χαλκῷ
1727 791 1774 816 καὶ
1790 790 1866 824 σιδή-

1079 848 1128 876 ρῳ,
1156 840 1203 866 καὶ
1224 839 1308 871 λίθοις
1331 839 1378 865 καὶ
1400 838 1488 870 ξύλοις
1506 837 1692 869 θεοπλαστίας,
1717 836 1747 863 ού
1770 837 1810 863 δεῖ
1826 837 1866 863 δι-

1078 885 1198 920 ελέγχειν
1213 885 1280 920 μετὰ
1289 884 1414 919 σπουδῆς,
1426 883 1479 911 τῶν
1496 883 1665 919 πραγμάτων
1681 883 1727 909 καὶ
1739 884 1785 918 ἀφ’
1802 883 1866 909 εσυ-ι

1077 932 1129 959 τῶν
1143 932 1258 967 ἐχόντων
1277 932 1306 958 τὸ
1321 932 1404 967 μῦσος
1416 931 1482 967 (77),
1495 932 1541 958 καί
1554 931 1587 957 δι’
1603 931 1705 958 ἑαυτῶν
1719 931 1865 957 ἐπιδεικνυ-

1079 978 1166 1014 μένων
1179 978 1209 1005 τδ
1221 978 1270 1013 τῆς
1289 977 1391 1012 πλάνης
1404 977 1546 1013 γνώρισμα
1559 986 1565 992 ·
1583 978 1625 1011 ἐφ’
1641 975 1681 1009 οἷς
1692 977 1808 1012 μάλιστα
1818 977 1866 1004 καὶ

1077 1024 1272 1059 οἱχτειρὴσειεν
1288 1023 1320 1049 ἄν
1331 1031 1373 1054 τις
1386 1023 1449 1054 τοὺς
1466 1022 1662 1058 ἀπατωμένους
1676 1024 1704 1049 ὲν
1715 1023 1814 1054 αὐτοῖς.
1823 1023 1863 1058 Τῇ

1077 1068 1131 1104 γὰρ
1148 1068 1252 1095 ἑαυτῶν
1271 1067 1380 1102 γυναικὶ⁴
1399 1067 1540 1103 μισοῦντες
1555 1068 1601 1095 τὸν
1617 1068 1788 1095 ἐπιϐαίνοντα
1804 1078 1866 1104 μοι-

1076 1115 1133 1150 χὸν,
1151 1116 1213 1146 τοὺς
1228 1114 1277 1150 τῆς
1292 1114 1413 1149 μοιχείας
1427 1114 1602 1146 διδασκάλους
1617 1114 1802 1146 θεοποιοῦντες
1815 1115 1865 1141 οὐκ

1077 1161 1263 1195 αἰσχύνονται·
1281 1160 1327 1186 καὶ
1338 1161 1398 1191 ταῖς
1415 1159 1540 1194 ἀδελφαῖς
1555 1159 1631 1186 αὐτοὶ
1651 1160 1700 1185 οὐκ
1720 1159 1865 1194 ἐπιμιγνύ-

1078 1215 1152 1241 μενοι
1166 1205 1221 1241 (78)
1238 1206 1300 1237 τοὺς
1321 1205 1399 1232 τοῦτο
1411 1197 1577 1241 ποιήσαντας
1593 1206 1774 1240 προσκυνοῦσι
1784 1214 1791 1221 ·
1817 1206 1866 1233 καὶ

1077 1252 1270 1288 ὁμολογοῦντες
1284 1249 1353 1278 εἶναι
1367 1252 1450 1278 κακὸν
1463 1251 1513 1288 τὴν
1528 1251 1729 1287 παιδοφθορίαν,
1745 1252 1807 1283 τοὺς
1819 1253 1866 1279 ἐπὶ

1075 1298 1160 1333 ταύτῃ
1176 1297 1402 1332 διαϐαλλομένους
1423 1297 1604 1332 Θρησκεύουσι
1616 1307 1623 1313 ’
1648 1298 1695 1324 καὶ
1713 1297 1730 1324 ἃ
1746 1297 1812 1333 μηδὲ
1835 1299 1865 1324 ὲν

1075 1343 1229 1379 ἀνθρώποις
1254 1341 1320 1369 εἶναι
1348 1343 1539 1378 ἐπιτρέπουσιν
1561 1344 1586 1370 οἱ
1601 1344 1688 1378 νόμοι,
1707 1343 1794 1371 ταῦτα
1809 1345 1865 1375 τοῖς

1076 1390 1121 1416 ὑπ’
1135 1388 1223 1415 αὐτῶν
1235 1388 1442 1424 ὀνομαζομένοις
1460 1389 1514 1425 (79)
1530 1389 1600 1421 θεοῖς
1615 1389 1797 1426 περιτιθέντες
1814 1390 1865 1416 οὐκ

1075 1435 1247 1471 ὲρυθριῶσιν.

1113 1523 1155 1550 15.
1175 1522 1243 1550 Εῐτα
1255 1523 1471 1560 προσκυνοῦντες
1480 1523 1565 1555 λίθοις
1578 1523 1625 1551 καὶ
1636 1523 1722 1556 ξύλοις
1737 1524 1802 1560 (80),
1813 1525 1865 1562 οὐχ

1075 1569 1183 1605 ὁρῶσιν,
1195 1570 1236 1597 ὄτι
1249 1569 1284 1597 τὰ
1302 1570 1350 1605 μὲν
1367 1570 1447 1605 ὅμοια
1464 1571 1520 1601 τοῖς
1534 1571 1596 1597 ποσὶ
1612 1570 1726 1597 πατοῦσι
1742 1571 1789 1597 καὶ
1802 1571 1865 1598 καί-α

1075 1624 1144 1647 ουσι,
1159 1616 1193 1642 τὰ
1207 1615 1235 1642 δὲ.
1252 1615 1352 1642 τούτων
1370 1616 1439 1652 μέρη
1457 1615 1535 1647 θεοὺς
1551 1617 1801 1652 προσαγορεύουσι·
1817 1618 1865 1644 καῖ⁵

1074 1661 1093 1689 ἃ
1107 1661 1160 1697 πρὸ
1176 1661 1266 1695 ὀλίγου
1282 1662 1323 1693 εἰς
1335 1662 1432 1697 χρῆσιν
1447 1660 1528 1697 εἶχον,
1545 1662 1632 1689 ταῦτα
1652 1662 1697 1689 διὰ
1719 1671 1864 1698 παραφρο-

1077 1706 1159 1743 σύνην
1179 1707 1328 1742 γλύψαντες
1355 1707 1494 1734 σέϐουσιν·
1525 1708 1575 1743 οὐχ
1598 1708 1726 1744 ὁρῶντες,
1744 1709 1805 1735 οὐδὲ
1819 1709 1866 1735 λο-

1075 1752 1213 1788 γιζόμενοι
1226 1751 1256 1780 τὸ
1273 1752 1390 1784 σύνολον,
1406 1753 1446 1779 ὅτι
1459 1753 1489 1779 οὑ
1503 1753 1590 1786 θεοὺς,
1612 1753 1679 1780 ἀλλὰ
1697 1755 1746 1790 τὴν
1767 1754 1865 1790 τέχνην

1075 1800 1122 1826 τοῦ
1136 1799 1287 1835 γλύψαντος
1299 1801 1508 1836 προσκυνοῦσιν.
1529 1802 1601 1833 Ἕως
1617 1802 1666 1837 μὲν
1687 1802 1740 1839 γὰρ
1751 1802 1865 1835 seua-.5;

1076 1847 1168 1872 ἐστινό
1177 1846 1259 1878 λίθος,
1276 1847 1322 1873 καὶ
1336 1848 1351 1882 ή
1365 1846 1414 1882 ὕλη
1428 1847 1509 1883 ἀργὴ,
1521 1848 1567 1874 ὲπϊ
1579 1848 1704 1875 τοσοῦτον
1718 1848 1802 1875 ταῦτα
1812 1858 1865 1876 πα-

1075 1892 1160 1925 τοῦσι,
1173 1893 1220 1920 καὶ
1229 1893 1333 1926 τούτοις
1344 1894 1383 1925 είς
1392 1893 1610 1930 ὑηρεσίαὶτὰς
1620 1894 1723 1921 ἑαυτῶν
1735 1895 1864 1928 πολλάκις

1075 1938 1122 1964 καὶ
1144 1938 1193 1969 τὰς
1208 1939 1371 1974 ἀτιμοτέρας
1391 1926 1508 1974 χρῶνται
1519 1926 1652 1982 ’ἷξπειδὰν
1667 1940 1696 1967 δὲ
1710 1941 1724 1967 ὁ
1739 1926 1865 1977 τεχνίτης

1075 1985 1114 2016 εἰς
1134 1984 1204 2011 αὐτὰ
1219 1986 1268 2019 τῆς
1288 1985 1355 2016 [δίας
1370 1985 1525 2021 ἐπιστήμης
1539 1985 1656 2022 ὲπιὸάλῃ
1679 1986 1728 2018 τὰς
1757 1995 1865 2022 συμμε-

1075 2030 1162 2066 τρίας,
1178 2031 1224 2057 καὶ
1238 2031 1332 2066 ἀνδρὸς
1348 2031 1364 2066 ἢ
1377 2030 1505 2065 γυναικὸς
1514 2033 1553 2064 είς
1569 2033 1616 2068 τὴν
1633 2032 1699 2068 ὓλην
1713 2034 1807 2069 σχῆμα
1819 2043 1866 2060 “cu-

1075 2075 1164 2111 πώσῃ,
1188 2076 1246 2102 τότε
1269 2076 1311 2112 δὴ,
1338 2076 1417 2112 χάριν
1439 2078 1656 2114 ὁμολογήσαντες
1677 2078 1715 2114 τῷ
1742 2080 1864 2116 τεχνίτῃ,

1074 2121 1166 2148 λοιπὸν
1184 2121 1221 2153 ὼς
1237 2121 1314 2154 θεοὺς
1329 2123 1520 2158 προσκυνοῦσι,
1542 2123 1637 2158 μισθοῦ
1652 2125 1727 2160 παρὰ
1742 2124 1788 2151 τοῦ
1799 2124 1865 2159 γλύ-

1074 2169 1175 2203 ψαντος
1191 2169 1289 2200 αὐτοὺς
1305 2169 1506 2209 ἀγοράσαντεςη
1525 2169 1659 2202 Πολλάκις
1674 2171 1702 2197 δὲ
1717 2171 1765 2198 καὶ
1781 2171 1865 2204 αὐτὸς

238 2202 296 2230 haec
309 2203 415 2235 eadem,
430 2203 552 2238 perfecto
573 2213 663 2240 opere,
680 2206 745 2234 deos
766 2208 876 2236 salutat.
892 2209 975 2244 Atqui
999 2210 1020 2237 si

1076 2202 1334 2248 5dyallua'romtbg,
1344 2202 1438 2250 ὥσπερ
1454 2202 1649 2250 ἐπιλαθόμενος
1664 2212 1702 2242 ὧν
1719 2216 1800 2248 αὐτὸς
1808 2202 1865 2252 εἰρζ

238 2249 282 2276 illa
298 2249 477 2276 admiratione
491 2249 570 2285 digna
585 2257 675 2286 erant,
697 2253 830 2281 caalatoris
852 2262 918 2282 sane
934 2261 1020 2283 artem

238 2294 348 2322 laudare
363 2300 390 2322 et
411 2296 553 2329 admirari,
574 2305 626 2325 non
638 2304 728 2326 autem
743 2307 802 2334 qua:
817 2301 880 2328 ficta
896 2307 974 2329 erant
987 2303 1020 2329 fi-

237 2341 306 2368 ctori
320 2340 450 2375 prseferre
463 2342 585 2370 decebat.
608 2343 745 2378 Siquidem
771 2353 824 2372 non
850 2347 963 2374 materia
978 2355 1022 2374 ar-

237 2391 303 2419 tem,
318 2387 366 2414 sed
379 2394 424 2415 ars
436 2389 576 2416 materiam
592 2391 700 2417 ornavit
710 2396 737 2418 et
753 2392 831 2418 deum
845 2392 919 2419 fecit.
936 2392 1018 2420 Multo

237 2432 320 2467 igitur
335 2433 438 2468 aquius
454 2439 513 2462 erat
530 2436 563 2463 ab
577 2435 630 2463 illis
649 2437 699 2464 coli
717 2437 862 2472 artiﬁcem,
881 2446 963 2473 quam
987 2446 1017 2466 ea

235 2485 297 2513 quae
307 2478 365 2512 ipse
379 2479 490 2512 fecerat,
503 2484 558 2508 tum
573 2482 637 2516 quia
651 2483 708 2516 ipse
727 2483 780 2510 diis
794 2483 847 2510 illis
861 2489 919 2511 arte
939 2484 1019 2513 factis

236 2528 358 2559 tempore
369 2526 446 2559 prior
457 2531 509 2557 est,
536 2531 592 2554 tum
605 2529 680 2562 quia,
698 2533 726 2556 ut
745 2529 841 2562 voluit,
861 2530 901 2558 sic
921 2530 957 2557 illi
975 2531 1018 2558 ef-

236 2569 298 2597 fecti
317 2575 390 2597 sunt.
401 2569 475 2598 Nune
491 2579 565 2605 vero,
580 2573 680 2606 rejecla
694 2574 834 2608 aequitate,
851 2576 1018 2610 scientiaque

235 2620 263 2643 et
275 2620 334 2643 arte
350 2617 519 2651 posthabitis,
539 2626 570 2646 ea
586 2619 698 2647 adorant
713 2627 774 2655 quae
785 2620 899 2648 scientia
916 2625 943 2648 et
954 2626 1014 2649 arte

270 2691 327 2733 (Ἱβ)
341 2693 394 2733 iis:
400 2702 483 2723 voces
507 2697 615 2729 αὐτοὺς,
631 2698 679 2724 καὶ
694 2697 853 2733 ἀνθρώπους
876 2699 971 2727 desunt
991 2707 1018 2726 In

235 2727 354 2768 Eeleitin.
371 2731 397 2768 _5
422 2739 506 2768 anon,
524 2738 551 2759 et
572 2727 676 2768 Aiiglic.
696 2734 723 2760 In
745 2727 856 2761 'Gohler'.
882 2741 970 2761 autem
991 2740 1019 2762 et

233 2762 354 2803 Felglftn,
368 2765 381 2792 l
396 2773 476 2803 anon.
491 2767 591 2795 desunt
609 2762 710 2795 tantum
727 2769 774 2795 καὶ
784 2768 954 2803 ἀνθρώπους.

282 2795 326 2869 77;
343 2800 456 2835 Anglic,
471 2803 556 2836 μῖσος.

283 2835 314 2860 78
356 2835 480 2869 Seguer.,
506 2837 556 2869 sm;

283 2835 325 2869 78)
356 2835 480 2897 Sagittam,
506 2837 722 2899 ἐπιμισγόμενοι.
751 2837 872 2870 Gobler.,
909 2840 1018 2875 ὲπισμι-

287 2877 371 2899 μενοι.
412 2871 472 2898 aulo
485 2878 544 2899 post
578 2871 675 2899 elekm.
691 2873 709 2899 5
723 2881 804 2899 anon.
819 2873 906 2899 κακήν
926 2876 1018 2899 habet-

232 2871 371 2904 γνύμενοι.
389 2871 472 2898 Paulo
484 2878 544 2906 post
556 2871 675 2900 l‘elckm.
691 2873 709 2901 5
723 2881 804 2901 anon.
819 2873 906 2909 κακήν
926 2871 1018 2910 habet,

1073 2259 1186 2292 γάσατο,
1214 2260 1270 2290 τοῖς
1289 2259 1364 2291 ἰδίοις
1380 2259 1470 2295 ἔργοις
1494 2260 1691 2296 προσεύχεται’
1709 2263 1756 2288 καὶ
1773 2262 1791 2288 ἃ
1810 2262 1878 2298 πρὸ·

1073 2302 1162 2337 ὀλίγου
1176 2303 1284 2336 κατέξεε
1295 2304 1342 2330 καὶ
1353 2304 1514 2336 κατέκοπτε,
1527 2304 1613 2332 ταῦτα
1627 2305 1695 2340 μετὰ
1707 2306 1756 2342 τὴν
1767 2307 1863 2343 τέχνην

1073 2347 1152 2380 θεοὺς
1178 2349 1386 2385 προσαγορεύει.
1405 2350 1479 2377 ’Ἔδει
1497 2350 1535 2381 δὲ.
1565 2350 1644 2387 εἴπερ
1659 2350 1693 2387 ἦν
1714 2351 1863 2388 θαυμάζειν

1072 2393 1168 2426 ταῦτα,
1188 2393 1238 2429 τὴν
1250 2394 1296 2420 τοῦ
1311 2395 1490 2430 ἐπιστήμονος
1502 2396 1599 2431 τέχνην
1609 2396 1800 2432 ἀποδέχεσθαι,
1815 2398 1862 2425 καὶ

1074 2439 1111 2475 μὴ
1129 2438 1224 2478 τὲικιξτιν
1241 2439 1324 2466 αὑτοῦ
1340 2439 1494 2468 πλασθέντα
1507 2441 1554 2467 τοῦ
1570 2441 1751 2476 πεποιηκότος
1771 2451 1863 2478 προτι-

1074 2485 1137 2520 μᾷν.
1159 2479 1201 2519 1οὺ
1219 2485 1273 2520 γὰρ
1294 2487 1311 2521 ἡ
1330 2485 1380 2521 ὕλη
1403 2486 1451 2522 τὴν
1472 2487 1580 2523 τέχνην,
1604 2487 1661 2514 ἀλλ’
1678 2489 1694 2524 ἡ
1715 2488 1796 2524 τέχνη
1813 2489 1861 2524 τὴν

1073 2528 1139 2565 ὓλην
1154 2531 1291 2567 ἐκόσμησε
1320 2532 1367 2558 καὶ¹
1392 2532 1559 2568 ἐθεοποίησε.
1587 2533 1680 2569 Πολλῷ
1700 2531 1746 2560 οὖν
1763 2534 1861 2569 μᾶλλον

1071 2575 1236 2612 δικαιότερον
1251 2575 1286 2612 ἦν
1302 2577 1347 2604 τὸν
1358 2578 1480 2613 τεχνίτην
1492 2579 1590 2611 αὐτοὺς
1604 2582 1778 2615 προσκυνεῖν,
1788 2580 1860 2616 ἥπερ

1070 2622 1105 2649 τὰ
1117 2622 1163 2649 ὑπ’
1175 2623 1257 2650 αὑτοῦ
1274 2625 1457 2660 πεποιημένα,
1470 2625 1511 2651 ὅτι
1528 2633 1558 2652 τε
1576 2626 1622 2653 καὶ
1635 2627 1796 2663 προϋπῆρχε
1806 2626 1860 2653 τῶν

1072 2700 1116 2728 ubi
1137 2701 1181 2728 alii
1196 2702 1289 2728 κακόν.

1071 2771 1088 2798 ὅ
1101 2736 1278 2798 ἐέἓξιιοιιηιεδ
1293 2737 1337 2766 hic
1350 2738 1450 2766 addunt
1474 2737 1544 2767 εἶναι
1557 2745 1655 2775 ριἰεῳι·
1670 2749 1721 2769 ms.
1739 2741 1864 2782 Felcltma

1101 2780 1234 2846 ﬁgi-xit
1246 2807 1334 2846 ξύλοις
1346 2809 1444 2846 desunt
1456 2810 1481 2837 in
1493 2811 1605 2846 Seguer.
1621 2811 1693 2839 Idem
1705 2812 1784 2846 paulo
1799 2815 1859 2846 post

1072 2842 1128 2882 τως)
1145 2842 1237 2882 ὀλίγου
1249 2879 1254 2882 _
1266 2845 1359 2882 habet.
1372 2845 1419 2882 I_t_bi_
1434 2847 1489 2882 alii,
1519 2842 1587 2882 πρὸς
1597 2842 1859 2881 ὀλίγον.’1ισειη,’ρτο

1073 2875 1318 2911 κσῑίουσι,’ϐοι›1οι’.
1333 2886 1360 2908 et
1373 2875 1494 2909 Felckm'.
1511 2883 1524 2911 1
1541 2875 1621 2911 anan.
1638 2875 1727 2915 ξέουσι
1749 2875 1857 2914 habent.
