  <div class='ocr_page' id='page_1' title='image "/cluster/home/n/w/nwhite01/storage/ocr_20150623/25/njp.32101010944591/301.png"; bbox 0 0 2037 3044; ppageno 0'>
   <div class='ocr_carea' id='block_1_1' title="bbox 263 117 1876 149">
    <p class='ocr_par' dir='ltr' id='par_1_1' title="bbox 263 117 1876 149">
     <span class='ocr_line' id='line_1_1' title="bbox 263 117 1876 149; baseline 0 -1"><span class='ocrx_word' id='word_1_1' title='bbox 263 121 294 148; x_wconf 74' lang='lat' dir='ltr'><strong><em>3i</em></strong></span> <span class='ocrx_word' id='word_1_2' title='bbox 545 119 573 148; x_wconf 87' lang='lat' dir='ltr'><strong><em>S.</em></strong></span> <span class='ocrx_word' id='word_1_3' title='bbox 594 119 778 147; x_wconf 74' lang='lat' dir='ltr'><strong><em>ATHANASII</em></strong></span> <span class='ocrx_word' id='word_1_4' title='bbox 796 119 871 147; x_wconf 81' lang='lat' dir='ltr'><strong><em>OPP.</em></strong></span> <span class='ocrx_word' id='word_1_5' title='bbox 893 119 981 145; x_wconf 78' lang='lat' dir='ltr'><strong><em>PARS</em></strong></span> <span class='ocrx_word' id='word_1_6' title='bbox 999 118 1019 146; x_wconf 91' lang='grc' dir='ltr'><strong><em>Ι.</em></strong></span> <span class='ocrx_word' id='word_1_7' title='bbox 1038 133 1070 139; x_wconf 87' lang='lat'><strong><em>—-</em></strong></span> <span class='ocrx_word' id='word_1_8' title='bbox 1091 117 1278 146; x_wconf 72' lang='lat' dir='ltr'><strong><em>IIISTORICA</em></strong></span> <span class='ocrx_word' id='word_1_9' title='bbox 1300 117 1343 145; x_wconf 82' lang='lat' dir='ltr'><strong><em>ET</em></strong></span> <span class='ocrx_word' id='word_1_10' title='bbox 1365 117 1576 147; x_wconf 75' lang='lat' dir='ltr'><strong><em>DOGMATICA.</em></strong></span> <span class='ocrx_word' id='word_1_11' title='bbox 1841 121 1876 149; x_wconf 69' lang='lat' dir='ltr'><strong><em>5i!</em></strong></span> 
     </span>
    </p>
   </div>
   <div class='ocr_carea' id='block_1_2' title="bbox 265 175 1040 214">
    <p class='ocr_par' dir='ltr' id='par_1_2' title="bbox 265 177 1040 214">
     <span class='ocr_line' id='line_1_2' title="bbox 265 177 1040 214; baseline -0.003 -8"><span class='ocrx_word' id='word_1_12' title='bbox 265 180 392 214; x_wconf 65' lang='lat' dir='ltr'><strong><em>reliquam</em></strong></span> <span class='ocrx_word' id='word_1_13' title='bbox 407 186 465 205; x_wconf 71' lang='lat' dir='ltr'><strong><em>vero</em></strong></span> <span class='ocrx_word' id='word_1_14' title='bbox 484 183 584 212; x_wconf 86' lang='lat' dir='ltr'><strong><em>partem</em></strong></span> <span class='ocrx_word' id='word_1_15' title='bbox 605 178 726 205; x_wconf 82' lang='lat' dir='ltr'><strong><em>adoravit</em></strong></span> <span class='ocrx_word' id='word_1_16' title='bbox 750 178 838 205; x_wconf 81' lang='lat' dir='ltr'><strong><em>dicens</em></strong></span> <span class='ocrx_word' id='word_1_17' title='bbox 852 185 860 203; x_wconf 97' lang='lat'><em>:</em></span> <span class='ocrx_word' id='word_1_18' title='bbox 884 177 964 211; x_wconf 80' lang='lat' dir='ltr'><strong><em>Eripe</em></strong></span> <span class='ocrx_word' id='word_1_19' title='bbox 980 186 1021 204; x_wconf 87' lang='lat' dir='ltr'><strong><em>me</em></strong></span> <span class='ocrx_word' id='word_1_20' title='bbox 1035 199 1040 210; x_wconf 85' lang='grc'><strong><em>,</em></strong></span> 
     </span>
    </p>
   </div>
   <div class='ocr_carea' id='block_1_3' title="bbox 1089 175 1876 214">
    <p class='ocr_par' dir='ltr' id='par_1_3' title="bbox 1095 175 1876 210">
     <span class='ocr_line' id='line_1_3' title="bbox 1095 175 1876 210; baseline 0.001 -7"><span class='ocrx_word' id='word_1_21' title='bbox 1095 176 1140 202; x_wconf 79' lang='grc' dir='ltr'><strong><em>ἐπ’</em></strong></span> <span class='ocrx_word' id='word_1_22' title='bbox 1152 176 1241 209; x_wconf 86' lang='grc' dir='ltr'><em>αὐτῷ,</em></span> <span class='ocrx_word' id='word_1_23' title='bbox 1258 175 1290 203; x_wconf 85' lang='grc' dir='ltr'><strong><em>τὸ</em></strong></span> <span class='ocrx_word' id='word_1_24' title='bbox 1302 176 1336 203; x_wconf 80' lang='grc' dir='ltr'><strong><em>δὲ</em></strong></span> <span class='ocrx_word' id='word_1_25' title='bbox 1345 176 1453 203; x_wconf 77' lang='grc' dir='ltr'><em>λοιπὸν</em></span> <span class='ocrx_word' id='word_1_26' title='bbox 1466 175 1642 210; x_wconf 65' lang='grc' dir='ltr'><em>εἰργάσαντο</em></span> <span class='ocrx_word' id='word_1_27' title='bbox 1657 177 1700 210; x_wconf 85' lang='grc' dir='ltr'><strong><em>είς</em></strong></span> <span class='ocrx_word' id='word_1_28' title='bbox 1713 179 1811 210; x_wconf 78' lang='grc' dir='ltr'><em>θεους,</em></span> <span class='ocrx_word' id='word_1_29' title='bbox 1828 178 1876 204; x_wconf 68' lang='grc' dir='ltr'><em>καὶ</em></span> 
     </span>
    </p>
   </div>
   <div class='ocr_carea' id='block_1_4' title="bbox 263 223 1044 258">
    <p class='ocr_par' dir='ltr' id='par_1_4' title="bbox 263 223 1044 258">
     <span class='ocr_line' id='line_1_4' title="bbox 263 223 1044 258; baseline -0.001 -7"><span class='ocrx_word' id='word_1_30' title='bbox 263 226 326 258; x_wconf 89' lang='lat' dir='ltr'><strong><em>quia</em></strong></span> <span class='ocrx_word' id='word_1_31' title='bbox 339 224 408 252; x_wconf 79' lang='lat' dir='ltr'><strong><em>Deus</em></strong></span> <span class='ocrx_word' id='word_1_32' title='bbox 427 232 499 250; x_wconf 74' lang='lat' dir='ltr'><strong><em>meus</em></strong></span> <span class='ocrx_word' id='word_1_33' title='bbox 510 232 536 250; x_wconf 78' lang='lat' dir='ltr'><strong><em>es</em></strong></span> <span class='ocrx_word' id='word_1_34' title='bbox 548 229 586 250; x_wconf 87' lang='lat' dir='ltr'><strong><em>tu.</em></strong></span> <span class='ocrx_word' id='word_1_35' title='bbox 601 223 758 250; x_wconf 79' lang='lat' dir='ltr'><strong><em>Nescierunt</em></strong></span> <span class='ocrx_word' id='word_1_36' title='bbox 769 232 867 258; x_wconf 82' lang='lat' dir='ltr'><strong><em>sapere,</em></strong></span> <span class='ocrx_word' id='word_1_37' title='bbox 876 224 938 258; x_wconf 84' lang='lat' dir='ltr'><strong><em>quia</em></strong></span> <span class='ocrx_word' id='word_1_38' title='bbox 952 225 1044 250; x_wconf 83' lang='lat' dir='ltr'><strong><em>obscu-</em></strong></span> 
     </span>
    </p>
   </div>
   <div class='ocr_carea' id='block_1_5' title="bbox 265 269 1042 303">
    <p class='ocr_par' dir='ltr' id='par_1_5' title="bbox 265 269 1042 303">
     <span class='ocr_line' id='line_1_5' title="bbox 265 269 1042 303; baseline -0.003 -7"><span class='ocrx_word' id='word_1_39' title='bbox 265 270 317 296; x_wconf 82' lang='lat' dir='ltr'><strong><em>rati</em></strong></span> <span class='ocrx_word' id='word_1_40' title='bbox 330 275 401 302; x_wconf 75' lang='lat' dir='ltr'><strong><em>sunt,</em></strong></span> <span class='ocrx_word' id='word_1_41' title='bbox 419 278 450 296; x_wconf 80' lang='lat' dir='ltr'><strong><em>ne</em></strong></span> <span class='ocrx_word' id='word_1_42' title='bbox 464 269 547 295; x_wconf 78' lang='lat' dir='ltr'><strong><em>oculis</em></strong></span> <span class='ocrx_word' id='word_1_43' title='bbox 565 269 691 300; x_wconf 76' lang='lat' dir='ltr'><strong><em>viderent,</em></strong></span> <span class='ocrx_word' id='word_1_44' title='bbox 714 274 737 296; x_wconf 85' lang='lat' dir='ltr'><strong><em>et</em></strong></span> <span class='ocrx_word' id='word_1_45' title='bbox 749 270 827 295; x_wconf 85' lang='lat' dir='ltr'><strong><em>corde</em></strong></span> <span class='ocrx_word' id='word_1_46' title='bbox 839 269 1017 303; x_wconf 73' lang='lat' dir='ltr'><strong><em>intelligerent</em></strong></span> <span class='ocrx_word' id='word_1_47' title='bbox 1033 275 1042 293; x_wconf 91' lang='lat'><em>:</em></span> 
     </span>
    </p>
   </div>
   <div class='ocr_carea' id='block_1_6' title="bbox 266 314 1042 351">
    <p class='ocr_par' dir='ltr' id='par_1_6' title="bbox 266 314 1042 351">
     <span class='ocr_line' id='line_1_6' title="bbox 266 314 1042 351; baseline -0.004 -8"><span class='ocrx_word' id='word_1_48' title='bbox 266 324 346 351; x_wconf 75' lang='lat' dir='ltr'><strong><em>neque</em></strong></span> <span class='ocrx_word' id='word_1_49' title='bbox 356 323 442 342; x_wconf 77' lang='lat' dir='ltr'><strong><em>secum</em></strong></span> <span class='ocrx_word' id='word_1_50' title='bbox 451 315 526 341; x_wconf 83' lang='lat' dir='ltr'><strong><em>homo</em></strong></span> <span class='ocrx_word' id='word_1_51' title='bbox 535 315 654 348; x_wconf 80' lang='lat' dir='ltr'><strong><em>cogitavit</em></strong></span> <span class='ocrx_word' id='word_1_52' title='bbox 665 315 691 340; x_wconf 88' lang='lat' dir='ltr'><strong><em>in</em></strong></span> <span class='ocrx_word' id='word_1_53' title='bbox 704 316 781 341; x_wconf 83' lang='lat' dir='ltr'><strong><em>corde</em></strong></span> <span class='ocrx_word' id='word_1_54' title='bbox 792 322 850 347; x_wconf 71' lang='lat' dir='ltr'><strong><em>suo,</em></strong></span> <span class='ocrx_word' id='word_1_55' title='bbox 864 314 903 341; x_wconf 81' lang='lat' dir='ltr'><strong><em>vel</em></strong></span> <span class='ocrx_word' id='word_1_56' title='bbox 914 315 942 340; x_wconf 86' lang='lat' dir='ltr'><strong><em>in</em></strong></span> <span class='ocrx_word' id='word_1_57' title='bbox 954 315 1042 340; x_wconf 84' lang='lat' dir='ltr'><strong><em>anima</em></strong></span> 
     </span>
    </p>
   </div>
   <div class='ocr_carea' id='block_1_7' title="bbox 264 358 1044 395">
    <p class='ocr_par' dir='ltr' id='par_1_7' title="bbox 264 358 1044 395">
     <span class='ocr_line' id='line_1_7' title="bbox 264 358 1044 395; baseline -0.005 -7"><span class='ocrx_word' id='word_1_58' title='bbox 264 370 323 394; x_wconf 82' lang='lat' dir='ltr'><strong><em>sua,</em></strong></span> <span class='ocrx_word' id='word_1_59' title='bbox 342 369 421 395; x_wconf 84' lang='lat' dir='ltr'><strong><em>neque</em></strong></span> <span class='ocrx_word' id='word_1_60' title='bbox 436 361 505 387; x_wconf 78' lang='lat' dir='ltr'><strong><em>novit</em></strong></span> <span class='ocrx_word' id='word_1_61' title='bbox 521 359 671 393; x_wconf 78' lang='lat' dir='ltr'><strong><em>prudentia,</em></strong></span> <span class='ocrx_word' id='word_1_62' title='bbox 693 359 755 394; x_wconf 84' lang='lat' dir='ltr'><strong><em>quia</em></strong></span> <span class='ocrx_word' id='word_1_63' title='bbox 775 358 889 385; x_wconf 85' lang='lat' dir='ltr'><strong><em>mediam</em></strong></span> <span class='ocrx_word' id='word_1_64' title='bbox 911 359 968 393; x_wconf 71' lang='lat' dir='ltr'><strong><em>ejus</em></strong></span> <span class='ocrx_word' id='word_1_65' title='bbox 986 366 1044 392; x_wconf 83' lang='lat' dir='ltr'><strong><em>par-</em></strong></span> 
     </span>
    </p>
   </div>
   <div class='ocr_carea' id='block_1_8' title="bbox 265 403 1044 440">
    <p class='ocr_par' dir='ltr' id='par_1_8' title="bbox 265 403 1044 440">
     <span class='ocr_line' id='line_1_8' title="bbox 265 403 1044 440; baseline -0.005 -7"><span class='ocrx_word' id='word_1_66' title='bbox 265 412 316 433; x_wconf 81' lang='lat' dir='ltr'><strong><em>tem</em></strong></span> <span class='ocrx_word' id='word_1_67' title='bbox 331 406 390 440; x_wconf 83' lang='lat' dir='ltr'><strong><em>igne</em></strong></span> <span class='ocrx_word' id='word_1_68' title='bbox 406 406 557 436; x_wconf 79' lang='lat' dir='ltr'><strong><em>combussit,</em></strong></span> <span class='ocrx_word' id='word_1_69' title='bbox 577 410 600 431; x_wconf 87' lang='lat' dir='ltr'><strong><em>et</em></strong></span> <span class='ocrx_word' id='word_1_70' title='bbox 615 413 694 439; x_wconf 77' lang='lat' dir='ltr'><strong><em>panes</em></strong></span> <span class='ocrx_word' id='word_1_71' title='bbox 713 405 738 430; x_wconf 86' lang='lat' dir='ltr'><strong><em>in</em></strong></span> <span class='ocrx_word' id='word_1_72' title='bbox 750 404 821 430; x_wconf 80' lang='lat' dir='ltr'><strong><em>illius</em></strong></span> <span class='ocrx_word' id='word_1_73' title='bbox 832 403 988 430; x_wconf 70' lang='lat' dir='ltr'><strong><em>carbonibus</em></strong></span> <span class='ocrx_word' id='word_1_74' title='bbox 1004 411 1044 430; x_wconf 74' lang='lat' dir='ltr'><strong><em>co-</em></strong></span> 
     </span>
    </p>
   </div>
   <div class='ocr_carea' id='block_1_9' title="bbox 263 448 1042 485">
    <p class='ocr_par' dir='ltr' id='par_1_9' title="bbox 263 448 1042 485">
     <span class='ocr_line' id='line_1_9' title="bbox 263 448 1042 485; baseline -0.004 -8"><span class='ocrx_word' id='word_1_75' title='bbox 263 451 314 484; x_wconf 68' lang='lat' dir='ltr'><strong><em>scit,</em></strong></span> <span class='ocrx_word' id='word_1_76' title='bbox 324 454 488 485; x_wconf 79' lang='lat' dir='ltr'><strong><em>auatamque</em></strong></span> <span class='ocrx_word' id='word_1_77' title='bbox 496 458 600 476; x_wconf 82' lang='lat' dir='ltr'><strong><em>carnem</em></strong></span> <span class='ocrx_word' id='word_1_78' title='bbox 613 449 789 482; x_wconf 82' lang='lat' dir='ltr'><strong><em>manducavit,</em></strong></span> <span class='ocrx_word' id='word_1_79' title='bbox 800 452 824 475; x_wconf 84' lang='lat' dir='ltr'><strong><em>et</em></strong></span> <span class='ocrx_word' id='word_1_80' title='bbox 835 448 903 483; x_wconf 89' lang='lat' dir='ltr'><strong><em>quod</em></strong></span> <span class='ocrx_word' id='word_1_81' title='bbox 915 448 1042 483; x_wconf 84' lang='lat' dir='ltr'><strong><em>reliquum</em></strong></span> 
     </span>
    </p>
   </div>
   <div class='ocr_carea' id='block_1_10' title="bbox 262 493 1041 530">
    <p class='ocr_par' dir='ltr' id='par_1_10' title="bbox 262 493 1041 530">
     <span class='ocr_line' id='line_1_10' title="bbox 262 493 1041 530; baseline -0.005 -7"><span class='ocrx_word' id='word_1_82' title='bbox 262 505 295 523; x_wconf 73' lang='lat' dir='ltr'><strong><em>ex</em></strong></span> <span class='ocrx_word' id='word_1_83' title='bbox 309 504 339 523; x_wconf 90' lang='lat' dir='ltr'><strong><em>eo</em></strong></span> <span class='ocrx_word' id='word_1_84' title='bbox 353 496 414 530; x_wconf 84' lang='lat' dir='ltr'><strong><em>fuit,</em></strong></span> <span class='ocrx_word' id='word_1_85' title='bbox 429 496 456 522; x_wconf 80' lang='lat' dir='ltr'><strong><em>in</em></strong></span> <span class='ocrx_word' id='word_1_86' title='bbox 481 495 686 521; x_wconf 80' lang='lat' dir='ltr'><strong><em>abominandum</em></strong></span> <span class='ocrx_word' id='word_1_87' title='bbox 701 494 874 521; x_wconf 80' lang='lat' dir='ltr'><strong><em>simulacrum</em></strong></span> <span class='ocrx_word' id='word_1_88' title='bbox 897 493 1041 527; x_wconf 81' lang='lat' dir='ltr'><strong><em>formavit,</em></strong></span> 
     </span>
    </p>
   </div>
   <div class='ocr_carea' id='block_1_11' title="bbox 262 540 1042 577">
    <p class='ocr_par' dir='ltr' id='par_1_11' title="bbox 262 540 1042 577">
     <span class='ocr_line' id='line_1_11' title="bbox 262 540 1042 577; baseline -0.004 -8"><span class='ocrx_word' id='word_1_89' title='bbox 262 543 331 577; x_wconf 83' lang='lat' dir='ltr'><strong><em>quod</em></strong></span> <span class='ocrx_word' id='word_1_90' title='bbox 346 547 368 569; x_wconf 77' lang='lat' dir='ltr'><strong><em>et</em></strong></span> <span class='ocrx_word' id='word_1_91' title='bbox 391 542 440 575; x_wconf 72' lang='lat' dir='ltr'><strong><em>ipsi</em></strong></span> <span class='ocrx_word' id='word_1_92' title='bbox 470 542 592 567; x_wconf 83' lang='lat' dir='ltr'><strong><em>adorant.</em></strong></span> <span class='ocrx_word' id='word_1_93' title='bbox 615 540 715 567; x_wconf 86' lang='lat' dir='ltr'><strong><em>Scitote</em></strong></span> <span class='ocrx_word' id='word_1_94' title='bbox 736 540 798 575; x_wconf 83' lang='lat' dir='ltr'><strong><em>quia</em></strong></span> <span class='ocrx_word' id='word_1_95' title='bbox 815 540 881 566; x_wconf 76' lang='lat' dir='ltr'><strong><em>cinis</em></strong></span> <span class='ocrx_word' id='word_1_96' title='bbox 895 547 940 566; x_wconf 80' lang='lat' dir='ltr'><strong><em>cor</em></strong></span> <span class='ocrx_word' id='word_1_97' title='bbox 952 547 1042 566; x_wconf 87' lang='lat' dir='ltr'><strong><em>eorum</em></strong></span> 
     </span>
    </p>
   </div>
   <div class='ocr_carea' id='block_1_12' title="bbox 261 586 1040 620">
    <p class='ocr_par' dir='ltr' id='par_1_12' title="bbox 261 586 1040 620">
     <span class='ocr_line' id='line_1_12' title="bbox 261 586 1040 620; baseline -0.003 -7"><span class='ocrx_word' id='word_1_98' title='bbox 261 591 310 618; x_wconf 74' lang='lat' dir='ltr'><strong><em>est,</em></strong></span> <span class='ocrx_word' id='word_1_99' title='bbox 322 591 346 613; x_wconf 79' lang='lat' dir='ltr'><strong><em>et</em></strong></span> <span class='ocrx_word' id='word_1_100' title='bbox 361 591 461 618; x_wconf 76' lang='lat' dir='ltr'><strong><em>errant,</em></strong></span> <span class='ocrx_word' id='word_1_101' title='bbox 472 591 496 613; x_wconf 88' lang='lat' dir='ltr'><strong><em>et</em></strong></span> <span class='ocrx_word' id='word_1_102' title='bbox 512 594 585 613; x_wconf 82' lang='lat' dir='ltr'><strong><em>nemo</em></strong></span> <span class='ocrx_word' id='word_1_103' title='bbox 599 591 682 620; x_wconf 75' lang='lat' dir='ltr'><strong><em>pales!</em></strong></span> <span class='ocrx_word' id='word_1_104' title='bbox 694 586 792 619; x_wconf 82' lang='lat' dir='ltr'><strong><em>eripere</em></strong></span> <span class='ocrx_word' id='word_1_105' title='bbox 809 586 925 611; x_wconf 84' lang='lat' dir='ltr'><strong><em>animam</em></strong></span> <span class='ocrx_word' id='word_1_106' title='bbox 940 593 1040 611; x_wconf 84' lang='lat' dir='ltr'><strong><em>eorum.</em></strong></span> 
     </span>
    </p>
   </div>
   <div class='ocr_carea' id='block_1_13' title="bbox 266 631 1038 666">
    <p class='ocr_par' dir='ltr' id='par_1_13' title="bbox 266 631 1038 666">
     <span class='ocr_line' id='line_1_13' title="bbox 266 631 1038 666; baseline -0.004 -6"><span class='ocrx_word' id='word_1_107' title='bbox 266 632 367 664; x_wconf 73' lang='lat' dir='ltr'><strong><em>Videte,</em></strong></span> <span class='ocrx_word' id='word_1_108' title='bbox 381 640 426 659; x_wconf 85' lang='lat' dir='ltr'><strong><em>nec</em></strong></span> <span class='ocrx_word' id='word_1_109' title='bbox 442 633 544 664; x_wconf 76' lang='lat' dir='ltr'><strong><em>dicetis,</em></strong></span> <span class='ocrx_word' id='word_1_110' title='bbox 553 632 614 666; x_wconf 88' lang='lat' dir='ltr'><strong><em>quia</em></strong></span> <span class='ocrx_word' id='word_1_111' title='bbox 623 631 785 659; x_wconf 80' lang='lat' dir='ltr'><strong><em>mendacium</em></strong></span> <span class='ocrx_word' id='word_1_112' title='bbox 795 631 822 657; x_wconf 85' lang='lat' dir='ltr'><strong><em>in</em></strong></span> <span class='ocrx_word' id='word_1_113' title='bbox 834 631 926 657; x_wconf 70' lang='lat' dir='ltr'><strong><em>dextra</em></strong></span> <span class='ocrx_word' id='word_1_114' title='bbox 939 639 996 658; x_wconf 86' lang='lat' dir='ltr'><strong><em>mea</em></strong></span> <span class='ocrx_word' id='word_1_115' title='bbox 1008 631 1038 657; x_wconf 89' lang='lat'><strong><em>“.</em></strong></span> 
     </span>
    </p>
   </div>
   <div class='ocr_carea' id='block_1_14' title="bbox 262 675 1040 711">
    <p class='ocr_par' dir='ltr' id='par_1_14' title="bbox 262 675 1040 711">
     <span class='ocr_line' id='line_1_14' title="bbox 262 675 1040 711; baseline -0.003 -6"><span class='ocrx_word' id='word_1_116' title='bbox 262 677 402 711; x_wconf 89' lang='lat' dir='ltr'><strong><em>Quomodo</em></strong></span> <span class='ocrx_word' id='word_1_117' title='bbox 417 678 507 711; x_wconf 84' lang='lat' dir='ltr'><strong><em>itaque</em></strong></span> <span class='ocrx_word' id='word_1_118' title='bbox 523 685 574 704; x_wconf 86' lang='lat' dir='ltr'><strong><em>non</em></strong></span> <span class='ocrx_word' id='word_1_119' title='bbox 597 676 631 703; x_wconf 87' lang='lat' dir='ltr'><strong><em>ab</em></strong></span> <span class='ocrx_word' id='word_1_120' title='bbox 644 676 770 704; x_wconf 89' lang='lat' dir='ltr'><strong><em>omnibtts</em></strong></span> <span class='ocrx_word' id='word_1_121' title='bbox 796 676 871 710; x_wconf 81' lang='lat' dir='ltr'><strong><em>impii</em></strong></span> <span class='ocrx_word' id='word_1_122' title='bbox 887 683 948 703; x_wconf 84' lang='lat' dir='ltr'><strong><em>esse</em></strong></span> <span class='ocrx_word' id='word_1_123' title='bbox 964 675 1040 710; x_wconf 82' lang='lat' dir='ltr'><strong><em>judi-</em></strong></span> 
     </span>
    </p>
   </div>
   <div class='ocr_carea' id='block_1_15' title="bbox 262 721 1042 756">
    <p class='ocr_par' dir='ltr' id='par_1_15' title="bbox 262 721 1042 756">
     <span class='ocr_line' id='line_1_15' title="bbox 262 721 1042 756; baseline -0.001 -6"><span class='ocrx_word' id='word_1_124' title='bbox 262 723 340 751; x_wconf 85' lang='lat' dir='ltr'><strong><em>candi</em></strong></span> <span class='ocrx_word' id='word_1_125' title='bbox 359 727 431 755; x_wconf 89' lang='lat' dir='ltr'><strong><em>sunt,</em></strong></span> <span class='ocrx_word' id='word_1_126' title='bbox 452 729 519 756; x_wconf 89' lang='lat' dir='ltr'><strong><em>quos</em></strong></span> <span class='ocrx_word' id='word_1_127' title='bbox 532 721 679 756; x_wconf 76' lang='lat' dir='ltr'><strong><em>impietatis</em></strong></span> <span class='ocrx_word' id='word_1_128' title='bbox 698 727 792 756; x_wconf 87' lang='lat' dir='ltr'><strong><em>aperte</em></strong></span> <span class='ocrx_word' id='word_1_129' title='bbox 816 722 982 749; x_wconf 85' lang='lat' dir='ltr'><strong><em>condemnat</em></strong></span> <span class='ocrx_word' id='word_1_130' title='bbox 1006 722 1042 749; x_wconf 88' lang='lat' dir='ltr'><strong><em>di-</em></strong></span> 
     </span>
    </p>
   </div>
   <div class='ocr_carea' id='block_1_16' title="bbox 260 767 1040 803">
    <p class='ocr_par' dir='ltr' id='par_1_16' title="bbox 260 767 1040 803">
     <span class='ocr_line' id='line_1_16' title="bbox 260 767 1040 803; baseline -0.003 -7"><span class='ocrx_word' id='word_1_131' title='bbox 260 771 322 796; x_wconf 87' lang='lat' dir='ltr'><strong><em>vina</em></strong></span> <span class='ocrx_word' id='word_1_132' title='bbox 340 768 498 803; x_wconf 80' lang='lat' dir='ltr'><strong><em>Scriptura?</em></strong></span> <span class='ocrx_word' id='word_1_133' title='bbox 511 767 551 794; x_wconf 84' lang='lat' dir='ltr'><strong><em>vel</em></strong></span> <span class='ocrx_word' id='word_1_134' title='bbox 565 768 699 802; x_wconf 90' lang='lat' dir='ltr'><strong><em>quomodo</em></strong></span> <span class='ocrx_word' id='word_1_135' title='bbox 711 767 833 795; x_wconf 80' lang='lat' dir='ltr'><strong><em>infelices</em></strong></span> <span class='ocrx_word' id='word_1_136' title='bbox 845 772 871 795; x_wconf 90' lang='lat' dir='ltr'><strong><em>et</em></strong></span> <span class='ocrx_word' id='word_1_137' title='bbox 886 767 976 795; x_wconf 86' lang='lat' dir='ltr'><strong><em>miseri</em></strong></span> <span class='ocrx_word' id='word_1_138' title='bbox 988 775 1040 795; x_wconf 89' lang='lat' dir='ltr'><strong><em>non</em></strong></span> 
     </span>
    </p>
   </div>
   <div class='ocr_carea' id='block_1_17' title="bbox 261 812 1041 850">
    <p class='ocr_par' dir='ltr' id='par_1_17' title="bbox 261 812 1041 850">
     <span class='ocr_line' id='line_1_17' title="bbox 261 812 1041 850; baseline -0.003 -8"><span class='ocrx_word' id='word_1_139' title='bbox 261 819 333 846; x_wconf 86' lang='lat' dir='ltr'><strong><em>sunt.</em></strong></span> <span class='ocrx_word' id='word_1_140' title='bbox 349 815 394 850; x_wconf 90' lang='lat' dir='ltr'><strong><em>qui</em></strong></span> <span class='ocrx_word' id='word_1_141' title='bbox 407 819 461 841; x_wconf 84' lang='lat' dir='ltr'><strong><em>tam</em></strong></span> <span class='ocrx_word' id='word_1_142' title='bbox 479 812 618 840; x_wconf 83' lang='lat' dir='ltr'><strong><em>manifeste</em></strong></span> <span class='ocrx_word' id='word_1_143' title='bbox 632 813 832 840; x_wconf 88' lang='lat' dir='ltr'><strong><em>convincuntur</em></strong></span> <span class='ocrx_word' id='word_1_144' title='bbox 847 821 891 842; x_wconf 84' lang='lat' dir='ltr'><strong><em>res</em></strong></span> <span class='ocrx_word' id='word_1_145' title='bbox 905 813 1041 841; x_wconf 88' lang='lat' dir='ltr'><strong><em>inanimas</em></strong></span> 
     </span>
    </p>
   </div>
   <div class='ocr_carea' id='block_1_18' title="bbox 1093 220 1878 256">
    <p class='ocr_par' dir='ltr' id='par_1_18' title="bbox 1093 220 1878 256">
     <span class='ocr_line' id='line_1_18' title="bbox 1093 220 1878 256; baseline 0.003 -8"><span class='ocrx_word' id='word_1_146' title='bbox 1093 223 1326 256; x_wconf 73' lang='grc' dir='ltr'><em>προσεκύνησαν</em></span> <span class='ocrx_word' id='word_1_147' title='bbox 1339 222 1452 256; x_wconf 82' lang='grc' dir='ltr'><em>αὐτοῖς,</em></span> <span class='ocrx_word' id='word_1_148' title='bbox 1469 220 1505 250; x_wconf 80' lang='grc' dir='ltr'><em>οὗ</em></span> <span class='ocrx_word' id='word_1_149' title='bbox 1524 223 1557 248; x_wconf 83' lang='grc' dir='ltr'><em>τὸ</em></span> <span class='ocrx_word' id='word_1_150' title='bbox 1574 222 1666 256; x_wconf 79' lang='grc' dir='ltr'><em>ἣμισυ</em></span> <span class='ocrx_word' id='word_1_151' title='bbox 1684 223 1775 250; x_wconf 86' lang='grc' dir='ltr'><em>αὑτοῦ</em></span> <span class='ocrx_word' id='word_1_152' title='bbox 1793 223 1878 250; x_wconf 81' lang='grc' dir='ltr'><em>κατέ-</em></span> 
     </span>
    </p>
   </div>
   <div class='ocr_carea' id='block_1_19' title="bbox 1093 268 1877 303">
    <p class='ocr_par' dir='ltr' id='par_1_19' title="bbox 1093 268 1877 303">
     <span class='ocr_line' id='line_1_19' title="bbox 1093 268 1877 303; baseline 0.001 -9"><span class='ocrx_word' id='word_1_153' title='bbox 1093 275 1212 294; x_wconf 79' lang='grc' dir='ltr'><em>καυσαν</em></span> <span class='ocrx_word' id='word_1_154' title='bbox 1224 269 1304 302; x_wconf 77' lang='grc' dir='ltr'><em>πυρί.</em></span> <span class='ocrx_word' id='word_1_155' title='bbox 1321 268 1377 295; x_wconf 70' lang='grc' dir='ltr'><strong><em>Καὶ</em></strong></span> <span class='ocrx_word' id='word_1_156' title='bbox 1395 268 1446 295; x_wconf 76' lang='grc' dir='ltr'><strong><em>ἐπὶ</em></strong></span> <span class='ocrx_word' id='word_1_157' title='bbox 1468 268 1521 295; x_wconf 85' lang='grc' dir='ltr'><em>τοῦ</em></span> <span class='ocrx_word' id='word_1_158' title='bbox 1538 269 1667 303; x_wconf 75' lang='grc' dir='ltr'><strong><em>ἡμίσους</em></strong></span> <span class='ocrx_word' id='word_1_159' title='bbox 1683 268 1775 295; x_wconf 82' lang='grc' dir='ltr'><em>αὑτοῦ</em></span> <span class='ocrx_word' id='word_1_160' title='bbox 1789 269 1877 303; x_wconf 79' lang='grc' dir='ltr'><em>κρέας</em></span> 
     </span>
    </p>
   </div>
   <div class='ocr_carea' id='block_1_20' title="bbox 1093 314 1878 350">
    <p class='ocr_par' dir='ltr' id='par_1_20' title="bbox 1093 314 1878 350">
     <span class='ocr_line' id='line_1_20' title="bbox 1093 314 1878 350; baseline 0.003 -11"><span class='ocrx_word' id='word_1_161' title='bbox 1093 314 1238 347; x_wconf 78' lang='grc' dir='ltr'><strong><em>ὀπτήσας,</em></strong></span> <span class='ocrx_word' id='word_1_162' title='bbox 1259 316 1350 350; x_wconf 68' lang='grc' dir='ltr'><em>ἔφαγε</em></span> <span class='ocrx_word' id='word_1_163' title='bbox 1365 315 1413 342; x_wconf 75' lang='grc' dir='ltr'><em>καὶ</em></span> <span class='ocrx_word' id='word_1_164' title='bbox 1436 315 1623 349; x_wconf 72' lang='grc' dir='ltr'><strong><em>ἐνεπλήσθη·</em></strong></span> <span class='ocrx_word' id='word_1_165' title='bbox 1644 315 1692 342; x_wconf 79' lang='grc' dir='ltr'><em>καὶ</em></span> <span class='ocrx_word' id='word_1_166' title='bbox 1706 316 1878 349; x_wconf 70' lang='grc' dir='ltr'><em>θερμανθείς</em></span> 
     </span>
    </p>
   </div>
   <div class='ocr_carea' id='block_1_21' title="bbox 1092 357 1874 395">
    <p class='ocr_par' dir='ltr' id='par_1_21' title="bbox 1092 357 1874 395">
     <span class='ocr_line' id='line_1_21' title="bbox 1092 357 1874 395; baseline 0.001 -9"><span class='ocrx_word' id='word_1_167' title='bbox 1092 357 1176 386; x_wconf 75' lang='grc' dir='ltr'><em>εἶπεν</em></span> <span class='ocrx_word' id='word_1_168' title='bbox 1187 368 1194 375; x_wconf 77' lang='grc'><strong><em>⁸</em></strong></span> <span class='ocrx_word' id='word_1_169' title='bbox 1220 359 1286 387; x_wconf 86' lang='grc' dir='ltr'><em>Ἠὸὐ</em></span> <span class='ocrx_word' id='word_1_170' title='bbox 1297 369 1359 395; x_wconf 83' lang='grc' dir='ltr'><em>μοι,</em></span> <span class='ocrx_word' id='word_1_171' title='bbox 1377 360 1422 387; x_wconf 85' lang='grc' dir='ltr'><em>ὅτι</em></span> <span class='ocrx_word' id='word_1_172' title='bbox 1437 360 1630 395; x_wconf 81' lang='grc' dir='ltr'><em>ἐθερμάνθην,</em></span> <span class='ocrx_word' id='word_1_173' title='bbox 1645 361 1694 387; x_wconf 76' lang='grc' dir='ltr'><em>καὶ</em></span> <span class='ocrx_word' id='word_1_174' title='bbox 1711 361 1793 388; x_wconf 80' lang='grc' dir='ltr'><em>εἶδον</em></span> <span class='ocrx_word' id='word_1_175' title='bbox 1805 361 1874 395; x_wconf 78' lang='grc' dir='ltr'><strong><em>πῦρ.</em></strong></span> 
     </span>
    </p>
   </div>
   <div class='ocr_carea' id='block_1_22' title="bbox 1096 405 1875 441">
    <p class='ocr_par' dir='ltr' id='par_1_22' title="bbox 1096 405 1875 441">
     <span class='ocr_line' id='line_1_22' title="bbox 1096 405 1875 441; baseline 0.003 -9"><span class='ocrx_word' id='word_1_176' title='bbox 1096 407 1129 432; x_wconf 79' lang='grc' dir='ltr'><strong><em>Τὸ</em></strong></span> <span class='ocrx_word' id='word_1_177' title='bbox 1141 405 1175 431; x_wconf 84' lang='grc' dir='ltr'><em>δὲ</em></span> <span class='ocrx_word' id='word_1_178' title='bbox 1184 405 1297 432; x_wconf 62' lang='grc' dir='ltr'><em>ποιπὸν</em></span> <span class='ocrx_word' id='word_1_179' title='bbox 1312 407 1609 441; x_wconf 70' lang='grc' dir='ltr'><em>προσεκύνει-λέγων’</em></span> <span class='ocrx_word' id='word_1_180' title='bbox 1631 406 1749 438; x_wconf 79' lang='grc' dir='ltr'><em>Ἐξέλου</em></span> <span class='ocrx_word' id='word_1_181' title='bbox 1765 415 1815 441; x_wconf 82' lang='grc' dir='ltr'><strong><em>με,</em></strong></span> <span class='ocrx_word' id='word_1_182' title='bbox 1832 406 1875 434; x_wconf 86' lang='grc' dir='ltr'><em>ὅτι</em></span> 
     </span>
    </p>
   </div>
   <div class='ocr_carea' id='block_1_23' title="bbox 1093 449 1875 487">
    <p class='ocr_par' dir='ltr' id='par_1_23' title="bbox 1093 449 1875 487">
     <span class='ocr_line' id='line_1_23' title="bbox 1093 449 1875 487; baseline 0.001 -10"><span class='ocrx_word' id='word_1_183' title='bbox 1093 451 1166 483; x_wconf 85' lang='grc' dir='ltr'><em>Θεός</em></span> <span class='ocrx_word' id='word_1_184' title='bbox 1177 450 1231 487; x_wconf 87' lang='grc'><strong><em>(89)</em></strong></span> <span class='ocrx_word' id='word_1_185' title='bbox 1243 460 1302 486; x_wconf 84' lang='grc' dir='ltr'><strong><em>μου</em></strong></span> <span class='ocrx_word' id='word_1_186' title='bbox 1318 449 1348 478; x_wconf 76' lang='grc' dir='ltr'><em>εἴ</em></span> <span class='ocrx_word' id='word_1_187' title='bbox 1357 452 1408 478; x_wconf 90' lang='grc' dir='ltr'><strong><em>σύ.</em></strong></span> <span class='ocrx_word' id='word_1_188' title='bbox 1427 452 1487 478; x_wconf 78' lang='grc' dir='ltr'><strong><em>Οὐκ</em></strong></span> <span class='ocrx_word' id='word_1_189' title='bbox 1505 451 1642 486; x_wconf 79' lang='grc' dir='ltr'><em>ἐγινωσαν</em></span> <span class='ocrx_word' id='word_1_190' title='bbox 1656 450 1817 486; x_wconf 71' lang='grc' dir='ltr'><em>φρονῆσαι,</em></span> <span class='ocrx_word' id='word_1_191' title='bbox 1832 451 1875 478; x_wconf 82' lang='grc' dir='ltr'><em>ὅτι</em></span> 
     </span>
    </p>
   </div>
   <div class='ocr_carea' id='block_1_24' title="bbox 1092 496 1876 532">
    <p class='ocr_par' dir='ltr' id='par_1_24' title="bbox 1092 496 1876 532">
     <span class='ocr_line' id='line_1_24' title="bbox 1092 496 1876 532; baseline 0 -9"><span class='ocrx_word' id='word_1_192' title='bbox 1092 496 1353 531; x_wconf 82' lang='grc' dir='ltr'><em>ἀπημαυρώθησαν</em></span> <span class='ocrx_word' id='word_1_193' title='bbox 1365 496 1417 523; x_wconf 87' lang='grc' dir='ltr'><em>τοῦ</em></span> <span class='ocrx_word' id='word_1_194' title='bbox 1426 496 1556 529; x_wconf 79' lang='grc' dir='ltr'><strong><em>βλέπειν</em></strong></span> <span class='ocrx_word' id='word_1_195' title='bbox 1569 497 1631 530; x_wconf 85' lang='grc' dir='ltr'><em>τοῖς</em></span> <span class='ocrx_word' id='word_1_196' title='bbox 1645 497 1810 532; x_wconf 59' lang='grc' dir='ltr'><em>ὀφθαλμοῖς</em></span> <span class='ocrx_word' id='word_1_197' title='bbox 1824 498 1876 524; x_wconf 85' lang='grc' dir='ltr'><strong><em>αὑ-</em></strong></span> 
     </span>
    </p>
   </div>
   <div class='ocr_carea' id='block_1_25' title="bbox 1092 541 1876 577">
    <p class='ocr_par' dir='ltr' id='par_1_25' title="bbox 1092 541 1876 577">
     <span class='ocr_line' id='line_1_25' title="bbox 1092 541 1876 577; baseline 0.003 -9"><span class='ocrx_word' id='word_1_198' title='bbox 1092 541 1160 573; x_wconf 83' lang='grc' dir='ltr'><em>τῶν,</em></span> <span class='ocrx_word' id='word_1_199' title='bbox 1186 541 1234 568; x_wconf 78' lang='grc' dir='ltr'><em>καὶ</em></span> <span class='ocrx_word' id='word_1_200' title='bbox 1258 541 1310 569; x_wconf 80' lang='grc' dir='ltr'><em>τοῦ</em></span> <span class='ocrx_word' id='word_1_201' title='bbox 1331 541 1440 577; x_wconf 82' lang='grc' dir='ltr'><em>νοῆσαι</em></span> <span class='ocrx_word' id='word_1_202' title='bbox 1465 542 1503 577; x_wconf 81' lang='grc' dir='ltr'><em>τῇ</em></span> <span class='ocrx_word' id='word_1_203' title='bbox 1521 543 1642 576; x_wconf 77' lang='grc' dir='ltr'><em>καρδίᾳ’</em></span> <span class='ocrx_word' id='word_1_204' title='bbox 1671 543 1720 570; x_wconf 72' lang='grc' dir='ltr'><em>καὶ</em></span> <span class='ocrx_word' id='word_1_205' title='bbox 1740 544 1796 570; x_wconf 79' lang='grc' dir='ltr'><em>οὐκ</em></span> <span class='ocrx_word' id='word_1_206' title='bbox 1825 543 1876 570; x_wconf 82' lang='grc' dir='ltr'><strong><em>άν-</em></strong></span> 
     </span>
    </p>
   </div>
   <div class='ocr_carea' id='block_1_26' title="bbox 1091 587 1875 623">
    <p class='ocr_par' dir='ltr' id='par_1_26' title="bbox 1091 587 1875 623">
     <span class='ocr_line' id='line_1_26' title="bbox 1091 587 1875 623; baseline 0.001 -9"><span class='ocrx_word' id='word_1_207' title='bbox 1091 587 1249 622; x_wconf 68' lang='grc' dir='ltr'><em>ελογίσατο</em></span> <span class='ocrx_word' id='word_1_208' title='bbox 1272 588 1308 614; x_wconf 84' lang='grc' dir='ltr'><em>ὲν</em></span> <span class='ocrx_word' id='word_1_209' title='bbox 1328 587 1366 622; x_wconf 77' lang='grc' dir='ltr'><em>τῇ</em></span> <span class='ocrx_word' id='word_1_210' title='bbox 1385 587 1490 622; x_wconf 81' lang='grc' dir='ltr'><strong><em>καρδίᾳ</em></strong></span> <span class='ocrx_word' id='word_1_211' title='bbox 1517 588 1620 620; x_wconf 83' lang='grc' dir='ltr'><em>αὑτοῦ,</em></span> <span class='ocrx_word' id='word_1_212' title='bbox 1645 587 1715 615; x_wconf 80' lang='grc' dir='ltr'><strong><em>οὐδὲ</em></strong></span> <span class='ocrx_word' id='word_1_213' title='bbox 1739 588 1875 623; x_wconf 74' lang='grc' dir='ltr'><em>ἀνελογί-</em></span> 
     </span>
    </p>
   </div>
   <div class='ocr_carea' id='block_1_27' title="bbox 1091 632 1877 668">
    <p class='ocr_par' dir='ltr' id='par_1_27' title="bbox 1091 632 1877 668">
     <span class='ocr_line' id='line_1_27' title="bbox 1091 632 1877 668; baseline 0.001 -9"><span class='ocrx_word' id='word_1_214' title='bbox 1091 641 1166 659; x_wconf 70' lang='lat' dir='ltr'><strong><em>caro</em></strong></span> <span class='ocrx_word' id='word_1_215' title='bbox 1178 632 1216 667; x_wconf 79' lang='grc' dir='ltr'><em>τῇ</em></span> <span class='ocrx_word' id='word_1_216' title='bbox 1228 632 1313 668; x_wconf 69' lang='grc' dir='ltr'><strong><em>ψυχῇ</em></strong></span> <span class='ocrx_word' id='word_1_217' title='bbox 1325 633 1428 665; x_wconf 82' lang='grc' dir='ltr'><em>αὐτοῦ,</em></span> <span class='ocrx_word' id='word_1_218' title='bbox 1445 632 1515 660; x_wconf 77' lang='grc' dir='ltr'><strong><em>οὐδὲ</em></strong></span> <span class='ocrx_word' id='word_1_219' title='bbox 1524 633 1599 668; x_wconf 74' lang='grc' dir='ltr'><em>ἔγνω</em></span> <span class='ocrx_word' id='word_1_220' title='bbox 1612 633 1649 667; x_wconf 78' lang='grc' dir='ltr'><em>τῇ</em></span> <span class='ocrx_word' id='word_1_221' title='bbox 1662 634 1819 668; x_wconf 71' lang='grc' dir='ltr'><em>φροσήσει,</em></span> <span class='ocrx_word' id='word_1_222' title='bbox 1832 633 1877 659; x_wconf 81' lang='grc' dir='ltr'><em>ὅτι</em></span> 
     </span>
    </p>
   </div>
   <div class='ocr_carea' id='block_1_28' title="bbox 1092 679 1876 714">
    <p class='ocr_par' dir='ltr' id='par_1_28' title="bbox 1092 679 1876 714">
     <span class='ocr_line' id='line_1_28' title="bbox 1092 679 1876 714; baseline 0 -8"><span class='ocrx_word' id='word_1_223' title='bbox 1092 679 1123 705; x_wconf 87' lang='grc' dir='ltr'><em>τὸ</em></span> <span class='ocrx_word' id='word_1_224' title='bbox 1140 679 1234 714; x_wconf 84' lang='grc' dir='ltr'><em>ἥμισυ</em></span> <span class='ocrx_word' id='word_1_225' title='bbox 1248 679 1341 706; x_wconf 79' lang='grc' dir='ltr'><em>αὐτοῦ</em></span> <span class='ocrx_word' id='word_1_226' title='bbox 1359 679 1545 706; x_wconf 77' lang='grc' dir='ltr'><strong><em>κατέκαυσεν</em></strong></span> <span class='ocrx_word' id='word_1_227' title='bbox 1559 680 1593 706; x_wconf 85' lang='grc' dir='ltr'><em>ἐν</em></span> <span class='ocrx_word' id='word_1_228' title='bbox 1606 679 1676 713; x_wconf 75' lang='grc' dir='ltr'><strong><em>πυρὶ</em></strong></span> <span class='ocrx_word' id='word_1_229' title='bbox 1697 679 1746 706; x_wconf 76' lang='grc' dir='ltr'><em>καὶ</em></span> <span class='ocrx_word' id='word_1_230' title='bbox 1762 679 1876 713; x_wconf 72' lang='grc' dir='ltr'><em>ἕπεψεν</em></span> 
     </span>
    </p>
   </div>
   <div class='ocr_carea' id='block_1_29' title="bbox 1091 718 1876 759">
    <p class='ocr_par' dir='ltr' id='par_1_29' title="bbox 1091 718 1876 759">
     <span class='ocr_line' id='line_1_29' title="bbox 1091 718 1876 759; baseline 0.001 -9"><span class='ocrx_word' id='word_1_231' title='bbox 1091 724 1139 751; x_wconf 77' lang='grc' dir='ltr'><strong><em>ἐπὶ</em></strong></span> <span class='ocrx_word' id='word_1_232' title='bbox 1163 724 1222 751; x_wconf 83' lang='grc' dir='ltr'><em>τῶν</em></span> <span class='ocrx_word' id='word_1_233' title='bbox 1241 718 1395 759; x_wconf 73' lang='grc' dir='ltr'><em>ἀνθράκων</em></span> <span class='ocrx_word' id='word_1_234' title='bbox 1415 725 1508 752; x_wconf 83' lang='grc' dir='ltr'><em>αὑτοῦ</em></span> <span class='ocrx_word' id='word_1_235' title='bbox 1532 724 1656 759; x_wconf 76' lang='grc' dir='ltr'><em>ἄρτους·</em></span> <span class='ocrx_word' id='word_1_236' title='bbox 1679 725 1726 752; x_wconf 77' lang='grc' dir='ltr'><em>καὶ</em></span> <span class='ocrx_word' id='word_1_237' title='bbox 1741 725 1876 758; x_wconf 74' lang='grc' dir='ltr'><em>ὀπτήσας</em></span> 
     </span>
    </p>
   </div>
   <div class='ocr_carea' id='block_1_30' title="bbox 1091 769 1876 805">
    <p class='ocr_par' dir='ltr' id='par_1_30' title="bbox 1091 769 1876 805">
     <span class='ocr_line' id='line_1_30' title="bbox 1091 769 1876 805; baseline 0.001 -9"><span class='ocrx_word' id='word_1_238' title='bbox 1091 770 1180 803; x_wconf 78' lang='grc' dir='ltr'><em>κρέας</em></span> <span class='ocrx_word' id='word_1_239' title='bbox 1194 770 1295 804; x_wconf 65' lang='grc' dir='ltr'><em>ἔφατε,</em></span> <span class='ocrx_word' id='word_1_240' title='bbox 1312 770 1361 797; x_wconf 79' lang='grc' dir='ltr'><strong><em>καὶ</em></strong></span> <span class='ocrx_word' id='word_1_241' title='bbox 1377 770 1409 797; x_wconf 80' lang='grc' dir='ltr'><em>τὸ</em></span> <span class='ocrx_word' id='word_1_242' title='bbox 1422 770 1531 797; x_wconf 74' lang='grc' dir='ltr'><em>λοιπὸν</em></span> <span class='ocrx_word' id='word_1_243' title='bbox 1547 770 1640 797; x_wconf 85' lang='grc' dir='ltr'><em>αὐτοῦ</em></span> <span class='ocrx_word' id='word_1_244' title='bbox 1657 771 1700 803; x_wconf 83' lang='grc' dir='ltr'><em>εὶς</em></span> <span class='ocrx_word' id='word_1_245' title='bbox 1718 769 1876 805; x_wconf 66' lang='grc' dir='ltr'><em>,βδέλυγμα</em></span> 
     </span>
    </p>
   </div>
   <div class='ocr_carea' id='block_1_31' title="bbox 1090 814 1876 850">
    <p class='ocr_par' dir='ltr' id='par_1_31' title="bbox 1090 814 1876 850">
     <span class='ocr_line' id='line_1_31' title="bbox 1090 814 1876 850; baseline 0.001 -10"><span class='ocrx_word' id='word_1_246' title='bbox 1090 815 1224 848; x_wconf 78' lang='grc' dir='ltr'><em>ἐποίησε,</em></span> <span class='ocrx_word' id='word_1_247' title='bbox 1236 815 1283 841; x_wconf 78' lang='grc' dir='ltr'><em>καὶ</em></span> <span class='ocrx_word' id='word_1_248' title='bbox 1299 815 1524 848; x_wconf 78' lang='grc' dir='ltr'><em>προσκυνοῦσιν</em></span> <span class='ocrx_word' id='word_1_249' title='bbox 1540 815 1622 841; x_wconf 84' lang='grc' dir='ltr'><em>αὐτό.</em></span> <span class='ocrx_word' id='word_1_250' title='bbox 1640 814 1739 841; x_wconf 78' lang='grc' dir='ltr'><em>Γνῶτε</em></span> <span class='ocrx_word' id='word_1_251' title='bbox 1751 815 1815 850; x_wconf 85' lang='grc'><strong><em>(90),</em></strong></span> <span class='ocrx_word' id='word_1_252' title='bbox 1829 815 1876 841; x_wconf 85' lang='grc' dir='ltr'><em>ὅτι</em></span> 
     </span>
    </p>
   </div>
   <div class='ocr_carea' id='block_1_32' title="bbox 261 854 1040 896">
    <p class='ocr_par' dir='ltr' id='par_1_32' title="bbox 261 859 1040 896">
     <span class='ocr_line' id='line_1_32' title="bbox 261 859 1040 896; baseline -0.001 -8"><span class='ocrx_word' id='word_1_253' title='bbox 261 869 317 896; x_wconf 75' lang='lat' dir='ltr'><strong><em>pne</em></strong></span> <span class='ocrx_word' id='word_1_254' title='bbox 332 861 446 889; x_wconf 81' lang='lat' dir='ltr'><strong><em>veritate</em></strong></span> <span class='ocrx_word' id='word_1_255' title='bbox 459 860 565 888; x_wconf 83' lang='lat' dir='ltr'><strong><em>colere?</em></strong></span> <span class='ocrx_word' id='word_1_256' title='bbox 576 859 704 893; x_wconf 71' lang='lat' dir='ltr'><strong><em>Quasnam</em></strong></span> <span class='ocrx_word' id='word_1_257' title='bbox 721 867 787 888; x_wconf 84' lang='lat' dir='ltr'><strong><em>vero</em></strong></span> <span class='ocrx_word' id='word_1_258' title='bbox 801 859 855 887; x_wconf 84' lang='lat' dir='ltr'><strong><em>illis</em></strong></span> <span class='ocrx_word' id='word_1_259' title='bbox 871 867 931 895; x_wconf 84' lang='lat' dir='ltr'><strong><em>spes</em></strong></span> <span class='ocrx_word' id='word_1_260' title='bbox 947 867 1040 895; x_wconf 89' lang='lat' dir='ltr'><strong><em>super-</em></strong></span> 
     </span>
    </p>
   </div>
   <div class='ocr_carea' id='block_1_33' title="bbox 1089 854 1874 896">
    <p class='ocr_par' dir='ltr' id='par_1_33' title="bbox 1091 859 1874 894">
     <span class='ocr_line' id='line_1_33' title="bbox 1091 859 1874 894; baseline 0.001 -8"><span class='ocrx_word' id='word_1_261' title='bbox 1091 860 1204 893; x_wconf 72' lang='grc' dir='ltr'><em>σποδὸς</em></span> <span class='ocrx_word' id='word_1_262' title='bbox 1212 860 1230 894; x_wconf 82' lang='grc' dir='ltr'><em>ἡ</em></span> <span class='ocrx_word' id='word_1_263' title='bbox 1240 860 1346 894; x_wconf 81' lang='grc' dir='ltr'><em>καρδία</em></span> <span class='ocrx_word' id='word_1_264' title='bbox 1353 860 1460 893; x_wconf 80' lang='grc' dir='ltr'><em>αὐτῶν,</em></span> <span class='ocrx_word' id='word_1_265' title='bbox 1468 860 1516 887; x_wconf 80' lang='grc' dir='ltr'><strong><em>καὶ</em></strong></span> <span class='ocrx_word' id='word_1_266' title='bbox 1524 859 1704 892; x_wconf 79' lang='grc' dir='ltr'><em>πλανῶνται,</em></span> <span class='ocrx_word' id='word_1_267' title='bbox 1717 861 1765 887; x_wconf 78' lang='grc' dir='ltr'><em>καὶ</em></span> <span class='ocrx_word' id='word_1_268' title='bbox 1777 860 1874 894; x_wconf 80' lang='grc' dir='ltr'><em>οὐδεὶς</em></span> 
     </span>
    </p>
   </div>
   <div class='ocr_carea' id='block_1_34' title="bbox 262 904 1039 940">
    <p class='ocr_par' dir='ltr' id='par_1_34' title="bbox 262 904 1039 940">
     <span class='ocr_line' id='line_1_34' title="bbox 262 904 1039 940; baseline 0 -8"><span class='ocrx_word' id='word_1_269' title='bbox 262 909 323 933; x_wconf 84' lang='lat' dir='ltr'><strong><em>est:</em></strong></span> <span class='ocrx_word' id='word_1_270' title='bbox 340 913 431 939; x_wconf 87' lang='lat' dir='ltr'><strong><em>quam,</em></strong></span> <span class='ocrx_word' id='word_1_271' title='bbox 459 912 561 939; x_wconf 78' lang='lat' dir='ltr'><strong><em>quaeso,</em></strong></span> <span class='ocrx_word' id='word_1_272' title='bbox 585 906 690 932; x_wconf 77' lang='lat' dir='ltr'><strong><em>veniam</em></strong></span> <span class='ocrx_word' id='word_1_273' title='bbox 713 912 826 940; x_wconf 78' lang='lat' dir='ltr'><strong><em>sperare</em></strong></span> <span class='ocrx_word' id='word_1_274' title='bbox 848 909 972 940; x_wconf 85' lang='lat' dir='ltr'><strong><em>possunt,</em></strong></span> <span class='ocrx_word' id='word_1_275' title='bbox 994 904 1039 940; x_wconf 83' lang='lat' dir='ltr'><strong><em>qui</em></strong></span> 
     </span>
    </p>
   </div>
   <div class='ocr_carea' id='block_1_35' title="bbox 261 950 1041 986">
    <p class='ocr_par' dir='ltr' id='par_1_35' title="bbox 261 950 1041 986">
     <span class='ocr_line' id='line_1_35' title="bbox 261 950 1041 986; baseline 0 -8"><span class='ocrx_word' id='word_1_276' title='bbox 261 953 342 978; x_wconf 80' lang='lat' dir='ltr'><strong><em>rebus</em></strong></span> <span class='ocrx_word' id='word_1_277' title='bbox 356 951 460 978; x_wconf 88' lang='lat' dir='ltr'><strong><em>ratione</em></strong></span> <span class='ocrx_word' id='word_1_278' title='bbox 477 957 504 978; x_wconf 86' lang='lat' dir='ltr'><strong><em>et</em></strong></span> <span class='ocrx_word' id='word_1_279' title='bbox 529 955 604 977; x_wconf 89' lang='lat' dir='ltr'><strong><em>motu</em></strong></span> <span class='ocrx_word' id='word_1_280' title='bbox 635 951 771 978; x_wconf 78' lang='lat' dir='ltr'><strong><em>destitutis</em></strong></span> <span class='ocrx_word' id='word_1_281' title='bbox 800 950 957 984; x_wconf 81' lang='lat' dir='ltr'><strong><em>confidunt,</em></strong></span> <span class='ocrx_word' id='word_1_282' title='bbox 972 958 1041 986; x_wconf 85' lang='lat' dir='ltr'><strong><em>quas</em></strong></span> 
     </span>
    </p>
   </div>
   <div class='ocr_carea' id='block_1_36' title="bbox 261 996 815 1024">
    <p class='ocr_par' dir='ltr' id='par_1_36' title="bbox 261 996 815 1024">
     <span class='ocr_line' id='line_1_36' title="bbox 261 996 815 1024; baseline -0.002 0"><span class='ocrx_word' id='word_1_283' title='bbox 261 997 321 1024; x_wconf 70' lang='grc' dir='ltr'><em>ιοιιο</em></span> <span class='ocrx_word' id='word_1_284' title='bbox 334 998 388 1024; x_wconf 90' lang='lat' dir='ltr'><strong><em>veri</em></strong></span> <span class='ocrx_word' id='word_1_285' title='bbox 406 996 450 1023; x_wconf 87' lang='lat' dir='ltr'><strong><em>Dei</em></strong></span> <span class='ocrx_word' id='word_1_286' title='bbox 463 997 585 1024; x_wconf 86' lang='lat' dir='ltr'><strong><em>venerari</em></strong></span> <span class='ocrx_word' id='word_1_287' title='bbox 597 1004 650 1023; x_wconf 91' lang='lat' dir='ltr'><strong><em>non</em></strong></span> <span class='ocrx_word' id='word_1_288' title='bbox 669 996 815 1024; x_wconf 78' lang='lat' dir='ltr'><strong><em>dubitant?</em></strong></span> 
     </span>
    </p>
   </div>
   <div class='ocr_carea' id='block_1_37' title="bbox 1091 907 1874 942">
    <p class='ocr_par' dir='ltr' id='par_1_37' title="bbox 1091 907 1874 942">
     <span class='ocr_line' id='line_1_37' title="bbox 1091 907 1874 942; baseline 0 -9"><span class='ocrx_word' id='word_1_289' title='bbox 1091 907 1214 934; x_wconf 75' lang='grc' dir='ltr'><em>δύναται</em></span> <span class='ocrx_word' id='word_1_290' title='bbox 1232 907 1387 939; x_wconf 77' lang='grc' dir='ltr'><strong><em>ἐξελέσθαι</em></strong></span> <span class='ocrx_word' id='word_1_291' title='bbox 1400 907 1456 941; x_wconf 80' lang='grc' dir='ltr'><em>τὴν</em></span> <span class='ocrx_word' id='word_1_292' title='bbox 1470 907 1575 942; x_wconf 77' lang='grc' dir='ltr'><em>ψυχὴν</em></span> <span class='ocrx_word' id='word_1_293' title='bbox 1589 907 1697 934; x_wconf 79' lang='grc' dir='ltr'><em>αὐτῶν.</em></span> <span class='ocrx_word' id='word_1_294' title='bbox 1714 908 1812 940; x_wconf 80' lang='grc' dir='ltr'><em>Ἴδετε,</em></span> <span class='ocrx_word' id='word_1_295' title='bbox 1825 907 1874 934; x_wconf 77' lang='grc' dir='ltr'><em>καὶ</em></span> 
     </span>
    </p>
   </div>
   <div class='ocr_carea' id='block_1_38' title="bbox 1092 951 1875 988">
    <p class='ocr_par' dir='ltr' id='par_1_38' title="bbox 1092 951 1875 988">
     <span class='ocr_line' id='line_1_38' title="bbox 1092 951 1875 988; baseline -0.001 -8"><span class='ocrx_word' id='word_1_296' title='bbox 1092 954 1147 980; x_wconf 78' lang='grc' dir='ltr'><em>οὐκ</em></span> <span class='ocrx_word' id='word_1_297' title='bbox 1163 951 1264 986; x_wconf 82' lang='grc' dir='ltr'><em>ἐρεῖτε,</em></span> <span class='ocrx_word' id='word_1_298' title='bbox 1280 952 1323 979; x_wconf 85' lang='grc' dir='ltr'><em>ὅτι</em></span> <span class='ocrx_word' id='word_1_299' title='bbox 1341 952 1451 986; x_wconf 71' lang='grc' dir='ltr'><em>ψεῦδος</em></span> <span class='ocrx_word' id='word_1_300' title='bbox 1467 953 1502 983; x_wconf 82' lang='grc' dir='ltr'><em>ἐν</em></span> <span class='ocrx_word' id='word_1_301' title='bbox 1516 952 1554 987; x_wconf 75' lang='grc' dir='ltr'><em>τῇ</em></span> <span class='ocrx_word' id='word_1_302' title='bbox 1573 951 1655 986; x_wconf 79' lang='grc' dir='ltr'><em>δεξιᾷ</em></span> <span class='ocrx_word' id='word_1_303' title='bbox 1669 962 1739 988; x_wconf 82' lang='grc' dir='ltr'><em>μου.</em></span> <span class='ocrx_word' id='word_1_304' title='bbox 1754 953 1815 984; x_wconf 82' lang='grc' dir='ltr'><strong><em>ῐΙῶς</em></strong></span> <span class='ocrx_word' id='word_1_305' title='bbox 1827 951 1875 979; x_wconf 76' lang='grc' dir='ltr'><em>οὖν</em></span> 
     </span>
    </p>
   </div>
   <div class='ocr_carea' id='block_1_39' title="bbox 1090 996 1874 1034">
    <p class='ocr_par' dir='ltr' id='par_1_39' title="bbox 1090 996 1874 1034">
     <span class='ocr_line' id='line_1_39' title="bbox 1090 996 1874 1034; baseline 0.001 -11"><span class='ocrx_word' id='word_1_306' title='bbox 1090 996 1140 1023; x_wconf 77' lang='grc' dir='ltr'><em>οὐκ</em></span> <span class='ocrx_word' id='word_1_307' title='bbox 1156 996 1230 1023; x_wconf 78' lang='grc' dir='ltr'><em>ἄθεοι</em></span> <span class='ocrx_word' id='word_1_308' title='bbox 1243 996 1317 1032; x_wconf 80' lang='grc' dir='ltr'><em>παρὰ</em></span> <span class='ocrx_word' id='word_1_309' title='bbox 1330 998 1397 1023; x_wconf 82' lang='grc' dir='ltr'><em>πᾶσι</em></span> <span class='ocrx_word' id='word_1_310' title='bbox 1412 996 1528 1032; x_wconf 83' lang='grc' dir='ltr'><em>κριθείεν</em></span> <span class='ocrx_word' id='word_1_311' title='bbox 1545 997 1569 1023; x_wconf 84' lang='grc' dir='ltr'><em>οἱ</em></span> <span class='ocrx_word' id='word_1_312' title='bbox 1587 997 1632 1023; x_wconf 70' lang='grc' dir='ltr'><em>καὶ</em></span> <span class='ocrx_word' id='word_1_313' title='bbox 1644 997 1718 1034; x_wconf 78' lang='grc' dir='ltr'><em>παρὰ</em></span> <span class='ocrx_word' id='word_1_314' title='bbox 1734 998 1782 1033; x_wconf 78' lang='grc' dir='ltr'><em>τῆς</em></span> <span class='ocrx_word' id='word_1_315' title='bbox 1799 997 1874 1029; x_wconf 82' lang='grc' dir='ltr'><em>θείας</em></span> 
     </span>
    </p>
   </div>
   <div class='ocr_carea' id='block_1_40' title="bbox 261 1041 1874 1080">
    <p class='ocr_par' dir='ltr' id='par_1_40' title="bbox 261 1041 1874 1080">
     <span class='ocr_line' id='line_1_40' title="bbox 261 1041 1874 1080; baseline -0.001 -9"><span class='ocrx_word' id='word_1_316' title='bbox 261 1044 371 1080; x_wconf 80' lang='grc' dir='ltr'><em>Γραφῆς</em></span> <span class='ocrx_word' id='word_1_317' title='bbox 381 1043 506 1076; x_wconf 85' lang='grc' dir='ltr'><em>ἀσεϐείας</em></span> <span class='ocrx_word' id='word_1_318' title='bbox 520 1043 750 1080; x_wconf 80' lang='grc' dir='ltr'><em>κατηγορούμενοι</em></span> <span class='ocrx_word' id='word_1_319' title='bbox 762 1053 768 1076; x_wconf 93' lang='grc'>;</span> <span class='ocrx_word' id='word_1_320' title='bbox 789 1044 824 1070; x_wconf 83' lang='grc' dir='ltr'><strong>Ἦ</strong></span> <span class='ocrx_word' id='word_1_321' title='bbox 838 1043 895 1075; x_wconf 83' lang='grc' dir='ltr'><strong><em>πῶς</em></strong></span> <span class='ocrx_word' id='word_1_322' title='bbox 911 1044 960 1070; x_wconf 80' lang='grc' dir='ltr'><em>οὐκ</em></span> <span class='ocrx_word' id='word_1_323' title='bbox 971 1043 1003 1070; x_wconf 77' lang='grc' dir='ltr'><em>ἂν</em></span> <span class='ocrx_word' id='word_1_324' title='bbox 1015 1041 1069 1070; x_wconf 81' lang='grc' dir='ltr'><em>εἷεν</em></span> <span class='ocrx_word' id='word_1_325' title='bbox 1082 1043 1274 1079; x_wconf 74' lang='grc' dir='ltr'><strong><em>κακοδαίμονες</em></strong></span> <span class='ocrx_word' id='word_1_326' title='bbox 1286 1045 1311 1070; x_wconf 79' lang='grc' dir='ltr'><em>οι</em></span> <span class='ocrx_word' id='word_1_327' title='bbox 1326 1044 1397 1071; x_wconf 80' lang='grc' dir='ltr'><em>οὕτω</em></span> <span class='ocrx_word' id='word_1_328' title='bbox 1413 1044 1536 1079; x_wconf 75' lang='grc' dir='ltr'><em>φανερῶς</em></span> <span class='ocrx_word' id='word_1_329' title='bbox 1549 1043 1717 1079; x_wconf 73' lang='grc' dir='ltr'><em>ἐλεγχόμενοι</em></span> <span class='ocrx_word' id='word_1_330' title='bbox 1731 1044 1765 1070; x_wconf 76' lang='grc' dir='ltr'><em>τὰ</em></span> <span class='ocrx_word' id='word_1_331' title='bbox 1783 1043 1874 1078; x_wconf 77' lang='grc' dir='ltr'><em>ἄψυχα</em></span> 
     </span>
    </p>
   </div>
   <div class='ocr_carea' id='block_1_41' title="bbox 261 1090 1874 1127">
    <p class='ocr_par' dir='ltr' id='par_1_41' title="bbox 261 1090 1874 1127">
     <span class='ocr_line' id='line_1_41' title="bbox 261 1090 1874 1127; baseline -0.001 -9"><span class='ocrx_word' id='word_1_332' title='bbox 261 1091 455 1127; x_wconf 82' lang='grc' dir='ltr'><em>θρησκεύοντες</em></span> <span class='ocrx_word' id='word_1_333' title='bbox 470 1092 530 1118; x_wconf 73' lang='grc' dir='ltr'><em>ἀντὶ</em></span> <span class='ocrx_word' id='word_1_334' title='bbox 541 1093 590 1127; x_wconf 84' lang='grc' dir='ltr'><em>τῆς</em></span> <span class='ocrx_word' id='word_1_335' title='bbox 604 1091 731 1127; x_wconf 79' lang='grc' dir='ltr'><strong><em>ἀληθείας</em></strong></span> <span class='ocrx_word' id='word_1_336' title='bbox 743 1099 751 1123; x_wconf 87' lang='lat'><strong>;</strong></span> <span class='ocrx_word' id='word_1_337' title='bbox 764 1091 868 1118; x_wconf 78' lang='grc' dir='ltr'><em>Ποίαδὲ</em></span> <span class='ocrx_word' id='word_1_338' title='bbox 877 1091 981 1123; x_wconf 76' lang='grc' dir='ltr'><strong><em>τούτοις</em></strong></span> <span class='ocrx_word' id='word_1_339' title='bbox 995 1091 1080 1123; x_wconf 71' lang='grc' dir='ltr'><em>ἐλπὶς,</em></span> <span class='ocrx_word' id='word_1_340' title='bbox 1094 1091 1161 1127; x_wconf 83' lang='grc' dir='ltr'><em>ἢτίς</em></span> <span class='ocrx_word' id='word_1_341' title='bbox 1174 1090 1207 1118; x_wconf 82' lang='grc' dir='ltr'><em>ἂν</em></span> <span class='ocrx_word' id='word_1_342' title='bbox 1215 1093 1304 1123; x_wconf 83' lang='grc' dir='ltr'><em>αὐτοῖς</em></span> <span class='ocrx_word' id='word_1_343' title='bbox 1318 1091 1421 1125; x_wconf 82' lang='grc' dir='ltr'><em>γένοιτο</em></span> <span class='ocrx_word' id='word_1_344' title='bbox 1433 1090 1591 1126; x_wconf 84' lang='grc' dir='ltr'><strong><em>συγγνώμη,</em></strong></span> <span class='ocrx_word' id='word_1_345' title='bbox 1609 1090 1764 1117; x_wconf 87' lang='grc' dir='ltr'><em>πεποιθόσιν</em></span> <span class='ocrx_word' id='word_1_346' title='bbox 1781 1090 1826 1117; x_wconf 68' lang='grc' dir='ltr'><strong><em>ἐπὶ</em></strong></span> <span class='ocrx_word' id='word_1_347' title='bbox 1839 1090 1874 1116; x_wconf 70' lang='grc' dir='ltr'><em>τὰ</em></span> 
     </span>
    </p>
   </div>
   <div class='ocr_carea' id='block_1_42' title="bbox 261 1138 1088 1175">
    <p class='ocr_par' dir='ltr' id='par_1_42' title="bbox 261 1138 1088 1175">
     <span class='ocr_line' id='line_1_42' title="bbox 261 1138 1088 1175; baseline -0.002 -8"><span class='ocrx_word' id='word_1_348' title='bbox 261 1140 345 1174; x_wconf 79' lang='grc' dir='ltr'><em>ἄλογα</em></span> <span class='ocrx_word' id='word_1_349' title='bbox 359 1141 405 1166; x_wconf 80' lang='grc' dir='ltr'><em>καὶ</em></span> <span class='ocrx_word' id='word_1_350' title='bbox 425 1139 550 1175; x_wconf 85' lang='grc' dir='ltr'><em>ἀκίνητα,</em></span> <span class='ocrx_word' id='word_1_351' title='bbox 563 1139 582 1166; x_wconf 74' lang='grc' dir='ltr'>ἃ</span> <span class='ocrx_word' id='word_1_352' title='bbox 595 1140 656 1166; x_wconf 78' lang='grc' dir='ltr'><em>ἀντὶ</em></span> <span class='ocrx_word' id='word_1_353' title='bbox 666 1138 715 1165; x_wconf 79' lang='grc' dir='ltr'><em>τοῦ</em></span> <span class='ocrx_word' id='word_1_354' title='bbox 731 1139 858 1174; x_wconf 81' lang='grc' dir='ltr'><strong><em>ἀληθινοῦ</em></strong></span> <span class='ocrx_word' id='word_1_355' title='bbox 875 1139 942 1165; x_wconf 79' lang='grc' dir='ltr'><em>Θεοῦ</em></span> <span class='ocrx_word' id='word_1_356' title='bbox 956 1139 1088 1166; x_wconf 85' lang='grc' dir='ltr'><em>σέϐουσιν.</em></span> 
     </span>
    </p>
   </div>
   <div class='ocr_carea' id='block_1_43' title="bbox 296 1197 1040 1233">
    <p class='ocr_par' dir='ltr' id='par_1_43' title="bbox 296 1197 1040 1233">
     <span class='ocr_line' id='line_1_43' title="bbox 296 1197 1040 1233; baseline 0 -9"><span class='ocrx_word' id='word_1_357' title='bbox 296 1198 340 1225; x_wconf 80' lang='grc'><strong><em>15.</em></strong></span> <span class='ocrx_word' id='word_1_358' title='bbox 356 1197 465 1226; x_wconf 81' lang='lat' dir='ltr'><strong><em>Utinam</em></strong></span> <span class='ocrx_word' id='word_1_359' title='bbox 482 1197 567 1229; x_wconf 88' lang='lat' dir='ltr'><strong><em>enim,</em></strong></span> <span class='ocrx_word' id='word_1_360' title='bbox 581 1198 683 1225; x_wconf 85' lang='lat' dir='ltr'><strong><em>utinam</em></strong></span> <span class='ocrx_word' id='word_1_361' title='bbox 692 1197 788 1225; x_wconf 83' lang='lat' dir='ltr'><strong><em>saltem</em></strong></span> <span class='ocrx_word' id='word_1_362' title='bbox 802 1197 860 1224; x_wconf 85' lang='lat' dir='ltr'><strong><em>sine</em></strong></span> <span class='ocrx_word' id='word_1_363' title='bbox 874 1197 959 1233; x_wconf 76' lang='lat' dir='ltr'><strong><em>ﬁgura</em></strong></span> <span class='ocrx_word' id='word_1_364' title='bbox 975 1198 1040 1225; x_wconf 85' lang='lat' dir='ltr'><strong><em>deos</em></strong></span> 
     </span>
    </p>
   </div>
   <div class='ocr_carea' id='block_1_44' title="bbox 260 1243 1039 1278">
    <p class='ocr_par' dir='ltr' id='par_1_44' title="bbox 260 1243 1039 1278">
     <span class='ocr_line' id='line_1_44' title="bbox 260 1243 1039 1278; baseline -0.001 -7"><span class='ocrx_word' id='word_1_365' title='bbox 260 1243 314 1271; x_wconf 86' lang='lat' dir='ltr'><strong><em>illis</em></strong></span> <span class='ocrx_word' id='word_1_366' title='bbox 339 1243 463 1270; x_wconf 81' lang='lat' dir='ltr'><strong><em>tinxisset</em></strong></span> <span class='ocrx_word' id='word_1_367' title='bbox 479 1243 589 1276; x_wconf 81' lang='lat' dir='ltr'><strong><em>artifex,</em></strong></span> <span class='ocrx_word' id='word_1_368' title='bbox 605 1250 638 1270; x_wconf 88' lang='lat' dir='ltr'><strong><em>ne</em></strong></span> <span class='ocrx_word' id='word_1_369' title='bbox 650 1243 762 1271; x_wconf 83' lang='lat' dir='ltr'><strong><em>evidens</em></strong></span> <span class='ocrx_word' id='word_1_370' title='bbox 783 1243 899 1278; x_wconf 66' lang='lat' dir='ltr'><strong><em>propriae</em></strong></span> <span class='ocrx_word' id='word_1_371' title='bbox 922 1243 1039 1278; x_wconf 87' lang='lat' dir='ltr'><strong><em>stupidi-</em></strong></span> 
     </span>
    </p>
   </div>
   <div class='ocr_carea' id='block_1_45' title="bbox 261 1289 1038 1325">
    <p class='ocr_par' dir='ltr' id='par_1_45' title="bbox 261 1289 1038 1325">
     <span class='ocr_line' id='line_1_45' title="bbox 261 1289 1038 1325; baseline 0.001 -9"><span class='ocrx_word' id='word_1_372' title='bbox 261 1290 323 1317; x_wconf 85' lang='lat' dir='ltr'><strong><em>tatis</em></strong></span> <span class='ocrx_word' id='word_1_373' title='bbox 336 1294 523 1325; x_wconf 66' lang='lat' dir='ltr'><strong><em>argumentum</em></strong></span> <span class='ocrx_word' id='word_1_374' title='bbox 545 1289 678 1317; x_wconf 79' lang='lat' dir='ltr'><strong><em>haberent</em></strong></span> <span class='ocrx_word' id='word_1_375' title='bbox 692 1290 699 1316; x_wconf 92' lang='lat' dir='ltr'><strong><em>l</em></strong></span> <span class='ocrx_word' id='word_1_376' title='bbox 713 1290 883 1325; x_wconf 86' lang='lat' dir='ltr'><strong><em>Simplicium</em></strong></span> <span class='ocrx_word' id='word_1_377' title='bbox 905 1290 1038 1324; x_wconf 84' lang='lat' dir='ltr'><strong><em>siquidem</em></strong></span> 
     </span>
    </p>
   </div>
   <div class='ocr_carea' id='block_1_46' title="bbox 260 1334 1040 1370">
    <p class='ocr_par' dir='ltr' id='par_1_46' title="bbox 260 1334 1040 1370">
     <span class='ocr_line' id='line_1_46' title="bbox 260 1334 1040 1370; baseline 0 -8"><span class='ocrx_word' id='word_1_378' title='bbox 260 1335 366 1362; x_wconf 84' lang='lat' dir='ltr'><strong><em>animos</em></strong></span> <span class='ocrx_word' id='word_1_379' title='bbox 385 1336 520 1362; x_wconf 83' lang='lat' dir='ltr'><strong><em>adducere</em></strong></span> <span class='ocrx_word' id='word_1_380' title='bbox 533 1334 694 1370; x_wconf 86' lang='lat' dir='ltr'><strong><em>potuissent,</em></strong></span> <span class='ocrx_word' id='word_1_381' title='bbox 708 1340 738 1362; x_wconf 91' lang='lat' dir='ltr'><strong><em>ut</em></strong></span> <span class='ocrx_word' id='word_1_382' title='bbox 750 1342 859 1363; x_wconf 88' lang='lat' dir='ltr'><strong><em>sensum</em></strong></span> <span class='ocrx_word' id='word_1_383' title='bbox 887 1335 966 1363; x_wconf 87' lang='lat' dir='ltr'><strong><em>idolis</em></strong></span> <span class='ocrx_word' id='word_1_384' title='bbox 980 1342 1040 1362; x_wconf 89' lang='lat' dir='ltr'><strong><em>esse</em></strong></span> 
     </span>
    </p>
   </div>
   <div class='ocr_carea' id='block_1_47' title="bbox 260 1381 1037 1417">
    <p class='ocr_par' dir='ltr' id='par_1_47' title="bbox 260 1381 1037 1417">
     <span class='ocr_line' id='line_1_47' title="bbox 260 1381 1037 1417; baseline 0 -9"><span class='ocrx_word' id='word_1_385' title='bbox 260 1383 412 1414; x_wconf 80' lang='lat' dir='ltr'><strong><em>crederent,</em></strong></span> <span class='ocrx_word' id='word_1_386' title='bbox 434 1382 484 1409; x_wconf 84' lang='lat' dir='ltr'><strong><em>nisi</em></strong></span> <span class='ocrx_word' id='word_1_387' title='bbox 509 1382 585 1417; x_wconf 76' lang='lat' dir='ltr'><strong><em>signa</em></strong></span> <span class='ocrx_word' id='word_1_388' title='bbox 601 1389 729 1410; x_wconf 85' lang='lat' dir='ltr'><strong><em>sensuum</em></strong></span> <span class='ocrx_word' id='word_1_389' title='bbox 757 1382 796 1409; x_wconf 88' lang='lat' dir='ltr'><strong><em>uti</em></strong></span> <span class='ocrx_word' id='word_1_390' title='bbox 826 1381 929 1415; x_wconf 86' lang='lat' dir='ltr'><strong><em>oculos,</em></strong></span> <span class='ocrx_word' id='word_1_391' title='bbox 947 1389 1037 1413; x_wconf 87' lang='lat' dir='ltr'><strong><em>nares,</em></strong></span> 
     </span>
    </p>
   </div>
   <div class='ocr_carea' id='block_1_48' title="bbox 261 1427 1039 1459">
    <p class='ocr_par' dir='ltr' id='par_1_48' title="bbox 261 1427 1039 1459">
     <span class='ocr_line' id='line_1_48' title="bbox 261 1427 1039 1459; baseline 0 -6"><span class='ocrx_word' id='word_1_392' title='bbox 261 1434 348 1458; x_wconf 80' lang='lat' dir='ltr'><strong><em>aures,</em></strong></span> <span class='ocrx_word' id='word_1_393' title='bbox 360 1434 456 1454; x_wconf 84' lang='lat' dir='ltr'><strong><em>manus</em></strong></span> <span class='ocrx_word' id='word_1_394' title='bbox 468 1432 496 1455; x_wconf 91' lang='lat' dir='ltr'><strong><em>et</em></strong></span> <span class='ocrx_word' id='word_1_395' title='bbox 509 1435 552 1459; x_wconf 85' lang='lat' dir='ltr'><strong><em>os,</em></strong></span> <span class='ocrx_word' id='word_1_396' title='bbox 561 1427 709 1455; x_wconf 82' lang='lat' dir='ltr'><strong><em>immobilia</em></strong></span> <span class='ocrx_word' id='word_1_397' title='bbox 718 1427 852 1455; x_wconf 81' lang='lat' dir='ltr'><strong><em>haberent</em></strong></span> <span class='ocrx_word' id='word_1_398' title='bbox 868 1428 902 1454; x_wconf 84' lang='lat' dir='ltr'><strong><em>ad</em></strong></span> <span class='ocrx_word' id='word_1_399' title='bbox 919 1427 1039 1454; x_wconf 83' lang='lat' dir='ltr'><strong><em>sentien-</em></strong></span> 
     </span>
    </p>
   </div>
   <div class='ocr_carea' id='block_1_49' title="bbox 259 1472 1038 1505">
    <p class='ocr_par' dir='ltr' id='par_1_49' title="bbox 259 1472 1038 1505">
     <span class='ocr_line' id='line_1_49' title="bbox 259 1472 1038 1505; baseline 0.001 -6"><span class='ocrx_word' id='word_1_400' title='bbox 259 1473 333 1500; x_wconf 89' lang='lat' dir='ltr'><strong><em>dum.</em></strong></span> <span class='ocrx_word' id='word_1_401' title='bbox 347 1472 423 1501; x_wconf 88' lang='lat' dir='ltr'><strong><em>Nunc</em></strong></span> <span class='ocrx_word' id='word_1_402' title='bbox 430 1477 519 1500; x_wconf 86' lang='lat' dir='ltr'><strong><em>autem</em></strong></span> <span class='ocrx_word' id='word_1_403' title='bbox 534 1474 664 1501; x_wconf 83' lang='lat' dir='ltr'><strong><em>habentes</em></strong></span> <span class='ocrx_word' id='word_1_404' title='bbox 679 1481 730 1501; x_wconf 91' lang='lat' dir='ltr'><strong><em>non</em></strong></span> <span class='ocrx_word' id='word_1_405' title='bbox 743 1473 853 1505; x_wconf 81' lang='lat' dir='ltr'><strong><em>habent,</em></strong></span> <span class='ocrx_word' id='word_1_406' title='bbox 867 1476 971 1500; x_wconf 83' lang='lat' dir='ltr'><strong><em>stantes</em></strong></span> <span class='ocrx_word' id='word_1_407' title='bbox 986 1480 1038 1500; x_wconf 90' lang='lat' dir='ltr'><strong><em>non</em></strong></span> 
     </span>
    </p>
   </div>
   <div class='ocr_carea' id='block_1_50' title="bbox 1123 1195 1873 1232">
    <p class='ocr_par' dir='ltr' id='par_1_50' title="bbox 1123 1195 1873 1232">
     <span class='ocr_line' id='line_1_50' title="bbox 1123 1195 1873 1232; baseline 0 -9"><span class='ocrx_word' id='word_1_408' title='bbox 1123 1196 1167 1223; x_wconf 76' lang='grc'><strong><em>15.</em></strong></span> <span class='ocrx_word' id='word_1_409' title='bbox 1183 1195 1246 1223; x_wconf 78' lang='grc' dir='ltr'><em>Εἴθε</em></span> <span class='ocrx_word' id='word_1_410' title='bbox 1266 1195 1330 1231; x_wconf 83' lang='grc' dir='ltr'><em>γὰρ,</em></span> <span class='ocrx_word' id='word_1_411' title='bbox 1348 1195 1404 1222; x_wconf 77' lang='grc' dir='ltr'><em>εἴθε</em></span> <span class='ocrx_word' id='word_1_412' title='bbox 1429 1195 1480 1224; x_wconf 77' lang='grc' dir='ltr'><em>κᾶν</em></span> <span class='ocrx_word' id='word_1_413' title='bbox 1505 1196 1588 1232; x_wconf 76' lang='grc' dir='ltr'><em>χωρὶς</em></span> <span class='ocrx_word' id='word_1_414' title='bbox 1613 1197 1751 1232; x_wconf 77' lang='grc' dir='ltr'><em>σχήματος</em></span> <span class='ocrx_word' id='word_1_415' title='bbox 1781 1196 1873 1227; x_wconf 82' lang='grc' dir='ltr'><em>αὐτοῖς</em></span> 
     </span>
    </p>
   </div>
   <div class='ocr_carea' id='block_1_51' title="bbox 1087 1241 1869 1278">
    <p class='ocr_par' dir='ltr' id='par_1_51' title="bbox 1087 1241 1869 1278">
     <span class='ocr_line' id='line_1_51' title="bbox 1087 1241 1869 1278; baseline 0 -10"><span class='ocrx_word' id='word_1_416' title='bbox 1087 1242 1149 1274; x_wconf 77' lang='grc' dir='ltr'><em>τοὺς</em></span> <span class='ocrx_word' id='word_1_417' title='bbox 1163 1242 1240 1273; x_wconf 80' lang='grc' dir='ltr'><em>θεοὺς</em></span> <span class='ocrx_word' id='word_1_418' title='bbox 1255 1241 1384 1269; x_wconf 80' lang='grc' dir='ltr'><strong><em>ἔπλαττεν</em></strong></span> <span class='ocrx_word' id='word_1_419' title='bbox 1398 1242 1412 1269; x_wconf 86' lang='grc' dir='ltr'>ὁ</span> <span class='ocrx_word' id='word_1_420' title='bbox 1422 1242 1555 1278; x_wconf 73' lang='grc' dir='ltr'><strong><em>τεχνίτης,</em></strong></span> <span class='ocrx_word' id='word_1_421' title='bbox 1571 1243 1614 1269; x_wconf 81' lang='grc' dir='ltr'><em>ἴνα</em></span> <span class='ocrx_word' id='word_1_422' title='bbox 1627 1242 1665 1277; x_wconf 84' lang='grc' dir='ltr'><em>μὴ</em></span> <span class='ocrx_word' id='word_1_423' title='bbox 1681 1242 1730 1277; x_wconf 88' lang='grc' dir='ltr'><em>τῆς</em></span> <span class='ocrx_word' id='word_1_424' title='bbox 1744 1241 1869 1278; x_wconf 85' lang='grc' dir='ltr'><em>ἀναισθη-</em></span> 
     </span>
    </p>
   </div>
   <div class='ocr_carea' id='block_1_52' title="bbox 1089 1286 1873 1323">
    <p class='ocr_par' dir='ltr' id='par_1_52' title="bbox 1089 1286 1873 1323">
     <span class='ocr_line' id='line_1_52' title="bbox 1089 1286 1873 1323; baseline 0 -9"><span class='ocrx_word' id='word_1_425' title='bbox 1089 1288 1150 1319; x_wconf 76' lang='grc' dir='ltr'><em>σίας</em></span> <span class='ocrx_word' id='word_1_426' title='bbox 1166 1287 1279 1322; x_wconf 74' lang='grc' dir='ltr'><em>φανερὸν</em></span> <span class='ocrx_word' id='word_1_427' title='bbox 1292 1286 1374 1322; x_wconf 77' lang='grc' dir='ltr'><em>ἔχωσι</em></span> <span class='ocrx_word' id='word_1_428' title='bbox 1388 1287 1434 1314; x_wconf 66' lang='grc' dir='ltr'><em>τὸν</em></span> <span class='ocrx_word' id='word_1_429' title='bbox 1450 1287 1569 1323; x_wconf 70' lang='grc' dir='ltr'><em>ἔλεγχον.</em></span> <span class='ocrx_word' id='word_1_430' title='bbox 1591 1287 1760 1322; x_wconf 79' lang='grc' dir='ltr'><em>’Υπέκλεψαν</em></span> <span class='ocrx_word' id='word_1_431' title='bbox 1774 1287 1828 1322; x_wconf 86' lang='grc' dir='ltr'><em>γὰρ</em></span> <span class='ocrx_word' id='word_1_432' title='bbox 1840 1287 1873 1314; x_wconf 82' lang='grc' dir='ltr'><em>ἂν</em></span> 
     </span>
    </p>
   </div>
   <div class='ocr_carea' id='block_1_53' title="bbox 1089 1332 1872 1368">
    <p class='ocr_par' dir='ltr' id='par_1_53' title="bbox 1089 1332 1872 1368">
     <span class='ocr_line' id='line_1_53' title="bbox 1089 1332 1872 1368; baseline 0 -9"><span class='ocrx_word' id='word_1_433' title='bbox 1089 1333 1138 1368; x_wconf 81' lang='grc' dir='ltr'><em>τὴν</em></span> <span class='ocrx_word' id='word_1_434' title='bbox 1152 1333 1275 1360; x_wconf 81' lang='grc' dir='ltr'><strong><em>ὑπόνοιαν</em></strong></span> <span class='ocrx_word' id='word_1_435' title='bbox 1291 1333 1344 1359; x_wconf 78' lang='grc' dir='ltr'><em>τῶν</em></span> <span class='ocrx_word' id='word_1_436' title='bbox 1359 1332 1505 1368; x_wconf 78' lang='grc' dir='ltr'><em>ἀκεραίων,</em></span> <span class='ocrx_word' id='word_1_437' title='bbox 1525 1333 1563 1364; x_wconf 84' lang='grc' dir='ltr'><em>ὡς</em></span> <span class='ocrx_word' id='word_1_438' title='bbox 1581 1332 1748 1367; x_wconf 83' lang='grc' dir='ltr'><em>αἰσθομένων</em></span> <span class='ocrx_word' id='word_1_439' title='bbox 1763 1333 1817 1359; x_wconf 86' lang='grc' dir='ltr'><em>τῶν</em></span> <span class='ocrx_word' id='word_1_440' title='bbox 1833 1333 1872 1359; x_wconf 85' lang='grc' dir='ltr'><strong><em>εἰ·-</em></strong></span> 
     </span>
    </p>
   </div>
   <div class='ocr_carea' id='block_1_54' title="bbox 1087 1374 1874 1414">
    <p class='ocr_par' dir='ltr' id='par_1_54' title="bbox 1087 1374 1874 1414">
     <span class='ocr_line' id='line_1_54' title="bbox 1087 1374 1874 1414; baseline -0.003 -9"><span class='ocrx_word' id='word_1_441' title='bbox 1087 1378 1188 1410; x_wconf 86' lang='grc' dir='ltr'><em>δώλων,</em></span> <span class='ocrx_word' id='word_1_442' title='bbox 1206 1379 1229 1404; x_wconf 79' lang='grc' dir='ltr'><em>εἰ</em></span> <span class='ocrx_word' id='word_1_443' title='bbox 1244 1378 1281 1414; x_wconf 87' lang='grc' dir='ltr'><em>μὴ</em></span> <span class='ocrx_word' id='word_1_444' title='bbox 1292 1377 1326 1404; x_wconf 80' lang='grc' dir='ltr'><em>τὰ</em></span> <span class='ocrx_word' id='word_1_445' title='bbox 1341 1377 1461 1412; x_wconf 84' lang='grc' dir='ltr'><em>σύμϐολα</em></span> <span class='ocrx_word' id='word_1_446' title='bbox 1471 1378 1524 1404; x_wconf 82' lang='grc' dir='ltr'><em>τῶν</em></span> <span class='ocrx_word' id='word_1_447' title='bbox 1535 1377 1697 1413; x_wconf 83' lang='grc' dir='ltr'><em>αἰσθήσεων,</em></span> <span class='ocrx_word' id='word_1_448' title='bbox 1711 1374 1766 1404; x_wconf 85' lang='grc' dir='ltr'><em>οἷον</em></span> <span class='ocrx_word' id='word_1_449' title='bbox 1779 1377 1874 1411; x_wconf 71' lang='grc' dir='ltr'><em>ὀφθαλ-</em></span> 
     </span>
    </p>
   </div>
   <div class='ocr_carea' id='block_1_55' title="bbox 1089 1419 1872 1458">
    <p class='ocr_par' dir='ltr' id='par_1_55' title="bbox 1089 1419 1872 1458">
     <span class='ocr_line' id='line_1_55' title="bbox 1089 1419 1872 1458; baseline -0.003 -8"><span class='ocrx_word' id='word_1_450' title='bbox 1089 1424 1165 1458; x_wconf 83' lang='grc' dir='ltr'><em>μοὺς,</em></span> <span class='ocrx_word' id='word_1_451' title='bbox 1181 1423 1228 1449; x_wconf 73' lang='grc' dir='ltr'><em>καὶ</em></span> <span class='ocrx_word' id='word_1_452' title='bbox 1242 1423 1327 1458; x_wconf 79' lang='grc' dir='ltr'><em>ῥῖνας,</em></span> <span class='ocrx_word' id='word_1_453' title='bbox 1347 1422 1394 1449; x_wconf 76' lang='grc' dir='ltr'><em>καὶ</em></span> <span class='ocrx_word' id='word_1_454' title='bbox 1408 1419 1474 1455; x_wconf 78' lang='grc' dir='ltr'><em>ὦτα,</em></span> <span class='ocrx_word' id='word_1_455' title='bbox 1490 1422 1537 1449; x_wconf 81' lang='grc' dir='ltr'><em>καὶ</em></span> <span class='ocrx_word' id='word_1_456' title='bbox 1555 1424 1657 1457; x_wconf 82' lang='grc' dir='ltr'><em>χεῖρας,</em></span> <span class='ocrx_word' id='word_1_457' title='bbox 1675 1422 1722 1449; x_wconf 80' lang='grc' dir='ltr'><em>καὶ</em></span> <span class='ocrx_word' id='word_1_458' title='bbox 1735 1422 1820 1457; x_wconf 79' lang='grc' dir='ltr'><em>στόμα</em></span> <span class='ocrx_word' id='word_1_459' title='bbox 1833 1420 1872 1448; x_wconf 85' lang='grc' dir='ltr'><strong><em>εἷ-</em></strong></span> 
     </span>
    </p>
   </div>
   <div class='ocr_carea' id='block_1_56' title="bbox 1087 1467 1873 1504">
    <p class='ocr_par' dir='ltr' id='par_1_56' title="bbox 1087 1467 1873 1504">
     <span class='ocr_line' id='line_1_56' title="bbox 1087 1467 1873 1504; baseline 0.004 -13"><span class='ocrx_word' id='word_1_460' title='bbox 1087 1477 1133 1504; x_wconf 84' lang='grc' dir='ltr'><em>χον</em></span> <span class='ocrx_word' id='word_1_461' title='bbox 1146 1469 1281 1504; x_wconf 82' lang='grc' dir='ltr'><strong><em>ἀκινήτως</em></strong></span> <span class='ocrx_word' id='word_1_462' title='bbox 1294 1467 1406 1503; x_wconf 84' lang='grc' dir='ltr'><em>κείμενα</em></span> <span class='ocrx_word' id='word_1_463' title='bbox 1417 1468 1483 1504; x_wconf 79' lang='grc' dir='ltr'><em>πρὸς</em></span> <span class='ocrx_word' id='word_1_464' title='bbox 1497 1468 1545 1502; x_wconf 79' lang='grc' dir='ltr'><em>τὴν</em></span> <span class='ocrx_word' id='word_1_465' title='bbox 1558 1468 1607 1502; x_wconf 86' lang='grc' dir='ltr'><em>τῆς</em></span> <span class='ocrx_word' id='word_1_466' title='bbox 1616 1467 1767 1503; x_wconf 80' lang='grc' dir='ltr'><em>αἰσθήσεως</em></span> <span class='ocrx_word' id='word_1_467' title='bbox 1777 1467 1873 1503; x_wconf 84' lang='grc' dir='ltr'><em>χρῆσιν</em></span> 
     </span>
    </p>
   </div>
   <div class='ocr_carea' id='block_1_57' title="bbox 259 1509 1040 1553">
    <p class='ocr_par' dir='ltr' id='par_1_57' title="bbox 259 1518 1038 1553">
     <span class='ocr_line' id='line_1_57' title="bbox 259 1518 1038 1553; baseline 0.001 -8"><span class='ocrx_word' id='word_1_468' title='bbox 259 1523 342 1550; x_wconf 85' lang='lat' dir='ltr'><strong><em>stant,</em></strong></span> <span class='ocrx_word' id='word_1_469' title='bbox 357 1523 385 1545; x_wconf 84' lang='lat' dir='ltr'><strong><em>et</em></strong></span> <span class='ocrx_word' id='word_1_470' title='bbox 416 1519 541 1546; x_wconf 84' lang='lat' dir='ltr'><strong><em>sedentes</em></strong></span> <span class='ocrx_word' id='word_1_471' title='bbox 564 1527 617 1546; x_wconf 91' lang='lat' dir='ltr'><strong><em>non</em></strong></span> <span class='ocrx_word' id='word_1_472' title='bbox 637 1519 742 1546; x_wconf 89' lang='lat' dir='ltr'><strong><em>sedent.</em></strong></span> <span class='ocrx_word' id='word_1_473' title='bbox 765 1518 859 1553; x_wconf 82' lang='lat' dir='ltr'><strong><em>Neque</em></strong></span> <span class='ocrx_word' id='word_1_474' title='bbox 881 1519 952 1547; x_wconf 88' lang='lat' dir='ltr'><strong><em>enim</em></strong></span> <span class='ocrx_word' id='word_1_475' title='bbox 980 1519 1038 1546; x_wconf 70' lang='lat' dir='ltr'><strong><em>haec</em></strong></span> 
     </span>
    </p>
   </div>
   <div class='ocr_carea' id='block_1_58' title="bbox 1089 1509 1873 1553">
    <p class='ocr_par' dir='ltr' id='par_1_58' title="bbox 1089 1513 1873 1549">
     <span class='ocr_line' id='line_1_58' title="bbox 1089 1513 1873 1549; baseline -0.001 -9"><span class='ocrx_word' id='word_1_476' title='bbox 1089 1514 1135 1541; x_wconf 79' lang='grc' dir='ltr'><em>καὶ</em></span> <span class='ocrx_word' id='word_1_477' title='bbox 1148 1514 1196 1549; x_wconf 85' lang='grc' dir='ltr'><em>τὴν</em></span> <span class='ocrx_word' id='word_1_478' title='bbox 1210 1513 1264 1540; x_wconf 84' lang='grc' dir='ltr'><strong><em>τῶν</em></strong></span> <span class='ocrx_word' id='word_1_479' title='bbox 1277 1513 1411 1548; x_wconf 84' lang='grc' dir='ltr'><em>αἰσθητῶν</em></span> <span class='ocrx_word' id='word_1_480' title='bbox 1428 1513 1578 1549; x_wconf 80' lang='grc' dir='ltr'><em>ἀντίληψιν.</em></span> <span class='ocrx_word' id='word_1_481' title='bbox 1591 1513 1647 1540; x_wconf 85' lang='grc' dir='ltr'><strong><em>Νῦν</em></strong></span> <span class='ocrx_word' id='word_1_482' title='bbox 1660 1513 1688 1539; x_wconf 84' lang='grc' dir='ltr'><strong><em>δὲ</em></strong></span> <span class='ocrx_word' id='word_1_483' title='bbox 1704 1513 1810 1548; x_wconf 76' lang='grc' dir='ltr'><em>ἔχοντες</em></span> <span class='ocrx_word' id='word_1_484' title='bbox 1822 1513 1873 1539; x_wconf 76' lang='grc' dir='ltr'><em>οὐκ</em></span> 
     </span>
    </p>
   </div>
   <div class='ocr_carea' id='block_1_59' title="bbox 259 1564 1039 1599">
    <p class='ocr_par' dir='ltr' id='par_1_59' title="bbox 259 1564 1039 1599">
     <span class='ocr_line' id='line_1_59' title="bbox 259 1564 1039 1599; baseline 0 -8"><span class='ocrx_word' id='word_1_485' title='bbox 259 1564 354 1598; x_wconf 80' lang='lat' dir='ltr'><strong><em>agendi</em></strong></span> <span class='ocrx_word' id='word_1_486' title='bbox 368 1565 421 1592; x_wconf 85' lang='lat' dir='ltr'><strong><em>vim</em></strong></span> <span class='ocrx_word' id='word_1_487' title='bbox 442 1564 552 1598; x_wconf 83' lang='lat' dir='ltr'><strong><em>habent,</em></strong></span> <span class='ocrx_word' id='word_1_488' title='bbox 565 1565 612 1592; x_wconf 88' lang='lat' dir='ltr'><strong><em>sed</em></strong></span> <span class='ocrx_word' id='word_1_489' title='bbox 628 1570 659 1592; x_wconf 91' lang='lat' dir='ltr'><strong><em>ut</em></strong></span> <span class='ocrx_word' id='word_1_490' title='bbox 679 1565 767 1592; x_wconf 86' lang='lat' dir='ltr'><strong><em>ﬁctori</em></strong></span> <span class='ocrx_word' id='word_1_491' title='bbox 788 1564 900 1599; x_wconf 85' lang='lat' dir='ltr'><strong><em>placuit,</em></strong></span> <span class='ocrx_word' id='word_1_492' title='bbox 919 1565 956 1591; x_wconf 90' lang='lat' dir='ltr'><strong><em>ita</em></strong></span> <span class='ocrx_word' id='word_1_493' title='bbox 981 1572 1039 1592; x_wconf 83' lang='lat' dir='ltr'><strong><em>ma-</em></strong></span> 
     </span>
    </p>
   </div>
   <div class='ocr_carea' id='block_1_60' title="bbox 259 1609 1037 1645">
    <p class='ocr_par' dir='ltr' id='par_1_60' title="bbox 259 1609 1037 1645">
     <span class='ocr_line' id='line_1_60' title="bbox 259 1609 1037 1645; baseline 0.001 -9"><span class='ocrx_word' id='word_1_494' title='bbox 259 1614 322 1636; x_wconf 89' lang='lat' dir='ltr'><strong><em>nent</em></strong></span> <span class='ocrx_word' id='word_1_495' title='bbox 335 1614 361 1637; x_wconf 84' lang='lat' dir='ltr'><strong><em>et</em></strong></span> <span class='ocrx_word' id='word_1_496' title='bbox 373 1609 475 1643; x_wconf 77' lang='lat' dir='ltr'><strong><em>iacent,</em></strong></span> <span class='ocrx_word' id='word_1_497' title='bbox 505 1610 660 1645; x_wconf 88' lang='lat' dir='ltr'><strong><em>nullumque</em></strong></span> <span class='ocrx_word' id='word_1_498' title='bbox 680 1610 828 1638; x_wconf 83' lang='lat' dir='ltr'><strong><em>divinitatis</em></strong></span> <span class='ocrx_word' id='word_1_499' title='bbox 844 1610 972 1637; x_wconf 89' lang='lat' dir='ltr'><strong><em>indicium</em></strong></span> <span class='ocrx_word' id='word_1_500' title='bbox 991 1617 1037 1637; x_wconf 81' lang='lat' dir='ltr'><strong><em>ex-</em></strong></span> 
     </span>
    </p>
   </div>
   <div class='ocr_carea' id='block_1_61' title="bbox 259 1656 1038 1691">
    <p class='ocr_par' dir='ltr' id='par_1_61' title="bbox 259 1656 1038 1691">
     <span class='ocr_line' id='line_1_61' title="bbox 259 1656 1038 1691; baseline 0.001 -9"><span class='ocrx_word' id='word_1_501' title='bbox 259 1656 362 1689; x_wconf 87' lang='lat' dir='ltr'><strong><em>hibent,</em></strong></span> <span class='ocrx_word' id='word_1_502' title='bbox 379 1656 425 1683; x_wconf 88' lang='lat' dir='ltr'><strong><em>sed</em></strong></span> <span class='ocrx_word' id='word_1_503' title='bbox 441 1656 559 1683; x_wconf 87' lang='lat' dir='ltr'><strong><em>inanima</em></strong></span> <span class='ocrx_word' id='word_1_504' title='bbox 574 1664 684 1691; x_wconf 82' lang='lat' dir='ltr'><strong><em>prorsus</em></strong></span> <span class='ocrx_word' id='word_1_505' title='bbox 695 1661 757 1684; x_wconf 88' lang='lat' dir='ltr'><strong><em>sunt</em></strong></span> <span class='ocrx_word' id='word_1_506' title='bbox 773 1656 884 1691; x_wconf 87' lang='lat' dir='ltr'><strong><em>solaque</em></strong></span> <span class='ocrx_word' id='word_1_507' title='bbox 898 1656 1038 1683; x_wconf 87' lang='lat' dir='ltr'><strong><em>hominum</em></strong></span> 
     </span>
    </p>
   </div>
   <div class='ocr_carea' id='block_1_62' title="bbox 259 1700 1038 1737">
    <p class='ocr_par' dir='ltr' id='par_1_62' title="bbox 259 1700 1038 1737">
     <span class='ocr_line' id='line_1_62' title="bbox 259 1700 1038 1737; baseline 0 -9"><span class='ocrx_word' id='word_1_508' title='bbox 259 1706 318 1728; x_wconf 86' lang='lat' dir='ltr'><strong><em>arte</em></strong></span> <span class='ocrx_word' id='word_1_509' title='bbox 329 1701 473 1728; x_wconf 77' lang='lat' dir='ltr'><strong><em>exsistunt.</em></strong></span> <span class='ocrx_word' id='word_1_510' title='bbox 487 1700 596 1729; x_wconf 87' lang='lat' dir='ltr'><strong><em>Utinam</em></strong></span> <span class='ocrx_word' id='word_1_511' title='bbox 613 1708 719 1737; x_wconf 89' lang='lat' dir='ltr'><strong><em>quoque</em></strong></span> <span class='ocrx_word' id='word_1_512' title='bbox 732 1702 884 1735; x_wconf 73' lang='lat' dir='ltr'><strong><em>huiusmodi</em></strong></span> <span class='ocrx_word' id='word_1_513' title='bbox 910 1701 1038 1729; x_wconf 88' lang='lat' dir='ltr'><strong><em>falsorum</em></strong></span> 
     </span>
    </p>
   </div>
   <div class='ocr_carea' id='block_1_63' title="bbox 258 1747 1038 1783">
    <p class='ocr_par' dir='ltr' id='par_1_63' title="bbox 258 1747 1038 1783">
     <span class='ocr_line' id='line_1_63' title="bbox 258 1747 1038 1783; baseline 0 -9"><span class='ocrx_word' id='word_1_514' title='bbox 258 1747 368 1774; x_wconf 89' lang='lat' dir='ltr'><strong><em>deorum</em></strong></span> <span class='ocrx_word' id='word_1_515' title='bbox 386 1747 578 1782; x_wconf 65' lang='lat' dir='ltr'><strong><em>praedicatores</em></strong></span> <span class='ocrx_word' id='word_1_516' title='bbox 592 1752 619 1774; x_wconf 90' lang='lat' dir='ltr'><strong><em>et</em></strong></span> <span class='ocrx_word' id='word_1_517' title='bbox 632 1752 707 1775; x_wconf 83' lang='lat' dir='ltr'><strong><em>vates</em></strong></span> <span class='ocrx_word' id='word_1_518' title='bbox 723 1747 827 1783; x_wconf 85' lang='lat' dir='ltr'><strong><em>(poetas</em></strong></span> <span class='ocrx_word' id='word_1_519' title='bbox 845 1753 872 1775; x_wconf 85' lang='lat' dir='ltr'><strong><em>et</em></strong></span> <span class='ocrx_word' id='word_1_520' title='bbox 894 1747 1038 1775; x_wconf 86' lang='lat' dir='ltr'><strong><em>historicos</em></strong></span> 
     </span>
    </p>
   </div>
   <div class='ocr_carea' id='block_1_64' title="bbox 258 1786 1039 1827">
    <p class='ocr_par' dir='ltr' id='par_1_64' title="bbox 258 1786 1039 1827">
     <span class='ocr_line' id='line_1_64' title="bbox 258 1786 1039 1827; baseline -0.001 -7"><span class='ocrx_word' id='word_1_521' title='bbox 258 1793 329 1827; x_wconf 80' lang='lat' dir='ltr'><strong><em>dico)</em></strong></span> <span class='ocrx_word' id='word_1_522' title='bbox 340 1786 405 1820; x_wconf 82' lang='lat' dir='ltr'><strong><em>deos</em></strong></span> <span class='ocrx_word' id='word_1_523' title='bbox 424 1792 484 1820; x_wconf 91' lang='lat' dir='ltr'><strong><em>illos</em></strong></span> <span class='ocrx_word' id='word_1_524' title='bbox 496 1799 557 1820; x_wconf 89' lang='lat' dir='ltr'><strong><em>esse</em></strong></span> <span class='ocrx_word' id='word_1_525' title='bbox 577 1792 644 1820; x_wconf 86' lang='lat' dir='ltr'><strong><em>satis</em></strong></span> <span class='ocrx_word' id='word_1_526' title='bbox 655 1793 815 1820; x_wconf 81' lang='lat' dir='ltr'><strong><em>habuissent</em></strong></span> <span class='ocrx_word' id='word_1_527' title='bbox 832 1792 964 1825; x_wconf 83' lang='lat' dir='ltr'><strong><em>scribere,</em></strong></span> <span class='ocrx_word' id='word_1_528' title='bbox 989 1800 1039 1819; x_wconf 89' lang='lat' dir='ltr'><strong><em>nec</em></strong></span> 
     </span>
    </p>
   </div>
   <div class='ocr_carea' id='block_1_65' title="bbox 259 1838 1039 1873">
    <p class='ocr_par' dir='ltr' id='par_1_65' title="bbox 259 1838 1039 1873">
     <span class='ocr_line' id='line_1_65' title="bbox 259 1838 1039 1873; baseline 0 -7"><span class='ocrx_word' id='word_1_529' title='bbox 259 1846 352 1866; x_wconf 82' lang='lat' dir='ltr'><strong><em>eorum</em></strong></span> <span class='ocrx_word' id='word_1_530' title='bbox 364 1843 438 1873; x_wconf 70' lang='lat' dir='ltr'><strong><em>gesta</em></strong></span> <span class='ocrx_word' id='word_1_531' title='bbox 456 1838 554 1866; x_wconf 88' lang='lat' dir='ltr'><strong><em>litteris</em></strong></span> <span class='ocrx_word' id='word_1_532' title='bbox 583 1838 767 1871; x_wconf 86' lang='lat' dir='ltr'><strong><em>mandassent,</em></strong></span> <span class='ocrx_word' id='word_1_533' title='bbox 784 1846 844 1873; x_wconf 63' lang='lat' dir='ltr'><strong><em>qua</em></strong></span> <span class='ocrx_word' id='word_1_534' title='bbox 867 1845 962 1873; x_wconf 87' lang='lat' dir='ltr'><strong><em>nempe</em></strong></span> <span class='ocrx_word' id='word_1_535' title='bbox 979 1838 1039 1866; x_wconf 89' lang='lat' dir='ltr'><strong><em>illos</em></strong></span> 
     </span>
    </p>
   </div>
   <div class='ocr_carea' id='block_1_66' title="bbox 259 1884 1040 1918">
    <p class='ocr_par' dir='ltr' id='par_1_66' title="bbox 259 1884 1040 1918">
     <span class='ocr_line' id='line_1_66' title="bbox 259 1884 1040 1918; baseline 0.001 -8"><span class='ocrx_word' id='word_1_536' title='bbox 259 1884 371 1911; x_wconf 88' lang='lat' dir='ltr'><strong><em>minime</em></strong></span> <span class='ocrx_word' id='word_1_537' title='bbox 382 1891 442 1911; x_wconf 87' lang='lat' dir='ltr'><strong><em>esse</em></strong></span> <span class='ocrx_word' id='word_1_538' title='bbox 450 1885 524 1914; x_wconf 84' lang='lat' dir='ltr'><strong><em>deos.</em></strong></span> <span class='ocrx_word' id='word_1_539' title='bbox 542 1884 588 1911; x_wconf 87' lang='lat' dir='ltr'><strong><em>sed</em></strong></span> <span class='ocrx_word' id='word_1_540' title='bbox 605 1888 709 1918; x_wconf 88' lang='lat' dir='ltr'><strong><em>turpem</em></strong></span> <span class='ocrx_word' id='word_1_541' title='bbox 724 1885 808 1911; x_wconf 89' lang='lat' dir='ltr'><strong><em>vitam</em></strong></span> <span class='ocrx_word' id='word_1_542' title='bbox 824 1884 935 1911; x_wconf 86' lang='lat' dir='ltr'><strong><em>duxisse</em></strong></span> <span class='ocrx_word' id='word_1_543' title='bbox 947 1888 1040 1912; x_wconf 87' lang='lat' dir='ltr'><strong><em>essent</em></strong></span> 
     </span>
    </p>
   </div>
   <div class='ocr_carea' id='block_1_67' title="bbox 259 1929 1039 1964">
    <p class='ocr_par' dir='ltr' id='par_1_67' title="bbox 259 1929 1039 1964">
     <span class='ocr_line' id='line_1_67' title="bbox 259 1929 1039 1964; baseline 0.001 -8"><span class='ocrx_word' id='word_1_544' title='bbox 259 1930 434 1964; x_wconf 70' lang='lat' dir='ltr'><strong><em>argumento!</em></strong></span> <span class='ocrx_word' id='word_1_545' title='bbox 445 1929 566 1964; x_wconf 80' lang='lat' dir='ltr'><strong><em>Namque</em></strong></span> <span class='ocrx_word' id='word_1_546' title='bbox 583 1929 624 1957; x_wconf 89' lang='lat' dir='ltr'><strong><em>vel</em></strong></span> <span class='ocrx_word' id='word_1_547' title='bbox 637 1929 696 1958; x_wconf 82' lang='lat' dir='ltr'><strong><em>solo</em></strong></span> <span class='ocrx_word' id='word_1_548' title='bbox 711 1930 861 1957; x_wconf 86' lang='lat' dir='ltr'><strong><em>divinitatis</em></strong></span> <span class='ocrx_word' id='word_1_549' title='bbox 873 1930 983 1957; x_wconf 86' lang='lat' dir='ltr'><strong><em>nomine</em></strong></span> <span class='ocrx_word' id='word_1_550' title='bbox 996 1937 1039 1957; x_wconf 85' lang='lat' dir='ltr'><strong><em>ve-</em></strong></span> 
     </span>
    </p>
   </div>
   <div class='ocr_carea' id='block_1_68' title="bbox 261 1975 1039 2010">
    <p class='ocr_par' dir='ltr' id='par_1_68' title="bbox 261 1975 1039 2010">
     <span class='ocr_line' id='line_1_68' title="bbox 261 1975 1039 2010; baseline 0.003 -9"><span class='ocrx_word' id='word_1_551' title='bbox 261 1975 366 2001; x_wconf 87' lang='lat' dir='ltr'><strong><em>ritatem</em></strong></span> <span class='ocrx_word' id='word_1_552' title='bbox 381 1975 519 2009; x_wconf 85' lang='lat' dir='ltr'><strong><em>subripere</em></strong></span> <span class='ocrx_word' id='word_1_553' title='bbox 542 1980 589 2002; x_wconf 85' lang='lat' dir='ltr'><strong><em>aut</em></strong></span> <span class='ocrx_word' id='word_1_554' title='bbox 614 1976 703 2010; x_wconf 84' lang='lat' dir='ltr'><strong><em>potius</em></strong></span> <span class='ocrx_word' id='word_1_555' title='bbox 719 1975 851 2010; x_wconf 90' lang='lat' dir='ltr'><strong><em>plurimos</em></strong></span> <span class='ocrx_word' id='word_1_556' title='bbox 864 1975 899 2003; x_wconf 81' lang='lat' dir='ltr'><strong><em>ab</em></strong></span> <span class='ocrx_word' id='word_1_557' title='bbox 913 1983 945 2003; x_wconf 86' lang='lat' dir='ltr'><strong><em>ea</em></strong></span> <span class='ocrx_word' id='word_1_558' title='bbox 960 1983 1039 2003; x_wconf 87' lang='lat' dir='ltr'><strong><em>aver-</em></strong></span> 
     </span>
    </p>
   </div>
   <div class='ocr_carea' id='block_1_69' title="bbox 260 2019 1039 2055">
    <p class='ocr_par' dir='ltr' id='par_1_69' title="bbox 260 2019 1039 2055">
     <span class='ocr_line' id='line_1_69' title="bbox 260 2019 1039 2055; baseline 0.001 -8"><span class='ocrx_word' id='word_1_559' title='bbox 260 2026 315 2047; x_wconf 89' lang='lat' dir='ltr'><strong><em>tere</em></strong></span> <span class='ocrx_word' id='word_1_560' title='bbox 325 2020 483 2055; x_wconf 89' lang='lat' dir='ltr'><strong><em>poluissent.</em></strong></span> <span class='ocrx_word' id='word_1_561' title='bbox 505 2019 564 2047; x_wconf 81' lang='lat' dir='ltr'><strong><em>Jam</em></strong></span> <span class='ocrx_word' id='word_1_562' title='bbox 580 2028 644 2048; x_wconf 84' lang='lat' dir='ltr'><strong><em>vero</em></strong></span> <span class='ocrx_word' id='word_1_563' title='bbox 659 2028 719 2048; x_wconf 91' lang='lat' dir='ltr'><strong><em>cum</em></strong></span> <span class='ocrx_word' id='word_1_564' title='bbox 730 2021 804 2049; x_wconf 82' lang='lat' dir='ltr'><strong><em>Jovis</em></strong></span> <span class='ocrx_word' id='word_1_565' title='bbox 818 2029 925 2048; x_wconf 88' lang='lat' dir='ltr'><strong><em>amores</em></strong></span> <span class='ocrx_word' id='word_1_566' title='bbox 939 2025 967 2048; x_wconf 87' lang='lat' dir='ltr'><strong><em>et</em></strong></span> <span class='ocrx_word' id='word_1_567' title='bbox 989 2022 1039 2049; x_wconf 90' lang='lat' dir='ltr'><strong><em>im-</em></strong></span> 
     </span>
    </p>
   </div>
   <div class='ocr_carea' id='block_1_70' title="bbox 259 2066 1040 2101">
    <p class='ocr_par' dir='ltr' id='par_1_70' title="bbox 259 2066 1040 2101">
     <span class='ocr_line' id='line_1_70' title="bbox 259 2066 1040 2101; baseline 0.004 -9"><span class='ocrx_word' id='word_1_568' title='bbox 259 2067 401 2100; x_wconf 87' lang='lat' dir='ltr'><strong><em>puritates,</em></strong></span> <span class='ocrx_word' id='word_1_569' title='bbox 416 2073 475 2093; x_wconf 88' lang='lat' dir='ltr'><strong><em>cum</em></strong></span> <span class='ocrx_word' id='word_1_570' title='bbox 488 2071 629 2100; x_wconf 85' lang='lat' dir='ltr'><strong><em>corruptos</em></strong></span> <span class='ocrx_word' id='word_1_571' title='bbox 642 2067 676 2094; x_wconf 90' lang='lat' dir='ltr'><strong><em>ab</em></strong></span> <span class='ocrx_word' id='word_1_572' title='bbox 691 2066 751 2093; x_wconf 85' lang='lat' dir='ltr'><strong><em>aliis</em></strong></span> <span class='ocrx_word' id='word_1_573' title='bbox 763 2074 870 2101; x_wconf 85' lang='lat' dir='ltr'><strong><em>pueros,</em></strong></span> <span class='ocrx_word' id='word_1_574' title='bbox 896 2074 958 2094; x_wconf 91' lang='lat' dir='ltr'><strong><em>cum</em></strong></span> <span class='ocrx_word' id='word_1_575' title='bbox 973 2067 1040 2095; x_wconf 83' lang='lat' dir='ltr'><strong><em>alio-</em></strong></span> 
     </span>
    </p>
   </div>
   <div class='ocr_carea' id='block_1_71' title="bbox 259 2111 1040 2146">
    <p class='ocr_par' dir='ltr' id='par_1_71' title="bbox 259 2111 1040 2146">
     <span class='ocr_line' id='line_1_71' title="bbox 259 2111 1040 2146; baseline 0.004 -8"><span class='ocrx_word' id='word_1_576' title='bbox 259 2119 330 2143; x_wconf 88' lang='lat' dir='ltr'><strong><em>rum,</em></strong></span> <span class='ocrx_word' id='word_1_577' title='bbox 348 2118 404 2146; x_wconf 68' lang='lat' dir='ltr'><strong><em>pras</em></strong></span> <span class='ocrx_word' id='word_1_578' title='bbox 430 2118 477 2139; x_wconf 87' lang='lat' dir='ltr'><strong><em>sua</em></strong></span> <span class='ocrx_word' id='word_1_579' title='bbox 497 2111 524 2138; x_wconf 93' lang='lat' dir='ltr'><strong><em>in</em></strong></span> <span class='ocrx_word' id='word_1_580' title='bbox 545 2111 660 2138; x_wconf 84' lang='lat' dir='ltr'><strong><em>l&#39;etninas</em></strong></span> <span class='ocrx_word' id='word_1_581' title='bbox 676 2111 797 2143; x_wconf 91' lang='lat' dir='ltr'><strong><em>libidine,</em></strong></span> <span class='ocrx_word' id='word_1_582' title='bbox 821 2112 992 2146; x_wconf 83' lang='lat' dir='ltr'><strong><em>suspiciones</em></strong></span> <span class='ocrx_word' id='word_1_583' title='bbox 1012 2118 1040 2141; x_wconf 88' lang='lat' dir='ltr'><strong><em>et</em></strong></span> 
     </span>
    </p>
   </div>
   <div class='ocr_carea' id='block_1_72' title="bbox 259 2157 1038 2191">
    <p class='ocr_par' dir='ltr' id='par_1_72' title="bbox 259 2157 1038 2191">
     <span class='ocr_line' id='line_1_72' title="bbox 259 2157 1038 2191; baseline 0.001 -6"><span class='ocrx_word' id='word_1_584' title='bbox 259 2157 465 2189; x_wconf 84' lang='lat' dir='ltr'><strong><em>sollicitudines,</em></strong></span> <span class='ocrx_word' id='word_1_585' title='bbox 478 2161 564 2184; x_wconf 86' lang='lat' dir='ltr'><strong><em>metus</em></strong></span> <span class='ocrx_word' id='word_1_586' title='bbox 576 2164 744 2191; x_wconf 76' lang='lat' dir='ltr'><strong><em>pavoresque</em></strong></span> <span class='ocrx_word' id='word_1_587' title='bbox 757 2165 789 2184; x_wconf 89' lang='lat' dir='ltr'><strong><em>ac</em></strong></span> <span class='ocrx_word' id='word_1_588' title='bbox 798 2157 849 2184; x_wconf 88' lang='lat' dir='ltr'><strong><em>alia</em></strong></span> <span class='ocrx_word' id='word_1_589' title='bbox 862 2158 928 2184; x_wconf 85' lang='lat' dir='ltr'><strong><em>vitia</em></strong></span> <span class='ocrx_word' id='word_1_590' title='bbox 943 2165 1038 2186; x_wconf 88' lang='lat' dir='ltr'><strong><em>recen-</em></strong></span> 
     </span>
    </p>
   </div>
   <div class='ocr_carea' id='block_1_73' title="bbox 1089 1558 1874 1595">
    <p class='ocr_par' dir='ltr' id='par_1_73' title="bbox 1089 1558 1874 1595">
     <span class='ocr_line' id='line_1_73' title="bbox 1089 1558 1874 1595; baseline -0.001 -9"><span class='ocrx_word' id='word_1_591' title='bbox 1089 1559 1179 1595; x_wconf 73' lang='grc' dir='ltr'><em>ἐχουσι</em></span> <span class='ocrx_word' id='word_1_592' title='bbox 1198 1559 1246 1586; x_wconf 82' lang='grc' dir='ltr'><em>καὶ</em></span> <span class='ocrx_word' id='word_1_593' title='bbox 1261 1560 1406 1595; x_wconf 80' lang='grc' dir='ltr'><em>στήκοντες</em></span> <span class='ocrx_word' id='word_1_594' title='bbox 1420 1559 1451 1586; x_wconf 89' lang='grc' dir='ltr'><em>οὐ</em></span> <span class='ocrx_word' id='word_1_595' title='bbox 1469 1560 1607 1595; x_wconf 73' lang='grc' dir='ltr'><em>στήκουσι,</em></span> <span class='ocrx_word' id='word_1_596' title='bbox 1629 1559 1676 1586; x_wconf 76' lang='grc' dir='ltr'><em>καὶ</em></span> <span class='ocrx_word' id='word_1_597' title='bbox 1699 1558 1874 1594; x_wconf 79' lang='grc' dir='ltr'><em>καθεζόμενοι</em></span> 
     </span>
    </p>
   </div>
   <div class='ocr_carea' id='block_1_74' title="bbox 1088 1603 1872 1640">
    <p class='ocr_par' dir='ltr' id='par_1_74' title="bbox 1088 1603 1872 1640">
     <span class='ocr_line' id='line_1_74' title="bbox 1088 1603 1872 1640; baseline -0.003 -9"><span class='ocrx_word' id='word_1_598' title='bbox 1088 1605 1118 1631; x_wconf 84' lang='grc' dir='ltr'><em>οὐ</em></span> <span class='ocrx_word' id='word_1_599' title='bbox 1131 1604 1299 1636; x_wconf 79' lang='grc' dir='ltr'><em>καθέζονται.</em></span> <span class='ocrx_word' id='word_1_600' title='bbox 1313 1605 1350 1631; x_wconf 82' lang='grc' dir='ltr'><strong><em>Οὐ</em></strong></span> <span class='ocrx_word' id='word_1_601' title='bbox 1367 1604 1420 1640; x_wconf 84' lang='grc' dir='ltr'><em>γὰρ</em></span> <span class='ocrx_word' id='word_1_602' title='bbox 1433 1604 1523 1639; x_wconf 69' lang='grc' dir='ltr'><em>ἔχουσι</em></span> <span class='ocrx_word' id='word_1_603' title='bbox 1537 1603 1639 1631; x_wconf 84' lang='grc' dir='ltr'><em>τούτων</em></span> <span class='ocrx_word' id='word_1_604' title='bbox 1656 1603 1704 1640; x_wconf 81' lang='grc' dir='ltr'><em>τὴν</em></span> <span class='ocrx_word' id='word_1_605' title='bbox 1723 1604 1872 1639; x_wconf 76' lang='grc' dir='ltr'><em>ἐνέργειαν,</em></span> 
     </span>
    </p>
   </div>
   <div class='ocr_carea' id='block_1_75' title="bbox 1088 1648 1872 1685">
    <p class='ocr_par' dir='ltr' id='par_1_75' title="bbox 1088 1648 1872 1685">
     <span class='ocr_line' id='line_1_75' title="bbox 1088 1648 1872 1685; baseline -0.003 -8"><span class='ocrx_word' id='word_1_606' title='bbox 1088 1649 1145 1677; x_wconf 81' lang='grc' dir='ltr'><em>ἀλλ’</em></span> <span class='ocrx_word' id='word_1_607' title='bbox 1160 1651 1197 1681; x_wconf 85' lang='grc' dir='ltr'><em>ὡς</em></span> <span class='ocrx_word' id='word_1_608' title='bbox 1210 1651 1225 1676; x_wconf 84' lang='grc' dir='ltr'><strong><em>ό</em></strong></span> <span class='ocrx_word' id='word_1_609' title='bbox 1241 1650 1345 1681; x_wconf 83' lang='grc' dir='ltr'><em>πλάσας</em></span> <span class='ocrx_word' id='word_1_610' title='bbox 1358 1649 1498 1685; x_wconf 74' lang='grc' dir='ltr'><em>ἠθέλησεν,</em></span> <span class='ocrx_word' id='word_1_611' title='bbox 1509 1649 1580 1676; x_wconf 75' lang='grc' dir='ltr'><em>οὕτω</em></span> <span class='ocrx_word' id='word_1_612' title='bbox 1598 1649 1645 1676; x_wconf 80' lang='grc' dir='ltr'><em>καὶ</em></span> <span class='ocrx_word' id='word_1_613' title='bbox 1659 1649 1769 1684; x_wconf 83' lang='grc' dir='ltr'><em>μένουσι</em></span> <span class='ocrx_word' id='word_1_614' title='bbox 1784 1648 1872 1684; x_wconf 79' lang='grc' dir='ltr'><em>κείμε-</em></span> 
     </span>
    </p>
   </div>
   <div class='ocr_carea' id='block_1_76' title="bbox 1087 1694 1872 1731">
    <p class='ocr_par' dir='ltr' id='par_1_76' title="bbox 1087 1694 1872 1731">
     <span class='ocr_line' id='line_1_76' title="bbox 1087 1694 1872 1731; baseline -0.001 -9"><span class='ocrx_word' id='word_1_615' title='bbox 1087 1704 1138 1728; x_wconf 84' lang='grc' dir='ltr'><em>νοι,</em></span> <span class='ocrx_word' id='word_1_616' title='bbox 1156 1695 1223 1722; x_wconf 83' lang='grc' dir='ltr'><strong><em>Θεοῦ</em></strong></span> <span class='ocrx_word' id='word_1_617' title='bbox 1247 1695 1296 1731; x_wconf 81' lang='grc' dir='ltr'><em>μὲν</em></span> <span class='ocrx_word' id='word_1_618' title='bbox 1312 1694 1454 1731; x_wconf 83' lang='grc' dir='ltr'><em>γνώρισμα</em></span> <span class='ocrx_word' id='word_1_619' title='bbox 1472 1695 1554 1730; x_wconf 81' lang='grc' dir='ltr'><em>μηδὲν</em></span> <span class='ocrx_word' id='word_1_620' title='bbox 1576 1695 1751 1731; x_wconf 80' lang='grc' dir='ltr'><em>παρέχοντες,</em></span> <span class='ocrx_word' id='word_1_621' title='bbox 1771 1695 1872 1730; x_wconf 78' lang='grc' dir='ltr'><em>ἀψυχοι</em></span> 
     </span>
    </p>
   </div>
   <div class='ocr_carea' id='block_1_77' title="bbox 1088 1740 1873 1777">
    <p class='ocr_par' dir='ltr' id='par_1_77' title="bbox 1088 1740 1873 1777">
     <span class='ocr_line' id='line_1_77' title="bbox 1088 1740 1873 1777; baseline -0.001 -9"><span class='ocrx_word' id='word_1_622' title='bbox 1088 1742 1116 1769; x_wconf 82' lang='grc' dir='ltr'><strong><em>δὲ</em></strong></span> <span class='ocrx_word' id='word_1_623' title='bbox 1132 1741 1245 1769; x_wconf 77' lang='grc' dir='ltr'><em>καθόλου</em></span> <span class='ocrx_word' id='word_1_624' title='bbox 1262 1742 1341 1777; x_wconf 87' lang='grc' dir='ltr'><em>μόνον</em></span> <span class='ocrx_word' id='word_1_625' title='bbox 1357 1741 1499 1777; x_wconf 86' lang='grc' dir='ltr'><em>ἀνθρώπου</em></span> <span class='ocrx_word' id='word_1_626' title='bbox 1512 1741 1594 1777; x_wconf 79' lang='grc' dir='ltr'><em>τέχνῃ</em></span> <span class='ocrx_word' id='word_1_627' title='bbox 1609 1741 1764 1777; x_wconf 83' lang='grc' dir='ltr'><em>φαινόμενοι</em></span> <span class='ocrx_word' id='word_1_628' title='bbox 1782 1740 1873 1767; x_wconf 83' lang='grc' dir='ltr'><em>τεθέν-</em></span> 
     </span>
    </p>
   </div>
   <div class='ocr_carea' id='block_1_78' title="bbox 1088 1787 1873 1822">
    <p class='ocr_par' dir='ltr' id='par_1_78' title="bbox 1088 1787 1873 1822">
     <span class='ocr_line' id='line_1_78' title="bbox 1088 1787 1873 1822; baseline -0.001 -8"><span class='ocrx_word' id='word_1_629' title='bbox 1088 1796 1143 1819; x_wconf 82' lang='grc' dir='ltr'><em>τες.</em></span> <span class='ocrx_word' id='word_1_630' title='bbox 1161 1787 1225 1814; x_wconf 80' lang='grc' dir='ltr'><em>Εἴθε</em></span> <span class='ocrx_word' id='word_1_631' title='bbox 1237 1787 1265 1814; x_wconf 79' lang='grc' dir='ltr'><strong><em>δὲ</em></strong></span> <span class='ocrx_word' id='word_1_632' title='bbox 1284 1788 1331 1814; x_wconf 81' lang='grc' dir='ltr'><em>καὶ</em></span> <span class='ocrx_word' id='word_1_633' title='bbox 1339 1788 1364 1814; x_wconf 75' lang='grc' dir='ltr'><strong><em>οι</em></strong></span> <span class='ocrx_word' id='word_1_634' title='bbox 1376 1787 1430 1814; x_wconf 85' lang='grc' dir='ltr'><em>τῶν</em></span> <span class='ocrx_word' id='word_1_635' title='bbox 1446 1787 1573 1814; x_wconf 75' lang='grc' dir='ltr'><em>τοιούτων</em></span> <span class='ocrx_word' id='word_1_636' title='bbox 1585 1787 1737 1822; x_wconf 81' lang='grc' dir='ltr'><em>ψευδοθέων</em></span> <span class='ocrx_word' id='word_1_637' title='bbox 1753 1787 1873 1822; x_wconf 82' lang='grc' dir='ltr'><em>κήρυκες</em></span> 
     </span>
    </p>
   </div>
   <div class='ocr_carea' id='block_1_79' title="bbox 1088 1832 1872 1868">
    <p class='ocr_par' dir='ltr' id='par_1_79' title="bbox 1088 1832 1872 1868">
     <span class='ocr_line' id='line_1_79' title="bbox 1088 1832 1872 1868; baseline -0.001 -8"><span class='ocrx_word' id='word_1_638' title='bbox 1088 1833 1136 1860; x_wconf 75' lang='grc' dir='ltr'><em>καὶ</em></span> <span class='ocrx_word' id='word_1_639' title='bbox 1156 1833 1276 1868; x_wconf 84' lang='grc' dir='ltr'><em>μάντεις,</em></span> <span class='ocrx_word' id='word_1_640' title='bbox 1292 1833 1402 1868; x_wconf 77' lang='grc' dir='ltr'><em>ποιηταὶ</em></span> <span class='ocrx_word' id='word_1_641' title='bbox 1421 1833 1493 1867; x_wconf 86' lang='grc' dir='ltr'><em>λέγω</em></span> <span class='ocrx_word' id='word_1_642' title='bbox 1514 1833 1561 1859; x_wconf 79' lang='grc' dir='ltr'><em>καὶ</em></span> <span class='ocrx_word' id='word_1_643' title='bbox 1582 1834 1759 1868; x_wconf 85' lang='grc' dir='ltr'><em>συγγραφεῖς,</em></span> <span class='ocrx_word' id='word_1_644' title='bbox 1780 1832 1872 1865; x_wconf 81' lang='grc' dir='ltr'><em>ἁπλῶς</em></span> 
     </span>
    </p>
   </div>
   <div class='ocr_carea' id='block_1_80' title="bbox 1088 1876 1872 1914">
    <p class='ocr_par' dir='ltr' id='par_1_80' title="bbox 1088 1876 1872 1914">
     <span class='ocr_line' id='line_1_80' title="bbox 1088 1876 1872 1914; baseline 0 -10"><span class='ocrx_word' id='word_1_645' title='bbox 1088 1877 1166 1910; x_wconf 78' lang='grc' dir='ltr'><em>θεοὺς</em></span> <span class='ocrx_word' id='word_1_646' title='bbox 1184 1879 1282 1910; x_wconf 78' lang='grc' dir='ltr'><em>αὐτοὺς</em></span> <span class='ocrx_word' id='word_1_647' title='bbox 1308 1876 1379 1905; x_wconf 78' lang='grc' dir='ltr'><em>εἶναι</em></span> <span class='ocrx_word' id='word_1_648' title='bbox 1406 1878 1628 1914; x_wconf 78' lang='grc' dir='ltr'><em>γεγραφήκεισαν</em></span> <span class='ocrx_word' id='word_1_649' title='bbox 1643 1886 1650 1893; x_wconf 93' lang='grc'><strong>·</strong></span> <span class='ocrx_word' id='word_1_650' title='bbox 1671 1877 1741 1904; x_wconf 83' lang='grc' dir='ltr'><em>ἀλλὰ</em></span> <span class='ocrx_word' id='word_1_651' title='bbox 1767 1877 1806 1913; x_wconf 76' lang='grc' dir='ltr'><em>μὴ</em></span> <span class='ocrx_word' id='word_1_652' title='bbox 1825 1878 1872 1905; x_wconf 78' lang='grc' dir='ltr'><em>καὶ</em></span> 
     </span>
    </p>
   </div>
   <div class='ocr_carea' id='block_1_81' title="bbox 1088 1923 1874 1960">
    <p class='ocr_par' dir='ltr' id='par_1_81' title="bbox 1088 1923 1874 1960">
     <span class='ocr_line' id='line_1_81' title="bbox 1088 1923 1874 1960; baseline 0 -10"><span class='ocrx_word' id='word_1_653' title='bbox 1088 1923 1138 1956; x_wconf 83' lang='grc' dir='ltr'><em>τὰς</em></span> <span class='ocrx_word' id='word_1_654' title='bbox 1158 1924 1271 1960; x_wconf 74' lang='grc' dir='ltr'><em>πράξεις</em></span> <span class='ocrx_word' id='word_1_655' title='bbox 1293 1924 1383 1951; x_wconf 84' lang='grc' dir='ltr'><em>αὐτῶν</em></span> <span class='ocrx_word' id='word_1_656' title='bbox 1397 1924 1464 1960; x_wconf 79' lang='grc' dir='ltr'><em>πρὸς</em></span> <span class='ocrx_word' id='word_1_657' title='bbox 1483 1923 1591 1959; x_wconf 71' lang='grc' dir='ltr'><em>ἔλεγχον</em></span> <span class='ocrx_word' id='word_1_658' title='bbox 1605 1923 1749 1958; x_wconf 80' lang='grc' dir='ltr'><em>ἀθεότητος</em></span> <span class='ocrx_word' id='word_1_659' title='bbox 1771 1924 1817 1950; x_wconf 74' lang='grc' dir='ltr'><em>καὶ</em></span> <span class='ocrx_word' id='word_1_660' title='bbox 1831 1925 1874 1950; x_wconf 83' lang='grc' dir='ltr'><em>αι-</em></span> 
     </span>
    </p>
   </div>
   <div class='ocr_carea' id='block_1_82' title="bbox 1090 1969 1875 2005">
    <p class='ocr_par' dir='ltr' id='par_1_82' title="bbox 1090 1969 1875 2005">
     <span class='ocr_line' id='line_1_82' title="bbox 1090 1969 1875 2005; baseline 0 -9"><span class='ocrx_word' id='word_1_661' title='bbox 1090 1969 1233 2005; x_wconf 77' lang='grc' dir='ltr'><em>σχροποιοῦ</em></span> <span class='ocrx_word' id='word_1_662' title='bbox 1255 1970 1391 2002; x_wconf 86' lang='grc' dir='ltr'><em>πολιτείας</em></span> <span class='ocrx_word' id='word_1_663' title='bbox 1415 1970 1695 2005; x_wconf 83' lang='grc' dir='ltr'><em>ἀναγεγραφήκεισαν.</em></span> <span class='ocrx_word' id='word_1_664' title='bbox 1729 1969 1875 1996; x_wconf 81' lang='grc' dir='ltr'><em>Ἢδύναντο</em></span> 
     </span>
    </p>
   </div>
   <div class='ocr_carea' id='block_1_83' title="bbox 1088 2015 1873 2052">
    <p class='ocr_par' dir='ltr' id='par_1_83' title="bbox 1088 2015 1873 2052">
     <span class='ocr_line' id='line_1_83' title="bbox 1088 2015 1873 2052; baseline 0 -10"><span class='ocrx_word' id='word_1_665' title='bbox 1088 2015 1142 2051; x_wconf 85' lang='grc' dir='ltr'><em>γὰρ</em></span> <span class='ocrx_word' id='word_1_666' title='bbox 1159 2016 1206 2042; x_wconf 72' lang='grc' dir='ltr'><em>καὶ</em></span> <span class='ocrx_word' id='word_1_667' title='bbox 1217 2016 1289 2051; x_wconf 84' lang='grc' dir='ltr'><em>μόνῳ</em></span> <span class='ocrx_word' id='word_1_668' title='bbox 1299 2015 1339 2050; x_wconf 83' lang='grc' dir='ltr'><em>τῷ</em></span> <span class='ocrx_word' id='word_1_669' title='bbox 1352 2017 1402 2051; x_wconf 81' lang='grc' dir='ltr'><em>τῆς</em></span> <span class='ocrx_word' id='word_1_670' title='bbox 1417 2015 1541 2052; x_wconf 83' lang='grc' dir='ltr'><em>θεότητος</em></span> <span class='ocrx_word' id='word_1_671' title='bbox 1557 2016 1667 2051; x_wconf 82' lang='grc' dir='ltr'><em>ὀνόματι</em></span> <span class='ocrx_word' id='word_1_672' title='bbox 1680 2015 1728 2051; x_wconf 79' lang='grc' dir='ltr'><em>τὴν</em></span> <span class='ocrx_word' id='word_1_673' title='bbox 1745 2015 1873 2050; x_wconf 83' lang='grc' dir='ltr'><em>ἀλήθειαν</em></span> 
     </span>
    </p>
   </div>
   <div class='ocr_carea' id='block_1_84' title="bbox 1089 2061 1872 2098">
    <p class='ocr_par' dir='ltr' id='par_1_84' title="bbox 1089 2061 1872 2098">
     <span class='ocr_line' id='line_1_84' title="bbox 1089 2061 1872 2098; baseline 0.001 -11"><span class='ocrx_word' id='word_1_674' title='bbox 1089 2061 1256 2096; x_wconf 79' lang='grc' dir='ltr'><em>ὑφαρπάσαι.</em></span> <span class='ocrx_word' id='word_1_675' title='bbox 1274 2061 1372 2096; x_wconf 79' lang='grc' dir='ltr'><em>μᾶλλον</em></span> <span class='ocrx_word' id='word_1_676' title='bbox 1391 2061 1419 2088; x_wconf 71' lang='grc' dir='ltr'><strong><em>δὲ</em></strong></span> <span class='ocrx_word' id='word_1_677' title='bbox 1441 2062 1504 2093; x_wconf 74' lang='grc' dir='ltr'><em>τοὺς</em></span> <span class='ocrx_word' id='word_1_678' title='bbox 1524 2062 1635 2093; x_wconf 78' lang='grc' dir='ltr'><em>πολλοὺς</em></span> <span class='ocrx_word' id='word_1_679' title='bbox 1655 2062 1709 2088; x_wconf 79' lang='grc' dir='ltr'><strong><em>ἀπὸ</em></strong></span> <span class='ocrx_word' id='word_1_680' title='bbox 1731 2062 1781 2097; x_wconf 81' lang='grc' dir='ltr'><em>τῆς</em></span> <span class='ocrx_word' id='word_1_681' title='bbox 1804 2063 1872 2098; x_wconf 83' lang='grc' dir='ltr'><em>ἁλη-</em></span> 
     </span>
    </p>
   </div>
   <div class='ocr_carea' id='block_1_85' title="bbox 1089 2106 1873 2143">
    <p class='ocr_par' dir='ltr' id='par_1_85' title="bbox 1089 2106 1873 2143">
     <span class='ocr_line' id='line_1_85' title="bbox 1089 2106 1873 2143; baseline 0.004 -11"><span class='ocrx_word' id='word_1_682' title='bbox 1089 2106 1163 2138; x_wconf 85' lang='grc' dir='ltr'><em>θείας</em></span> <span class='ocrx_word' id='word_1_683' title='bbox 1176 2106 1319 2141; x_wconf 79' lang='grc' dir='ltr'><em>πλανῆσαι.</em></span> <span class='ocrx_word' id='word_1_684' title='bbox 1333 2106 1389 2133; x_wconf 85' lang='grc' dir='ltr'><strong><em>Νῦν</em></strong></span> <span class='ocrx_word' id='word_1_685' title='bbox 1398 2107 1427 2133; x_wconf 83' lang='grc' dir='ltr'><strong><em>δὲ</em></strong></span> <span class='ocrx_word' id='word_1_686' title='bbox 1438 2107 1542 2143; x_wconf 69' lang='grc' dir='ltr'><em>ἔρωτας</em></span> <span class='ocrx_word' id='word_1_687' title='bbox 1553 2108 1599 2134; x_wconf 78' lang='grc' dir='ltr'><em>καὶ</em></span> <span class='ocrx_word' id='word_1_688' title='bbox 1611 2107 1753 2142; x_wconf 77' lang='grc' dir='ltr'><em>ἀσελγείας</em></span> <span class='ocrx_word' id='word_1_689' title='bbox 1767 2108 1873 2143; x_wconf 83' lang='grc' dir='ltr'><em>διηγού-</em></span> 
     </span>
    </p>
   </div>
   <div class='ocr_carea' id='block_1_86' title="bbox 1090 2151 1874 2189">
    <p class='ocr_par' dir='ltr' id='par_1_86' title="bbox 1090 2151 1874 2189">
     <span class='ocr_line' id='line_1_86' title="bbox 1090 2151 1874 2189; baseline 0.004 -12"><span class='ocrx_word' id='word_1_690' title='bbox 1090 2160 1165 2187; x_wconf 82' lang='grc' dir='ltr'><em>μενοι</em></span> <span class='ocrx_word' id='word_1_691' title='bbox 1176 2151 1224 2178; x_wconf 81' lang='grc' dir='ltr'><em>τοῦ</em></span> <span class='ocrx_word' id='word_1_692' title='bbox 1236 2152 1306 2184; x_wconf 85' lang='grc' dir='ltr'><em>Διὸς,</em></span> <span class='ocrx_word' id='word_1_693' title='bbox 1321 2153 1368 2179; x_wconf 87' lang='grc' dir='ltr'><em>καὶ</em></span> <span class='ocrx_word' id='word_1_694' title='bbox 1382 2152 1574 2188; x_wconf 83' lang='grc' dir='ltr'><em>παιδοφθορίας</em></span> <span class='ocrx_word' id='word_1_695' title='bbox 1591 2153 1643 2180; x_wconf 85' lang='grc' dir='ltr'><em>τῶν</em></span> <span class='ocrx_word' id='word_1_696' title='bbox 1653 2153 1749 2185; x_wconf 79' lang='grc' dir='ltr'><em>ἄλλων,</em></span> <span class='ocrx_word' id='word_1_697' title='bbox 1765 2155 1812 2181; x_wconf 79' lang='grc' dir='ltr'><em>καὶ</em></span> <span class='ocrx_word' id='word_1_698' title='bbox 1825 2155 1874 2189; x_wconf 76' lang='grc' dir='ltr'><em>ζη-</em></span> 
     </span>
    </p>
   </div>
   <div class='ocr_carea' id='block_1_87' title="bbox 260 2197 1040 2236">
    <p class='ocr_par' dir='ltr' id='par_1_87' title="bbox 260 2201 1038 2236">
     <span class='ocr_line' id='line_1_87' title="bbox 260 2201 1038 2236; baseline 0 -6"><span class='ocrx_word' id='word_1_699' title='bbox 260 2207 332 2236; x_wconf 85' lang='lat' dir='ltr'><strong><em>sent,</em></strong></span> <span class='ocrx_word' id='word_1_700' title='bbox 349 2202 415 2230; x_wconf 90' lang='lat' dir='ltr'><strong><em>nihil</em></strong></span> <span class='ocrx_word' id='word_1_701' title='bbox 433 2202 505 2228; x_wconf 90' lang='lat' dir='ltr'><strong><em>aliud</em></strong></span> <span class='ocrx_word' id='word_1_702' title='bbox 521 2207 595 2229; x_wconf 88' lang='lat' dir='ltr'><strong><em>certe</em></strong></span> <span class='ocrx_word' id='word_1_703' title='bbox 610 2201 729 2229; x_wconf 79' lang='lat' dir='ltr'><strong><em>cilicium</em></strong></span> <span class='ocrx_word' id='word_1_704' title='bbox 748 2209 831 2236; x_wconf 83' lang='lat' dir='ltr'><strong><em>quant</em></strong></span> <span class='ocrx_word' id='word_1_705' title='bbox 851 2207 881 2229; x_wconf 91' lang='lat' dir='ltr'><strong><em>ut</em></strong></span> <span class='ocrx_word' id='word_1_706' title='bbox 896 2202 1038 2231; x_wconf 84' lang='lat' dir='ltr'><strong><em>videantur</em></strong></span> 
     </span>
    </p>
   </div>
   <div class='ocr_carea' id='block_1_88' title="bbox 1089 2197 1875 2236">
    <p class='ocr_par' dir='ltr' id='par_1_88' title="bbox 1089 2197 1875 2234">
     <span class='ocr_line' id='line_1_88' title="bbox 1089 2197 1875 2234; baseline 0.005 -11"><span class='ocrx_word' id='word_1_707' title='bbox 1089 2197 1215 2229; x_wconf 78' lang='grc' dir='ltr'><em>λοτυπίας</em></span> <span class='ocrx_word' id='word_1_708' title='bbox 1232 2197 1299 2234; x_wconf 82' lang='grc' dir='ltr'><em>πρὸς</em></span> <span class='ocrx_word' id='word_1_709' title='bbox 1315 2197 1410 2233; x_wconf 80' lang='grc' dir='ltr'><em>ἡδονὴν</em></span> <span class='ocrx_word' id='word_1_710' title='bbox 1425 2198 1479 2224; x_wconf 86' lang='grc' dir='ltr'><em>τῶν</em></span> <span class='ocrx_word' id='word_1_711' title='bbox 1498 2198 1621 2233; x_wconf 76' lang='grc' dir='ltr'><em>θηλειῶν,</em></span> <span class='ocrx_word' id='word_1_712' title='bbox 1645 2199 1691 2225; x_wconf 78' lang='grc' dir='ltr'><em>καὶ</em></span> <span class='ocrx_word' id='word_1_713' title='bbox 1712 2199 1811 2234; x_wconf 76' lang='grc' dir='ltr'><em>φόϐους</em></span> <span class='ocrx_word' id='word_1_714' title='bbox 1826 2199 1875 2227; x_wconf 73' lang='grc' dir='ltr'><em>καὶ</em></span> 
     </span>
    </p>
   </div>
   <div class='ocr_carea' id='block_1_89' title="bbox 258 2247 1036 2283">
    <p class='ocr_par' dir='ltr' id='par_1_89' title="bbox 258 2247 1036 2283">
     <span class='ocr_line' id='line_1_89' title="bbox 258 2247 1036 2283; baseline 0.003 -8"><span class='ocrx_word' id='word_1_715' title='bbox 258 2248 293 2275; x_wconf 89' lang='lat' dir='ltr'><strong><em>de</em></strong></span> <span class='ocrx_word' id='word_1_716' title='bbox 309 2248 360 2275; x_wconf 90' lang='lat' dir='ltr'><strong><em>diis</em></strong></span> <span class='ocrx_word' id='word_1_717' title='bbox 376 2255 406 2275; x_wconf 86' lang='lat' dir='ltr'><strong><em>se</em></strong></span> <span class='ocrx_word' id='word_1_718' title='bbox 422 2255 476 2274; x_wconf 89' lang='lat' dir='ltr'><strong><em>non</em></strong></span> <span class='ocrx_word' id='word_1_719' title='bbox 493 2247 580 2275; x_wconf 88' lang='lat' dir='ltr'><strong><em>solum</em></strong></span> <span class='ocrx_word' id='word_1_720' title='bbox 596 2255 650 2275; x_wconf 91' lang='lat' dir='ltr'><strong><em>non</em></strong></span> <span class='ocrx_word' id='word_1_721' title='bbox 665 2247 748 2282; x_wconf 88' lang='lat' dir='ltr'><strong><em>loqui,</em></strong></span> <span class='ocrx_word' id='word_1_722' title='bbox 764 2249 820 2275; x_wconf 90' lang='lat' dir='ltr'><strong><em>imo</em></strong></span> <span class='ocrx_word' id='word_1_723' title='bbox 835 2256 884 2275; x_wconf 87' lang='lat' dir='ltr'><strong><em>nec</em></strong></span> <span class='ocrx_word' id='word_1_724' title='bbox 896 2249 929 2275; x_wconf 91' lang='lat' dir='ltr'><strong><em>de</em></strong></span> <span class='ocrx_word' id='word_1_725' title='bbox 943 2250 1036 2283; x_wconf 89' lang='lat' dir='ltr'><strong><em>probis</em></strong></span> 
     </span>
    </p>
   </div>
   <div class='ocr_carea' id='block_1_90' title="bbox 258 2293 1037 2328">
    <p class='ocr_par' dir='ltr' id='par_1_90' title="bbox 258 2293 1037 2328">
     <span class='ocr_line' id='line_1_90' title="bbox 258 2293 1037 2328; baseline 0.004 -8"><span class='ocrx_word' id='word_1_726' title='bbox 258 2294 420 2325; x_wconf 83' lang='lat' dir='ltr'><strong><em>hominibus,</em></strong></span> <span class='ocrx_word' id='word_1_727' title='bbox 435 2293 482 2321; x_wconf 87' lang='lat' dir='ltr'><strong><em>sed</em></strong></span> <span class='ocrx_word' id='word_1_728' title='bbox 497 2293 530 2320; x_wconf 88' lang='lat' dir='ltr'><strong><em>de</em></strong></span> <span class='ocrx_word' id='word_1_729' title='bbox 544 2293 667 2328; x_wconf 90' lang='lat' dir='ltr'><strong><em>turpibus</em></strong></span> <span class='ocrx_word' id='word_1_730' title='bbox 679 2294 768 2321; x_wconf 89' lang='lat' dir='ltr'><strong><em>omnis</em></strong></span> <span class='ocrx_word' id='word_1_731' title='bbox 780 2294 931 2322; x_wconf 79' lang='lat' dir='ltr'><strong><em>honestatis</em></strong></span> <span class='ocrx_word' id='word_1_732' title='bbox 943 2295 1037 2323; x_wconf 82' lang='lat' dir='ltr'><strong><em>alienis</em></strong></span> 
     </span>
    </p>
   </div>
   <div class='ocr_carea' id='block_1_91' title="bbox 258 2340 584 2367">
    <p class='ocr_par' dir='ltr' id='par_1_91' title="bbox 258 2340 584 2367">
     <span class='ocr_line' id='line_1_91' title="bbox 258 2340 584 2367; baseline -0.003 0"><span class='ocrx_word' id='word_1_733' title='bbox 258 2340 444 2367; x_wconf 84' lang='lat' dir='ltr'><strong><em>commentitia</em></strong></span> <span class='ocrx_word' id='word_1_734' title='bbox 460 2346 584 2366; x_wconf 89' lang='lat' dir='ltr'><strong><em>narrare.</em></strong></span> 
     </span>
    </p>
   </div>
   <div class='ocr_carea' id='block_1_92' title="bbox 294 2416 1036 2454">
    <p class='ocr_par' dir='ltr' id='par_1_92' title="bbox 294 2416 1036 2454">
     <span class='ocr_line' id='line_1_92' title="bbox 294 2416 1036 2454; baseline 0.004 -10"><span class='ocrx_word' id='word_1_735' title='bbox 294 2417 338 2444; x_wconf 75' lang='grc'><strong><em>16.</em></strong></span> <span class='ocrx_word' id='word_1_736' title='bbox 351 2420 385 2444; x_wconf 82' lang='lat' dir='ltr'><strong><em>At</em></strong></span> <span class='ocrx_word' id='word_1_737' title='bbox 399 2424 464 2444; x_wconf 85' lang='lat' dir='ltr'><strong><em>vero</em></strong></span> <span class='ocrx_word' id='word_1_738' title='bbox 478 2417 522 2444; x_wconf 91' lang='lat' dir='ltr'><strong><em>hic</em></strong></span> <span class='ocrx_word' id='word_1_739' title='bbox 535 2416 651 2445; x_wconf 89' lang='lat' dir='ltr'><strong><em>fortasse</em></strong></span> <span class='ocrx_word' id='word_1_740' title='bbox 665 2417 739 2452; x_wconf 91' lang='lat' dir='ltr'><strong><em>impii</em></strong></span> <span class='ocrx_word' id='word_1_741' title='bbox 759 2417 792 2445; x_wconf 91' lang='lat' dir='ltr'><strong><em>ad</em></strong></span> <span class='ocrx_word' id='word_1_742' title='bbox 814 2418 954 2453; x_wconf 80' lang='lat' dir='ltr'><strong><em>ingenium</em></strong></span> <span class='ocrx_word' id='word_1_743' title='bbox 970 2427 1036 2454; x_wconf 92' lang='lat' dir='ltr'><strong><em>poe-</em></strong></span> 
     </span>
    </p>
   </div>
   <div class='ocr_carea' id='block_1_93' title="bbox 259 2463 1039 2500">
    <p class='ocr_par' dir='ltr' id='par_1_93' title="bbox 259 2463 1039 2500">
     <span class='ocr_line' id='line_1_93' title="bbox 259 2463 1039 2500; baseline 0.004 -10"><span class='ocrx_word' id='word_1_744' title='bbox 259 2468 345 2491; x_wconf 86' lang='lat' dir='ltr'><strong><em>tarum</em></strong></span> <span class='ocrx_word' id='word_1_745' title='bbox 361 2463 527 2498; x_wconf 71' lang='lat' dir='ltr'><strong><em>confugient,</em></strong></span> <span class='ocrx_word' id='word_1_746' title='bbox 546 2471 579 2491; x_wconf 89' lang='lat' dir='ltr'><strong><em>ac</em></strong></span> <span class='ocrx_word' id='word_1_747' title='bbox 598 2464 764 2491; x_wconf 89' lang='lat' dir='ltr'><strong><em>contendent</em></strong></span> <span class='ocrx_word' id='word_1_748' title='bbox 784 2466 923 2499; x_wconf 90' lang='lat' dir='ltr'><strong><em>proprium</em></strong></span> <span class='ocrx_word' id='word_1_749' title='bbox 944 2470 1039 2500; x_wconf 90' lang='lat' dir='ltr'><strong><em>poeta-</em></strong></span> 
     </span>
    </p>
   </div>
   <div class='ocr_carea' id='block_1_94' title="bbox 260 2510 1040 2544">
    <p class='ocr_par' dir='ltr' id='par_1_94' title="bbox 260 2510 1040 2544">
     <span class='ocr_line' id='line_1_94' title="bbox 260 2510 1040 2544; baseline 0.006 -9"><span class='ocrx_word' id='word_1_750' title='bbox 260 2515 318 2535; x_wconf 82' lang='lat' dir='ltr'><strong><em>rum</em></strong></span> <span class='ocrx_word' id='word_1_751' title='bbox 332 2515 403 2541; x_wconf 80' lang='lat' dir='ltr'><strong><em>esse,</em></strong></span> <span class='ocrx_word' id='word_1_752' title='bbox 419 2514 448 2536; x_wconf 95' lang='lat' dir='ltr'><strong><em>ut</em></strong></span> <span class='ocrx_word' id='word_1_753' title='bbox 463 2517 494 2536; x_wconf 86' lang='lat' dir='ltr'><strong><em>ea</em></strong></span> <span class='ocrx_word' id='word_1_754' title='bbox 510 2516 570 2544; x_wconf 73' lang='lat' dir='ltr'><strong><em>quae</em></strong></span> <span class='ocrx_word' id='word_1_755' title='bbox 583 2516 636 2537; x_wconf 89' lang='lat' dir='ltr'><strong><em>non</em></strong></span> <span class='ocrx_word' id='word_1_756' title='bbox 660 2510 805 2542; x_wconf 80' lang='lat' dir='ltr'><strong><em>exsistunt,</em></strong></span> <span class='ocrx_word' id='word_1_757' title='bbox 828 2511 1040 2539; x_wconf 85' lang='lat' dir='ltr'><strong><em>comminiscan-</em></strong></span> 
     </span>
    </p>
   </div>
   <div class='ocr_carea' id='block_1_95' title="bbox 296 2620 571 2653">
    <p class='ocr_par' dir='ltr' id='par_1_95' title="bbox 296 2620 571 2653">
     <span class='ocr_line' id='line_1_95' title="bbox 296 2620 571 2653; baseline 0.015 -8"><span class='ocrx_word' id='word_1_758' title='bbox 296 2620 317 2635; x_wconf 83' lang='lat'>“</span> <span class='ocrx_word' id='word_1_759' title='bbox 333 2620 386 2648; x_wconf 88' lang='lat' dir='ltr'><strong><em>Isa.</em></strong></span> <span class='ocrx_word' id='word_1_760' title='bbox 401 2620 571 2653; x_wconf 58' lang='lat' dir='ltr'><strong><em>minio-20.</em></strong></span> 
     </span>
    </p>
   </div>
   <div class='ocr_carea' id='block_1_96' title="bbox 298 2729 1037 2768">
    <p class='ocr_par' dir='ltr' id='par_1_96' title="bbox 298 2729 1037 2768">
     <span class='ocr_line' id='line_1_96' title="bbox 298 2729 1037 2768; baseline 0.003 -11"><span class='ocrx_word' id='word_1_761' title='bbox 298 2729 350 2765; x_wconf 86' lang='lat'><strong><em>(89)</em></strong></span> <span class='ocrx_word' id='word_1_762' title='bbox 365 2731 423 2768; x_wconf 73' lang='lat' dir='ltr'><strong><em>Art.</em></strong></span> <span class='ocrx_word' id='word_1_763' title='bbox 442 2732 456 2757; x_wconf 83' lang='grc' dir='ltr'>ὁ</span> <span class='ocrx_word' id='word_1_764' title='bbox 481 2732 525 2768; x_wconf 70' lang='lat' dir='ltr'><strong><em>hic</em></strong></span> <span class='ocrx_word' id='word_1_765' title='bbox 545 2732 632 2760; x_wconf 88' lang='lat' dir='ltr'><strong><em>nullus</em></strong></span> <span class='ocrx_word' id='word_1_766' title='bbox 651 2737 692 2760; x_wconf 84' lang='lat' dir='ltr'><strong><em>est</em></strong></span> <span class='ocrx_word' id='word_1_767' title='bbox 713 2732 738 2760; x_wconf 92' lang='lat' dir='ltr'><strong><em>in</em></strong></span> <span class='ocrx_word' id='word_1_768' title='bbox 759 2732 870 2768; x_wconf 67' lang='lat' dir='ltr'><strong><em>Seguer.</em></strong></span> <span class='ocrx_word' id='word_1_769' title='bbox 888 2732 1006 2760; x_wconf 84' lang='lat' dir='ltr'><strong><em>Felckm.</em></strong></span> <span class='ocrx_word' id='word_1_770' title='bbox 1019 2732 1037 2759; x_wconf 75' lang='lat'><strong>2</strong></span> 
     </span>
    </p>
   </div>
   <div class='ocr_carea' id='block_1_97' title="bbox 261 2766 1037 2832">
    <p class='ocr_par' dir='ltr' id='par_1_97' title="bbox 261 2766 1037 2832">
     <span class='ocr_line' id='line_1_97' title="bbox 262 2766 1037 2823; baseline 0.008 -34"><span class='ocrx_word' id='word_1_771' title='bbox 262 2770 339 2823; x_wconf 54' lang='lat' dir='ltr'><strong><em>amnt.</em></strong></span> <span class='ocrx_word' id='word_1_772' title='bbox 354 2771 382 2792; x_wconf 80' lang='lat' dir='ltr'><strong><em>et</em></strong></span> <span class='ocrx_word' id='word_1_773' title='bbox 393 2766 488 2794; x_wconf 57' lang='lat' dir='ltr'><strong><em>Graeco</em></strong></span> <span class='ocrx_word' id='word_1_774' title='bbox 499 2767 645 2802; x_wconf 71' lang='lat' dir='ltr'><strong><em>Scriptum</em></strong></span> <span class='ocrx_word' id='word_1_775' title='bbox 659 2772 734 2795; x_wconf 78' lang='lat' dir='ltr'><strong><em>textu</em></strong></span> <span class='ocrx_word' id='word_1_776' title='bbox 753 2777 760 2794; x_wconf 89' lang='lat'>:</span> <span class='ocrx_word' id='word_1_777' title='bbox 782 2766 809 2794; x_wconf 82' lang='lat' dir='ltr'><strong><em>in</em></strong></span> <span class='ocrx_word' id='word_1_778' title='bbox 823 2767 882 2794; x_wconf 87' lang='lat' dir='ltr'><strong><em>aliis</em></strong></span> <span class='ocrx_word' id='word_1_779' title='bbox 895 2773 985 2795; x_wconf 83' lang='lat' dir='ltr'><strong><em>autem</em></strong></span> <span class='ocrx_word' id='word_1_780' title='bbox 997 2768 1037 2795; x_wconf 86' lang='lat' dir='ltr'><strong><em>le-</em></strong></span> 
     </span>
     <span class='ocr_line' id='line_1_98' title="bbox 261 2807 342 2832; baseline 0.037 -10"><span class='ocrx_word' id='word_1_781' title='bbox 261 2807 285 2832; x_wconf 67' lang='grc' dir='ltr'><em>ει</em></span> <span class='ocrx_word' id='word_1_782' title='bbox 302 2807 342 2825; x_wconf 84' lang='grc' dir='ltr'><strong>ΙΙΓ.</strong></span> 
     </span>
    </p>
   </div>
   <div class='ocr_carea' id='block_1_98' title="bbox 297 2834 1040 2872">
    <p class='ocr_par' dir='ltr' id='par_1_98' title="bbox 297 2834 1040 2872">
     <span class='ocr_line' id='line_1_99' title="bbox 297 2834 1040 2872; baseline 0.008 -13"><span class='ocrx_word' id='word_1_783' title='bbox 297 2834 350 2869; x_wconf 77' lang='lat'><strong><em>(90)</em></strong></span> <span class='ocrx_word' id='word_1_784' title='bbox 363 2835 470 2863; x_wconf 77' lang='lat' dir='ltr'><strong><em>Graecus</em></strong></span> <span class='ocrx_word' id='word_1_785' title='bbox 495 2837 640 2870; x_wconf 80' lang='lat' dir='ltr'><strong><em>Scriptura:</em></strong></span> <span class='ocrx_word' id='word_1_786' title='bbox 660 2841 749 2865; x_wconf 82' lang='lat' dir='ltr'><strong><em>textus</em></strong></span> <span class='ocrx_word' id='word_1_787' title='bbox 775 2835 868 2871; x_wconf 77' lang='grc' dir='ltr'><em>γνῶθι.</em></span> <span class='ocrx_word' id='word_1_788' title='bbox 887 2835 968 2865; x_wconf 76' lang='lat' dir='ltr'><strong><em>Paulo</em></strong></span> <span class='ocrx_word' id='word_1_789' title='bbox 979 2841 1040 2872; x_wconf 86' lang='lat' dir='ltr'><strong><em>post</em></strong></span> 
     </span>
    </p>
   </div>
   <div class='ocr_carea' id='block_1_99' title="bbox 1088 2241 1874 2281">
    <p class='ocr_par' dir='ltr' id='par_1_99' title="bbox 1088 2241 1874 2281">
     <span class='ocr_line' id='line_1_100' title="bbox 1088 2241 1874 2281; baseline 0.005 -13"><span class='ocrx_word' id='word_1_790' title='bbox 1088 2241 1197 2274; x_wconf 82' lang='grc' dir='ltr'><em>δειλίας,</em></span> <span class='ocrx_word' id='word_1_791' title='bbox 1214 2242 1262 2269; x_wconf 82' lang='grc' dir='ltr'><em>καὶ</em></span> <span class='ocrx_word' id='word_1_792' title='bbox 1277 2242 1326 2274; x_wconf 79' lang='grc' dir='ltr'><em>τὰς</em></span> <span class='ocrx_word' id='word_1_793' title='bbox 1338 2243 1421 2275; x_wconf 82' lang='grc' dir='ltr'><em>ἄλλας</em></span> <span class='ocrx_word' id='word_1_794' title='bbox 1432 2244 1541 2276; x_wconf 77' lang='grc' dir='ltr'><em>κακίας,</em></span> <span class='ocrx_word' id='word_1_795' title='bbox 1554 2245 1629 2272; x_wconf 73' lang='grc' dir='ltr'><em>οὐδὲν</em></span> <span class='ocrx_word' id='word_1_796' title='bbox 1647 2245 1711 2272; x_wconf 82' lang='grc' dir='ltr'><em>ἄλλο</em></span> <span class='ocrx_word' id='word_1_797' title='bbox 1727 2245 1744 2281; x_wconf 80' lang='grc' dir='ltr'>ἢ</span> <span class='ocrx_word' id='word_1_798' title='bbox 1761 2246 1874 2277; x_wconf 76' lang='grc' dir='ltr'><em>ἑαυτοὺς</em></span> 
     </span>
    </p>
   </div>
   <div class='ocr_carea' id='block_1_100' title="bbox 1088 2286 1874 2326">
    <p class='ocr_par' dir='ltr' id='par_1_100' title="bbox 1088 2286 1874 2326">
     <span class='ocr_line' id='line_1_101' title="bbox 1088 2286 1874 2326; baseline 0.006 -14"><span class='ocrx_word' id='word_1_799' title='bbox 1088 2286 1256 2322; x_wconf 75' lang='grc' dir='ltr'><em>ἐλέγχουσιν,</em></span> <span class='ocrx_word' id='word_1_800' title='bbox 1281 2288 1322 2314; x_wconf 81' lang='grc' dir='ltr'><em>ὃτι</em></span> <span class='ocrx_word' id='word_1_801' title='bbox 1349 2289 1380 2315; x_wconf 89' lang='grc' dir='ltr'><em>οὺ</em></span> <span class='ocrx_word' id='word_1_802' title='bbox 1395 2290 1474 2324; x_wconf 85' lang='grc' dir='ltr'><em>μόνον</em></span> <span class='ocrx_word' id='word_1_803' title='bbox 1492 2290 1522 2316; x_wconf 79' lang='grc' dir='ltr'><em>οὐ</em></span> <span class='ocrx_word' id='word_1_804' title='bbox 1540 2291 1603 2326; x_wconf 77' lang='grc' dir='ltr'><em>περὶ</em></span> <span class='ocrx_word' id='word_1_805' title='bbox 1620 2290 1688 2317; x_wconf 86' lang='grc' dir='ltr'><em>θεῶν</em></span> <span class='ocrx_word' id='word_1_806' title='bbox 1706 2290 1874 2326; x_wconf 75' lang='grc' dir='ltr'><em>διηγοῦνται,</em></span> 
     </span>
    </p>
   </div>
   <div class='ocr_carea' id='block_1_101' title="bbox 1089 2330 1874 2370">
    <p class='ocr_par' dir='ltr' id='par_1_101' title="bbox 1089 2330 1874 2370">
     <span class='ocr_line' id='line_1_102' title="bbox 1089 2330 1874 2370; baseline 0.006 -13"><span class='ocrx_word' id='word_1_807' title='bbox 1089 2330 1146 2357; x_wconf 84' lang='grc' dir='ltr'><em>ἀλλ’</em></span> <span class='ocrx_word' id='word_1_808' title='bbox 1172 2331 1231 2358; x_wconf 76' lang='grc' dir='ltr'><strong><em>οὐδὲ</em></strong></span> <span class='ocrx_word' id='word_1_809' title='bbox 1257 2332 1320 2367; x_wconf 81' lang='grc' dir='ltr'><em>περὶ</em></span> <span class='ocrx_word' id='word_1_810' title='bbox 1349 2333 1498 2369; x_wconf 85' lang='grc' dir='ltr'><em>ἀνθρώπων</em></span> <span class='ocrx_word' id='word_1_811' title='bbox 1529 2334 1645 2370; x_wconf 80' lang='grc' dir='ltr'><em>σεμνῶν,</em></span> <span class='ocrx_word' id='word_1_812' title='bbox 1679 2336 1742 2370; x_wconf 77' lang='grc' dir='ltr'><em>περὶ</em></span> <span class='ocrx_word' id='word_1_813' title='bbox 1769 2335 1798 2362; x_wconf 82' lang='grc' dir='ltr'><strong><em>δὲ</em></strong></span> <span class='ocrx_word' id='word_1_814' title='bbox 1829 2335 1874 2361; x_wconf 77' lang='lat' dir='ltr'><strong><em>al-</em></strong></span> 
     </span>
    </p>
   </div>
   <div class='ocr_carea' id='block_1_102' title="bbox 1091 2376 1873 2415">
    <p class='ocr_par' dir='ltr' id='par_1_102' title="bbox 1091 2376 1873 2415">
     <span class='ocr_line' id='line_1_103' title="bbox 1091 2376 1873 2415; baseline 0.005 -12"><span class='ocrx_word' id='word_1_815' title='bbox 1091 2376 1180 2412; x_wconf 84' lang='grc' dir='ltr'><em>σχρῶν</em></span> <span class='ocrx_word' id='word_1_816' title='bbox 1203 2377 1250 2404; x_wconf 83' lang='grc' dir='ltr'><em>καὶ</em></span> <span class='ocrx_word' id='word_1_817' title='bbox 1273 2378 1320 2404; x_wconf 81' lang='grc' dir='ltr'><em>τοῦ</em></span> <span class='ocrx_word' id='word_1_818' title='bbox 1336 2378 1419 2405; x_wconf 82' lang='grc' dir='ltr'><em>καλοῦ</em></span> <span class='ocrx_word' id='word_1_819' title='bbox 1436 2379 1544 2415; x_wconf 83' lang='grc' dir='ltr'><em>μακρὰν</em></span> <span class='ocrx_word' id='word_1_820' title='bbox 1567 2380 1652 2407; x_wconf 78' lang='grc' dir='ltr'><em>ὄντων</em></span> <span class='ocrx_word' id='word_1_821' title='bbox 1669 2380 1873 2415; x_wconf 71' lang='grc' dir='ltr'><em>μυθολογοῦσιν.</em></span> 
     </span>
    </p>
   </div>
   <div class='ocr_carea' id='block_1_103' title="bbox 1125 2422 1875 2462">
    <p class='ocr_par' dir='ltr' id='par_1_103' title="bbox 1125 2422 1875 2462">
     <span class='ocr_line' id='line_1_104' title="bbox 1125 2422 1875 2462; baseline 0.005 -14"><span class='ocrx_word' id='word_1_822' title='bbox 1125 2422 1168 2449; x_wconf 82' lang='grc'><strong><em>16.</em></strong></span> <span class='ocrx_word' id='word_1_823' title='bbox 1183 2422 1251 2449; x_wconf 84' lang='grc' dir='ltr'><em>Ἀλλ’</em></span> <span class='ocrx_word' id='word_1_824' title='bbox 1261 2423 1325 2455; x_wconf 75' lang='lat' dir='ltr'><strong><em>law;</em></strong></span> <span class='ocrx_word' id='word_1_825' title='bbox 1342 2424 1406 2460; x_wconf 76' lang='grc' dir='ltr'><em>περὶ</em></span> <span class='ocrx_word' id='word_1_826' title='bbox 1425 2425 1526 2452; x_wconf 77' lang='grc' dir='ltr'><em>τούτων</em></span> <span class='ocrx_word' id='word_1_827' title='bbox 1544 2426 1568 2452; x_wconf 86' lang='grc' dir='ltr'><em>οἱ</em></span> <span class='ocrx_word' id='word_1_828' title='bbox 1594 2425 1733 2457; x_wconf 83' lang='grc' dir='ltr'><em>δυσσεϐεῖς</em></span> <span class='ocrx_word' id='word_1_829' title='bbox 1756 2427 1802 2452; x_wconf 76' lang='grc' dir='ltr'><strong><em>ἐπὶ</em></strong></span> <span class='ocrx_word' id='word_1_830' title='bbox 1823 2426 1875 2462; x_wconf 82' lang='grc' dir='ltr'><em>τὴν</em></span> 
     </span>
    </p>
   </div>
   <div class='ocr_carea' id='block_1_104' title="bbox 1091 2467 1875 2506">
    <p class='ocr_par' dir='ltr' id='par_1_104' title="bbox 1091 2467 1875 2506">
     <span class='ocr_line' id='line_1_105' title="bbox 1091 2467 1875 2506; baseline 0.008 -13"><span class='ocrx_word' id='word_1_831' title='bbox 1091 2467 1208 2503; x_wconf 81' lang='grc' dir='ltr'><em>ἰδιότητα</em></span> <span class='ocrx_word' id='word_1_832' title='bbox 1225 2468 1279 2495; x_wconf 86' lang='grc' dir='ltr'><em>τῶν</em></span> <span class='ocrx_word' id='word_1_833' title='bbox 1294 2469 1412 2504; x_wconf 84' lang='grc' dir='ltr'><em>ποιητῶν</em></span> <span class='ocrx_word' id='word_1_834' title='bbox 1436 2471 1658 2505; x_wconf 82' lang='grc' dir='ltr'><em>χαταφεύξονται,</em></span> <span class='ocrx_word' id='word_1_835' title='bbox 1681 2472 1803 2506; x_wconf 86' lang='grc' dir='ltr'><em>λέγοντες</em></span> <span class='ocrx_word' id='word_1_836' title='bbox 1818 2473 1875 2499; x_wconf 82' lang='grc' dir='ltr'><em>τῶν</em></span> 
     </span>
    </p>
   </div>
   <div class='ocr_carea' id='block_1_105' title="bbox 1090 2513 1875 2554">
    <p class='ocr_par' dir='ltr' id='par_1_105' title="bbox 1090 2513 1875 2554">
     <span class='ocr_line' id='line_1_106' title="bbox 1090 2513 1875 2554; baseline 0.005 -14"><span class='ocrx_word' id='word_1_837' title='bbox 1090 2513 1208 2549; x_wconf 84' lang='grc' dir='ltr'><em>ποιητῶν</em></span> <span class='ocrx_word' id='word_1_838' title='bbox 1234 2514 1299 2541; x_wconf 78' lang='grc' dir='ltr'><em>ἴδιον</em></span> <span class='ocrx_word' id='word_1_839' title='bbox 1325 2513 1394 2542; x_wconf 73' lang='grc' dir='ltr'><em>εἶναι</em></span> <span class='ocrx_word' id='word_1_840' title='bbox 1417 2515 1473 2551; x_wconf 82' lang='grc'><strong><em>(91)</em></strong></span> <span class='ocrx_word' id='word_1_841' title='bbox 1497 2519 1658 2554; x_wconf 82' lang='grc' dir='ltr'><em>χαρακτῆρα</em></span> <span class='ocrx_word' id='word_1_842' title='bbox 1681 2517 1716 2544; x_wconf 88' lang='grc' dir='ltr'><strong><em>τά</em></strong></span> <span class='ocrx_word' id='word_1_843' title='bbox 1747 2517 1785 2553; x_wconf 83' lang='grc' dir='ltr'><em>μὴ</em></span> <span class='ocrx_word' id='word_1_844' title='bbox 1808 2517 1875 2544; x_wconf 79' lang='grc' dir='ltr'><em>ὄντα</em></span> 
     </span>
    </p>
   </div>
   <div class='ocr_carea' id='block_1_106' title="bbox 1091 2732 1875 2772">
    <p class='ocr_par' dir='ltr' id='par_1_106' title="bbox 1091 2732 1875 2772">
     <span class='ocr_line' id='line_1_107' title="bbox 1091 2732 1875 2772; baseline 0.006 -13"><span class='ocrx_word' id='word_1_845' title='bbox 1091 2732 1208 2772; x_wconf 64' lang='grc' dir='ltr'><strong><em>ξ’θιοιςῐη.</em></strong></span> <span class='ocrx_word' id='word_1_846' title='bbox 1224 2733 1242 2761; x_wconf 80' lang='grc'><strong>5</strong></span> <span class='ocrx_word' id='word_1_847' title='bbox 1254 2734 1552 2772; x_wconf 22' lang='grc' dir='ltr'><em>ιιη-οιιηέρεῖταιῗιιθῐιοι,</em></span> <span class='ocrx_word' id='word_1_848' title='bbox 1567 2735 1611 2772; x_wconf 84' lang='lat' dir='ltr'><strong><em>ubi</em></strong></span> <span class='ocrx_word' id='word_1_849' title='bbox 1626 2736 1671 2772; x_wconf 86' lang='lat' dir='ltr'><strong><em>alii</em></strong></span> <span class='ocrx_word' id='word_1_850' title='bbox 1687 2737 1783 2772; x_wconf 82' lang='grc' dir='ltr'><em>ἐρεῖτε.</em></span> <span class='ocrx_word' id='word_1_851' title='bbox 1803 2737 1875 2764; x_wconf 89' lang='lat' dir='ltr'><strong><em>Pau-</em></strong></span> 
     </span>
    </p>
   </div>
   <div class='ocr_carea' id='block_1_107' title="bbox 1094 2768 1748 2808">
    <p class='ocr_par' dir='ltr' id='par_1_107' title="bbox 1094 2768 1748 2808">
     <span class='ocr_line' id='line_1_108' title="bbox 1094 2768 1748 2808; baseline 0.006 -15"><span class='ocrx_word' id='word_1_852' title='bbox 1094 2768 1119 2794; x_wconf 92' lang='lat' dir='ltr'><strong><em>lo</em></strong></span> <span class='ocrx_word' id='word_1_853' title='bbox 1132 2773 1191 2808; x_wconf 60' lang='lat' dir='ltr'><strong><em>post</em></strong></span> <span class='ocrx_word' id='word_1_854' title='bbox 1201 2774 1252 2808; x_wconf 78' lang='lat' dir='ltr'><strong><em>art.</em></strong></span> <span class='ocrx_word' id='word_1_855' title='bbox 1268 2768 1497 2808; x_wconf 55' lang='lat' dir='ltr'><strong><em>nipost&#39;sgptﬂeisu</em></strong></span> <span class='ocrx_word' id='word_1_856' title='bbox 1508 2771 1581 2808; x_wconf 65' lang='lat' dir='ltr'><strong><em>deest</em></strong></span> <span class='ocrx_word' id='word_1_857' title='bbox 1599 2770 1623 2797; x_wconf 90' lang='lat' dir='ltr'><strong><em>in</em></strong></span> <span class='ocrx_word' id='word_1_858' title='bbox 1637 2768 1748 2808; x_wconf 56' lang='lat' dir='ltr'><strong><em>segnior.</em></strong></span> 
     </span>
    </p>
   </div>
   <div class='ocr_carea' id='block_1_108' title="bbox 1138 2803 1873 2839">
    <p class='ocr_par' dir='ltr' id='par_1_108' title="bbox 1138 2803 1873 2839">
     <span class='ocr_line' id='line_1_109' title="bbox 1138 2803 1873 2839; baseline 0.007 -10"><span class='ocrx_word' id='word_1_859' title='bbox 1138 2803 1182 2839; x_wconf 69' lang='lat' dir='ltr'><strong><em>9t)</em></strong></span> <span class='ocrx_word' id='word_1_860' title='bbox 1196 2804 1255 2830; x_wconf 79' lang='lat' dir='ltr'><strong><em>Art.</em></strong></span> <span class='ocrx_word' id='word_1_861' title='bbox 1268 2803 1330 2839; x_wconf 62' lang='grc' dir='ltr'><em>τόνῙ</em></span> <span class='ocrx_word' id='word_1_862' title='bbox 1341 2803 1476 2837; x_wconf 64' lang='grc' dir='ltr'><em>(ιιιΐίίεεδι</em></span> <span class='ocrx_word' id='word_1_863' title='bbox 1492 2805 1517 2831; x_wconf 90' lang='lat' dir='ltr'><strong><em>in</em></strong></span> <span class='ocrx_word' id='word_1_864' title='bbox 1539 2805 1649 2839; x_wconf 70' lang='lat' dir='ltr'><strong><em>S‘eguer.</em></strong></span> <span class='ocrx_word' id='word_1_865' title='bbox 1664 2803 1743 2833; x_wconf 65' lang='lat' dir='ltr'><strong><em>liasil.</em></strong></span> <span class='ocrx_word' id='word_1_866' title='bbox 1761 2805 1873 2834; x_wconf 83' lang='lat' dir='ltr'><strong><em>Gobler.</em></strong></span> 
     </span>
    </p>
   </div>
   <div class='ocr_carea' id='block_1_109' title="bbox 1093 2836 1713 2875">
    <p class='ocr_par' dir='ltr' id='par_1_109' title="bbox 1093 2836 1713 2875">
     <span class='ocr_line' id='line_1_110' title="bbox 1093 2836 1713 2875; baseline 0.006 -11"><span class='ocrx_word' id='word_1_867' title='bbox 1093 2836 1210 2866; x_wconf 76' lang='lat' dir='ltr'><strong><em>Felcktn.</em></strong></span> <span class='ocrx_word' id='word_1_868' title='bbox 1229 2839 1240 2866; x_wconf 78' lang='grc'><strong>1</strong></span> <span class='ocrx_word' id='word_1_869' title='bbox 1257 2843 1282 2866; x_wconf 82' lang='lat' dir='ltr'><strong><em>et</em></strong></span> <span class='ocrx_word' id='word_1_870' title='bbox 1294 2838 1312 2865; x_wconf 71' lang='lat'><strong>2</strong></span> <span class='ocrx_word' id='word_1_871' title='bbox 1328 2846 1419 2874; x_wconf 75' lang='lat' dir='ltr'><strong><em>auom,</em></strong></span> <span class='ocrx_word' id='word_1_872' title='bbox 1436 2840 1480 2868; x_wconf 88' lang='lat' dir='ltr'><strong><em>hic</em></strong></span> <span class='ocrx_word' id='word_1_873' title='bbox 1493 2836 1588 2875; x_wconf 67' lang='lat' dir='ltr'><strong><em>legitur</em></strong></span> <span class='ocrx_word' id='word_1_874' title='bbox 1602 2840 1628 2867; x_wconf 94' lang='lat' dir='ltr'><strong><em>in</em></strong></span> <span class='ocrx_word' id='word_1_875' title='bbox 1644 2841 1713 2868; x_wconf 87' lang='lat' dir='ltr'><strong><em>aliis.</em></strong></span> 
     </span>
    </p>
   </div>
  </div>
