2037 3044
152 200 187 227 33
729 198 860 228 ORATIO
879 197 1018 227 CONTRA
1039 198 1184 226 GENTES.
1738 198 1774 227 ω

150 256 316 284 πλάττεσθαι
337 257 385 284 καὶ
399 257 546 291 ψεύδεσθαι
561 256 625 293 περὶ
655 256 747 292 μύθων
779 257 818 289 είς
846 257 941 293 ἡδονὴν

997 262 1037 284 tur
1056 262 1083 284 et
1109 257 1216 285 fabulas
1237 257 1270 284 ad
1295 257 1462 286 audientium
1482 258 1649 294 voluptatem
1664 259 1774 294 excogi-

149 303 205 331 τῶν
221 303 384 335 ἀκουόντων,
398 300 429 330 οὗ
443 303 522 339 χάριν
537 303 584 330 καὶ
605 302 638 330 τὰ
668 303 732 338 περὶ
756 302 824 329 θεῶν
844 303 941 335 αὐτοὺς

150 348 330 384 πεποιηκέναι
341 349 483 384 φήσουσιν.
505 348 575 375 Ἀλλ’
589 348 659 383 αὕτη
676 348 722 374 καὶ
737 348 845 376 πάντων
874 349 941 385 μᾶλ-

150 395 228 431 λονὴ
251 394 388 430 πρόφασις
412 395 504 427 αὐτοῖς
531 394 616 427 ἕωλος
646 394 815 429 δειχθήσεται
831 395 877 430 ἀφ’
904 392 941 422 ὧν

150 441 229 469 αὐτοὶ
244 441 308 476 περ).
323 440 426 468 τούτων
439 440 531 475 ἔχουσι
545 439 634 472 δόξαν,
651 441 697 467 καὶ
710 440 891 475 προτίθενται.
910 440 941 467 El

151 487 206 522 γὰρ
219 487 255 514 τὰ
271 487 347 523 παρὰ
361 488 488 523 ποιηταῖς
514 488 572 513 ἐστι
601 486 747 522 πλάσματα
774 487 821 514 καὶ
846 487 940 523 ψευδῆ,

151 533 250 569 ψευδὴς
261 533 293 560 ἂν
310 533 351 569 εἰη
363 534 410 560 καὶ
427 533 496 570 αὑτὴ
517 534 534 569 ή
557 534 623 569 περὶ
638 533 685 560 τοῦ
703 534 772 565 Διὸς,
799 535 845 561 καὶ
872 535 943 570 Κρό-

151 588 210 612 νου,
228 580 275 606 καὶ
290 580 389 616 Ἥρας,
403 580 450 606 καὶ
466 580 574 616 Ἄρεος,
590 580 637 606 καὶ
651 579 706 606 τῶν
732 579 819 607 ἄλλων
845 580 943 616 ονομα-

101 650 102 654 η
153 624 208 651 σία.
225 626 305 657 Ἴσως
319 625 383 661 γὰρ,
396 625 528 660 ὡς,αὺτοί
543 634 627 660 φασι,
645 626 690 653 καὶ
706 625 739 652 τά
760 626 877 660 ὀνόματα
895 626 943 652 πέ-

153 670 281 703 πλασται,
295 670 342 697 καὶ
355 670 406 697 οὐκ
419 670 477 697 ἐστι
493 670 542 706 μὲν
557 670 625 702 ὅλως
647 671 725 703 Ζεὺς,
751 671 811 698 οὐδὲ
829 671 942 707 Κρόνος,

152 717 212 743 οὐδὲ
229 717 329 752 ΙἌρης·
345 716 507 744 πλάττονται
520 716 547 744 δέ
557 716 667 748 τούτους
680 717 717 749 ὡς
731 717 811 749 ὄντας
821 717 845 744 οἱ
866 725 944 751 ποιη-

152 763 199 790 ταὶ
217 763 285 798 πρὸς
310 763 420 798 ἀπάτην
445 762 499 789 τῶν
524 762 689 789 ἀκουόντων.
717 763 892 790 Πλαττόντων
914 762 943 790 δὲ

153 809 206 836 τῶν
221 808 340 844 ποιητῶν
353 809 386 835 τὰ
404 808 441 844 μὴ
460 808 540 841 ὄντα,
569 807 628 840 πῶς
652 808 688 840 ὡς
704 808 759 844 (9‘2)
786 809 865 840 ὄντας
896 809 944 836 αὺ-

153 855 216 886 τοὺς
235 854 446 889 ορησκεύουσιν;
462 854 498 880 Ἢ
516 853 580 886 ἴσως
597 854 651 890 γὰρ
676 853 709 881 ἂν
724 854 805 881 πάλιν
817 854 942 890 φήσουσι,

153 899 186 927 τὰ
201 899 250 935 μὲν
267 900 384 935 ὀνόματα
397 900 427 926 οὑ
442 898 613 931 πλάττονται,
631 899 679 931 τὰς
690 899 717 925 δὲ
741 898 854 935 πράξεις
876 898 942 934 ψεύ-

992 308 1059 336 tent,
1073 311 1154 338 quam
1169 303 1220 339 ιθ
1232 304 1266 331 ob
1282 311 1393 332 causam
1408 312 1456 332 eos
1469 304 1520 332 ista
1536 304 1570 332 de
1587 304 1638 332 diis
1650 304 1772 332 ﬁnxisse.

991 348 1090 376 Verum
1102 349 1204 376 hancce
1216 349 1322 377 illorum
1339 349 1541 377 excusationem
1552 350 1677 378 omnibus
1691 350 1774 378 etiam

992 394 1052 423 aliis
1068 394 1259 423 obsoletiorem
1284 400 1311 423 et
1330 395 1476 423 futiiiorem
1500 403 1561 423 esse
1581 403 1614 423 ex
1643 395 1686 423 his
1709 396 1775 431 ipsis

992 442 1179 468 demonstrare
1204 441 1277 474 licet,
1296 449 1357 477 qua:
1374 441 1424 476 ipsi
1442 441 1474 469 de
1489 442 1540 470 diis
1557 441 1610 469 illis
1631 443 1776 477 opinantur

992 492 1018 514 cl
1045 487 1202 521 praedicant.
1226 486 1255 514 Si
1283 487 1355 514 enim
1374 495 1434 523 quae
1458 491 1544 522 poeta:
1570 493 1682 515 narrant
1702 495 1775 515 com-

992 532 1116 559 mentitia
1132 537 1158 560 el
1172 531 1241 560 falsa
1256 537 1332 566 sunt,
1360 533 1427 560 falsa
1439 541 1545 568 quoque
1553 532 1638 566 .Iovis,
1652 532 1775 564 Saturni.

992 576 1117 612 Junonis,
1138 578 1232 606 Martis
1247 578 1417 613 aliorumque
1432 579 1540 606 nomina
1555 579 1666 606 fuerint.
1689 579 1777 614 Siqui-

993 625 1064 658 dcm,
1077 629 1106 652 ut
1119 625 1169 660 ipsi
1184 625 1314 657 fatentur,
1330 623 1401 652 forte
1418 625 1475 660 ipsa
1494 625 1576 652 etiam
1591 625 1698 653 nomina
1711 624 1773 653 ﬁcta

993 669 1112 703 fuerunt,
1124 678 1174 698 nec
1195 669 1267 698 ullus
1284 670 1394 698 omnino
1411 670 1519 698 exsistit
1535 670 1641 706 Jupiter
1662 670 1702 699 vel
1724 671 1775 698 Sa-

993 720 1089 744 turnus
1107 715 1148 743 vel
1166 715 1256 743 Mars:
1280 717 1326 743 sed
1344 723 1391 744 eos
1407 716 1485 751 quasi
1502 717 1665 744 exsistentes
1679 717 1712 745 ad
1727 725 1775 744 an-

994 762 1096 790 ditores
1108 761 1284 797 decipiendos
1303 761 1542 796 ﬁnxeruntpoetre.
1555 763 1635 798 Atqui
1653 763 1674 790 si
1691 768 1776 798 poets

995 814 1037 835 res
1056 815 1116 844 qua:
1129 816 1182 835 non
1197 808 1332 835 exsistant
1347 808 1460 843 lingunt,
1473 815 1557 843 quare
1571 809 1634 838 deos
1647 808 1706 837 illos
1717 808 1775 836 vel-

993 858 1023 882 ut
1047 854 1208 881 exsistentes
1225 853 1344 881 colunt?
1375 855 1416 881 An
1431 854 1501 882 enim
1529 854 1598 882 forte
1620 854 1775 889 responsuri

993 904 1057 927 sunt
1074 899 1182 926 nomina
1199 899 1308 935 quidem
1327 907 1380 927 non
1394 899 1470 935 tingi,
1492 900 1539 927 sed
1554 899 1625 927 facta
1639 899 1707 928 falso
1724 899 1776 928 illis

152 945 242 972 δονται
256 946 315 972 κατ’
327 944 415 973 αὐτῶν
428 953 434 977 ;
450 945 529 971 Ἀλλά
542 945 589 971 κα)⁸
605 944 683 971 τοῦτο
695 944 768 970 οὐδὲν
782 941 861 979 ἦττον
875 944 943 980 πρὸς

997 944 1112 974 ascribi?
1123 945 1158 972 At
1170 945 1196 972 id
1213 946 1295 972 etiam
1312 945 1344 973 ad
1361 945 1468 973 illorum
1483 945 1669 973 defensionem
1691 946 1776 973 nihilo

152 993 300 1027 ἀπολογίαν
315 993 403 1020 αὐτῶν
412 993 462 1019 οὐκ
475 991 604 1026 ἀσφαλές.
621 992 652 1018 Et
675 991 729 1028 γὰρ
759 991 807 1023 τὰς
830 991 942 1027 πράξεις

153 1039 312 1074 ἐψεύσαντο,
327 1039 476 1074 ἐψεύσαντο
489 1038 544 1075 (95)
560 1039 667 1070 πάντως
692 1039 739 1066 καὶ
752 1038 786 1065 τὰ
813 1038 941 1074 ὀνόματα,

153 1081 191 1111 ὧν
207 1085 253 1111 καὶ
275 1084 324 1116 τὰς
349 1084 463 1120 πράξεις
485 1082 553 1110 εἶναι
575 1084 746 1119 διηγήσαντο.
764 1084 799 1110 'H
825 1084 848 1110 εἰ
875 1083 942 1118 ἀλη-

153 1129 262 1156 θεύουσι
280 1130 387 1165 περὶτὰ
399 1130 529 1165 ὀνόματα,
549 1128 710 1165 ἀληθεύουσι
733 1129 780 1156 καὶ
803 1129 867 1164 περὶ
894 1128 943 1160 τὰς

155 1176 267 1211 πράξεις
293 1175 324 1208 ἐξ
350 1176 484 1210 ἀνάγκης.
499 1175 604 1207 Ἀλλως
630 1183 659 1201 τε
685 1176 709 1201 οἰ
737 1172 806 1201 εἶναι
833 1174 944 1206 τούτους

155 1221 233 1252 θεοὺς
245 1220 477 1256 μυθολογήσαντες
488 1221 577 1248 ἴσασιν
593 1220 700 1256 ἀληθῶς
714 1221 760 1248 καὶ
776 1220 792 1248 ἃ
806 1221 846 1248 δεῖ
867 1220 944 1252 θεοὺς

155 1267 298 1302 πράττειν,
309 1267 356 1293 καὶ
370 1267 420 1294 οὐκ
429 1267 461 1295 ἄν
473 1275 538 1294 ποτε
555 1267 604 1299 τὰς
612 1267 762 1303 ἀνθρώπων
776 1267 847 1299 θεοῖς
862 1275 944 1303 προσ-

155 1314 249 1349 άψοιεν
263 1314 382 1346 ἐννοίας’
403 1313 498 1349 ὥσπερ
510 1313 571 1341 οὐδὲ
590 1314 620 1340 τὸ
632 1313 680 1340 τοῦ
696 1314 780 1350 πυρὸς
805 1313 884 1350 ἔργον
906 1314 944 1349 τῷ

158 1357 233 1384 ὕδατί
249 1366 290 1390 τις
306 1358 445 1394 ἀναθήσει·
458 1359 488 1385 τὸ
504 1359 552 1394 μὲν
566 1359 620 1395 γὰρ
631 1359 712 1392 καίει,
726 1359 757 1386 τὺ
783 1359 811 1386 δὲ
828 1359 945 1395 ἔμπαλιν

156 1404 205 1440 τὴν
221 1404 315 1431 οὐσίαν
329 1405 384 1440 ἔχει
401 1405 518 1440 ψυχράν.
534 1405 565 1432 Εἰ
588 1406 638 1441 μὲν
653 1403 699 1433 οὖν
715 1406 742 1432 αἱ
757 1405 869 1442 πράξεις
892 1406 945 1432 εἰσὶ

158 1449 227 1477 θεῶν
235 1450 320 1483 ἄξιαι,
338 1450 394 1477 θεο)⁸
406 1450 439 1478 ἂν
461 1449 517 1478 εἶεν
534 1451 580 1477 καὶ
609 1451 633 1478 οῖ
649 1451 752 1478 τούτων
774 1451 905 1487 ἐργάται·
921 1452 945 1478 εί

157 1497 186 1524 δὲ
203 1496 353 1533 ἀνθρώπων
369 1497 427 1523 ἐστὶ
443 1497 498 1531 (94)
513 1496 560 1524 καὶ
585 1496 735 1533 ἀνθρώπων
750 1498 779 1524 οὐ
804 1496 894 1524 καλῶν
915 1495 946 1523 τὸ

160 1541 307 1577 μοιχεύειν,
325 1542 420 1569 καὶτὰ
437 1544 622 1579 προειρημένα
643 1543 727 1578 ἔργα,
751 1541 887 1578 ἄνθρωποι
912 1541 946 1569 ἂν

158 1586 213 1615 εἷεν
226 1589 250 1615 οἰ
264 1588 351 1615 ταῦτα
365 1588 529 1624 πράξαντες,
542 1590 588 1616 καὶ
602 1589 632 1616 οὐ
650 1589 716 1615 θεοί.
735 1589 804 1616 Κατ’
817 1588 946 1624 ἀλλήλους

994 993 1079 1020 tutius
1100 997 1151 1019 est.
1174 991 1241 1019 Nam
1266 992 1288 1020 si
1310 991 1380 1019 facta
1400 992 1546 1019 commenti
1561 996 1635 1024 sunt,
1656 991 1736 1026 plane
1749 997 1777 1020 et

993 1046 1087 1066 eorum
1107 1037 1216 1065 nomina
1234 1045 1347 1072 quorum
1371 1037 1441 1065 facta
1460 1045 1520 1065 esse
1537 1037 1682 1073 scripsere,
1693 1038 1775 1070 etiam

995 1090 1057 1114 sunt
1071 1085 1231 1114 commenti.
1248 1084 1297 1113 Vel
1313 1085 1335 1114 si
1361 1085 1386 1112 in
1403 1085 1543 1120 vulgandis
1564 1084 1718 1113 nominibus
1730 1093 1777 1112 ve-

996 1139 1073 1159 races
1087 1136 1161 1164 sunt,
1176 1138 1225 1159 eos
1238 1138 1347 1167 quoque
1363 1131 1388 1159 in
1404 1131 1482 1159 factis
1494 1131 1653 1159 enarrandis
1667 1138 1777 1159 veraces

995 1185 1054 1205 esse
1067 1184 1177 1205 necesse
1202 1182 1254 1205 est.
1275 1176 1410 1204 Praeterea
1434 1177 1478 1212 qui
1498 1177 1557 1204 illos
1570 1177 1636 1205 deos
1651 1185 1710 1205 esse
1726 1177 1777 1205 lin-

995 1230 1060 1251 xere
1088 1227 1219 1251 noverant
1231 1223 1323 1258 utique
1339 1230 1397 1257 qua
1412 1223 1477 1250 deos
1490 1229 1570 1258 agere
1587 1223 1674 1256 decet,
1689 1230 1777 1258 neque

996 1276 1115 1303 unquam
1133 1268 1273 1296 hominum
1288 1273 1365 1295 notas
1381 1267 1431 1296 diis
1447 1267 1631 1296 allinxissent:
1647 1268 1684 1295 uti
1697 1276 1777 1296 nemo

996 1314 1066 1349 ignis
1092 1314 1218 1341 elfectum
1246 1321 1325 1349 aqua:
1350 1314 1512 1348 attribueril,
1539 1322 1599 1342 cum
1625 1314 1695 1349 ignis
1722 1314 1776 1342 vim

995 1360 1171 1388 eomburendi
1188 1360 1297 1392 habeat,
1314 1368 1390 1395 aqua;
1401 1365 1490 1388 autem
1501 1360 1598 1396 frigida
1616 1362 1653 1389 sit
1668 1355 1776 1391 natura.

996 1405 1168 1440 Quapropter
1183 1406 1205 1433 si
1222 1405 1292 1433 facta
1322 1406 1402 1441 digna
1433 1411 1497 1434 sunt
1521 1408 1642 1441 deorum,
1661 1408 1698 1436 dii
1713 1416 1778 1436 sane

997 1451 1098 1479 fuerint
1111 1452 1156 1487 qui
1180 1452 1230 1479 ista
1250 1456 1374 1487 egerunt.
1404 1452 1451 1480 Sin
1477 1458 1566 1480 autem
1590 1453 1728 1482 hominum
1751 1459 1779 1481 et

996 1497 1104 1533 quidem
1120 1506 1172 1526 non
1187 1499 1361 1526 honestorum
1377 1498 1581 1530 sitadulterari,
1598 1499 1705 1534 aliaque
1719 1507 1778 1534 qun:

997 1551 1079 1579 Supra
1096 1544 1306 1572 memoravimus
1325 1543 1428 1571 scelera
1440 1544 1611 1572 committere
1628 1553 1635 1572 z
1657 1544 1779 1572 homines

998 1590 1091 1624 procul
1106 1590 1187 1618 dubio
1205 1589 1316 1624 fuerint,
1336 1597 1388 1617 non
1409 1589 1465 1621 dii,
1488 1589 1535 1624 qui
1555 1589 1599 1616 illa
1625 1594 1778 1624 patraverc.

157 1634 213 1670 γὰρ
224 1636 283 1666 ταῖς
296 1634 400 1666 οὐσίαις
415 1635 463 1661 καὶ
477 1634 526 1668 τὰς
543 1635 656 1671 πράξεις
668 1633 737 1662 εἶναι
754 1634 806 1671 χρὴ
817 1655 824 1667 ,
840 1636 883 1663 ἵνα
897 1635 942 1662 καὶ

998 1636 1082 1662 Actus
1098 1635 1171 1662 enim
1184 1634 1289 1662 naturis
1300 1642 1450 1670 congruere
1463 1634 1570 1667 debent,
1588 1639 1616 1661 ut
1631 1639 1657 1662 et
1670 1634 1780 1663 effectus

157 1682 190 1707 ἐκ
203 1682 251 1716 τῆς
266 1681 405 1716 ἐνεργείας
424 1683 438 1708 ὁ
458 1681 563 1716 πράξας
587 1682 757 1718 μαρτυρηθῇ,
773 1683 820 1709 καὶ
847 1683 879 1709 ἐκ
894 1684 943 1718 τῆς

156 1727 252 1759 οὐσίας
269 1727 366 1763 πρᾶξις
378 1728 530 1764 γνωσθῆναι
545 1728 654 1764 δυνηθῇ.
675 1729 778 1764 Ὥσπερ
793 1725 839 1755 οὖν
853 1727 879 1754 εῐ
890 1736 942 1759 τις,

157 1772 347 1808 διαλεγόμενος
366 1774 431 1810 περ).
442 1773 537 1806 ὓδατος
549 1774 595 1801 καὶ
618 1774 713 1809 πυρὸς,
735 1774 782 1800 καὶ
809 1773 857 1805 τὰς
883 1773 944 1800 τού-

158 1827 213 1845 των
226 1819 365 1855 ἐνεργείας
380 1819 568 1854 ἀπαγγέλλων,
582 1820 631 1846 οὐκ
644 1819 676 1846 ἂν
691 1817 762 1851 εἷπε,
782 1819 812 1846 τὸ
841 1819 890 1854 μὲν
916 1819 945 1845 ῦ-

158 1863 213 1900 δωρ
225 1864 323 1897 καίειν,
334 1864 365 1891 τὸ
384 1865 411 1892 δὲ
427 1865 483 1901 πῦρ
496 1865 606 1900 ψύχειν·
624 1865 677 1892 οὐδ’
689 1866 715 1892 ετ
734 1874 775 1896 τις
791 1865 853 1900 περὶ
869 1865 944 1901 ἡλίου

158 1911 205 1938 καὶ
219 1912 270 1947 γῆς
283 1912 410 1947 διηγεῖτο,
431 1911 523 1945 ἔλεγεν
541 1912 574 1939 ἂν
598 1912 646 1948 τὴν
665 1912 714 1948 μὲν
735 1912 787 1947 γῆν
807 1911 943 1946 φωτίζειν,

157 1957 203 1984 τὸν
215 1957 244 1984 δὲ
257 1957 333 1992 ¹ήλιον
355 1957 469 1992 βοτάνας
488 1957 535 1984 καὶ
554 1958 676 1993 καρποὺς
694 1957 750 1993 (95)
776 1957 944 1993 σπείρεσθαι,

158 2003 226 2030 ἀλλὰ
242 2003 289 2030 καὶ
302 2003 401 2038 λέγων,
419 2005 510 2031 πᾶσαν
534 2003 726 2039 παραπληξίαν
756 2003 922 2039 ὑπερέϐαλεν
936 2012 944 2020 ·

157 2049 244 2082 οὕτως
256 2051 306 2077 οὐκ
323 2050 356 2077 ἂν
367 2051 392 2077 οἱ
408 2051 474 2086 παρ’
492 2050 583 2082 αὐτοῖς
597 2051 779 2085 συγγραφεῖς,
793 2049 840 2076 καὶ
866 2049 945 2085 μάλι-

159 2103 210 2122 στα
225 2096 240 2122 ὁ
258 2096 366 2123 πάντων
395 2095 560 2131 ἐξοχώτατος
582 2095 706 2131 ποιητὴς,
732 2096 809 2130 εἴπερ
837 2094 946 2130 ᾔδεισαν

159 2141 239 2173 θεοὺς
255 2139 323 2168 εἶναι
335 2142 379 2168 τὸν
391 2142 439 2169 Δία
448 2142 495 2169 καὶ
508 2142 571 2174 τοὺς
587 2141 692 2175 ἄλλους,
707 2141 833 2173 τοιαύτας
855 2141 946 2173 αὐτοῖς

160 2186 327 2223 περιέθηκαν
344 2187 466 2224 πράξεις,
482 2188 510 2214 αἳ
527 2188 564 2224 μὴ
581 2185 650 2214 εἶναι
668 2187 745 2220 θεοὺς
762 2187 860 2219 αὐτοὺς
871 2187 947 2222 ἐλέγ-

159 2241 263 2269 χουσιν,
277 2232 344 2260 ἀλλὰ
357 2233 457 2269 μᾶλλον
467 2232 626 2269 ἀνθρώπους
639 2231 718 2265 εἶναι,
730 2233 776 2260 καὶ
789 2231 948 2268 ἀνθρώπους

157 2280 189 2306 οὺ
205 2277 355 2315 σώφρονας.
374 2279 410 2306 Ἦ
425 2280 450 2306 εί
466 2278 615 2314 ἐψεύσαντο
631 2279 670 2311 ὡς
697 2279 816 2314 ποιηταὶ,
846 2278 894 2305 καὶ
914 2278 946 2305 σὺ

157 2308 444 2362 τούτων-καταψεύδῃ,
461 2308 505 2353 διά
516 2325 543 2352 τί
565 2326 602 2361 μὴ
619 2308 667 2352 καί
685 2325 741 2361 (96)
754 2308 815 2352 ’ἐπὶν
828 2325 877 2360 τῆς
899 2325 947 2352 ἀν-
963 2308 985 2336 D

157 2370 251 2406 δρείας
264 2371 317 2398 τῶν
329 2370 424 2407 ἡρώων
438 2371 597 2406 ἐψεύσαντο,
613 2371 660 2398 καὶ
672 2371 734 2399 ἀντὶ
750 2371 801 2407 μὲν
824 2371 949 2407 ἀνδρείας

159 2416 313 2450 ἀσθένειαν,
334 2416 394 2443 ἀντὶ
412 2416 440 2443 δέ
465 2417 605 2450 ἀσθενείας
631 2417 755 2453 ἀνδρείαν
781 2416 949 2450 ἐπλάσω-τος

162 2462 235 2489 Ἔδει
249 2462 304 2498 γὰρ
316 2462 409 2498 ὥσπερ
421 2463 468 2489 ἐπὶ
478 2463 526 2490 τοῦ
540 2463 601 2494 Διὺς
620 2463 667 2490 καὶ
690 2463 740 2498 τῆς
755 2463 854 2499 Ἥρας,
880 2462 951 2490 οὕτω

160 2507 273 2535 καὶτοῦ
297 2508 347 2543 μὲν
370 2507 512 2543 Ἀχιλλέως
535 2508 694 2544 ἀνανδρείαν
717 2507 950 2543 καταψεύσασθαι,

158 2553 207 2580 τοῦ
227 2553 256 2580 δὲ
279 2553 410 2590 Θερσίτου
437 2553 552 2589 δύναμιν
579 2552 734 2589 θαυμάσαι·
758 2554 805 2580 καὶ
826 2553 873 2580 τοῦ
901 2553 951 2588 μὲν

163 2599 315 2632 Ὀδυσσέως
343 2599 488 2627 ἀσυνεσίαν
514 2599 659 2633 διαϐαλεῖν,
685 2600 733 2626 τοῦ
759 2600 788 2627 δὲ
815 2600 950 2634 Νέστορος

155 2646 377 2682 παραφροσύνην
403 2646 572 2674 πλάσασθαι·
591 2647 638 2674 καὶ
661 2647 708 2674 τοῦ
726 2647 775 2682 μὲν
801 2646 950 2682 Διομήδους

196 2735 323 2773 (9Ξ)Α¹Ως
349 2737 425 2765 deest
448 2737 479 2773 in
511 2737 591 2765 Basil.
616 2736 722 2773 Anglic.
751 2742 777 2764 et
796 2736 915 2764 Felekm.
934 2736 952 2763 2

161 2771 247 2808 anon.
262 2771 344 2808 Paulo
359 2777 421 2807 post
444 2772 557 2807 Segucr.
580 2778 607 2800 et
633 2771 738 2806 Anglic.
763 2772 880 2808 φήσουσι
903 2773 953 2799 ha-

161 2807 302 2844 bentialﬁ
312 2812 407 2844 autem
421 2815 483 2835 cum
495 2808 575 2844 editis
584 2808 704 2844 gallorum.

196 2841 252 2878 (95)
275 2841 440 2876 Ἐψεύσαντο
450 2844 526 2870 deest
538 2843 565 2870 in
583 2841 702 2870 Felekm.
722 2842 740 2869 2
759 2849 840 2870 anon.
867 2841 952 2878 Paulo

161 2882 223 2912 post
243 2877 402 2913 particulam
423 2879 447 2904 si
466 2882 524 2912 past
539 2878 744 2913 ﬁrrcstituirnus
760 2885 794 2905 ex
812 2885 878 2905 mss.
902 2877 952 2913 Sey

161 2911 239 2946 gner.
265 2911 347 2941 Basil.
374 2913 482 2948 Anglic.
504 2911 614 2941 Gohler.
635 2918 664 2940 et
689 2912 810 2942 Felckm.
837 2913 850 2940 ί
877 2917 906 2941 et
931 2912 950 2939 2

162 2955 245 2976 anon.

324 2996 461 3028 Panos.
483 2996 542 3028 Gn.
561 2996 664 3028 XXV.

999 1687 1136 1709 auctorem
1160 1686 1273 1709 leslelur
1286 1701 1294 1714 ,
1312 1685 1339 1709 et
1361 1688 1393 1708 ex
1417 1685 1513 1707 natura
1529 1684 1606 1707 actus
1628 1680 1712 1715 possit
1733 1689 1779 1709 co-

997 1728 1100 1762 gnosci.
1120 1727 1351 1761 Quemadmodum
1366 1735 1431 1763 ergo
1445 1727 1467 1754 si
1478 1727 1538 1762 quis
1551 1727 1584 1754 de
1595 1735 1664 1762 aqua
1679 1733 1706 1756 et
1719 1727 1780 1763 igne

999 1774 1148 1807 disputare,
1171 1781 1323 1808 eorumque
1346 1773 1459 1801 effectus
1481 1773 1579 1801 alierre
1600 1773 1689 1806 vellet,
1711 1782 1779 1800 nun-

998 1828 1079 1855 qnam
1093 1820 1214 1854 profecto
1227 1820 1318 1847 dicere
1333 1820 1446 1848 auderet
1461 1827 1558 1855 aquam
1572 1819 1742 1853 comburere,
1753 1827 1780 1847 et

999 1866 1088 1901 ignem
1103 1866 1274 1900 refrigerare.
1289 1865 1422 1893 Similiter
1435 1865 1457 1893 si
1471 1866 1532 1901 quis
1546 1866 1580 1893 de
1591 1866 1649 1893 sole
1665 1870 1693 1892 et
1709 1870 1780 1893 terra

999 1913 1134 1940 disserere
1148 1913 1352 1948 aggrederetur,
1372 1912 1528 1946 neutiquam
1543 1917 1618 1939 certe
1635 1911 1782 1939 alllrmaret

1000 1963 1100 1985 terram
1123 1957 1286 1990 illuminare,
1311 1957 1395 1986 solent
1420 1962 1510 1985 autem
1527 1957 1625 1986 herbas
1639 1962 1666 1985 et
1679 1957 1782 1986 fructus

999 2003 1180 2038 producere:
1216 2003 1336 2038 alioquin
1368 2003 1555 2038 stupiditatem
1583 2004 1783 2038 amentiamque

999 2055 1108 2075 omnem
1123 2053 1279 2082 superaret.
1295 2048 1333 2075 Ita
1348 2048 1370 2075 si
1387 2049 1452 2076 deos
1469 2056 1530 2076 esse
1552 2048 1645 2076 Jovem
1657 2053 1784 2076 caeteros-

999 2100 1051 2127 quc
1066 2092 1133 2120 alios
1150 2099 1253 2120 certum
1274 2093 1433 2121 habuissent
1455 2093 1562 2122 illorum
1581 2094 1739 2129 scriptam.
1752 2102 1784 2121 ac

999 2138 1134 2173 prmcipue
1164 2138 1287 2166 omnium
1314 2139 1552 2174 praestantissimus
1571 2144 1661 2173 poeta,
1689 2138 1784 2173 hujus-

1001 2183 1073 2211 modi
1088 2189 1166 2212 actus
1181 2183 1236 2212 illis
1249 2191 1302 2212 nan
1323 2184 1525 2220 ascripsissent,
1545 2185 1642 2219 quibus
1662 2191 1709 2212 eos
1730 2192 1783 2212 non

1001 2232 1065 2258 deos
1079 2230 1126 2258 sed
1143 2231 1231 2265 potius
1245 2230 1379 2263 homines,
1395 2231 1529 2264 homines,
1546 2230 1666 2265 inquam,
1678 2237 1729 2257 non
1741 2238 1785 2256 sa-

1001 2277 1105 2311 pientes
1129 2277 1214 2304 fuisse
1246 2276 1420 2304 manifestum
1446 2276 1532 2304 lierel.
1562 2275 1608 2303 Vel
1633 2275 1654 2303 si
1679 2275 1784 2302 mentiti

1000 2327 1063 2349 sunt
1078 2326 1174 2356 poetae,
1194 2326 1278 2355 tuque
1301 2321 1360 2348 illos
1380 2321 1440 2348 falsi
1457 2321 1558 2357 arguis,
1572 2327 1657 2355 quare
1681 2320 1715 2348 de
1738 2321 1786 2347 hc-

1002 2376 1079 2396 roum
1096 2368 1255 2396 fortitudine
1272 2367 1340 2395 falsa
1353 2367 1454 2395 dixisse
1469 2375 1522 2395 non
1536 2367 1588 2400 vis,
1603 2374 1653 2394 nec
1664 2375 1713 2403 pro
1727 2366 1785 2396 for-

1001 2414 1117 2442 titudine
1134 2414 1360 2445 imbecillitatem.
1374 2419 1421 2440 aut
1436 2421 1486 2446 pro
1502 2412 1687 2441 imbecillitate
1706 2412 1785 2441 [orti-

1003 2460 1124 2487 tudinem
1137 2464 1307 2487 commentos
1327 2467 1389 2487 esse
1404 2459 1416 2486 ‘!
1438 2458 1541 2493 Nempe
1563 2458 1732 2492 debuissent,
1747 2460 1786 2487 uti

1003 2506 1036 2533 de
1062 2504 1128 2533 Jove
1152 2510 1180 2532 et
1204 2504 1311 2533 Iunone
1346 2504 1491 2532 commenti
1520 2509 1603 2537 sunt,
1638 2503 1675 2531 ita
1705 2504 1788 2531 etiam

1003 2552 1136 2579 Achillem
1153 2552 1266 2586 ignavia:
1292 2550 1450 2582 insimulare
1465 2555 1491 2577 et
1504 2549 1640 2577 Thersitae
1652 2549 1725 2577 vires
1740 2551 1789 2576 ad-

1004 2597 1109 2630 mirari,
1125 2597 1228 2633 Ulyssis
1244 2597 1454 2631 imprudentiam
1469 2602 1496 2624 et
1510 2596 1698 2630 stnpiditatem
1717 2595 1790 2622 inse-

1004 2644 1083 2677 ctari,
1114 2643 1218 2672 Nestori
1240 2643 1421 2675 insipientiam
1454 2643 1583 2675 tribuere,
1612 2641 1734 2669 Diomedi
1762 2645 1790 2668 et

1039 2735 1096 2771 (94)
1110 2735 1156 2763 Sic
1171 2735 1284 2768 Seguer.
1299 2739 1326 2762 et
1343 2732 1452 2761 Gobler.
1469 2732 1521 2771 Alii
1537 2740 1598 2771 cum
1617 2733 1706 2771 editis.
1723 2731 1787 2771 elei:

1005 2766 1063 2799 vos
1078 2766 1157 2807 ἔργα,
1172 2766 1231 2805 quae
1248 2778 1309 2797 mox
1324 2771 1463 2804 sequitur,
1481 2769 1558 2796 deest
1583 2768 1610 2795 in
1631 2766 1751 2796 Felcktu.
1771 2767 1789 2794 2

1005 2813 1096 2876 ³ηξξῗέ)
1117 2840 1162 2868 Sic
1182 2839 1295 2876 Seguer.
1312 2839 1425 2876 rGobler.
1450 2837 1571 2866 Felcltm.
1593 2838 1606 2866 ι
1632 2843 1660 2866 et
1674 2837 1693 2864 ε
1707 2845 1788 2865 anon.

1003 2876 1130 2914 Aliich
1146 2875 1237 2914 editis,
1256 2875 1381 2914 βοτάναις
1392 2876 1439 2902 καὶ
1452 2876 1578 2914 καρποῖς.
1758 2907 1774 2914 __

1040 2910 1095 2946 (96)
1114 2907 1276 2940 Particulam
1293 2911 1340 2938 καί
1356 2912 1469 2947 Seguer.
1485 2907 1565 2938 habet
1579 2917 1585 2936 :
1601 2908 1717 2937 aliicum
1732 2907 1792 2936 edi-

1003 2947 1039 2975 tis
1051 2946 1189 2974 omittunt.

1613 2992 1634 3019 2
