2037 3044
161 199 195 226 57
751 202 881 231 ORATIO
894 202 1038 232 CONTRA
1057 203 1202 233 GENTES.
1746 206 1781 234 38

197 259 239 287 18.
254 259 302 292 Τίς
316 259 361 289 οὖν
377 262 520 297 ἀπολογία.
536 265 579 294 τις
593 261 729 296 ἀπόδειξις
747 265 810 299 περὶ
822 264 868 291 τοῦ
882 262 944 291 εἶναι

1037 265 1079 293 18.
1093 265 1161 299 Quid
1179 265 1260 300 igitur
1278 265 1460 299 superstitiosi
1487 264 1684 300 respondi-bunt
1703 285 1709 290 .
1728 272 1782 300 quo

160 307 270 339 τούτους
284 307 361 340 θεοὺς
375 308 473 342 γένοιτ’
488 309 520 335 ἂν
536 309 592 340 τοῖς
607 309 636 334 ἐν
660 308 765 340 τούτοις
789 310 949 346 δεισιδαιμο-

160 352 265 386 νοῦσιν;
289 353 335 380 Ἐκ
347 354 397 389 μὲν
413 354 467 389 γὰρ
475 354 529 380 τῶν
542 354 688 389 λεχθέντων
699 354 788 390 μικρῷ
803 356 946 392 πρότερον,

158 398 319 435 ἀνθρώπους
331 400 441 431 αὐτοὺς,
455 401 502 427 καὶ
525 399 685 436 ἀνθρώπους
716 401 746 427 οὐ
778 403 893 436 σεμνοὺς
911 402 948 437 (Α)

157 445 248 478 ὄντας,
263 446 277 472 ὀ
292 446 369 480 λόγος
386 446 527 479 ἀπέδειξεν
537 455 544 462 ·
562 448 602 478 εἰς
616 447 704 473 ἐκεῖνο
715 447 743 474 δὲ
756 448 825 483 τάχα
843 450 948 485 τραπή-

158 499 261 523 σονται,
277 492 324 518 καὶ
345 492 416 527 μέγα
441 493 621 528 φρονήσουσιν
639 493 685 519 ἐπὶ
710 495 767 525 τοῖς
796 495 841 520 ὑπ’
859 495 948 521 αὐτῶν

157 536 292 571 εὑρεθεῖσι
308 536 346 572 τῷ
364 537 413 572 βίῳ
429 538 584 573 χρησίμοις,
599 537 724 572 λέγοντες
734 538 777 565 διὰ
798 539 884 566 ταῦτα
899 540 949 567 αύ-

156 583 221 614 τοὺς
235 583 282 609 καὶ
299 583 377 615 θεοὺς
395 584 529 618 ἡγεῖσθαι,
545 584 586 610 ὅτι
602 586 660 616 τοῖς
676 584 829 620 ἀνθρώποις
852 587 948 622 χρήσι-

159 635 203 662 μοι
219 628 430 662 γεγόνασι.Ζεὺς
446 629 494 664 μὲν
504 630 557 665 γὰρ
570 630 678 664 λέγεται
689 630 837 667 πλαστικὴν
852 632 948 668 τέχνην

157 674 313 709 ἐσχηκέναι,
345 675 480 703 Ποσειδῶν
499 676 527 702 δὲ
557 677 607 712 τὴν
622 677 668 703 τοῦ
689 677 870 714 κυϐερνήτου⁸
898 680 945 706 καὶ

158 719 308 754 ’Ἥφαιστος
322 721 371 755 μὲν
386 721 575 757 χαλκευτικὴν,
600 723 700 759 Ἀθηνᾶ
712 724 740 750 δὲ
765 723 814 760 τὴν
834 725 948 760 ὑφαντισ

157 766 226 802 κήν·
241 767 287 792 καὶ
307 767 443 794 Ἀπόλλων
461 767 509 803 μὲν
525 768 574 804 τὴν
595 770 738 805 μουσικὴν,
759 771 890 807 ’Ἄρτεμις
918 772 947 798 δὲ

156 811 207 846 τὴν
222 812 417 847 κυνηγητικὴν,
433 813 479 840 καὶ
495 813 533 848 (5)
551 814 624 849 ’Ἦρα
640 815 782 850 στολισμὸν
792 836 800 849 ,
815 817 946 853 Δήμητρα

157 857 304 893 γεωργίαν,
317 858 362 884 καὶ
378 858 451 885 ἄλλοι
468 858 562 892 ἄλλας,
587 860 625 892 ὡς
647 861 670 887 οἱ
690 861 860 897 ἱστοροῦντες
882 863 947 898 περὶ

157 903 247 929 αὐτῶν
263 903 439 939 ἐξηγήσαντο.
458 904 537 932 Ἀλλὰ
566 905 667 938 ταύτας
683 907 729 933 καὶ
750 909 800 939 τὰς
820 908 947 940 τοιαύτας

157 946 312 983 ἐπιστήμας
331 949 380 975 οὐκ
396 949 487 980 αὐτοῖς
508 950 598 984 μόνοις
625 950 678 976 ἔδει
702 951 765 983 τοὺς
788 951 946 987 ἀνθρώπους

156 992 304 1026 ἀναθεῖναι,
319 993 386 1020 ἀλλὰ
400 995 432 1029 τῇ
443 995 517 1029 κοινῇ
530 994 583 1020 τῶν
597 994 747 1030 ἀνθρώπων
764 995 852 1030 φύσει1
863 997 903 1028 εις
915 997 946 1031 ἢν

156 1038 323 1071 ἀτενίζοντες
339 1040 477 1076 ἄνθρωποι
488 1040 535 1072 τὰς
552 1041 649 1076 τέχνας
674 1041 874 1077 ὲφευρίσκουσι.
892 1042 946 1078 Τὴν

155 1089 210 1124 γὰρ
227 1089 323 1125 τέχνην
340 1091 386 1116 καὶ
402 1091 426 1116 οἱ
442 1090 534 1117 πολλοὶ
549 1090 657 1125 λέγουσι
687 1090 794 1125 φύσεως
807 1091 892 1126 αὐτὴν
908 1090 945 1125 (6)

155 1132 224 1161 εἶναι
237 1135 358 1174 μέμ-[λεια.
373 1135 405 1161 EI
420 1135 509 1162 τοίνυν
526 1136 705 1171 ἐπιστήμονες
723 1139 787 1171 περὶ
800 1136 833 1168 ἃς
847 1136 945 1162 ἐσπού-

154 1181 239 1207 δασαν
255 1181 354 1216 τέχνας
366 1181 520 1215 γεγόνασιν,
533 1182 561 1208 οὒ
577 1181 620 1208 διὰ
630 1181 709 1208 τοῦτο
724 1183 771 1208 καὶ
796 1182 872 1214 θεοὺς
896 1182 945 1208 αὐ-

154 1226 218 1257 τοὺς
233 1225 353 1261 νομίζειν
367 1227 488 1263 ἀνάγκη,
503 1227 571 1254 ἀλλὰ
590 1227 689 1262 μᾶλλον
712 1227 882 1263 ἀνθρώπους.
908 1228 945 1254 Οὐ

155 1272 210 1307 γὰρ
222 1271 251 1304 ἐξ
263 1272 353 1299 αὐτῶν
375 1274 403 1300 αἱ
419 1273 521 1308 τέχναι,
540 1273 597 1299 ἀλλ’
616 1273 644 1299 ὲν
658 1273 770 1305 ταύταις
798 1274 846 1300 καὶ
870 1274 946 1300 αὐτοὶ

154 1318 205 1353 τὴν
222 1318 302 1352 φύσιν
321 1320 498 1354 ἐμιμήσαντο.
519 1320 614 1351 Ὄντες
637 1319 691 1354 γὰρ
712 1319 849 1355 ἄνθρωποι
875 1319 946 1346 κατὰ

155 1362 236 1397 φύσιν
249 1363 367 1390 δεκτικοὶ
384 1364 537 1399 ἐπιστήμης
554 1364 623 1390 κατὰ
648 1364 693 1390 τὸν
708 1365 771 1400 περὶ
786 1365 875 1390 αὐτῶν
903 1373 946 1391 τε-

155 1408 237 1434 θέντα
252 1409 325 1444 ὅρον,
345 1409 419 1436 οὐδὲν
431 1409 587 1444 θαυμαστὸν
604 1409 627 1435 εἰ
656 1410 688 1444 τῇ
704 1409 861 1445 ἀνθρωπίνῃ
888 1409 946 1436 δια-

155 1455 214 1490 νοίᾳ
228 1455 274 1481 καὶ
294 1456 370 1482 αὐτοὶ
387 1456 426 1488 εἰς
448 1455 497 1491 τὴν
511 1455 614 1482 ἑαυτῶν
630 1455 710 1490 φύσιν
736 1455 944 1489 ἀποϐλέποντες,

155 1502 202 1528 καὶ
215 1501 316 1536 ταύτης
331 1502 485 1537 ἐπιστήμην
500 1502 626 1533 λαϐόντες
644 1502 693 1537 (7),
712 1502 762 1534 τὰς
788 1501 885 1536 τέχνας
899 1502 947 1527 ἐπ-

155 1546 278 1581 ενόησαν.
301 1547 337 1573 Ἣ
366 1548 390 1573 εἰ
415 1547 459 1573 διὰ
472 1547 521 1578 τὰς
543 1547 596 1574 τῶν
612 1548 714 1583 τεχνῶν
728 1547 850 1582 εὑρέσεις
870 1546 945 1578 Θεοὺς

154 1592 253 1624 αὐτοὺς
271 1593 343 1625 ἄξιον
360 1593 573 1629 ἀναγορεύεσθαι
590 1594 727 1628 λέγουσιν·
744 1594 802 1630 ὥρα
824 1594 871 1621 καὶ
885 1594 946 1625 τοὺς

154 1637 208 1664 τῶν
219 1638 304 1664 ἄλλων
319 1638 421 1673 τεχνῶν
434 1639 549 1674 εὑρετὰς
565 1639 642 1671 θεοὺς
669 1639 856 1675 ἀναγορεύειν,
883 1639 943 1665 καθ’
958 1631 978 1659 C

154 1685 184 1711 ὃν
200 1684 277 1718 λόγον
294 1685 414 1711 κάκεῖνοι
431 1685 480 1720 τῆς
507 1684 634 1719 τοιαύτης
659 1684 805 1719 ὀνομασίας
826 1682 943 1718 ἠξιώθη-

156 1739 217 1758 σαν.
234 1730 451 1767 Γράμμαῃμὲν
471 1729 526 1765 γὰρ
543 1730 657 1766 ἐφεῦρον
677 1730 808 1766 αιοξνιχες,
834 1729 942 1767 ποίησιν

154 1777 182 1803 δὲ
197 1766 470 1814 ήρωῗνιῂῖρτομηρος·
490 1776 538 1802 καὶ
555 1776 726 1815 Stulta-ttth
744 1776 793 1811 μὲν
820 1766 943 1813 gilvum

160 1812 301 1863 Eisdem,
318 1812 465 1860 9&5;th
497 1823 526 1849 δὲ
544 1812 641 1858 τὲςδην
659 1822 750 1864 Κοραξ
766 1823 780 1849 ὁ
806 1812 944 1858 Eppium};

154 1878 228 1904 atoq'
258 1870 305 1896 καὶ
324 1870 430 1905 καρπὸν
459 1870 509 1904 μὲν
534 1868 668 1906 μελισσῶν
691 1868 853 1907 Ἀριστρς,
867 1867 942 1893 σίτου

151 1915 181 1942 δὲ
194 1915 297 1951 σπορὰν
314 1916 514 1954 Τριπτρλεμρς·
533 1917 581 1943 καὶ
594 1915 694 1950 νόμους
712 1914 761 1949 μὲν
786 1913 943 1949 Λυκοῦργος

152 1962 166 1987 ὁ
182 1961 356 2006 Exigi-item;
372 1962 418 1988 καὶ
432 1962 519 2000 Σόλων
531 1963 545 1988 ὁ
565 1961 703 1996 Ἀθηναίος
716 1968 722 1973 ·
739 1958 793 1985 τῶν
810 1958 838 1984 δὲ
852 1966 943 1994 γραμ-

155 2004 311 2042 μάτωνῖὴν
332 2007 458 2039 σύνταξιν
475 2008 522 2034 καὶ
550 2007 693 2043 ἀριθμοὺς,
711 2004 759 2032 καὶ
784 2004 870 2040 μέτρα
897 2004 943 2030 καὶ

153 2052 273 2087 στάθμια
297 2053 463 2095 “ﬂagri;
494 2053 609 2087 ἐφεῦρε·
641 2052 688 2078 καὶ
716 2050 789 2078 ἄλλοι
813 2049 880 2076 ἄλλα
896 2049 942 2076 καὶ

151 2097 268 2132 διάφορα
284 2098 323 2133 τῷ
336 2098 384 2134 βίῳ
399 2098 454 2126 τῶν
464 2098 613 2134 ἁνξι.ωπων
621 2095 793 2132 ἀπήγγειλαν
808 2095 940 2130 χρήσιμα,

153 2144 224 2170 κατὰ
246 2144 295 2179 τὴν
312 2145 365 2171 τῶν
393 2146 590 2180 ἱστορησάντων
604 2145 641 2179 (8)
668 2142 830 2179 μαρτυρίαν.
855 2141 942 2176 Εἴπερ

152 2188 199 2216 οὖν
210 2190 238 2217 αἱ
251 2191 400 2226 ἐπιστῆμαι
413 2191 574 2222 θεοποιοῦσι,
587 2191 633 2216 καὶ
648 2189 691 2216 διὰ
704 2188 804 2220 ταύτας
817 2187 869 2214 εἰσὶ
885 2187 942 2213 θεοὶ

151 2235 275 2270 γλυποί,
293 2237 398 2272 ἀνάγκη
413 2238 460 2264 καὶ
472 2237 535 2268 τοὺς
543 2236 654 2271 ὕστερον
666 2235 777 2262 ἐκείνων
793 2232 941 2268 ἐφευρετὰς

151 2282 205 2309 τῶν
222 2282 309 2309 ἄλλων
323 2284 494 2318 γενομένους,
513 2281 581 2310 εἶναι
599 2283 656 2309 κατ’
670 2282 768 2312 αὐτοὺς
787 2279 900 2315 θεούς-ἣ
916 2280 939 2305 εἰ

152 2329 204 2364 μὴ.
218 2329 328 2360 τούτους
348 2328 450 2362 ἀξιοῦσι
471 2329 520 2364 τῆς
548 2328 595 2354 τοῦ
614 2327 651 2363 (9)
681 2326 748 2353 Θεοῦ
772 2327 865 2361 τιμῆς,
881 2324 938 2351 ἀλλ’

150 2374 311 2411 ἀνθρώπους
338 2374 576 2409 ἐπιγινώσκουσιν·
602 2373 746 2400 ἀκόλουθον
762 2373 809 2399 καὶ
832 2372 876 2398 τὸν
890 2371 939 2398 Δία

1000 317 1158 347 argumento
1177 312 1237 339 illos
1255 311 1321 338 deos
1334 318 1396 339 esse
1411 311 1576 339 ostendent?
1601 310 1668 337 Nam
1680 318 1711 338 ex
1726 311 1781 345 his,

999 366 1058 392 quae
1072 358 1151 392 paqu
1167 358 1291 393 superius
1307 358 1436 391 diximus,
1461 358 1586 385 homines
1607 365 1664 389 eos,
1680 362 1707 384 et
1723 357 1781 392 qui-

999 403 1059 431 dem
1074 408 1168 436 turpes
1188 403 1323 436 homines,
1339 403 1421 430 fuisse
1436 403 1577 438 probatum
1593 407 1644 430 est.
1662 403 1696 429 At
1708 403 1780 429 euitn

998 456 1031 476 eo
1051 449 1120 476 forte
1142 453 1307 483 postremum
1333 456 1362 475 se
1386 453 1503 482 vertent,
1528 453 1566 482 ιιι,
1583 456 1643 483 qum
1663 448 1700 476 illi
1720 448 1781 475 vita:

998 494 1136 521 hominum
1150 494 1224 521 tttilia
1242 495 1380 525 invenere,
1399 494 1542 529 magniﬁce
1566 494 1682 529 jactent,
1707 501 1781 521 asse-

998 546 1147 574 verentque
1164 547 1224 567 eam
1245 540 1280 567 ob
1294 547 1351 568 rem
1375 540 1439 567 deos
1453 539 1560 571 haberi,
1581 540 1642 574 quia
1666 540 1783 566 homini-

999 585 1050 611 bus
1065 584 1140 612 l'uere
1158 585 1247 612 utiles.
1264 584 1370 619 Jupiter
1386 585 1458 612 enim
1483 584 1609 619 plastices
1631 585 1688 612 sive
1713 585 1781 613 artis

999 631 1095 666 ﬁglinm
1110 636 1204 659 auctor
1222 631 1305 659 fuisse
1318 631 1418 658 dicitur
1435 640 1443 664 ;
1469 631 1620 666 Neptunus.
1639 631 1753 659 nautica
1772 640 1781 663 ;

998 676 1145 709 Vulcanus,
1161 676 1279 711 fabrilis;
1293 677 1425 710 Minerva,
1440 678 1584 711 textrinaa;
1601 677 1704 713 Apollo,
1722 686 1780 705 mu-

997 724 1081 757 sicae;
1101 723 1183 750 Diana
1197 722 1260 750 item
1277 723 1392 751 venandi
1411 728 1511 755 artem,
1537 729 1626 752 vestes
1643 724 1699 751 sive
1720 732 1782 752 cor-

997 770 1071 805 poris
1083 775 1209 796 urnatum
1230 769 1309 803 Juno,
1339 770 1421 797 Ceres
1450 770 1659 805 agriculturam,
1683 770 1782 806 aliique

997 816 1064 843 alias
1077 818 1158 843 'artes
1181 816 1318 850 invenere,
1348 820 1377 843 ut
1402 816 1471 850 apud
1496 816 1642 844 historicos
1671 816 1780 850 legitur.

998 859 1096 887 Verum
1109 860 1150 886 hae
1161 865 1188 887 et
1201 860 1305 888 similes
1320 864 1393 887 artes
1407 859 1538 888 non-iliis
1562 860 1626 887 solis
1643 860 1690 887 sed
1708 867 1782 887 com-

998 906 1070 932 muni
1085 905 1221 933 hominum
1237 911 1340 934 natura:
1355 910 1433 934 erant
1447 907 1614 934 ascribenda!
1627 915 1634 939 ;
1647 906 1779 941 siquidem

963 953 983 980 Β
999 952 1130 984 homines,
1149 951 1273 986 diligenti
1293 957 1397 979 naturae
1421 952 1652 986 contemplatione
1675 956 1704 978 et
1729 951 1773 978 nb-

997 998 1163 1030 servatione,
1189 1003 1263 1025 artes
1284 998 1449 1025 inveniunt:
1470 997 1534 1024 hinc
1554 997 1580 1024 iu
1595 995 1716 1024 omnium
1734 1003 1781 1023 ore

997 1047 1039 1070 est
1056 1048 1142 1069 artem
1165 1048 1270 1070 natum
1293 1050 1353 1070 esse
1372 1043 1562 1070 imitationem.
1581 1043 1608 1070 Si
1622 1049 1686 1078 ergo
1700 1042 1736 1069 illi
1752 1042 1778 1069 in

998 1090 1040 1116 his
1056 1090 1173 1122 artibus,
1190 1088 1290 1124 quibus
1305 1093 1439 1116 navaruut
1451 1096 1573 1124 operam,
1588 1088 1669 1123 periti
1685 1094 1780 1115 evase-

998 1140 1071 1167 runt,
1091 1143 1144 1162 non
1171 1135 1273 1163 idcirco
1291 1135 1327 1162 dii
1356 1135 1402 1162 sed
1428 1135 1519 1169 potius
1539 1134 1662 1162 homines
1687 1134 1782 1161 existi~

997 1181 1087 1209 mandi
1103 1185 1174 1207 sunt.
1189 1180 1243 1208 Nec
1262 1181 1333 1208 enim
1347 1184 1420 1208 artes
1434 1180 1467 1208 ab
1485 1180 1536 1207 illis
1552 1184 1614 1207 sunt
1631 1179 1778 1214 proiectae:

997 1226 1044 1253 sed
1064 1226 1112 1260 ipsi
1128 1226 1155 1252 in
1173 1226 1278 1252 artibus
1298 1230 1424 1252 naturam
1439 1225 1536 1253 imitati
1551 1231 1623 1252 sunt.
1640 1224 1706 1252 Nam
1716 1232 1778 1252 cum

997 1271 1130 1303 homines,
1145 1271 1182 1298 ttti
1200 1279 1232 1298 ex
1247 1271 1364 1298 hominis
1376 1271 1532 1298 delinitione
1545 1275 1661 1303 constat,
1681 1275 1778 1298 natura

996 1318 1052 1345 siut
1066 1318 1186 1345 scientia:
1210 1324 1325 1352 capaces
1346 1326 1354 1345 :
1379 1317 1416 1344 nil
1433 1318 1544 1350 mirum,
1566 1317 1590 1344 si
1609 1317 1646 1344 illi
1663 1317 1780 1344 humano

996 1365 1104 1398 ingenio
1122 1365 1149 1391 in
1162 1371 1238 1391 suam
1258 1364 1376 1400 ipsorum
1390 1369 1516 1391 naturam
1530 1363 1680 1396 intuentes,
1706 1362 1780 1398 ejus-

996 1418 1048 1445 que
1082 1415 1209 1446 percepta
1239 1410 1413 1446 cognitione,
1449 1415 1522 1437 artes
1555 1409 1778 1445 excogitaverint.

996 1456 1080 1484 Porro
1106 1457 1129 1484 si
1156 1456 1191 1484 ob
1212 1456 1334 1484 iuventas
1361 1462 1433 1483 artes
1459 1456 1509 1491 15
1535 1456 1601 1484 deos
1615 1463 1661 1483 eos
1683 1456 1780 1482 merito

996 1503 1194 1537 nuncupandos
1208 1509 1268 1530 esse
1281 1502 1456 1533 contendant,
1475 1506 1559 1529 restat
1577 1505 1606 1528 ut
1624 1505 1651 1528 et
1674 1500 1718 1528 alii
1735 1508 1780 1527 ar-

997 1548 1063 1575 tium
1076 1548 1232 1576 inventores
1242 1550 1336 1576 eodem
1353 1556 1407 1583 quo
1422 1548 1458 1575 illi
1472 1550 1534 1582 jure
1549 1549 1586 1576 dii
1603 1548 1779 1584 appellentur.

997 1593 1103 1621 Etenim
1125 1593 1229 1621 litteras
1242 1593 1384 1620 thnices
1399 1594 1549 1626 invenere;
1571 1595 1673 1628 pocsim
1687 1593 1778 1621 heroi-

997 1647 1066 1671 cam,
1080 1638 1230 1671 Ilomerus;
1247 1638 1434 1669 dialecticam.
1449 1638 1522 1666 Zeno
1540 1639 1645 1666 Eleates
1662 1647 1669 1672 ;
1688 1639 1785 1667 rheto--

995 1685 1090 1717 ricam,
1111 1684 1199 1712 Corax
1217 1685 1380 1720 Syracusius
1393 1693 1400 1717 ;
1413 1692 1493 1719 apum
1507 1691 1601 1719 opera,
1619 1685 1751 1712 Aristaeus
1766 1693 1774 1712 :

996 1730 1121 1758 frumenti
1133 1736 1293 1764 sementem,
1309 1731 1513 1766 Triptolemus;
1531 1732 1614 1767 leges,
1638 1731 1777 1767 Lycurgus

994 1776 1186 1811 Spartiateset
1200 1776 1283 1804 Solon
1306 1777 1480 1805 Atheniensis
1504 1785 1511 1810 ;
1539 1778 1690 1804 litterarum
1703 1779 1776 1805 ordi-

994 1827 1055 1846 nem
1069 1825 1096 1846 et
1114 1827 1255 1847 numerum
1280 1828 1476 1856 mensurasque
1497 1827 1525 1850 et
1545 1822 1676 1857 pondera,
1700 1823 1778 1850 Pala-

994 1865 1095 1893 medes.
1117 1866 1170 1892 Alii
1185 1866 1301 1901 denique
1325 1867 1391 1894 alias
1405 1871 1432 1894 et
1453 1867 1543 1895 varias
1572 1875 1616 1896 res
1636 1868 1776 1896 hominum

993 1911 1055 1938 vitae
1072 1912 1215 1946 perutiles,
1231 1917 1261 1939 ut
1284 1917 1417 1941 testantur
1437 1913 1572 1946 historici.
1597 1914 1777 1949 protulerunt,

994 1955 1077 1991 Igitur
1093 1958 1116 1984 si
1135 1958 1247 1986 scientia
1267 1959 1332 1988 deos
1350 1960 1425 1992 facit,
1448 1966 1529 1995 atque
1543 1960 1602 1988 Ideo
1624 1960 1660 1988 dii
1678 1961 1776 1996 sculpti

993 2002 1126 2029 exsistunt
1141 2011 1148 2030 :
1167 2011 1278 2032 necesse
1290 2005 1403 2033 omnino
1416 2010 1458 2033 est
1470 2005 1529 2033 illos
1542 2013 1661 2041 quoque,
1674 2007 1719 2041 qui
1729 2014 1777 2041 po-

993 2053 1050 2075 stea
1067 2048 1182 2075 aliorum
1200 2050 1298 2077 artium
1314 2055 1440 2078 auctores
1453 2050 1541 2084 fuere,
1559 2051 1630 2079 inter
1647 2052 1712 2080 deos
1725 2060 1778 2079 nu-

993 2095 1104 2122 merari.
1120 2095 1166 2122 Vel
1187 2100 1261 2123 certe
1276 2096 1299 2123 si
1320 2104 1367 2124 eos
1389 2097 1488 2125 divinis
1505 2098 1655 2126 honoribus
1680 2099 1777 2134 dignus

992 2147 1046 2166 non
1057 2140 1191 2173 iudicant,
1207 2141 1254 2168 sed
1274 2142 1398 2169 homines
1410 2150 1472 2170 esse
1489 2148 1662 2176 agnoscunt:
1681 2151 1774 2171 consc-

992 2192 1078 2219 quens
1092 2190 1143 2220 est,
1161 2192 1190 2214 ut
1213 2194 1263 2214 nec
1282 2186 1398 2222 Jupiter,
1420 2195 1470 2215 nec
1490 2187 1570 2220 Juno,
1587 2195 1636 2215 nec
1659 2188 1716 2221 alii,
1739 2189 1776 2218 dii

992 2231 1173 2265 appellentur,
1199 2233 1247 2259 sed
1271 2239 1335 2261 vere
1360 2234 1484 2261 homines
1508 2233 1591 2261 fuisse
1617 2234 1774 2266 credantur,

994 2285 1079 2311 eoque
1095 2278 1193 2312 magis,
1220 2279 1291 2312 quod
1320 2280 1395 2312 probi
1422 2287 1474 2306 non
1496 2278 1604 2306 fuerint.
1622 2280 1703 2307 Certe
1724 2279 1775 2314 ipsi

992 2323 1073 2350 etiam
1091 2324 1237 2351 idololatrm
1254 2325 1367 2359 sculptis
1392 2325 1503 2352 deorum
1530 2325 1682 2353 simulacris
1707 2326 1775 2353 nihil

992 2369 1063 2396 aliud
1080 2377 1126 2397 eos
1142 2378 1223 2405 quam
1239 2371 1362 2398 homines
1373 2377 1434 2398 esse
1447 2371 1595 2398 declarant.

150 2422 198 2448 καὶ
214 2421 263 2457 τὴν
281 2422 379 2457 Ἦραν,
406 2421 527 2452 καὶτοὺς
550 2420 646 2452 ἄλλους
664 2419 731 2455 μηδὲ
757 2417 937 2454 ὀνομάζεσθαι
957 2416 1044 2448 θεοὺς,
1070 2416 1139 2443 ἀλλὰ
1174 2417 1221 2444 καὶ
1241 2417 1339 2449 αὐτοὺς
1360 2417 1519 2453 ἀνθρώπους
1541 2417 1704 2453 γεγενῆσθαι
1725 2425 1772 2446 πι-

150 2468 265 2499 στεύειν,
276 2469 323 2495 καὶ
340 2467 410 2495 κατὰ
424 2467 561 2503 περιττὸν,
576 2467 616 2493 ὅτι
627 2467 694 2502 μηδὲ
717 2465 809 2500 σεμνοὶ
827 2464 982 2498 γεγόνασιν,
997 2463 1034 2494 ὡς
1051 2464 1099 2490 καὶ
1122 2464 1169 2490 ἀπ’
1185 2464 1271 2499 αὐτῆς
1290 2464 1338 2499 τῆς
1356 2463 1411 2499 (10)
1429 2464 1483 2491 τῶν
1510 2464 1675 2500 ἀγαλμάτων
1705 2464 1771 2499 γλυ-

149 2515 201 2550 φῆς
215 2515 290 2542 οὐδὲν
300 2515 392 2551 ἕτερον
407 2514 423 2550 ἦ
441 2513 601 2551 ἀνθρώπους
615 2513 715 2545 αὐτοὺς
726 2512 878 2548 ἐλέγχουσι.

187 2604 223 2638 (4)
245 2604 290 2630 Sic
317 2603 431 2638 Segucr.
457 2603 538 2630 Basil.
563 2602 672 2630 Gnhler.
697 2601 816 2628 Felckm.
840 2600 853 2627 1
878 2598 936 2627 (ειὲ

143 2647 230 2665 anon.
249 2639 300 2665 Alii
312 2647 373 2666 cum
389 2638 478 2670 editis,
492 2638 637 2672 ἀσὲμνους.

186 2674 225 2710 (5)
247 2673 302 2700 Καί
327 2674 411 2710 deest
432 2674 458 2699 in
484 2671 592 2710 GohIer.
605 2678 645 2710 _et
664 2671 783 2698 Felckm.
851 2678 932 2698 anon.

146 2707 287 2743 [idemque
300 2714 359 2742 post
376 2709 450 2744 Ἦρα
469 2709 570 2735 addunt
582 2707 638 2738 τόν,
658 2711 773 2744 et__post
790 2707 933 2744 Δῄμητρα,

148 2741 252 2770 addunt
266 2741 367 2779 See-iw.
383 2741 463 2770 Iidem
476 2749 502 2769 et
517 2743 580 2777 ch.
600 2748 663 2769 ante
684 2741 759 2779 ἄλλοι
783 2741 884 2779 addunt
897 2741 933 2779 oi,

150 2781 176 2805 in
193 2779 251 2805 aliis
265 2775 351 2805 deest.
368 2779 400 2806 Oi
412 2783 501 2805 autetn
514 2775 575 2806 mox
591 2785 708 2812 sequens
717 2776 793 2804 deest
811 2776 837 2802 in
852 2775 933 2803 Basil.

149 2819 177 2841 et
190 2813 308 2840 Felcltm.
327 2813 346 2840 2
360 2822 440 2841 anon.

185 2849 225 2884 (6)
240 2849 331 2884 Δύτήν
346 2849 445 2876 habent
461 2848 573 2883 Seguer.
587 2847 697 2876 Gobler.
715 2845 860 2881 FeIcltm.l
880 2849 906 2872 et
918 2845 936 2872 2

150 2892 233 2911 anon.
250 2885 301 2911 Alii
319 2891 371 2910 non
393 2884 504 2910 habent.

186 2919 225 2954 (7)
245 2918 307 2946 Haec
326 2919 406 2947 verba
430 2919 476 2946 καὶ
497 2918 596 2954 ταύτης
629 2917 783 2953 ἐπιστήμην
809 2916 936 2947 λαϐόντες

988 2599 1085 2626 desunt
1098 2597 1124 2625 in
1139 2595 1259 2624 FeIckm.
1275 2596 1292 2623 5
1303 2603 1384 2622 anon.

1024 2633 1062 2669 (8)
1075 2633 1122 2669 Sic
1135 2633 1247 2669 Seguer.
1264 2631 1314 2669 Α]ίί
1331 2639 1391 2658 cum
1405 2631 1502 2669 editis,
1520 2631 1682 2669 ἀνθρῴπων.

1023 2666 1063 2702 (9)
1078 2668 1131 2695 Τοῦ
1146 2666 1221 2695 deest
1233 2667 1260 2693 in
1277 2667 1392 2702 Seguer.
1405 2667 1488 2693 Paulo
1503 2672 1562 2700 post
1573 2666 1641 2701 'Seg.
1657 2666 1767 2694 Gohler.

987 2701 1079 2732 Felck.
1097 2704 1110 2731 1
1129 2711 1210 2730 anon.
1226 2701 1324 2729 habent
1337 2701 1483 2728 ἀκόλουθον
1499 2703 1556 2728 καί.
1571 2702 1650 2730 Basil.
1665 2703 1770 2737 Anglic.

988 2739 1079 2767 Fuit-It.
1097 2739 1125 2768 2,
1144 2737 1285 2764 ἀκολουθεῖ
1297 2736 1354 2763 καί.
1370 2737 1422 2764 Alii
1435 2744 1494 2763 cum
1511 2737 1605 2768 editis,
1622 2736 1769 2764 ἀκόλοὺθον

988 2775 1021 2801 ἂν
1034 2774 1087 2809 εἴη.
1110 2773 1172 2800 Mox
1190 2780 1296 2809 quoque
1310 2772 1427 2809 >S_eguer.
1443 2771 1551 2809 Gobler.
1571 2772 1661 2800 Felcit.
1683 2774 1696 2800 ἰ
1713 2778 1740 2800 et
1752 2773 1769 2799 2

988 2807 1152 2845 εηοιιξμηδέ
1167 2808 1277 2839 habent,
1290 2807 1334 2834 ubi
1346 2808 1464 2845 alii_cutu
1480 2807 1619 2845 editis-p.16.

1024 2840 1143 2879 (l0)'ll'ic
1155 2850 1248 2871 omnes
1264 2847 1361 2877 praeter
1385 2843 1497 2879 chucr.
1515 2842 1559 2870 διά
1572 2840 1709 2872 inuliiilér
1730 2843 1770 2870 in«

988 2884 1128 2914 teriectum
1145 2879 1253 2907 habent.
