2037 3044
266 211 312 241 ⁷39

563 211 592 238 S.
614 210 801 238 ATHANASII
821 210 896 238 OPP.
918 210 1008 239 PARS
1029 211 1049 238 I.
1069 227 1104 231 —-

1123 211 1310 240 HISTORICA
1327 211 1372 239 ET
1392 212 1605 241 DOGMATICA.
1874 214 1911 244 ω

313 272 359 301 19.
374 271 460 305 Quam
480 271 563 302 enim.
581 278 684 306 quaeso,
708 271 822 298 formam
848 271 989 299 caelatores
1011 272 1058 298 diis

1151 272 1194 300 19.
1211 272 1278 299 Τίνα
1293 272 1348 308 γὰρ
1367 272 1451 308 ἄλλην
1469 273 1561 304 αὐτοῖς
1575 271 1723 307 γλύφοντες
1732 272 1909 302 ἐπιϐάλλουσι

276 317 330 348 illis
345 317 486 353 aﬂingunt,
512 317 565 344 nisi
591 317 707 344 marium
725 322 749 344 et
766 317 939 350 feminarum,
954 318 1008 344 imo
1024 324 1064 344 re-

274 371 337 392 rum
348 364 430 392 etiam
449 363 529 399 longe
542 364 680 397 viliorum,
696 369 725 391 et
739 371 799 398 qua:
814 368 910 391 natura
925 371 972 390 Sua
985 364 1064 390 ratio-

274 410 318 438 nis
331 414 394 438 sunt
405 415 540 445 expertes,
561 415 591 438 ut
607 410 749 438 volucrum
767 410 917 442 variarum,
942 410 1062 444 quadru-

274 457 371 491 pedum
389 456 511 484 cicurum
531 461 560 483 et
573 456 715 488 ferocium,
729 463 761 483 ac
773 456 922 491 rcptilium,
935 463 1063 490 quincun-

274 510 329 538 que
354 507 426 530 terra
445 508 473 531 et
491 510 566 531 mare
590 510 622 530 ac
647 503 775 530 universa
806 510 938 537 aqttarum
966 507 1062 530 natura

274 549 422 584 producit?
437 549 570 577 Nimirum
589 556 651 576 cum
672 549 798 576 homines
817 548 968 576 helluarnm
990 549 1063 576 insa-

275 603 325 623 nus
339 596 457 631 impetus
471 603 502 623 ac
517 595 644 623 libidines
658 595 793 630 praecipiti
809 595 885 630 lapsu
902 596 1001 626 sectili,
1019 595 1062 622 ni-

275 641 313 669 hil
329 647 428 676 praeter
440 641 593 676 voluptates
608 646 635 668 et
651 641 744 668 carnis
761 641 925 675 cupiditates
947 641 982 668 ob
997 649 1062 668 oru-

274 687 316 716 los
333 688 485 716 haberent:
501 691 529 714 ut
545 692 665 715 mentem
690 687 717 714 in
741 687 817 714 hisce
835 688 967 722 pecudum
988 687 1062 714 vitiis

275 735 391 762 deﬁxam
405 739 432 762 et
450 739 611 768 occupatam
627 733 765 767 tenebant,
781 734 819 761 sic
834 734 915 760 etiam
926 734 951 760 in
966 733 1062 761 bellnis

273 788 325 816 pfO
337 780 484 808 ali'ectuum
499 780 631 808 varietate
646 788 745 807 numen
763 785 969 814 expresserunt,
981 786 1061 816 atque

274 832 314 855 tot
327 827 393 855 deos
416 831 481 855 sunt
503 826 640 854 fabricati.
660 827 729 855 Hinc
754 828 826 855 enim
844 828 1060 864 quadrupedum,

274 873 416 909 reptilium
437 878 465 902 et
486 873 577 901 avium
603 874 749 902 simulacra
767 875 838 910 apud
863 875 923 902 illos
942 879 1059 907 exstant,

273 919 504 954 quemadmodum
528 919 627 948 divina:
646 925 674 948 et
691 928 764 948 verte
793 921 903 956 pietatis
927 921 1061 955 interpres

1117 318 1254 354 μορφὴνῆ
1281 318 1331 354 τὴν
1347 318 1470 353 ἀρρένων
1486 317 1533 345 καὶ
1549 318 1697 352 γυναικῶν,
1718 317 1765 346 καὶ
1789 319 1844 346 τῶν
1866 319 1909 347 ἔτι

1114 365 1260 401 κατωτέρω
1276 365 1378 392 τούτων
1392 365 1439 392 καὶ
1457 364 1562 399 ἀλόγων
1576 364 1661 391 ὄντων
1687 365 1737 401 τὴν
1759 365 1840 400 φύσιν
1863 374 1911 393 πε-

1112 411 1208 438 τεινῶν
1223 411 1367 443 παντοίων,
1383 410 1676 447 τετραπῶωνὴμέρων
1690 419 1719 437 τε
1735 411 1781 438 καὶ
1791 411 1907 447 ἀγρίων,

1113 457 1160 484 καὶ
1178 456 1311 493 ἑρπετῶν,
1325 457 1376 484 ὃσα
1405 457 1441 493 γῆ
1475 457 1521 484 καὶ
1551 457 1681 490 θάλαττα,
1698 457 1744 484 καὶ
1760 459 1833 485 πᾶσα
1851 458 1908 485 τῶν

1114 504 1216 531 ὑδάτων
1232 503 1341 540 ἡφύσις
1361 503 1456 539 φέρεις
1474 504 1522 535 Εἰς
1541 503 1595 538 γὰρ
1610 503 1660 539 τὴν
1674 503 1728 530 τῶν
1747 503 1840 531 παθῶν
1859 504 1907 531 καὶ

1111 550 1214 585 ἡδονῶν
1226 550 1339 585 ἀλογίαν
1353 550 1482 581 πεσόντες
1497 550 1522 576 οἱ
1537 549 1685 586 ἄνθρωποι,
1703 550 1750 576 καὶ
1766 549 1845 576 πλέον
1860 549 1906 576 οὐ-

1112 596 1156 624 δὲν
1169 597 1285 633 ὁρῶντες
1303 595 1320 631 ἢ
1342 596 1438 631 ἡδονὰς
1458 596 1506 622 καὶ
1528 595 1627 631 σαρκὸς
1643 594 1799 630 ἐπιθυμίας,
1821 595 1858 627 ὡς
1874 595 1905 622 ὲν

1111 643 1217 674 τούτοις
1232 644 1289 674 τοῖς
1300 642 1408 676 ἀλόγοις
1425 642 1474 677 τὴν
1488 642 1605 669 διάνοιαν
1620 641 1738 676 ἔχοντες,
1756 642 1784 668 ὲν
1797 641 1905 675 ἀλόγοις

1111 689 1197 716 καὶτὸ
1211 689 1287 715 Θείον
1302 688 1485 715 ἀνεπλάσαντο
1497 688 1566 714 κατὰ
1579 688 1628 723 τὴν
1640 687 1774 714 ποικιλίαν
1787 687 1841 714 τῶν
1853 696 1907 714 πα-

1111 735 1166 761 θῶν
1184 735 1297 767 ἑαυτῶν,
1313 735 1361 762 καὶ
1373 734 1451 766 Θεοὺς
1465 734 1609 766 τοσούτους
1624 734 1785 768 γλύψαντες.
1797 734 1906 770 Τετρα-

1111 781 1199 808 πόδων
1208 790 1237 808 τε
1250 780 1306 817 (11)
1317 780 1371 817 γὰρ
1386 781 1488 812 εἰκόνες
1505 781 1551 807 καὶ
1567 780 1698 816 ἑρπετῶν,
1713 781 1760 807 καὶ
1774 780 1907 808 πετεινῶν

1110 828 1162 854 εἰσι
1177 828 1240 863 παρ’
1258 828 1359 860 αὐτοῖς,
1376 826 1466 859 καθὼς
1486 828 1532 854 καὶ
1544 828 1558 853 ό
1571 827 1620 862 τῆς
1635 826 1709 858 θείας
1725 827 1772 853 καὶ
1786 826 1906 862 ἀληθοῦς

1110 874 1251 905 εὐσεϐείας
1264 873 1401 909 ἑρμηνεύς
1413 882 1495 909 φησιν
1505 881 1511 888 ·
1538 873 1780 908 Ἐλαιταιώθησαν
1792 873 1827 899 ἐν
1840 873 1905 906 τοῖς

1110 918 1318 954 διαλογισμοῖς
1335 917 1444 950 αὐτῶν,
1460 917 1508 944 καὶ
1525 917 1690 951 ἐσκοτίσθη
1710 918 1729 952 ή
1755 918 1905 951 ἀσύνετος

276 967 320 995 his
345 965 437 994 verbis
460 966 540 994 docet
563 963 571 994 ἐ
600 965 773 994 Evannerunt
801 967 829 994 in
861 967 1058 1002 cogitationibut

1113 965 1214 992 αὐτῶν
1228 964 1346 1000 καρδ[α’
1359 964 1531 999 φάσκοντες
1557 961 1635 990 εἶναι
1656 963 1757 998 σοφοὶ,
1773 963 1904 999 ἐμωράν-

271 1013 338 1045 suis,
351 1017 376 1040 ιι
390 1013 560 1040 obscuratum
571 1016 609 1039 est
625 1012 749 1046 insipiens
763 1021 808 1039 cor
820 1020 928 1040 eorum:
945 1013 1059 1040 dicentes

271 1066 300 1086 ω
321 1066 378 1085 ειη
397 1058 541 1093 sapientes,
562 1056 635 1084 stulti
661 1056 727 1091 facti
743 1062 817 1090 sunt;
845 1063 870 1084 et
895 1063 1059 1085 mutaverunt

271 1105 384 1141 gloriam
395 1103 602 1139 incorruptibilis
616 1102 663 1130 Dei
674 1103 701 1129 in
717 1103 916 1131 similitudinem
935 1104 1059 1139 imaginis

270 1150 449 1186 corruptibilis
474 1150 598 1183 hominis,
618 1154 643 1177 et
665 1149 801 1177 volucrum
815 1155 838 1177 et
858 1151 1058 1185 quadrupedum

269 1199 294 1222 et
304 1195 477 1229 serpentium,-
493 1199 632 1228 propterea
646 1194 757 1221 tradidit
768 1194 828 1222 illos
839 1194 908 1222 Deus
919 1195 946 1222 in
955 1196 1059 1230 passio-

270 1249 314 1269 nu
329 1241 481 1276 ignominia
495 1240 526 1268 ".
541 1240 690 1275 Postquam
702 1240 776 1268 enim
793 1241 922 1273 animam,
937 1246 966 1268 ut
980 1242 1058 1270 modo

269 1287 393 1320 memini,
412 1286 596 1322 voluptatibus
617 1285 769 1314 belluztrum
797 1287 916 1322 propriis
931 1288 1056 1323 inquina-

269 1337 344 1366 runt,
359 1333 392 1359 ad
405 1332 591 1367 hujttscemodi
605 1332 670 1360 deos
683 1332 845 1368 eilingendos
862 1334 1034 1361 suntinducti
1048 1342 1056 1366 ;

269 1379 389 1414 hincque
411 1378 512 1406 factum
531 1383 630 1411 estut,
647 1378 702 1406 Deo
724 1379 864 1411 derelicto,
888 1379 944 1413 jam
976 1380 1056 1408 veluti

270 1426 375 1458 traditi.
394 1433 454 1454 sese
469 1426 495 1453 in
509 1426 561 1453 illis
576 1425 686 1460 ﬂagitiis
699 1425 857 1458 volutarint,
878 1431 906 1454 et
929 1427 955 1453 in
977 1428 1058 1454 rebus

269 1479 330 1507 qua
348 1471 462 1500 rationis
486 1476 611 1507 expertes
640 1476 717 1504 sunt,
746 1471 828 1498 Deum
856 1472 972 1502 rationis
1002 1473 1059 1500 sive

269 1519 353 1548 Verbi
371 1519 480 1547 Patrem
495 1520 649 1554 exprimere
664 1519 723 1546 ausi
741 1518 851 1546 iuerint.
869 1519 940 1547 Sane
965 1520 1007 1547 his
1026 1520 1058 1547 de

269 1567 352 1595 rebus
364 1566 481 1594 convicti
497 1566 672 1594 ethnicorum
690 1566 846 1601 philosophi
871 1571 899 1594 et
920 1566 1057 1599 doctores,

269 1621 325 1642 non
338 1617 404 1640 eunt
418 1611 524 1640 inﬁcias
538 1611 679 1639 hominum
697 1617 724 1639 et
736 1611 891 1639 helluarum
908 1611 1009 1639 formas
1027 1620 1058 1639 ac

268 1659 369 1694 ﬁguras
385 1665 519 1687 essesuos
533 1657 594 1685 illos
609 1657 676 1685 deos
688 1658 734 1692 qui
752 1658 840 1693 palam
855 1664 918 1686 sunt
930 1659 1054 1693 expositi.
1071 1648 1092 1677 δ

268 1705 368 1734 Verum
383 1705 549 1740 respondent
563 1703 623 1731 ideo
637 1704 671 1730 ita
683 1712 755 1737 esse,
770 1709 800 1731 ut
818 1704 889 1732 Deus
901 1713 948 1740 per
963 1705 1014 1733 has
1027 1705 1058 1732 li-

267 1759 350 1787 guras
368 1752 433 1787 ipsis
449 1751 494 1779 det
510 1757 640 1785 responsa
653 1755 734 1785 atque
749 1757 879 1786 appareat
893 1761 900 1778 :
920 1760 970 1780 nec
984 1753 1056 1780 enitn

268 1805 343 1830 eum,
358 1797 406 1833 qui
420 1796 506 1825 oculis
521 1796 607 1824 videri
623 1804 676 1823 non
695 1801 795 1831 potest,
810 1797 890 1826 aliter
917 1805 996 1834 posse
1012 1806 1057 1826 co-

267 1844 361 1880 gnosci
376 1851 458 1879 quam
475 1851 522 1879 per
544 1843 697 1878 huiusmodi
710 1844 857 1872 simulacra
878 1849 906 1872 et
926 1853 1056 1873 cazrento-

267 1891 340 1918 nias.
361 1890 413 1918 Alii
442 1897 507 1917 vero
534 1890 741 1925 prmstantiores
765 1891 931 1926 philosophi,
959 1892 1056 1919 altiora

267 1933 320 1961 rati
337 1933 440 1966 dicere,
456 1934 532 1960 aiunt
545 1933 604 1961 haec
624 1933 695 1961 facta
717 1940 745 1962 et
764 1943 894 1970 expressa
916 1936 1000 1964 fuisse
1023 1937 1056 1964 ad

267 1980 376 2007 divinos
391 1980 504 2014 angelos
517 1985 543 2007 et
561 1985 711 2015 potestates
726 1981 906 2010 invocandum
923 1988 949 2010 et
965 1991 1057 2011 accer-

268 2025 394 2057 sendum,
409 2030 449 2058 ut,
468 2033 517 2060 per
533 2025 590 2053 haec
602 2027 749 2054 simulacra
763 2034 934 2063 apparentes,
948 2029 993 2056 Dei
1009 2038 1055 2057 co-

267 2072 419 2107 gnitionem
440 2071 514 2107 ipsos
535 2073 691 2107 docerent;
715 2081 830 2109 esseque
844 2076 1001 2104 hominibus
1015 2076 1056 2103 in-

267 2123 327 2146 star
346 2118 511 2151 litterarum,
539 2126 654 2153 quarum
682 2119 811 2152 lectione,
838 2121 937 2149 divinis
953 2121 1056 2156 angelis

264 2171 317 2198 per
329 2163 376 2192 illa
391 2165 608 2198 advenientibus,
620 2165 665 2192 Dei
681 2166 823 2193 scientiam
836 2168 978 2202 percipere
996 2175 1057 2202 pos-

268 2211 334 2238 sint.
349 2209 395 2237 Sic
409 2209 445 2237 illi
462 2210 558 2238 inscite
583 2215 732 2246 nugantur,
753 2219 806 2239 non
833 2217 863 2240 ut
885 2213 1004 2247 theologi
1020 2213 1056 2241 lo-

266 2261 405 2290 quuntur:
426 2256 497 2284 absit
512 2255 585 2284 enim
601 2261 629 2284 ut
644 2257 694 2284 ista
710 2258 893 2293 theologorum
908 2260 1033 2287 dicantur
1046 2261 1052 2287 !

266 2302 367 2330 Verum
383 2303 406 2330 si
423 2302 485 2337 quis
506 2302 533 2329 id
553 2304 675 2337 responsi
701 2303 845 2339 diligenter
869 2305 934 2332 velit
951 2313 1053 2341 expen-

266 2349 341 2381 dere,
353 2348 431 2376 facile
443 2348 562 2383 reperiet
575 2356 628 2376 nou
647 2349 701 2385 ιθ
718 2350 807 2378 minus
825 2350 923 2379 falsam
939 2351 1054 2381 istorum

267 2394 426 2430 opinionem
437 2401 511 2427 esse,
527 2402 609 2429 quam
622 2403 684 2430 qua:
704 2403 788 2431 supra
805 2403 820 2423 a
836 2397 916 2426 nobis
937 2398 1055 2427 refutata

300 2488 346 2516 20.
363 2487 403 2515 ita
418 2488 491 2515 enim
517 2495 565 2516 eos
583 2487 682 2524 aliquis
697 2488 790 2521 velim,
812 2490 927 2518 veritate
949 2490 1053 2526 judice,

264 2535 353 2563 ﬁdens
367 2535 518 2570 interroget
529 2543 539 2562 :-
550 2534 674 2568 Quonam
687 2536 769 2563 modo
786 2535 860 2565 Deus
872 2545 921 2572 per
937 2538 995 2566 liaac
1014 2540 1052 2566 si-

264 2581 386 2608 mulacra
400 2581 547 2616 respondet
564 2586 592 2609 et
603 2582 777 2616 cognoscitur
786 2583 798 2609 ?
807 2582 849 2610 An
863 2583 897 2611 ob
913 2585 1053 2614 materiam

261 2635 296 2654 ιιι
309 2634 364 2661 qua
378 2631 516 2660 constant,
543 2634 577 2654 an
589 2628 625 2655 ob
653 2627 769 2656 formam
785 2636 865 2664 quam
887 2630 988 2659 habent
999 2631 1012 2658 ἲ
1025 2632 1054 2660 Si

261 2673 297 2701 ob
312 2672 471 2700 materiam:
488 2673 550 2709 quis
561 2680 626 2709 ergo
641 2673 738 2702 formae
753 2682 829 2711 usus,
845 2681 874 2704 et
893 2684 952 2712 cur,
974 2683 1054 2707 ante-

293 2749 318 2767 ¹⁸
334 2750 417 2779 Rom.
430 2758 450 2783 I,
462 2751 561 2780 21-94.

299 2820 357 2859 (11)
380 2820 600 2859 ParticulamL-re
624 2823 725 2850 habent
752 2823 866 2859 Segner.
891 2822 1003 2852 Gobler.
1028 2828 1056 2852 et

264 2854 385 2882 Fclckin.
401 2857 413 2883 1
428 2863 509 2883 anon.
528 2856 581 2883 Alii
598 2865 659 2884 cum
676 2858 756 2885 editis
769 2854 907 2885 omittunt.

317 2890 359 2927 12)
375 2891 405 2917 '0
417 2891 483 2927 Θεός
497 2891 631 2927 legiturin
644 2893 757 2927 Segner.
773 2898 799 2920 et
810 2892 929 2920 Fclcknt.
942 2894 953 2920 1
970 2901 1053 2921 anon.

265 2925 388 2964 et_l{om.
406 2925 495 2964 5‘24:
517 2925 545 2964 In
569 2926 629 2964 aliis
646 2925 791 2964 omittitur.
808 2929 891 2956 l‘uulo
916 2934 975 2964 post
999 2936 1053 2958 art.

265 2960 319 2987 τῶν
336 2965 398 2988 ante
411 2959 511 2992 ἡδονῶν
526 2960 602 2988 deest
619 2961 645 2988 in
661 2962 774 2997 Seguer.

1110 1011 1280 1044 θησαν-,καὶ
1305 1010 1446 1045 ἤλλαξαν
1469 1010 1527 1044 τὴν
1550 1009 1644 1041 δόξαν
1673 1009 1725 1037 τοῦ
1750 1009 1838 1045 decedi
1849 1019 1904 1038 του

1111 1058 1184 1086 Θεοῦ
1200 1058 1235 1085 ἐν
1250 1057 1408 1092 ὁμοιώματι
1430 1057 1547 1089 εἰκόνος
1569 1056 1702 1091 φθαρτοῦ
1732 1057 1903 1091 ἀνθρώπου,

1109 1105 1158 1132 καὶ
1171 1104 1324 1136 πετεινῶν,
1341 1103 1389 1130 καί
1403 1103 1591 1137 τετραπόδων
1606 1102 1653 1129 καὶ
1676 1103 1826 1137 ἑρπετῶν·
1856 1103 1903 1131 διὸ

1109 1152 1157 1178 καὶ
1169 1151 1341 1184 παρέδωκεν
1355 1150 1465 1183 αὐτοὺς
1482 1151 1498 1177 ὁ
1515 1149 1587 1182 Θεὸς
1604 1149 1658 1185 (12)
1673 1151 1716 1183 εὶς
1739 1149 1820 1184 πάθη
1837 1149 1904 1177 ἀτι-

1105 1198 1187 1233 μίας.
1202 1197 1391 1233 Προπαθόντες
1401 1197 1455 1232 γὰρ
1470 1197 1519 1232 τὴν
1539 1196 1629 1232 ψυχὴν
1654 1197 1713 1227 ταῖς
1730 1196 1784 1223 τῶν
1799 1195 1905 1232 ἡδονῶν

1108 1245 1240 1278 ἁλογίαις,
1258 1244 1295 1276 ὡς
1309 1244 1450 1279 προεῖπον,
1461 1242 1507 1269 ἐπὶ
1522 1242 1571 1278 τὴν
1581 1242 1709 1278 τοιαύτην
1724 1242 1904 1270 θεοπλαστίαν

1108 1291 1259 1317 κατέπεσον
1272 1298 1278 1304 ·
1296 1290 1342 1316 καὶ
1359 1288 1498 1319 πεσόντες,
1521 1287 1614 1314 λοιπὸν
1640 1287 1679 1318 ὡς
1703 1286 1904 1322 παραδοθέντες

1108 1337 1164 1372 (15)
1181 1337 1209 1363 ὲν
1224 1335 1262 1372 τῷ
1277 1334 1486 1371 ἀποστραφῆναι
1501 1333 1546 1360 τὸν
1563 1333 1629 1360 Θεὸν
1653 1333 1751 1365 αὐτοὺς
1767 1333 1854 1364 οὕτως
1871 1333 1903 1359 ὲν

1107 1383 1201 1414 αὐτοῖς
1215 1382 1362 1413 κυλίονται,
1379 1382 1426 1407 καὶ
1441 1381 1470 1406 ὲν
1483 1379 1592 1414 ἀλόγοις
1610 1380 1656 1406 τὸν
1679 1379 1726 1406 τοῦ
1743 1380 1822 1414 λόγου
1849 1388 1904 1406 πα-

1107 1429 1174 1465 τέρα
1188 1429 1253 1455 θεὸν
1267 1427 1455 1460 ἀπεικάζουσι.
1474 1426 1542 1462 Περὶ
1556 1422 1593 1454 ὧν
1608 1427 1632 1453 οἱ
1643 1427 1707 1462 παρ’
1727 1425 1839 1461 Ἕλλησι
1855 1425 1903 1452 λε-

1108 1476 1217 1511 γόμενοι
1235 1475 1374 1510 φιλόσοφοι
1388 1475 1436 1500 καὶ
1451 1474 1644 1509 ἐπιστήμονες,
1663 1472 1835 1508 ἐλεγχόμενοι
1852 1471 1904 1507 μὲν

1109 1523 1159 1549 οὐκ
1171 1522 1318 1558 ἀρνοῦνται
1337 1519 1490 1556 ἀνθρώπων
1508 1517 1576 1546 εἶναι
1600 1519 1646 1546 καὶ
1665 1518 1769 1553 ἀλόγων
1795 1517 1903 1554 μορφὰς

1108 1570 1155 1595 καὶ
1168 1568 1270 1600 τύπους
1280 1569 1343 1599 τοὺς
1355 1566 1535 1601 φαινομένους
1552 1565 1641 1592 αὐτῶν
1651 1564 1728 1596 θεούς
1738 1572 1744 1579 ·
1754 1564 1904 1598 ἀπολογού-

1111 1623 1186 1650 μενοι
1201 1615 1229 1641 δὲ
1241 1614 1358 1648 λέγουσι,
1369 1613 1413 1640 διὰ
1426 1613 1504 1640 τοῦτο
1518 1613 1616 1644 αὐτοὺς
1632 1612 1713 1647 ἔχειν,
1725 1611 1767 1638 ἶνα
1781 1611 1825 1638 διὰ
1840 1610 1903 1638 τού-

1109 1671 1163 1688 των
1173 1661 1202 1687 τδ
1213 1661 1289 1688 Θεῖον
1303 1661 1391 1692 αὐτοῖς
1413 1660 1594 1696 ἀποκρίνηται
1619 1660 1666 1686 καὶ
1683 1659 1826 1695 φαίνηται·
1852 1658 1902 1685 οὐκ

1110 1708 1197 1739 ἄλλως
1214 1707 1268 1743 γὰρ
1282 1707 1362 1733 αὐτὸν
1378 1706 1424 1733 τὸν
1439 1707 1554 1742 ἀόρατον
1570 1705 1699 1732 δύνασθαι
1713 1704 1841 1740 γνῶναιῆ
1857 1703 1903 1731 διὰ

1110 1753 1164 1780 τῶν
1179 1752 1306 1778 τοιούτων
1321 1751 1484 1786 ἀγαλμάτων
1498 1751 1545 1777 καὶ
1559 1750 1685 1778 τελετῶν.
1698 1750 1729 1776 Ol
1743 1749 1771 1776 δὲ
1785 1749 1824 1776 ἔτι
1838 1749 1903 1775 τού-

1108 1807 1163 1826 των
1178 1797 1388 1833 φιλοσοφώτεροι
1406 1798 1453 1824 καὶ
1479 1796 1615 1832 βαθύτερα
1633 1796 1722 1830 λέγειν
1746 1793 1903 1830 νομίζοντές

1109 1853 1176 1880 φασι
1195 1844 1240 1870 διὰ
1258 1843 1338 1870 τοῦτο
1354 1843 1440 1870 ταῦτα
1457 1842 1675 1870 κατεσκευάσθαι
1691 1841 1747 1877 (Mi
1761 1841 1808 1867 καὶ
1825 1848 1904 1866 τετυ-

1109 1890 1218 1917 πῶσθαι
1235 1890 1302 1926 πρὸς
1323 1889 1465 1924 ἐπίκλησιν
1481 1889 1528 1916 καὶ
1544 1888 1704 1923 ἐπιφάνειαν
1721 1887 1800 1914 θείων
1815 1886 1901 1920 ἀγγέ-

1109 1937 1162 1964 λων
1179 1937 1226 1964 καὶ
1255 1937 1413 1972 δυνάμεων,
1436 1937 1481 1962 ἵνα
1505 1935 1549 1962 διὰ
1573 1935 1675 1961 τούτων
1698 1933 1903 1969 ὲπιιραινόμενοι

1109 1982 1279 2019 γνωρίζωσιν
1294 1983 1385 2014 αὐτοῖς
1399 1982 1464 2017 περὶ
1486 1982 1535 2017 τῆς
1556 1981 1602 2008 τοῦ
1619 1981 1686 2007 Θεοῦ
1697 1980 1840 2015 γνώσεως·
1855 1979 1904 2006 καὶ

1110 2027 1178 2055 εῖναι
1192 2028 1303 2059 τούτους
1318 2028 1413 2063 ὥσπερ
1437 2027 1588 2063 γράμματα
1605 2028 1660 2058 τοῖς
1680 2025 1846 2062 ἀνθρώποις,
1861 2022 1903 2057 οἷς

1109 2076 1333 2110 ἐντυγχάνοντες,
1356 2074 1481 2101 δύνανται
1510 2074 1654 2107 γινώσκειν
1689 2072 1753 2108 περὶ
1780 2073 1831 2107 τῆς
1854 2071 1903 2098 τοῦ

1108 2121 1176 2148 Θεοῦ
1190 2120 1378 2156 καταλήψεως,
1391 2120 1445 2147 ἀπὸ
1465 2120 1515 2155 τῆς
1530 2120 1565 2146 δι’
1581 2120 1670 2146 αὐτῶν
1685 2119 1830 2154 γινομένης
1848 2119 1904 2146 τῶν

1109 2166 1188 2193 θείων
1202 2165 1325 2200 ἀγγέλων
1342 2165 1510 2199 ἐπιφανείας.
1531 2164 1625 2191 Ταῦτα
1650 2165 1699 2200 μὲν
1725 2164 1811 2196 οὕτως
1829 2165 1903 2190 ἐκεῖ»

1108 2219 1148 2237 νοι
1165 2210 1359 2246 μυθολογοῦσιν
1370 2218 1376 2224 ·
1393 2210 1424 2236 οὐ
1444 2210 1498 2246 γὰρ
1527 2209 1697 2244 θεολογοῦσι·
1714 2210 1752 2246 μὴ
1781 2210 1901 2244 γένοιτοι

1114 2257 1178 2284 Ἐὰν
1185 2257 1213 2283 δέ
1225 2265 1266 2289 τις
1281 2256 1396 2293 ἐξετάσῃ
1409 2257 1454 2283 τὸν
1469 2256 1546 2291 λόγον
1562 2258 1621 2292 μετ’
1635 2257 1803 2292 ἐπιμελείας,
1817 2257 1903 2292 εὑρή-

1110 2311 1150 2329 σει
1166 2302 1268 2329 τούτων
1279 2303 1329 2329 οὐκ
1343 2303 1453 2329 ἔλαττον
1466 2302 1520 2329 τῶν
1535 2303 1669 2338 πρότερον
1684 2302 1843 2338 δειχθέντων
1852 2302 1904 2338 τὴν

1108 2349 1186 2383 δόξαν
1198 2346 1268 2376 εἶναι
1284 2349 1380 2384 ψευδῆ.

1144 2497 1189 2525 20.
1205 2498 1285 2525 Εἴποι
1301 2497 1354 2533 γὰρ
1371 2496 1403 2524 ἄν
1415 2505 1458 2529 τις
1478 2496 1546 2532 πρὸς
1561 2496 1661 2528 αὐτοὺς
1683 2494 1826 2531 παρελθὼν
1858 2496 1904 2522 ἐπ’

1107 2543 1222 2580 ἀληθεία
1236 2543 1383 2579 κρινούσῃ·
1405 2542 1468 2574 Πῶς
1493 2542 1672 2578 ἀποκρίνεται
1698 2541 1714 2577 ἢ
1739 2540 1905 2577 γνωρίζεται

1107 2590 1175 2621 Θεὸς
1190 2589 1235 2616 διὰ
1248 2589 1350 2616 τούτων
1362 2597 1370 2621 ;
1384 2589 1501 2624 Πότερον
1517 2587 1561 2615 διὰ
1575 2587 1624 2622 τὴν
1636 2587 1832 2622 περικειμένην
1851 2587 1905 2613 αὺ-

1107 2635 1164 2666 τοῖς
1174 2634 1255 2671 Ἆγιν,
1274 2634 1291 2670 ἢ
1309 2634 1353 2661 διά
1363 2633 1411 2670 τὴν
1425 2634 1453 2660 ὲν
1469 2633 1560 2664 αὐτοῖς
1578 2632 1705 2671 μοριρῄνς
1722 2631 1753 2658 Ei
1772 2631 1821 2666 μὲν
1847 2631 1905 2668 γὰρ

1107 2680 1153 2708 διὰ
1167 2680 1216 2716 τὴν
1232 2680 1307 2716 ὕλην,
1321 2680 1364 2712 τίς
1375 2681 1392 2715 ἡ
1408 2679 1488 2715 χρεία
1500 2679 1550 2714 τῆς
1566 2679 1683 2714 μορφῆς,
1699 2678 1747 2705 καὶ
1771 2677 1818 2714 μὴ,
1836 2679 1904 2714 πρὶν

1146 2824 1201 2859 (15)
1224 2824 1270 2852 Sic
1295 2823 1409 2858 Segner.
1434 2824 1544 2854 Gubler.
1564 2825 1683 2854 Felckm.
1710 2827 1719 2853 Ι
1739 2833 1822 2854 anon.
1847 2825 1903 2854 Alii

1108 2866 1170 2897 curn
1180 2860 1489 2897 etlitis,_}tapoq)9svzs;.
1789 2896 1793 2897 ν
1879 2893 1884 2897 1

1108 2895 1264 2958 [natasic
1278 2894 1341 2930 Sey.
1358 2895 1410 2924 Alii
1421 2904 1482 2924 cum
1499 2897 1590 2931 editis,
1607 2896 1842 2930 κατασκευάσθαι,
1853 2894 1902 2926 εόᾶ
