2037 3044
170 155 202 183 ιι
768 154 898 182 ORATIO
918 155 1057 183 CONTRA
1075 154 1220 182 GENTES.
1759 153 1794 181 Β

171 212 325 247 πλασθῆναι
339 211 436 244 ταῦτα,
452 211 496 239 διὰ
516 212 606 248 πάσης
624 212 715 244 ἁπλῶς
731 212 797 248 ὕλης
821 212 961 247 ἐπιφαίνε-

1016 219 1094 248 quam
1114 213 1171 240 haec
1188 211 1275 240 edicta
1290 215 1393 245 essent,
1418 219 1466 247 per
1483 210 1633 248 quamlibet
1654 212 1796 240 materiam

173 259 233 286 σθαι
244 259 290 286 τὸν
305 259 391 291 Θεόν;
406 258 502 294 Μάτην
517 258 545 285 δὲ
561 260 608 286 καὶ
621 260 683 291 τοὺς
703 259 783 290 ναοὺς
795 256 868 286 οὗτοι
884 267 961 294 περι-

171 304 351 340 τετειχισθαι,
365 305 553 340 συγκλείοντες
569 305 616 331 ἕνα
633 304 715 338 λίθον,
729 305 745 340 ἢ
762 304 850 338 ξύλον,
860 305 877 340 ἢ
898 314 961 341 χρυ-

172 350 219 378 σοῦ
233 350 325 386 μέρος,
339 350 429 385 πάσης
442 351 491 386 τῆς
504 351 554 385 γῆς
568 349 787 386 πεπληρωμένης
796 350 847 385 τῆς
859 350 961 376 τούτων

171 396 275 428 οὐσίας.
288 396 319 422 Εἰ
333 395 361 422 δὲ
377 396 393 431 ή
410 395 570 430 ἐπικειμένη
588 394 679 432 μορφὴ
687 394 772 432 καίτία
787 395 890 429 γίνεται
911 394 962 429 τῆς

172 442 249 475 Θείας
264 442 436 477 ἐπιφανείας,
453 442 495 474 τίς
510 443 526 477 ἡ
542 440 623 477 χρείᾶ
633 441 683 476 τῆς
705 441 771 476 ὕλης
783 441 829 468 τοῦ
859 440 961 477 χρυσοῦ

171 488 283 516 καὶτῶν
299 488 396 519 ἀλλων,
407 488 454 514 καὶ
474 487 512 523 μὴ
530 487 630 522 μᾶλλον
645 487 678 514 δι’
692 487 782 515 αὐτῶν
800 487 854 515 τῶν
882 487 962 522 φύσει

172 533 260 567 ζώων,
271 529 308 560 ὤν
319 534 371 560 siet.
383 532 485 568 μορφαὶ
498 532 532 558 τὰ
544 531 701 568 γλύμματα,
715 532 761 559 τὸν
777 532 842 559 Θεὸν
853 533 963 567 ἐπιφαί-

171 579 283 612 νεσθαις
304 579 428 606 Καλλίων
444 578 499 614 γὰρ
515 578 548 605 ἂν
560 579 577 614 ἡ
594 579 658 614 περὶ
671 578 717 605 τοῦ
732 578 787 614 (15)
801 578 869 605 Θεοῦ
899 578 963 612 δόξα

172 626 244 653 κατά
255 626 301 652 τὸν
317 626 397 652 αὑτὸν
410 625 488 659 λόγον
499 624 629 659 ἐγεγόνει,
642 625 665 651 εἰ
681 625 726 652 διὰ
742 625 818 657 ζώων
832 625 962 662 ἐμψύχων

172 671 288 706 λογικῶν
303 680 332 698 τε
348 672 395 698 καὶ
407 671 512 705 ἀλόγων
526 671 697 706 ἐπεφαίνετο,
714 671 762 698 καὶ
779 671 815 708 μὴ
835 673 864 698 ὲν
893 671 948 706 ἀψύ

173 727 231 754 χοις
247 718 294 745 καὶ
319 718 459 753 ἀκινήτοις
480 717 679 753 προσεδοκᾶτο·
710 718 752 751 ἐφ’
777 715 817 749 οἷς
846 717 963 753 μάλιστα

171 764 232 791 καθ’
247 763 353 791 ἑαυτῶν
369 763 496 790 ἀσέϐειαν
509 762 678 799 ἐργάζονται.
690 763 730 790 Τὰ
745 763 798 798 γὰρ
812 763 891 797 φύσει
905 763 963 795 ζῶα

171 808 325 844 τετράποδά
339 817 367 835 τε
379 808 425 835 καὶ
445 809 554 835 πετεινά
567 809 613 835 καὶ
628 808 731 844 ἑρπετά
759 807 962 844 βδελυττόμενοι

172 855 220 882 καὶ
235 855 497 891 ἀποστρεφόμενοιῆ
513 854 557 881 διὰ
579 854 628 890 τὴν
643 855 794 891 ἀγριότητα
814 855 830 890 ἦ
847 855 892 882 διὰ
914 856 962 892 τὴν

1012 267 1042 286 se
1057 259 1202 286 videndum
1217 257 1287 286 Deus
1302 265 1355 285 non
1370 257 1526 293 praebebat?
1550 258 1665 286 Frustra
1687 265 1797 294 quoque

1013 306 1110 340 templa
1128 304 1212 332 muris
1224 305 1370 337 muniunt,
1387 304 1558 339 lapidemque
1572 311 1667 338 unum,
1692 309 1740 332 aut
1764 304 1798 332 li-

1012 359 1105 386 gnum,
1120 356 1166 378 aut
1182 351 1303 385 aliquam
1322 351 1381 378 auri
1403 356 1510 386 partem
1529 351 1558 378 in
1582 351 1624 378 his
1643 351 1796 383 includunt,

1011 404 1072 424 cum
1095 397 1222 424 universa
1239 401 1310 423 terra
1325 396 1479 432 hujusmodi
1498 397 1581 425 rebus
1602 396 1638 425 sit
1657 397 1749 431 plena.
1766 396 1796 424 Si

1011 449 1076 471 vero
1101 443 1226 478 imposita
1249 442 1336 470 forma
1368 442 1451 470 divini
1484 443 1618 471 adventus
1642 450 1724 471 causa
1742 448 1794 475 est,

1011 488 1072 522 quis
1083 495 1148 515 usus
1165 487 1286 514 materiae
1300 487 1359 515 auri
1373 487 1523 515 aliarumve
1537 495 1628 516 rerum
1644 488 1657 516 τ
1677 496 1727 516 cur
1741 496 1796 517 non

1012 533 1101 568 potius
1115 541 1163 568 per
1176 533 1233 568 ipsa
1245 540 1310 561 vera
1325 533 1462 567 animalia,
1479 541 1594 569 quorum
1608 534 1714 570 elﬁgies
1733 540 1798 562 sunt

1012 578 1170 612 simulacra,
1185 579 1256 608 Deus
1269 581 1401 616 apparet?
1413 581 1524 616 Dignior
1536 582 1670 617 siquidem
1689 583 1722 610 de
1741 582 1797 610 Deo

1013 624 1107 659 opinio
1122 625 1217 652 eadem
1232 625 1266 654 de
1280 632 1361 654 causa
1377 626 1534 660 haberetur,
1558 628 1581 655 si
1600 635 1648 663 per
1669 627 1797 656 animalia

1012 670 1132 698 viventia
1144 671 1201 699 sive
1218 672 1324 700 ratione
1336 673 1449 708 praedita
1472 673 1530 701 sive
1545 674 1657 702 rationis
1675 675 1797 709 expertia

1013 723 1169 752 appareret,
1190 725 1278 752 neque
1295 719 1323 746 in
1341 719 1469 747 inanimis
1484 724 1511 748 et
1527 720 1711 749 immobilibus
1733 728 1798 749 con-

1013 761 1170 797 spiciendus
1183 768 1399 797 exspectaretur.
1422 763 1563 792 Summam
1581 764 1653 792 enim
1677 765 1798 800 impieta-

1014 812 1066 835 tem
1087 807 1218 836 adversus
1243 808 1347 844 seipsos
1373 810 1558 843 committunt,
1583 811 1630 846 qui
1656 818 1719 838 eum
1734 818 1797 839 vera

1013 853 1151 888 animalia,
1178 855 1379 890 quadrupedes,
1407 864 1473 884 aves
1492 861 1520 884 et
1538 861 1680 892 serpentes
1702 864 1750 885 seu
1763 857 1799 886 ob

174 901 320 937 ῥυπαρίαν,
336 901 410 936 ὅμως
426 901 488 932 τοὺς
501 901 603 929 τούτων
624 901 726 933 τύπους
751 902 781 928 ὲν
806 901 889 934 λίοοις
916 903 962 929 καὶ

1016 899 1148 928 feritatem
1164 907 1212 928 seu
1228 900 1263 928 ob
1279 900 1433 928 foeditatem
1450 901 1556 937 fugiant
1576 907 1604 929 et
1620 902 1796 936 abhorreant,

173 947 263 982 ξύλοις
285 947 332 974 καὶ
346 948 438 984 χρυσῷ
454 947 605 982 γλύψαντες
628 948 805 975 θεοποιοῦσιν.
832 949 905 975 Ἔδει
934 949 962 975 δὲ

173 994 243 1022 αὑτά
255 994 353 1029 μᾶλλον
364 993 398 1020 τὰ
415 993 503 1026 ζῶντα
519 993 681 1030 Θρησκεύειν
695 994 792 1026 αὐτοὺς
803 994 858 1031 (16)
871 995 888 1031 ἦ
901 996 963 1027 τοὺς

173 1040 275 1068 τούτων
296 1040 397 1072 τύπους
418 1040 448 1066 ὲν
471 1039 577 1072 τούτοις
592 1040 814 1076 προσκυνεῖσθαι.
833 1041 868 1068 Ἢ
894 1041 964 1076 τάχα

172 1086 275 1114 τούτων
289 1086 338 1122 μὲν
354 1086 441 1118 οὐδὲν,
455 1086 516 1114 οὗτε
536 1087 553 1122 ἡ
571 1086 662 1123 μορφὴ
678 1086 740 1114 οὔτε
772 1088 788 1123 ὴ
811 1087 861 1124 ὕλη
889 1088 963 1115 αἰτία

172 1132 222 1167 τῆς
237 1132 304 1159 Θεοῦ
321 1132 473 1168 παρουσίας
486 1133 544 1160 ἐστι
556 1141 562 1148 ·
581 1133 649 1168 μόνη
665 1132 694 1160 δὲ
705 1133 722 1168 ἡ
738 1134 796 1168 μετ’
809 1134 964 1170 ἐπιστήμης

173 1178 254 1214 τέχνη
262 1178 292 1205 τὺ
301 1178 378 1205 Θεῖον
387 1179 556 1211 ἐκκαλεῖται,
570 1178 616 1206 ἅτε
624 1178 656 1214 δὴ
667 1178 697 1214 μί
701 1187 780 1214 μημα
791 1179 841 1214 τῆς
858 1179 965 1214 φύσεως

174 1225 243 1261 αὑτὴ
258 1225 436 1260 τυγχάνουσα.
462 1225 531 1252 Ἀλλ’
544 1226 569 1252 εἰ
585 1225 629 1252 διὰ
653 1226 702 1262 τὴν
725 1227 881 1262 ἐπιστήμην
902 1227 963 1253 ὲπι-

175 1271 256 1306 φοιτᾷ
271 1271 301 1298 τὸ
317 1271 393 1298 Θεῖον
400 1272 456 1304 τοῖς
471 1271 623 1308 γλύμμασι,
637 1272 680 1304 τίς
694 1272 774 1299 πάλιν
790 1273 806 1308 ὴ
822 1273 900 1308 χρεία
914 1272 964 1308 τῆς

175 1316 252 1352 ὕλης,
269 1316 351 1352 οὔσης
366 1317 414 1353 τῆς
435 1319 589 1354 ἐπιστήμης
605 1319 634 1345 ὲν
658 1319 714 1351 τοῖς
741 1318 912 1354 ἀνθρώποις;
939 1320 964 1345 εί

174 1362 228 1398 γὰρ
243 1362 310 1395 ὅλως
325 1363 369 1389 διὰ
383 1363 431 1400 τὴν
443 1364 540 1399 τέχνην
553 1364 725 1399 ἐπιφαίνεται
741 1365 755 1391 ὁ
771 1363 846 1397 Θεὺς,
859 1365 905 1391 καὶ
920 1364 965 1391 διὰ

173 1408 254 1435 τοῦτο
267 1409 465 1445 θρησκεύονται
481 1410 519 1442 ὡς
530 1409 586 1437 θεοὶ
598 1411 632 1438 τὰ
648 1410 811 1446 γλύμματα’
837 1411 890 1438 ἔδει
901 1412 963 1444 τοὺς

174 1453 335 1490 ἀνθρώπους
351 1456 400 1491 τῆς
419 1455 516 1492 τέχνης
536 1456 616 1488 ὄντας
640 1457 778 1492 ἀρχηγοὺς
802 1459 964 1494 προσκυνεῖ-

176 1501 237 1528 σθαι
253 1502 300 1529 καὶ
316 1502 526 1538 θρησκεύεσθαι,
537 1505 591 1540 ὅσῳ
605 1504 660 1540 (17)
675 1505 722 1532 καὶ
738 1504 840 1539 λογικοὶ
856 1505 904 1532 καί
915 1505 964 1541 τὴν

176 1547 332 1584 ἐπιστήμην
344 1549 450 1583 ἔχουσιν
468 1551 496 1577 ἐν
513 1551 629 1583 ἑαυτοῖς.

211 1594 255 1621 21.
268 1595 335 1630 Περὶ
351 1595 379 1622 δὲ
389 1595 439 1630 τῆς
453 1595 581 1631 δευτέρας
596 1596 685 1624 αὐτῶν
699 1597 744 1624 καὶ
760 1597 909 1633 βαθυτέρας
919 1597 965 1632 δῆ-

176 1640 222 1667 θεν
234 1640 392 1675 ἀπολογίας,
405 1642 452 1668 καὶ
466 1641 551 1668 ταῦτα
563 1642 595 1669 ἄν
609 1651 650 1674 τις
663 1642 817 1674 ἀκολούθως
831 1643 901 1669 εῐποι
912 1651 918 1657 ’
934 1643 966 1668 El

176 1687 206 1712 οὐ
222 1686 265 1713 διὰ
281 1687 330 1723 τὴν
346 1687 428 1714 αὑτοῦ
450 1688 505 1723 (18)
525 1687 572 1714 τοῦ
598 1688 664 1715 Θεοῦ
694 1689 853 1723 ἐπιφάνειαν
882 1688 967 1716 ταῦτα

177 1733 243 1768 ὑμῖν
257 1734 412 1769 πεποίηται,
425 1731 447 1762 ὦ
465 1734 604 1770 Ἓλληνες,
624 1734 691 1762 ἀλλὰ
704 1735 747 1762 διὰ
771 1736 820 1771 τὴν
844 1735 967 1770 ἀγγέλων

177 1779 236 1806 ἐκεῖ
247 1780 411 1816 παρουσίαν·
428 1781 473 1807 διὰ
488 1781 513 1807 τί
528 1781 563 1807 τὰ
575 1780 737 1817 ἀγάλματαξ,
752 1782 786 1808 δι’
807 1778 844 1809 ὧν
869 1783 967 1808 ἐπικα-

177 1825 266 1852 λεῖσθε
280 1827 329 1858 τὰς
342 1826 480 1862 δυνάμεις,
500 1827 642 1864 κρείττονα
666 1828 713 1854 καὶ
725 1827 796 1863 ὑπὲρ
815 1828 898 1860 αὑτὰς
918 1829 968 1860 τὰς

177 1873 371 1908 ὲπικληθείσας
387 1873 515 1909 δυνάμεις
527 1875 627 1900 ποιεῖτε
640 1882 647 1906 ;
660 1873 746 1909 Χάριν
763 1873 816 1910 γὰρ
831 1874 880 1910 τῆς
904 1874 968 1909 περ).

177 1918 245 1945 Θεοῦ
261 1919 437 1954 καταλήψεως
449 1918 597 1953 γλύφοντες
618 1918 667 1950 τὰς
692 1918 810 1954 μορφὰς,
824 1918 861 1949 ὥς
889 1927 967 1952 φατε,

178 1964 261 1991 αὑτοῦ
277 1964 325 1991 τοῦ
339 1964 406 1991 Θεοῦ
421 1965 469 2001 τὴν
492 1964 575 2000 τιμὴν
593 1964 640 1991 καὶ
669 1963 856 1999 προσηγορίαν
877 1964 968 1996 αὐτοῖς

179 2011 236 2045 (19)
260 2012 315 2042 τοῖς
331 2011 472 2046 γλύμμασι
493 2010 657 2047 περιτίθετε,
683 2011 800 2047 πρᾶγμα
820 2010 969 2045 πάσχοντες

179 2057 229 2089 οὐκ
241 2057 349 2092 εὐαγές.
374 2057 583 2093 Ὀμολογοῦντες
607 2058 661 2092 γὰρ
677 2057 835 2092 ὑπεραίρειν
851 2057 901 2092 τὴν
921 2056 967 2083 τοῦ

135 2131 138 2133 _
179 2103 247 2130 Θεοῦ
257 2103 371 2139 δύναμιν
388 2104 437 2139 τῆς
448 2103 502 2130 τῶν
518 2103 684 2138 ἀγαλμάτων
705 2102 895 2138 σμικρότητος,
922 2103 970 2130 καὶ

179 2149 223 2176 διὰ
238 2149 317 2176 τοῦτο
330 2150 366 2186 μὴ
382 2149 533 2185 τολμῶντες
550 2149 595 2175 τὸν
617 2149 683 2175 Θεὸν
700 2149 732 2175 δι’
746 2149 845 2181 αὐτῶν,
863 2149 911 2180 τὰς
941 2148 969 2175 δὲ

181 2196 284 2222 ἐλάττω
293 2195 423 2230 δυνάμεις
436 2195 634 2226 ἐπικαλεῖσθαι,
657 2195 734 2221 αὐτοὶ
760 2194 861 2226 ταύτας
890 2195 970 2230 ὑπερ-

1013 945 1110 974 borum
1129 951 1219 973 tamen
1233 946 1336 974 formas
1355 947 1502 982 lapidibus,
1521 947 1602 983 lignis
1625 952 1653 976 et
1676 955 1744 977 auro
1758 949 1799 977 in-

1014 992 1133 1027 sculptas
1147 992 1213 1020 deos
1226 991 1338 1020 iaciant.
1354 992 1570 1022 Convenieulius
1581 1001 1648 1023 sane
1661 999 1720 1022 erat
1741 994 1799 1030 ipsa

1013 1038 1131 1065 viventia
1151 1045 1233 1073 quam
1256 1046 1351 1066 eorum
1376 1038 1479 1067 fortnas
1501 1039 1565 1067 coli.
1591 1039 1626 1067 At
1641 1039 1710 1067 forte
1733 1048 1799 1068 neu-

1014 1089 1086 1112 trum
1101 1084 1209 1117 horum,
1225 1092 1322 1120 nempe
1339 1092 1428 1120 neque
1451 1085 1551 1118 forma,
1575 1093 1664 1120 neque
1686 1087 1798 1115 materia

1013 1131 1061 1159 Dei
1073 1131 1204 1159 adventus
1217 1138 1301 1159 causa
1312 1135 1374 1159 est:
1392 1131 1440 1159 sed
1453 1131 1509 1160 sola
1527 1139 1574 1160 ars
1605 1139 1666 1160 cum
1684 1133 1798 1161 scientia

1013 1177 1159 1213 conjuncta
1174 1177 1294 1205 divinum
1311 1185 1411 1206 numen
1424 1183 1530 1211 evocat,
1545 1179 1645 1214 quippe
1666 1187 1726 1207 cum
1741 1179 1798 1215 ipsa

1013 1223 1050 1252 sit
1061 1228 1165 1251 natura:
1180 1224 1307 1252 imitatio.
1325 1223 1379 1252 Sed
1395 1225 1417 1252 si
1438 1230 1549 1260 propter
1563 1225 1704 1252 scientiam
1716 1229 1743 1252 et
1755 1233 1800 1252 ar-

1015 1273 1068 1297 tem
1081 1269 1152 1298 Deus
1165 1271 1199 1298 ad
1215 1270 1360 1298 simulacra
1376 1270 1495 1303 accedit,
1515 1270 1576 1306 quis
1598 1278 1692 1298 rursus
1715 1275 1801 1298 mate-

1014 1315 1061 1343 riae
1074 1323 1150 1348 usus,
1170 1323 1232 1343 cum
1254 1322 1300 1344 ars
1324 1320 1352 1344 et
1374 1315 1488 1343 scientia
1505 1315 1533 1343 in
1553 1315 1710 1343 hominibus
1726 1316 1797 1342 resi-

1014 1363 1095 1390 deant
1117 1363 1129 1390 ?
1153 1363 1177 1390 si
1199 1363 1271 1390 enim
1296 1370 1409 1398 prorsus
1440 1368 1551 1397 propter
1572 1366 1659 1390 artem
1686 1365 1800 1397 apparet

1013 1407 1096 1441 Deus,
1113 1413 1142 1437 et
1157 1409 1259 1437 ideirco
1274 1409 1418 1436 simulacra
1445 1412 1574 1444 tanquam
1591 1408 1629 1436 dii
1650 1408 1778 1436 coluntur
1792 1416 1800 1434 :

1015 1454 1204 1490 ipsiprol’ecto
1219 1455 1343 1483 homines
1359 1455 1427 1483 artis
1451 1459 1579 1483 auctores
1603 1454 1690 1483 multo
1716 1455 1802 1490 magis

1014 1501 1162 1528 venerandi
1177 1505 1206 1528 et
1221 1500 1326 1529 colendi
1341 1505 1431 1534 erant,
1448 1501 1519 1536 quod
1534 1501 1639 1529 ratione
1652 1501 1709 1529 sint
1730 1509 1800 1536 pre-

1016 1546 1065 1574 diti
1081 1546 1277 1581 scientiamque
1292 1551 1320 1574 et
1335 1551 1422 1574 artem
1435 1547 1461 1574 in
1475 1547 1573 1582 seipsis
1589 1547 1717 1574 habeant.

1053 1592 1100 1619 Si.
1119 1592 1159 1619 Ad
1184 1592 1298 1620 alteram
1327 1598 1416 1620 autem
1445 1597 1472 1620 et
1492 1593 1675 1620 sublimiorem
1708 1599 1802 1620 eorum

1018 1638 1224 1673 responsionem
1237 1638 1294 1666 haec
1305 1638 1459 1673 reponenda
1480 1639 1602 1667 arbitror
1621 1648 1629 1665 :
1656 1637 1686 1666 Si
1705 1646 1758 1666 non
1772 1643 1803 1666 ut

1018 1685 1075 1719 ipse
1092 1684 1174 1716 Deus,
1201 1684 1250 1712 sed
1274 1689 1304 1712 ut
1325 1684 1415 1720 angeli
1443 1684 1498 1713 illic
1521 1689 1682 1720 appareant,
1697 1685 1769 1718 ‘jsta,
1785 1693 1804 1713 ο

1018 1731 1143 1768 gentiles,
1162 1730 1287 1759 fabricati
1300 1731 1383 1759 estis:
1400 1738 1449 1758 cur
1459 1731 1603 1759 simulacra
1618 1739 1668 1766 per
1681 1738 1742 1767 quae
1753 1739 1804 1767 po-

1019 1783 1131 1806 testates
1146 1779 1288 1810 invocatis,
1305 1778 1400 1806 iisdem
1417 1786 1486 1814 quas
1509 1779 1641 1806 invocatis
1661 1781 1805 1814 potestati-

1018 1826 1068 1853 bus
1084 1825 1170 1860 pluris
1183 1825 1273 1853 l'acitis
1289 1825 1301 1852 τ
1321 1824 1376 1853 Vos
1386 1827 1458 1853 enim
1477 1826 1524 1860 qui
1544 1825 1591 1853 Dei
1621 1826 1803 1861 cognoscendi

1019 1871 1106 1906 gratia
1118 1872 1168 1900 has
1182 1871 1285 1907 ﬁguras
1300 1872 1423 1907 scalpere
1438 1871 1541 1905 dicitis,
1560 1871 1646 1907 ipsius
1657 1872 1704 1900 Dei
1715 1872 1802 1899 hono-

1019 1924 1076 1944 rem
1093 1921 1121 1944 et
1138 1925 1236 1945 nomen
1251 1918 1294 1945 his
1311 1918 1378 1953 ipsis
1390 1918 1545 1946 simulacris
1566 1917 1715 1952 imponitis,
1731 1919 1803 1953 quod

1019 1964 1141 2000 profecto
1155 1965 1267 2000 impium
1281 1969 1308 1992 et
1330 1964 1491 1998 sacrilegum
1517 1968 1570 1992 est.
1591 1963 1659 1991 Nam
1683 1971 1731 1991 vos
1753 1963 1804 1998 ipsi

1020 2011 1065 2045 qui
1092 2011 1210 2038 divinam
1233 2014 1394 2045 potestatem
1429 2010 1640 2038 simulacrorum
1675 2009 1805 2037 tenuitate

1020 2058 1101 2093 longe
1112 2061 1242 2092 praestare
1254 2056 1386 2090 fatemini,
1397 2063 1512 2091 eamque
1524 2056 1558 2084 ob
1573 2062 1683 2084 causam
1695 2062 1744 2091 per
1758 2055 1804 2083 illa

1020 2111 1073 2131 non
1098 2104 1204 2131 audetis
1231 2104 1318 2138 ipsum
1341 2103 1436 2135 Deum,
1457 2102 1506 2130 sed
1533 2101 1677 2130 inferiores
1699 2105 1804 2129 tantum

1019 2154 1168 2184 potestates
1186 2150 1314 2177 invocare
1331 2158 1338 2176 :
1367 2157 1426 2181 vos.
1449 2149 1570 2184 inquam,
1592 2149 1654 2184 ipsi,
1671 2148 1725 2175 illis
1739 2155 1806 2182 pra:-

1022 2195 1164 2228 lermissis,
1188 2195 1265 2230 cujus
1294 2194 1467 2230 praesentiam
1493 2193 1697 2224 formidabatis,
1725 2191 1806 2226 hujus

180 2242 288 2274 ϐάντες,
314 2239 345 2268 οὗ
373 2241 422 2277 τὴν
449 2241 600 2277 παρουσίαν
619 2241 781 2277 ὲφοῦήθητε,
803 2240 897 2268 τούτου
919 2241 964 2274 τὴν

1021 2247 1120 2268 nomen
1137 2240 1272 2275 lapidibus
1290 2244 1319 2267 et
1341 2239 1422 2274 lignis
1449 2238 1630 2273 imposuistis,
1656 2243 1716 2272 quae
1739 2236 1805 2263 deos

182 2287 368 2324 προσηγορίαν
393 2288 448 2319 τοῖς
469 2287 553 2319 λίθοις
566 2287 612 2314 καὶ
627 2287 681 2322 (20)
692 2287 779 2320 ξύλοις
796 2287 945 2323 ἀνεθήκατε
960 2295 967 2302 ο

181 2335 230 2360 καὶ
240 2332 318 2365 θεοὺς
337 2332 396 2360 ἀντὶ
411 2331 492 2360 λίθων
505 2333 553 2359 καὶ
570 2332 667 2368 τέχνης
695 2332 845 2368 ἀνθρώπων
870 2332 968 2367 ὀνομά-

182 2381 243 2413 ζετε
269 2381 315 2408 καὶ
339 2382 527 2417 προσκυνεῖτε.
548 2381 579 2407 Ei
606 2380 660 2417 γάρ
686 2381 733 2408 καὶ
755 2382 793 2413 ὡς
818 2381 971 2417 γράμματά

181 2428 250 2454 εἰσιν
265 2428 329 2462 ὑμῖν
341 2426 436 2460 ταῦτα,
454 2427 492 2459 ὠς
509 2426 650 2462 ψεύδεσθε,
665 2428 714 2463 τῆς
732 2427 780 2454 ἐπὶ
805 2426 870 2454 Θεὸν
903 2426 970 2454 θεω-

183 2473 254 2509 ρίας,
279 2473 309 2499 οὐ
326 2472 428 2500 δίκαιον
443 2472 478 2500 τὰ
501 2473 668 2508 σημαίνοντα
696 2472 744 2499 τοῦ
771 2473 969 2509 σημαινομένου

183 2519 328 2555 προτιμᾷν.
343 2519 411 2546 οὐδὲ
429 2519 483 2554 γὰρ
511 2520 536 2545 εί
555 2518 656 2554 γράφοι
669 2527 710 2551 τις
726 2519 757 2545 τὸ
772 2518 901 2554 βασιλέως
913 2518 969 2554 (21)

183 2565 277 2601 ἔννομα,
289 2565 437 2598 ἀκινδύνως
449 2565 506 2601 ἔχοι
521 2565 552 2592 τὸ
565 2565 681 2600 γράμμα
692 2564 831 2601 προτιμῶν
845 2564 892 2592 τοῦ
919 2563 968 2600 βα-

219 2653 276 2689 (15)
291 2654 351 2682 Art.
368 2653 416 2681 τοῦ
432 2661 511 2688 quem
528 2661 583 2682 non
601 2653 702 2681 habent
721 2652 832 2689 Seguer.
855 2651 966 2689 Gohler.

183 2687 304 2717 Felckm.
321 2689 333 2717 1
351 2697 432 2716 anon.
442 2687 474 2716 in
491 2690 551 2717 aliis
565 2694 595 2716 ut
611 2693 639 2716 et
658 2689 684 2716 in
700 2687 780 2716 editis
799 2688 841 2714 hic
858 2687 966 2722 legitur.

185 2725 244 2752 Mox
261 2724 325 2752 ibid.
338 2732 387 2759 pro
400 2724 491 2758 αὐτόν,
505 2725 586 2752 Basil.
599 2724 704 2759 Anglic.
718 2722 836 2750 Felckm.
852 2723 870 2749 ‘2
883 2730 965 2750 anon.

185 2761 284 2787 habent
298 2759 398 2787 αὐτῶν.
842 2761 845 2765 ’

221 2794 391 2830 (16)Αὺτοός
406 2795 483 2823 deest
503 2795 530 2822 in
549 2794 662 2830 Seguer.
685 2793 795 2821 Gobler.
811 2792 929 2821 Felckm.
953 2793 965 2820 1

185 2837 267 2857 anon.

223 2865 279 2899 tl'l)
294 2865 339 2892 Sic
351 2865 464 2899 Seguer.
485 2864 566 2892 Basil.
584 2864 687 2899 Anglic.
703 2863 781 2891 Gobl.
807 2862 927 2892 Feltltm.
955 2863 966 2891 1

187 2904 215 2927 et
232 2900 250 2926 2
267 2908 346 2928 anon.
360 2901 412 2928 Alii
433 2905 521 2928 autem
535 2908 595 2928 cum
610 2901 689 2928 editis
704 2899 754 2926 ὅτι.

1022 2286 1164 2314 nominare
1179 2285 1332 2319 divinisque
1347 2284 1499 2312 honoribus
1521 2282 1631 2310 allicere
1654 2289 1707 2309 non
1728 2287 1806 2308 vere~

1022 2332 1099 2365 mini,
1117 2339 1178 2360 cum
1190 2339 1254 2359 vere
1269 2330 1338 2358 nihil
1356 2330 1406 2358 nisi
1424 2329 1531 2364 lapides
1543 2334 1571 2356 et
1588 2327 1735 2355 artiﬁcium
1757 2326 1806 2354 ho-

1023 2379 1126 2407 minum
1142 2379 1259 2406 debeant
1278 2377 1420 2412 appellari.
1441 2376 1596 2406 Enimvero,
1614 2374 1637 2403 si
1660 2379 1689 2402 ut
1709 2373 1808 2401 menti-

1024 2425 1102 2457 mini,
1119 2425 1178 2452 haec
1201 2423 1278 2452 vobis
1301 2424 1389 2451 instar
1415 2422 1570 2450 litterarum
1588 2425 1652 2449 sunt
1667 2421 1700 2448 ad
1719 2419 1813 2447 Deum.

1023 2470 1278 2506 contemplandum:
1296 2477 1402 2504 aequum
1414 2474 1490 2496 certe
1504 2476 1556 2496 non
1575 2472 1619 2496 est
1635 2474 1680 2495 res
1703 2466 1809 2500 signiti-

1022 2521 1117 2545 eantes
1130 2516 1173 2544 his
1185 2524 1254 2551 quas
1274 2515 1431 2551 signiﬁcant
1449 2513 1596 2542 anteferre.
1618 2512 1712 2548 Neque
1733 2513 1807 2540 enim

1022 2563 1045 2590 si
1059 2563 1121 2598 quis
1134 2562 1266 2596 scriptum
1281 2561 1455 2595 imperatoris
1467 2567 1566 2588 nomen
1579 2560 1630 2595 ipsi
1645 2559 1806 2595 imperatori

1057 2650 1114 2685 (18)
1129 2650 1239 2679 Gobler.
1259 2649 1378 2678 Felckm.
1394 2649 1506 2685 lianon.
1522 2648 1618 2685 abjﬁy.

1059 2683 1227 2721 (19)Αὐτοῖς
1253 2687 1328 2713 deest
1353 2685 1379 2721 in
1404 2683 1694 2721 Gobler._Fel_km._t
1721 2690 1805 2712 anon.

1021 2718 1178 2756 Paitlo'post
1196 2729 1312 2755 sequens
1327 2719 1374 2746 καί
1389 2720 1466 2747 deest
1483 2721 1507 2746 in
1523 2719 1642 2756 Feleknt.
1656 2718 1673 2746 '5
1687 2726 1770 2756 anon.

1057 2754 1187 2790 (‘20)‘Art.
1206 2758 1272 2787 τοῖς,
1300 2757 1345 2790 qui
1371 2755 1397 2782 in
1423 2755 1536 2789 Seguer.
1562 2754 1804 2790 GoblersAnglic.

1023 2789 1142 2820 Ft-Ickm.
1157 2792 1168 2818 1
1186 2797 1213 2819 et
1225 2792 1244 2819 2
1268 2789 1349 2818 anon.
1365 2791 1452 2823 deest,
1478 2791 1503 2817 in
1520 2790 1579 2818 aliis
1596 2794 1625 2817 ut
1637 2793 1665 2817 et
1683 2789 1710 2816 in
1725 2790 1808 2816 editis

1024 2829 1067 2855 hic
1084 2827 1189 2855 lc-aitur.

1059 2835 1309 2897 ίέίᾜὶὲίῗερευθν.
1330 2860 1438 2890 Gobler.
1462 2860 1580 2889 Felckm.
1608 2859 1619 2888 1
1646 2866 1730 2890 anon.
1754 2859 1810 2888 Alii

1020 2906 1080 2926 cum
1094 2898 1185 2931 editis,
1199 2897 1237 2932 τῷ
1255 2897 1369 2933 βασιλεῖ.
