  <div class='ocr_page' id='page_1' title='image "/cluster/home/n/w/nwhite01/storage/ocr_20150623/25/njp.32101010944591/307.png"; bbox 0 0 2037 3044; ppageno 0'>
   <div class='ocr_carea' id='block_1_1' title="bbox 261 143 1887 180">
    <p class='ocr_par' dir='ltr' id='par_1_1' title="bbox 261 143 1887 180">
     <span class='ocr_line' id='line_1_1' title="bbox 261 143 1887 180; baseline 0.002 -4"><span class='ocrx_word' id='word_1_1' title='bbox 261 147 297 176; x_wconf 69' lang='grc'><strong>45</strong></span> <span class='ocrx_word' id='word_1_2' title='bbox 545 147 572 175; x_wconf 80' lang='lat' dir='ltr'><strong>S.</strong></span> <span class='ocrx_word' id='word_1_3' title='bbox 594 147 785 176; x_wconf 75' lang='lat' dir='ltr'><strong>ATHANASII</strong></span> <span class='ocrx_word' id='word_1_4' title='bbox 802 148 878 177; x_wconf 80' lang='lat' dir='ltr'><strong>OPP.</strong></span> <span class='ocrx_word' id='word_1_5' title='bbox 900 148 990 176; x_wconf 77' lang='lat' dir='ltr'><strong>PARS</strong></span> <span class='ocrx_word' id='word_1_6' title='bbox 1010 148 1030 176; x_wconf 93' lang='grc' dir='ltr'><strong>Ι.</strong></span> <span class='ocrx_word' id='word_1_7' title='bbox 1050 164 1082 170; x_wconf 91' lang='grc'><strong><em>-</em></strong></span> <span class='ocrx_word' id='word_1_8' title='bbox 1103 148 1291 177; x_wconf 78' lang='lat' dir='ltr'><strong>HlSTORICA</strong></span> <span class='ocrx_word' id='word_1_9' title='bbox 1311 150 1355 177; x_wconf 87' lang='grc' dir='ltr'><strong>ΕΤ</strong></span> <span class='ocrx_word' id='word_1_10' title='bbox 1376 150 1587 180; x_wconf 81' lang='lat' dir='ltr'><strong>DOGMATICA.</strong></span> <span class='ocrx_word' id='word_1_11' title='bbox 1847 143 1887 179; x_wconf 68' lang='lat' dir='ltr'><strong>ﬂ:~</strong></span> 
     </span>
    </p>
   </div>
   <div class='ocr_carea' id='block_1_2' title="bbox 263 204 1051 246">
    <p class='ocr_par' dir='ltr' id='par_1_2' title="bbox 263 204 1044 245">
     <span class='ocr_line' id='line_1_2' title="bbox 263 204 1044 245; baseline 0.004 -11"><span class='ocrx_word' id='word_1_12' title='bbox 263 204 423 243; x_wconf 66' lang='lat' dir='ltr'><strong>prmttt&#39;l&#39;et’tt,</strong></span> <span class='ocrx_word' id='word_1_13' title='bbox 435 207 463 235; x_wconf 89' lang='lat' dir='ltr'><strong>id</strong></span> <span class='ocrx_word' id='word_1_14' title='bbox 474 206 583 243; x_wconf 87' lang='lat' dir='ltr'><strong>impune</strong></span> <span class='ocrx_word' id='word_1_15' title='bbox 597 209 720 236; x_wconf 84' lang='lat' dir='ltr'><strong>facturus</strong></span> <span class='ocrx_word' id='word_1_16' title='bbox 735 213 777 237; x_wconf 87' lang='lat' dir='ltr'><strong>est</strong></span> <span class='ocrx_word' id='word_1_17' title='bbox 791 218 799 236; x_wconf 84' lang='lat'><strong>:</strong></span> <span class='ocrx_word' id='word_1_18' title='bbox 816 209 863 237; x_wconf 82' lang='lat' dir='ltr'><strong>sed</strong></span> <span class='ocrx_word' id='word_1_19' title='bbox 882 209 925 236; x_wconf 89' lang='lat' dir='ltr'><strong>ille</strong></span> <span class='ocrx_word' id='word_1_20' title='bbox 936 210 1044 245; x_wconf 88' lang='lat' dir='ltr'><strong>quidem</strong></span> 
     </span>
    </p>
   </div>
   <div class='ocr_carea' id='block_1_3' title="bbox 1102 204 1882 246">
    <p class='ocr_par' dir='ltr' id='par_1_3' title="bbox 1102 209 1882 246">
     <span class='ocr_line' id='line_1_3' title="bbox 1102 209 1882 246; baseline 0 -10"><span class='ocrx_word' id='word_1_21' title='bbox 1102 209 1192 242; x_wconf 68' lang='grc' dir='ltr'>πλέως</span> <span class='ocrx_word' id='word_1_22' title='bbox 1204 219 1211 226; x_wconf 82' lang='grc'>⁶</span> <span class='ocrx_word' id='word_1_23' title='bbox 1223 210 1281 237; x_wconf 79' lang='grc' dir='ltr'>ἀλλ’</span> <span class='ocrx_word' id='word_1_24' title='bbox 1291 211 1304 237; x_wconf 92' lang='lat'><strong>6</strong></span> <span class='ocrx_word' id='word_1_25' title='bbox 1316 210 1435 244; x_wconf 79' lang='grc' dir='ltr'>τοιοῦτος</span> <span class='ocrx_word' id='word_1_26' title='bbox 1452 210 1566 238; x_wconf 76' lang='grc' dir='ltr'>θάνατον</span> <span class='ocrx_word' id='word_1_27' title='bbox 1580 211 1629 246; x_wconf 76' lang='grc' dir='ltr'>μὲν</span> <span class='ocrx_word' id='word_1_28' title='bbox 1641 211 1696 246; x_wconf 79' lang='grc' dir='ltr'>ἔχει</span> <span class='ocrx_word' id='word_1_29' title='bbox 1707 210 1756 246; x_wconf 80' lang='grc' dir='ltr'><strong>τὴν</strong></span> <span class='ocrx_word' id='word_1_30' title='bbox 1770 210 1882 246; x_wconf 81' lang='grc' dir='ltr'><strong>ζημίαν,</strong></span> 
     </span>
    </p>
   </div>
   <div class='ocr_carea' id='block_1_4' title="bbox 264 254 1044 290">
    <p class='ocr_par' dir='ltr' id='par_1_4' title="bbox 264 254 1044 290">
     <span class='ocr_line' id='line_1_4' title="bbox 264 254 1044 290; baseline 0.004 -9"><span class='ocrx_word' id='word_1_31' title='bbox 264 258 350 282; x_wconf 87' lang='lat' dir='ltr'><strong>tnorte</strong></span> <span class='ocrx_word' id='word_1_32' title='bbox 375 254 554 288; x_wconf 71' lang='lat' dir='ltr'><strong>multabitur;</strong></span> <span class='ocrx_word' id='word_1_33' title='bbox 575 255 707 290; x_wconf 87' lang='lat' dir='ltr'><strong>scriptum</strong></span> <span class='ocrx_word' id='word_1_34' title='bbox 733 261 824 283; x_wconf 83' lang='lat' dir='ltr'><strong>autem</strong></span> <span class='ocrx_word' id='word_1_35' title='bbox 857 264 956 284; x_wconf 86' lang='lat' dir='ltr'><strong>nomen</strong></span> <span class='ocrx_word' id='word_1_36' title='bbox 978 257 1044 284; x_wconf 87' lang='lat' dir='ltr'><strong>nihil</strong></span> 
     </span>
    </p>
   </div>
   <div class='ocr_carea' id='block_1_5' title="bbox 263 298 1045 335">
    <p class='ocr_par' dir='ltr' id='par_1_5' title="bbox 263 298 1045 335">
     <span class='ocr_line' id='line_1_5' title="bbox 263 298 1045 335; baseline 0.006 -11"><span class='ocrx_word' id='word_1_37' title='bbox 263 298 358 332; x_wconf 88' lang='lat' dir='ltr'><strong>utique</strong></span> <span class='ocrx_word' id='word_1_38' title='bbox 373 298 446 326; x_wconf 85' lang='lat' dir='ltr'><strong>aliud</strong></span> <span class='ocrx_word' id='word_1_39' title='bbox 462 299 515 327; x_wconf 88' lang='lat' dir='ltr'><strong>nisi</strong></span> <span class='ocrx_word' id='word_1_40' title='bbox 530 301 676 328; x_wconf 86' lang='lat' dir='ltr'><strong>scribentis</strong></span> <span class='ocrx_word' id='word_1_41' title='bbox 696 309 763 335; x_wconf 89' lang='lat' dir='ltr'><strong>opus</strong></span> <span class='ocrx_word' id='word_1_42' title='bbox 778 301 840 328; x_wconf 85' lang='lat' dir='ltr'><strong>erit.</strong></span> <span class='ocrx_word' id='word_1_43' title='bbox 863 300 910 334; x_wconf 77' lang='lat' dir='ltr'><strong>lta,</strong></span> <span class='ocrx_word' id='word_1_44' title='bbox 929 303 953 329; x_wconf 81' lang='lat' dir='ltr'><strong>si</strong></span> <span class='ocrx_word' id='word_1_45' title='bbox 969 303 1045 330; x_wconf 83' lang='lat' dir='ltr'><strong>vobis</strong></span> 
     </span>
    </p>
   </div>
   <div class='ocr_carea' id='block_1_6' title="bbox 263 347 1045 382">
    <p class='ocr_par' dir='ltr' id='par_1_6' title="bbox 263 347 1045 382">
     <span class='ocr_line' id='line_1_6' title="bbox 263 347 1045 382; baseline 0.006 -12"><span class='ocrx_word' id='word_1_46' title='bbox 263 351 331 371; x_wconf 87' lang='lat' dir='ltr'><strong>sana</strong></span> <span class='ocrx_word' id='word_1_47' title='bbox 347 352 423 372; x_wconf 87' lang='lat' dir='ltr'><strong>mens</strong></span> <span class='ocrx_word' id='word_1_48' title='bbox 437 349 520 378; x_wconf 77' lang='lat' dir='ltr'><strong>esset,</strong></span> <span class='ocrx_word' id='word_1_49' title='bbox 541 350 595 372; x_wconf 88' lang='lat' dir='ltr'><strong>tam</strong></span> <span class='ocrx_word' id='word_1_50' title='bbox 614 351 756 381; x_wconf 77' lang='lat' dir='ltr'><strong>augustum</strong></span> <span class='ocrx_word' id='word_1_51' title='bbox 774 347 922 374; x_wconf 73' lang='lat' dir='ltr'><strong>divinitatis</strong></span> <span class='ocrx_word' id='word_1_52' title='bbox 942 348 1045 382; x_wconf 78' lang='lat' dir='ltr'><strong>insigne</strong></span> 
     </span>
    </p>
   </div>
   <div class='ocr_carea' id='block_1_7' title="bbox 264 391 1044 427">
    <p class='ocr_par' dir='ltr' id='par_1_7' title="bbox 264 391 1044 427">
     <span class='ocr_line' id='line_1_7' title="bbox 264 391 1044 427; baseline 0.005 -13"><span class='ocrx_word' id='word_1_53' title='bbox 264 396 403 423; x_wconf 89' lang='lat' dir='ltr'><strong>nunquam</strong></span> <span class='ocrx_word' id='word_1_54' title='bbox 423 391 544 418; x_wconf 76' lang='lat' dir='ltr'><strong>materia:</strong></span> <span class='ocrx_word' id='word_1_55' title='bbox 563 391 770 424; x_wconf 81' lang='lat' dir='ltr'><strong>attribuisselis,</strong></span> <span class='ocrx_word' id='word_1_56' title='bbox 796 398 883 425; x_wconf 83' lang='lat' dir='ltr'><strong>neque</strong></span> <span class='ocrx_word' id='word_1_57' title='bbox 912 391 1044 427; x_wconf 89' lang='lat' dir='ltr'><strong>scalptum</strong></span> 
     </span>
    </p>
   </div>
   <div class='ocr_carea' id='block_1_8' title="bbox 262 434 1046 472">
    <p class='ocr_par' dir='ltr' id='par_1_8' title="bbox 262 434 1046 472">
     <span class='ocr_line' id='line_1_8' title="bbox 262 434 1046 472; baseline 0.008 -12"><span class='ocrx_word' id='word_1_58' title='bbox 262 434 440 462; x_wconf 77' lang='lat' dir='ltr'><strong>simulacrum</strong></span> <span class='ocrx_word' id='word_1_59' title='bbox 455 437 588 471; x_wconf 88' lang='lat' dir='ltr'><strong>scalpenti</strong></span> <span class='ocrx_word' id='word_1_60' title='bbox 602 436 705 464; x_wconf 89' lang='lat' dir='ltr'><strong>homini</strong></span> <span class='ocrx_word' id='word_1_61' title='bbox 723 442 887 472; x_wconf 83' lang='lat' dir='ltr'><strong>anteponere</strong></span> <span class='ocrx_word' id='word_1_62' title='bbox 902 438 960 465; x_wconf 91' lang='lat' dir='ltr'><strong>ausi</strong></span> <span class='ocrx_word' id='word_1_63' title='bbox 981 438 1046 466; x_wconf 87' lang='lat' dir='ltr'><strong>fuis-</strong></span> 
     </span>
    </p>
   </div>
   <div class='ocr_carea' id='block_1_9' title="bbox 261 479 1046 518">
    <p class='ocr_par' dir='ltr' id='par_1_9' title="bbox 261 479 1046 518">
     <span class='ocr_line' id='line_1_9' title="bbox 261 479 1046 518; baseline 0.004 -12"><span class='ocrx_word' id='word_1_64' title='bbox 261 480 337 508; x_wconf 82' lang='lat' dir='ltr'><strong>setis.</strong></span> <span class='ocrx_word' id='word_1_65' title='bbox 356 479 474 508; x_wconf 87' lang='lat' dir='ltr'><strong>Tametsi</strong></span> <span class='ocrx_word' id='word_1_66' title='bbox 493 482 565 509; x_wconf 91' lang='lat' dir='ltr'><strong>enim</strong></span> <span class='ocrx_word' id='word_1_67' title='bbox 585 482 669 509; x_wconf 87' lang='lat' dir='ltr'><strong>instar</strong></span> <span class='ocrx_word' id='word_1_68' title='bbox 686 481 838 509; x_wconf 88' lang='lat' dir='ltr'><strong>litterarum</strong></span> <span class='ocrx_word' id='word_1_69' title='bbox 865 483 910 509; x_wconf 86' lang='lat' dir='ltr'><strong>Dei</strong></span> <span class='ocrx_word' id='word_1_70' title='bbox 928 491 1046 518; x_wconf 68' lang='lat' dir='ltr'><strong>prmsen-</strong></span> 
     </span>
    </p>
   </div>
   <div class='ocr_carea' id='block_1_10' title="bbox 262 526 1046 565">
    <p class='ocr_par' dir='ltr' id='par_1_10' title="bbox 262 526 1046 565">
     <span class='ocr_line' id='line_1_10' title="bbox 262 526 1046 565; baseline 0.005 -12"><span class='ocrx_word' id='word_1_71' title='bbox 262 527 328 554; x_wconf 75' lang='lat' dir='ltr'><strong>lium</strong></span> <span class='ocrx_word' id='word_1_72' title='bbox 351 526 517 562; x_wconf 78' lang='lat' dir='ltr'><strong>signiﬁcant,</strong></span> <span class='ocrx_word' id='word_1_73' title='bbox 544 532 626 562; x_wconf 82' lang='lat' dir='ltr'><strong>atque</strong></span> <span class='ocrx_word' id='word_1_74' title='bbox 653 528 756 556; x_wconf 88' lang='lat' dir='ltr'><strong>idcirco</strong></span> <span class='ocrx_word' id='word_1_75' title='bbox 779 534 807 556; x_wconf 93' lang='lat' dir='ltr'><strong>ut</strong></span> <span class='ocrx_word' id='word_1_76' title='bbox 831 530 882 564; x_wconf 81' lang='lat'><strong>17</strong></span> <span class='ocrx_word' id='word_1_77' title='bbox 901 530 946 557; x_wconf 85' lang='lat' dir='ltr'><strong>Dei</strong></span> <span class='ocrx_word' id='word_1_78' title='bbox 969 531 1046 565; x_wconf 77' lang='lat' dir='ltr'><strong>signa</strong></span> 
     </span>
    </p>
   </div>
   <div class='ocr_carea' id='block_1_11' title="bbox 264 572 1045 608">
    <p class='ocr_par' dir='ltr' id='par_1_11' title="bbox 264 572 1045 608">
     <span class='ocr_line' id='line_1_11' title="bbox 264 572 1045 608; baseline 0.004 -9"><span class='ocrx_word' id='word_1_79' title='bbox 264 572 408 600; x_wconf 85' lang='lat' dir='ltr'><strong>divinitate</strong></span> <span class='ocrx_word' id='word_1_80' title='bbox 419 573 499 608; x_wconf 76' lang='lat' dir='ltr'><strong>digna</strong></span> <span class='ocrx_word' id='word_1_81' title='bbox 511 573 672 608; x_wconf 75' lang='lat' dir='ltr'><strong>iudicantur</strong></span> <span class='ocrx_word' id='word_1_82' title='bbox 688 583 694 602; x_wconf 89' lang='lat'><strong>:</strong></span> <span class='ocrx_word' id='word_1_83' title='bbox 715 575 893 603; x_wconf 88' lang='lat' dir='ltr'><strong>nihilominus</strong></span> <span class='ocrx_word' id='word_1_84' title='bbox 913 576 1045 604; x_wconf 78' lang='lat' dir='ltr'><strong>artificem</strong></span> 
     </span>
    </p>
   </div>
   <div class='ocr_carea' id='block_1_12' title="bbox 267 619 1046 658">
    <p class='ocr_par' dir='ltr' id='par_1_12' title="bbox 267 619 1046 658">
     <span class='ocr_line' id='line_1_12' title="bbox 267 619 1046 658; baseline 0.006 -13"><span class='ocrx_word' id='word_1_85' title='bbox 267 619 312 654; x_wconf 86' lang='lat' dir='ltr'><strong>qui</strong></span> <span class='ocrx_word' id='word_1_86' title='bbox 327 619 372 646; x_wconf 88' lang='lat' dir='ltr'><strong>illa</strong></span> <span class='ocrx_word' id='word_1_87' title='bbox 387 619 491 646; x_wconf 72' lang='lat' dir='ltr'><strong>caelavit</strong></span> <span class='ocrx_word' id='word_1_88' title='bbox 503 624 530 646; x_wconf 89' lang='lat' dir='ltr'><strong>et</strong></span> <span class='ocrx_word' id='word_1_89' title='bbox 543 619 704 654; x_wconf 88' lang='lat' dir='ltr'><strong>insculpsit,</strong></span> <span class='ocrx_word' id='word_1_90' title='bbox 719 620 799 648; x_wconf 88' lang='lat' dir='ltr'><strong>deum</strong></span> <span class='ocrx_word' id='word_1_91' title='bbox 813 622 871 649; x_wconf 84' lang='lat' dir='ltr'><strong>fieri</strong></span> <span class='ocrx_word' id='word_1_92' title='bbox 893 622 970 658; x_wconf 74' lang='lat' dir='ltr'><strong>longe</strong></span> <span class='ocrx_word' id='word_1_93' title='bbox 988 628 1046 650; x_wconf 85' lang='lat' dir='ltr'><strong>erat</strong></span> 
     </span>
    </p>
   </div>
   <div class='ocr_carea' id='block_1_13' title="bbox 263 665 1046 702">
    <p class='ocr_par' dir='ltr' id='par_1_13' title="bbox 263 665 1046 702">
     <span class='ocr_line' id='line_1_13' title="bbox 263 665 1046 702; baseline 0.004 -10"><span class='ocrx_word' id='word_1_94' title='bbox 263 665 479 696; x_wconf 86' lang='lat' dir='ltr'><strong>convenientius,</strong></span> <span class='ocrx_word' id='word_1_95' title='bbox 490 669 583 700; x_wconf 91' lang='lat' dir='ltr'><strong>utpote</strong></span> <span class='ocrx_word' id='word_1_96' title='bbox 599 665 644 698; x_wconf 84' lang='lat' dir='ltr'><strong>qui</strong></span> <span class='ocrx_word' id='word_1_97' title='bbox 662 666 716 693; x_wconf 80' lang='lat' dir='ltr'><strong>illis</strong></span> <span class='ocrx_word' id='word_1_98' title='bbox 731 667 768 694; x_wconf 88' lang='lat' dir='ltr'><strong>sit</strong></span> <span class='ocrx_word' id='word_1_99' title='bbox 787 668 925 702; x_wconf 89' lang='lat' dir='ltr'><strong>potentior</strong></span> <span class='ocrx_word' id='word_1_100' title='bbox 937 673 964 695; x_wconf 88' lang='lat' dir='ltr'><strong>et</strong></span> <span class='ocrx_word' id='word_1_101' title='bbox 977 669 1046 695; x_wconf 80' lang='lat' dir='ltr'><strong>divi-</strong></span> 
     </span>
    </p>
   </div>
   <div class='ocr_carea' id='block_1_14' title="bbox 264 710 1046 750">
    <p class='ocr_par' dir='ltr' id='par_1_14' title="bbox 264 710 1046 750">
     <span class='ocr_line' id='line_1_14' title="bbox 264 710 1046 750; baseline 0.004 -12"><span class='ocrx_word' id='word_1_102' title='bbox 264 711 337 743; x_wconf 89' lang='lat' dir='ltr'><strong>nior,</strong></span> <span class='ocrx_word' id='word_1_103' title='bbox 350 719 410 738; x_wconf 91' lang='lat' dir='ltr'><strong>cum</strong></span> <span class='ocrx_word' id='word_1_104' title='bbox 425 710 469 737; x_wconf 86' lang='lat' dir='ltr'><strong>illa</strong></span> <span class='ocrx_word' id='word_1_105' title='bbox 486 711 519 738; x_wconf 88' lang='lat' dir='ltr'><strong>ad</strong></span> <span class='ocrx_word' id='word_1_106' title='bbox 537 711 595 746; x_wconf 85' lang='lat' dir='ltr'><strong>ejus</strong></span> <span class='ocrx_word' id='word_1_107' title='bbox 606 712 750 740; x_wconf 87' lang='lat' dir='ltr'><strong>arbitrium</strong></span> <span class='ocrx_word' id='word_1_108' title='bbox 766 713 838 740; x_wconf 87' lang='lat' dir='ltr'><strong>edita</strong></span> <span class='ocrx_word' id='word_1_109' title='bbox 862 719 889 741; x_wconf 89' lang='lat' dir='ltr'><strong>et</strong></span> <span class='ocrx_word' id='word_1_110' title='bbox 915 715 1046 750; x_wconf 86' lang='lat' dir='ltr'><strong>insculpta</strong></span> 
     </span>
    </p>
   </div>
   <div class='ocr_carea' id='block_1_15' title="bbox 263 756 1045 796">
    <p class='ocr_par' dir='ltr' id='par_1_15' title="bbox 263 756 1045 796">
     <span class='ocr_line' id='line_1_15' title="bbox 263 756 1045 796; baseline 0.008 -13"><span class='ocrx_word' id='word_1_111' title='bbox 263 757 374 784; x_wconf 76' lang='lat' dir='ltr'><strong>fuerint.</strong></span> <span class='ocrx_word' id='word_1_112' title='bbox 397 756 424 785; x_wconf 91' lang='lat' dir='ltr'><strong>Si</strong></span> <span class='ocrx_word' id='word_1_113' title='bbox 443 757 526 792; x_wconf 77' lang='lat' dir='ltr'><strong>igitur</strong></span> <span class='ocrx_word' id='word_1_114' title='bbox 545 757 644 786; x_wconf 64' lang='lat' dir='ltr'><strong>litterae</strong></span> <span class='ocrx_word' id='word_1_115' title='bbox 662 764 726 786; x_wconf 85' lang='lat' dir='ltr'><strong>sunt</strong></span> <span class='ocrx_word' id='word_1_116' title='bbox 744 760 926 788; x_wconf 85' lang='lat' dir='ltr'><strong>admiratione</strong></span> <span class='ocrx_word' id='word_1_117' title='bbox 947 762 1045 796; x_wconf 62' lang='lat' dir='ltr'><strong>dignae,</strong></span> 
     </span>
    </p>
   </div>
   <div class='ocr_carea' id='block_1_16' title="bbox 263 803 1045 840">
    <p class='ocr_par' dir='ltr' id='par_1_16' title="bbox 263 803 1045 840">
     <span class='ocr_line' id='line_1_16' title="bbox 263 803 1045 840; baseline 0.006 -10"><span class='ocrx_word' id='word_1_118' title='bbox 263 803 349 830; x_wconf 89' lang='lat' dir='ltr'><strong>multo</strong></span> <span class='ocrx_word' id='word_1_119' title='bbox 364 811 430 831; x_wconf 88' lang='lat' dir='ltr'><strong>sane</strong></span> <span class='ocrx_word' id='word_1_120' title='bbox 442 804 526 839; x_wconf 80' lang='lat' dir='ltr'><strong>magis</strong></span> <span class='ocrx_word' id='word_1_121' title='bbox 542 804 600 839; x_wconf 89' lang='lat' dir='ltr'><strong>ipse</strong></span> <span class='ocrx_word' id='word_1_122' title='bbox 612 805 730 840; x_wconf 87' lang='lat' dir='ltr'><strong>scriptor</strong></span> <span class='ocrx_word' id='word_1_123' title='bbox 741 811 851 840; x_wconf 79' lang='lat' dir='ltr'><strong>propter</strong></span> <span class='ocrx_word' id='word_1_124' title='bbox 865 815 941 834; x_wconf 85' lang='lat' dir='ltr'><strong>suam</strong></span> <span class='ocrx_word' id='word_1_125' title='bbox 960 815 1045 835; x_wconf 83' lang='lat' dir='ltr'><strong>artem</strong></span> 
     </span>
    </p>
   </div>
   <div class='ocr_carea' id='block_1_17' title="bbox 262 849 1045 886">
    <p class='ocr_par' dir='ltr' id='par_1_17' title="bbox 262 849 1045 886">
     <span class='ocr_line' id='line_1_17' title="bbox 262 849 1045 886; baseline 0.005 -9"><span class='ocrx_word' id='word_1_126' title='bbox 262 855 291 877; x_wconf 87' lang='lat' dir='ltr'><strong>et</strong></span> <span class='ocrx_word' id='word_1_127' title='bbox 306 849 403 876; x_wconf 71' lang='lat' dir='ltr'><strong>animat</strong></span> <span class='ocrx_word' id='word_1_128' title='bbox 417 849 558 878; x_wconf 87' lang='lat' dir='ltr'><strong>scientiam</strong></span> <span class='ocrx_word' id='word_1_129' title='bbox 576 855 617 878; x_wconf 90' lang='lat' dir='ltr'><strong>est</strong></span> <span class='ocrx_word' id='word_1_130' title='bbox 634 851 822 878; x_wconf 84' lang='lat' dir='ltr'><strong>admirandus.</strong></span> <span class='ocrx_word' id='word_1_131' title='bbox 833 852 965 886; x_wconf 82' lang='lat' dir='ltr'><strong>Quocirca</strong></span> <span class='ocrx_word' id='word_1_132' title='bbox 982 854 1003 881; x_wconf 95' lang='lat' dir='ltr'><strong>si</strong></span> <span class='ocrx_word' id='word_1_133' title='bbox 1015 862 1045 881; x_wconf 90' lang='lat' dir='ltr'><strong>ea</strong></span> 
     </span>
    </p>
   </div>
   <div class='ocr_carea' id='block_1_18' title="bbox 1095 255 1884 292">
    <p class='ocr_par' dir='ltr' id='par_1_18' title="bbox 1095 255 1884 292">
     <span class='ocr_line' id='line_1_18' title="bbox 1095 255 1884 292; baseline 0 -10"><span class='ocrx_word' id='word_1_134' title='bbox 1095 255 1127 282; x_wconf 84' lang='grc' dir='ltr'><strong>τδ</strong></span> <span class='ocrx_word' id='word_1_135' title='bbox 1137 255 1166 282; x_wconf 76' lang='grc' dir='ltr'>δὲ</span> <span class='ocrx_word' id='word_1_136' title='bbox 1180 256 1297 292; x_wconf 80' lang='grc' dir='ltr'>γράμμα</span> <span class='ocrx_word' id='word_1_137' title='bbox 1310 257 1343 292; x_wconf 85' lang='grc' dir='ltr'><strong>τῇ</strong></span> <span class='ocrx_word' id='word_1_138' title='bbox 1363 256 1410 282; x_wconf 75' lang='grc' dir='ltr'><strong>τοῦ</strong></span> <span class='ocrx_word' id='word_1_139' title='bbox 1424 257 1576 292; x_wconf 69' lang='grc' dir='ltr'>γράψαντος</span> <span class='ocrx_word' id='word_1_140' title='bbox 1598 257 1736 292; x_wconf 73' lang='grc' dir='ltr'><strong>ἐπιστήμῃ</strong></span> <span class='ocrx_word' id='word_1_141' title='bbox 1762 255 1884 282; x_wconf 75' lang='grc' dir='ltr'>τετὺπωσ</span> 
     </span>
    </p>
   </div>
   <div class='ocr_carea' id='block_1_19' title="bbox 1096 301 1883 338">
    <p class='ocr_par' dir='ltr' id='par_1_19' title="bbox 1096 301 1883 338">
     <span class='ocr_line' id='line_1_19' title="bbox 1096 301 1883 338; baseline 0 -11"><span class='ocrx_word' id='word_1_142' title='bbox 1096 310 1150 328; x_wconf 85' lang='grc' dir='ltr'>ται.</span> <span class='ocrx_word' id='word_1_143' title='bbox 1165 301 1242 328; x_wconf 78' lang='grc' dir='ltr'>Οὕτω</span> <span class='ocrx_word' id='word_1_144' title='bbox 1259 302 1306 328; x_wconf 76' lang='grc' dir='ltr'>καὶ</span> <span class='ocrx_word' id='word_1_145' title='bbox 1318 303 1407 337; x_wconf 81' lang='grc' dir='ltr'><strong>ὑμεῖς,</strong></span> <span class='ocrx_word' id='word_1_146' title='bbox 1429 303 1508 338; x_wconf 75' lang='grc' dir='ltr'>εἴπερ</span> <span class='ocrx_word' id='word_1_147' title='bbox 1532 302 1685 338; x_wconf 72' lang='grc' dir='ltr'>ἐρρωμένον</span> <span class='ocrx_word' id='word_1_148' title='bbox 1714 302 1800 337; x_wconf 79' lang='grc' dir='ltr'>εἴχετε</span> <span class='ocrx_word' id='word_1_149' title='bbox 1827 301 1883 335; x_wconf 70' lang='grc'><strong>(22)</strong></span> 
     </span>
    </p>
   </div>
   <div class='ocr_carea' id='block_1_20' title="bbox 1097 345 1886 382">
    <p class='ocr_par' dir='ltr' id='par_1_20' title="bbox 1097 345 1886 382">
     <span class='ocr_line' id='line_1_20' title="bbox 1097 345 1886 382; baseline -0.001 -10"><span class='ocrx_word' id='word_1_150' title='bbox 1097 345 1142 372; x_wconf 78' lang='grc' dir='ltr'><strong>τὸν</strong></span> <span class='ocrx_word' id='word_1_151' title='bbox 1156 346 1294 382; x_wconf 82' lang='grc' dir='ltr'>λογισμὸν,</span> <span class='ocrx_word' id='word_1_152' title='bbox 1313 347 1363 373; x_wconf 68' lang='grc' dir='ltr'>οὐκ</span> <span class='ocrx_word' id='word_1_153' title='bbox 1383 347 1416 373; x_wconf 81' lang='grc' dir='ltr'><strong>ἂν</strong></span> <span class='ocrx_word' id='word_1_154' title='bbox 1442 347 1472 373; x_wconf 77' lang='grc' dir='ltr'><strong>τὸ</strong></span> <span class='ocrx_word' id='word_1_155' title='bbox 1498 347 1656 382; x_wconf 70' lang='grc' dir='ltr'>τηλικοῦτον</span> <span class='ocrx_word' id='word_1_156' title='bbox 1683 347 1732 381; x_wconf 82' lang='grc' dir='ltr'><strong>τῆς</strong></span> <span class='ocrx_word' id='word_1_157' title='bbox 1761 346 1886 380; x_wconf 73' lang='grc' dir='ltr'>θεότητος</span> 
     </span>
    </p>
   </div>
   <div class='ocr_carea' id='block_1_21' title="bbox 1097 391 1887 428">
    <p class='ocr_par' dir='ltr' id='par_1_21' title="bbox 1097 391 1887 428">
     <span class='ocr_line' id='line_1_21' title="bbox 1097 391 1887 428; baseline 0.001 -11"><span class='ocrx_word' id='word_1_158' title='bbox 1097 391 1239 428; x_wconf 84' lang='grc' dir='ltr'>γνώρισμα</span> <span class='ocrx_word' id='word_1_159' title='bbox 1254 393 1293 424; x_wconf 89' lang='grc' dir='ltr'>είς</span> <span class='ocrx_word' id='word_1_160' title='bbox 1307 391 1373 427; x_wconf 78' lang='grc' dir='ltr'>ὓλην</span> <span class='ocrx_word' id='word_1_161' title='bbox 1386 393 1551 428; x_wconf 75' lang='grc' dir='ltr'>κατεφέρετε</span> <span class='ocrx_word' id='word_1_162' title='bbox 1564 400 1570 407; x_wconf 86' lang='grc'><strong>·</strong></span> <span class='ocrx_word' id='word_1_163' title='bbox 1590 392 1657 419; x_wconf 81' lang='grc' dir='ltr'>ἀλλὰ</span> <span class='ocrx_word' id='word_1_164' title='bbox 1670 393 1716 418; x_wconf 80' lang='grc' dir='ltr'>καὶ</span> <span class='ocrx_word' id='word_1_165' title='bbox 1731 392 1762 418; x_wconf 80' lang='grc' dir='ltr'><strong>τὸ</strong></span> <span class='ocrx_word' id='word_1_166' title='bbox 1773 391 1887 427; x_wconf 84' lang='grc' dir='ltr'>γλύμμα</span> 
     </span>
    </p>
   </div>
   <div class='ocr_carea' id='block_1_22' title="bbox 1097 437 1886 474">
    <p class='ocr_par' dir='ltr' id='par_1_22' title="bbox 1097 437 1886 474">
     <span class='ocr_line' id='line_1_22' title="bbox 1097 437 1886 474; baseline -0.003 -10"><span class='ocrx_word' id='word_1_167' title='bbox 1097 438 1147 464; x_wconf 80' lang='grc' dir='ltr'>οὐκ</span> <span class='ocrx_word' id='word_1_168' title='bbox 1169 437 1202 464; x_wconf 83' lang='grc' dir='ltr'><strong>ἃν</strong></span> <span class='ocrx_word' id='word_1_169' title='bbox 1225 438 1427 474; x_wconf 73' lang='grc' dir='ltr'>προετιμήσατε</span> <span class='ocrx_word' id='word_1_170' title='bbox 1442 437 1490 464; x_wconf 79' lang='grc' dir='ltr'><strong>τοῦ</strong></span> <span class='ocrx_word' id='word_1_171' title='bbox 1511 437 1661 472; x_wconf 75' lang='grc' dir='ltr'>γλύψαντος</span> <span class='ocrx_word' id='word_1_172' title='bbox 1675 437 1828 473; x_wconf 82' lang='grc' dir='ltr'>ἀνθρώπου.</span> <span class='ocrx_word' id='word_1_173' title='bbox 1854 437 1886 462; x_wconf 74' lang='lat' dir='ltr'><strong>Et</strong></span> 
     </span>
    </p>
   </div>
   <div class='ocr_carea' id='block_1_23' title="bbox 1098 482 1885 520">
    <p class='ocr_par' dir='ltr' id='par_1_23' title="bbox 1098 482 1885 520">
     <span class='ocr_line' id='line_1_23' title="bbox 1098 482 1885 520; baseline 0 -11"><span class='ocrx_word' id='word_1_174' title='bbox 1098 483 1152 519; x_wconf 75' lang='grc' dir='ltr'><strong>γὰρ</strong></span> <span class='ocrx_word' id='word_1_175' title='bbox 1167 484 1213 510; x_wconf 74' lang='grc' dir='ltr'>καὶ</span> <span class='ocrx_word' id='word_1_176' title='bbox 1227 483 1294 515; x_wconf 80' lang='grc' dir='ltr'>ὅλως</span> <span class='ocrx_word' id='word_1_177' title='bbox 1307 484 1344 515; x_wconf 81' lang='grc' dir='ltr'><strong>ὡς</strong></span> <span class='ocrx_word' id='word_1_178' title='bbox 1351 484 1505 519; x_wconf 87' lang='grc' dir='ltr'>γράμματα</span> <span class='ocrx_word' id='word_1_179' title='bbox 1518 484 1679 520; x_wconf 83' lang='grc' dir='ltr'><strong>σημαίνουσι</strong></span> <span class='ocrx_word' id='word_1_180' title='bbox 1690 483 1740 518; x_wconf 76' lang='grc' dir='ltr'>τὴν</span> <span class='ocrx_word' id='word_1_181' title='bbox 1755 483 1801 510; x_wconf 77' lang='grc' dir='ltr'>τοῦ</span> <span class='ocrx_word' id='word_1_182' title='bbox 1817 482 1885 509; x_wconf 82' lang='grc' dir='ltr'>Θεοῦ</span> 
     </span>
    </p>
   </div>
   <div class='ocr_carea' id='block_1_24' title="bbox 1099 528 1886 564">
    <p class='ocr_par' dir='ltr' id='par_1_24' title="bbox 1099 528 1886 564">
     <span class='ocr_line' id='line_1_24' title="bbox 1099 528 1886 564; baseline -0.001 -9"><span class='ocrx_word' id='word_1_183' title='bbox 1099 529 1266 563; x_wconf 66' lang='grc' dir='ltr'>ἐπιφάνειαν,</span> <span class='ocrx_word' id='word_1_184' title='bbox 1285 530 1331 556; x_wconf 69' lang='grc' dir='ltr'>καὶ</span> <span class='ocrx_word' id='word_1_185' title='bbox 1345 529 1388 556; x_wconf 81' lang='grc' dir='ltr'><strong>διὰ</strong></span> <span class='ocrx_word' id='word_1_186' title='bbox 1402 529 1482 556; x_wconf 77' lang='grc' dir='ltr'>τοῦτο</span> <span class='ocrx_word' id='word_1_187' title='bbox 1501 530 1538 560; x_wconf 84' lang='grc' dir='ltr'><strong>ὡς</strong></span> <span class='ocrx_word' id='word_1_188' title='bbox 1548 530 1614 556; x_wconf 85' lang='grc' dir='ltr'>Θεδν</span> <span class='ocrx_word' id='word_1_189' title='bbox 1628 529 1804 564; x_wconf 81' lang='grc' dir='ltr'>σημαίνοντα.</span> <span class='ocrx_word' id='word_1_190' title='bbox 1827 528 1886 554; x_wconf 82' lang='grc' dir='ltr'>θεο-</span> 
     </span>
    </p>
   </div>
   <div class='ocr_carea' id='block_1_25' title="bbox 1099 575 1886 610">
    <p class='ocr_par' dir='ltr' id='par_1_25' title="bbox 1099 575 1886 610">
     <span class='ocr_line' id='line_1_25' title="bbox 1099 575 1886 610; baseline 0 -10"><span class='ocrx_word' id='word_1_191' title='bbox 1099 575 1189 606; x_wconf 85' lang='grc' dir='ltr'>ποιίας</span> <span class='ocrx_word' id='word_1_192' title='bbox 1202 575 1269 601; x_wconf 73' lang='grc' dir='ltr'>εἰσὶν</span> <span class='ocrx_word' id='word_1_193' title='bbox 1282 575 1345 608; x_wconf 82' lang='grc' dir='ltr'>ἄξια</span> <span class='ocrx_word' id='word_1_194' title='bbox 1354 584 1360 590; x_wconf 91' lang='grc'>·</span> <span class='ocrx_word' id='word_1_195' title='bbox 1378 575 1446 601; x_wconf 66' lang='lat' dir='ltr'><strong>(Md</strong></span> <span class='ocrx_word' id='word_1_196' title='bbox 1455 575 1520 609; x_wconf 83' lang='grc' dir='ltr'>γοῦν</span> <span class='ocrx_word' id='word_1_197' title='bbox 1526 575 1571 602; x_wconf 83' lang='grc' dir='ltr'><strong>τὸν</strong></span> <span class='ocrx_word' id='word_1_198' title='bbox 1585 575 1670 602; x_wconf 82' lang='grc' dir='ltr'>ταῦτα</span> <span class='ocrx_word' id='word_1_199' title='bbox 1686 575 1825 610; x_wconf 71' lang='grc' dir='ltr'>γλύψαντα</span> <span class='ocrx_word' id='word_1_200' title='bbox 1840 575 1886 601; x_wconf 72' lang='grc' dir='ltr'>καὶ</span> 
     </span>
    </p>
   </div>
   <div class='ocr_carea' id='block_1_26' title="bbox 1099 620 1887 657">
    <p class='ocr_par' dir='ltr' id='par_1_26' title="bbox 1099 620 1887 657">
     <span class='ocr_line' id='line_1_26' title="bbox 1099 620 1887 657; baseline -0.001 -10"><span class='ocrx_word' id='word_1_201' title='bbox 1099 622 1266 657; x_wconf 77' lang='grc' dir='ltr'><strong>χαράξαντα,</strong></span> <span class='ocrx_word' id='word_1_202' title='bbox 1285 622 1357 657; x_wconf 72' lang='grc' dir='ltr'>φημὶ</span> <span class='ocrx_word' id='word_1_203' title='bbox 1369 621 1400 657; x_wconf 88' lang='grc' dir='ltr'>δὴ</span> <span class='ocrx_word' id='word_1_204' title='bbox 1416 621 1496 649; x_wconf 84' lang='grc' dir='ltr'>πάλιν</span> <span class='ocrx_word' id='word_1_205' title='bbox 1513 626 1558 648; x_wconf 70' lang='grc' dir='ltr'><strong>τόν</strong></span> <span class='ocrx_word' id='word_1_206' title='bbox 1565 622 1699 657; x_wconf 84' lang='grc' dir='ltr'><strong>τεχνίτην,</strong></span> <span class='ocrx_word' id='word_1_207' title='bbox 1709 621 1798 656; x_wconf 80' lang='grc' dir='ltr'>πολλῷ</span> <span class='ocrx_word' id='word_1_208' title='bbox 1807 620 1887 647; x_wconf 77' lang='grc' dir='ltr'>πλέον</span> 
     </span>
    </p>
   </div>
   <div class='ocr_carea' id='block_1_27' title="bbox 1099 664 1889 703">
    <p class='ocr_par' dir='ltr' id='par_1_27' title="bbox 1099 664 1889 703">
     <span class='ocr_line' id='line_1_27' title="bbox 1099 664 1889 703; baseline -0.005 -9"><span class='ocrx_word' id='word_1_209' title='bbox 1099 669 1153 695; x_wconf 81' lang='grc' dir='ltr'>ἔδει</span> <span class='ocrx_word' id='word_1_210' title='bbox 1170 668 1374 703; x_wconf 78' lang='grc' dir='ltr'>θεοποιηθῆναι,</span> <span class='ocrx_word' id='word_1_211' title='bbox 1391 667 1429 699; x_wconf 82' lang='grc' dir='ltr'><strong>ὼς</strong></span> <span class='ocrx_word' id='word_1_212' title='bbox 1454 667 1553 702; x_wconf 79' lang='grc' dir='ltr'>μᾶλλον</span> <span class='ocrx_word' id='word_1_213' title='bbox 1573 667 1684 693; x_wconf 78' lang='grc' dir='ltr'>ἐκείνων</span> <span class='ocrx_word' id='word_1_214' title='bbox 1705 664 1889 700; x_wconf 74' lang='grc' dir='ltr'><strong>δυνατώτερον</strong></span> 
     </span>
    </p>
   </div>
   <div class='ocr_carea' id='block_1_28' title="bbox 1099 711 1889 750">
    <p class='ocr_par' dir='ltr' id='par_1_28' title="bbox 1099 711 1889 750">
     <span class='ocr_line' id='line_1_28' title="bbox 1099 711 1889 750; baseline -0.005 -9"><span class='ocrx_word' id='word_1_215' title='bbox 1099 715 1146 741; x_wconf 61' lang='grc' dir='ltr'><strong>καλ⁸</strong></span> <span class='ocrx_word' id='word_1_216' title='bbox 1171 714 1308 750; x_wconf 77' lang='grc' dir='ltr'>θειότερον</span> <span class='ocrx_word' id='word_1_217' title='bbox 1334 714 1502 750; x_wconf 81' lang='grc' dir='ltr'>ὑπάρχοντα,</span> <span class='ocrx_word' id='word_1_218' title='bbox 1531 714 1586 748; x_wconf 83' lang='grc' dir='ltr'><strong>ὅσῳ</strong></span> <span class='ocrx_word' id='word_1_219' title='bbox 1609 713 1724 740; x_wconf 81' lang='grc' dir='ltr'>κάκεῖνα</span> <span class='ocrx_word' id='word_1_220' title='bbox 1746 711 1816 738; x_wconf 76' lang='grc' dir='ltr'>κατὰ</span> <span class='ocrx_word' id='word_1_221' title='bbox 1836 711 1889 746; x_wconf 78' lang='grc' dir='ltr'>τὴν</span> 
     </span>
    </p>
   </div>
   <div class='ocr_carea' id='block_1_29' title="bbox 1099 756 1890 796">
    <p class='ocr_par' dir='ltr' id='par_1_29' title="bbox 1099 756 1890 796">
     <span class='ocr_line' id='line_1_29' title="bbox 1099 756 1890 796; baseline -0.004 -10"><span class='ocrx_word' id='word_1_222' title='bbox 1099 760 1181 787; x_wconf 73' lang='grc' dir='ltr'>αὑτοῦ</span> <span class='ocrx_word' id='word_1_223' title='bbox 1200 760 1327 796; x_wconf 73' lang='grc' dir='ltr'>βούλησιν</span> <span class='ocrx_word' id='word_1_224' title='bbox 1342 760 1438 795; x_wconf 77' lang='grc' dir='ltr'>ὲξέσθη</span> <span class='ocrx_word' id='word_1_225' title='bbox 1450 760 1497 786; x_wconf 79' lang='grc' dir='ltr'>καὶ</span> <span class='ocrx_word' id='word_1_226' title='bbox 1513 759 1677 785; x_wconf 82' lang='grc' dir='ltr'>τετύπωται.</span> <span class='ocrx_word' id='word_1_227' title='bbox 1693 758 1724 784; x_wconf 78' lang='lat' dir='ltr'><strong>Ei</strong></span> <span class='ocrx_word' id='word_1_228' title='bbox 1751 757 1839 784; x_wconf 85' lang='grc' dir='ltr'>τοίνυν</span> <span class='ocrx_word' id='word_1_229' title='bbox 1854 756 1890 783; x_wconf 80' lang='grc' dir='ltr'><strong>τὰ</strong></span> 
     </span>
    </p>
   </div>
   <div class='ocr_carea' id='block_1_30' title="bbox 1099 799 1890 849">
    <p class='ocr_par' dir='ltr' id='par_1_30' title="bbox 1099 799 1890 849">
     <span class='ocr_line' id='line_1_30' title="bbox 1099 799 1890 849; baseline -0.008 -15"><span class='ocrx_word' id='word_1_230' title='bbox 1099 807 1251 847; x_wconf 57' lang='grc' dir='ltr'>γραμμέτα</span> <span class='ocrx_word' id='word_1_231' title='bbox 1270 806 1408 845; x_wconf 76' lang='grc' dir='ltr'>θαύματός</span> <span class='ocrx_word' id='word_1_232' title='bbox 1425 805 1570 849; x_wconf 66' lang='grc' dir='ltr'>είσιν</span> <span class='ocrx_word' id='word_1_233' title='bbox 1581 804 1644 849; x_wconf 48' lang='lat'><strong>6:53</strong></span> <span class='ocrx_word' id='word_1_234' title='bbox 1654 813 1661 819; x_wconf 91' lang='grc'><strong>·</strong></span> <span class='ocrx_word' id='word_1_235' title='bbox 1677 803 1764 838; x_wconf 84' lang='grc' dir='ltr'>πολλῷ</span> <span class='ocrx_word' id='word_1_236' title='bbox 1779 799 1859 829; x_wconf 81' lang='grc' dir='ltr'>πλέον</span> <span class='ocrx_word' id='word_1_237' title='bbox 1875 803 1890 828; x_wconf 82' lang='lat'><strong>6</strong></span> 
     </span>
    </p>
   </div>
   <div class='ocr_carea' id='block_1_31' title="bbox 1099 843 1890 889">
    <p class='ocr_par' dir='ltr' id='par_1_31' title="bbox 1099 843 1890 889">
     <span class='ocr_line' id='line_1_31' title="bbox 1099 843 1890 889; baseline -0.008 -9"><span class='ocrx_word' id='word_1_238' title='bbox 1099 843 1658 889; x_wconf 40' lang='lat' dir='ltr'><strong>preW-pﬁtgzmv</strong></span> <span class='ocrx_word' id='word_1_239' title='bbox 1670 850 1766 885; x_wconf 84' lang='grc' dir='ltr'>τέχνην</span> <span class='ocrx_word' id='word_1_240' title='bbox 1781 849 1827 876; x_wconf 66' lang='grc' dir='ltr'>καὶ</span> <span class='ocrx_word' id='word_1_241' title='bbox 1839 848 1890 884; x_wconf 82' lang='grc' dir='ltr'>τὴν</span> 
     </span>
    </p>
   </div>
   <div class='ocr_carea' id='block_1_32' title="bbox 1713 788 1895 796">
    <p class='ocr_par' dir='ltr' id='par_1_32' title="bbox 1713 788 1895 796">
     <span class='ocr_line' id='line_1_32' title="bbox 1713 788 1895 796; baseline 0 0"><span class='ocrx_word' id='word_1_242' title='bbox 1713 788 1895 796; x_wconf 49' lang='grc' dir='ltr'><strong>-α--ν--κο</strong></span> 
     </span>
    </p>
   </div>
   <div class='ocr_carea' id='block_1_33' title="bbox 263 894 1051 933">
    <p class='ocr_par' dir='ltr' id='par_1_33' title="bbox 263 896 1047 930">
     <span class='ocr_line' id='line_1_33' title="bbox 263 896 1047 930; baseline 0.005 -7"><span class='ocrx_word' id='word_1_243' title='bbox 263 902 346 923; x_wconf 83' lang='lat' dir='ltr'><strong>causa</strong></span> <span class='ocrx_word' id='word_1_244' title='bbox 361 896 432 923; x_wconf 85' lang='lat' dir='ltr'><strong>nulla</strong></span> <span class='ocrx_word' id='word_1_245' title='bbox 450 901 492 924; x_wconf 88' lang='lat' dir='ltr'><strong>est</strong></span> <span class='ocrx_word' id='word_1_246' title='bbox 507 904 557 924; x_wconf 89' lang='lat' dir='ltr'><strong>cur</strong></span> <span class='ocrx_word' id='word_1_247' title='bbox 571 896 608 924; x_wconf 88' lang='lat' dir='ltr'><strong>dii</strong></span> <span class='ocrx_word' id='word_1_248' title='bbox 622 896 826 930; x_wconf 81' lang='lat' dir='ltr'><strong>existimentur,</strong></span> <span class='ocrx_word' id='word_1_249' title='bbox 841 906 888 926; x_wconf 89' lang='lat' dir='ltr'><strong>eos</strong></span> <span class='ocrx_word' id='word_1_250' title='bbox 903 899 1001 926; x_wconf 85' lang='lat' dir='ltr'><strong>iternnt</strong></span> <span class='ocrx_word' id='word_1_251' title='bbox 1015 900 1047 927; x_wconf 88' lang='lat' dir='ltr'><strong>de</strong></span> 
     </span>
    </p>
   </div>
   <div class='ocr_carea' id='block_1_34' title="bbox 1102 894 1890 933">
    <p class='ocr_par' dir='ltr' id='par_1_34' title="bbox 1102 895 1890 933">
     <span class='ocr_line' id='line_1_34' title="bbox 1102 895 1890 933; baseline -0.004 -9"><span class='ocrx_word' id='word_1_252' title='bbox 1102 898 1149 933; x_wconf 82' lang='grc' dir='ltr'><strong>τῆς</strong></span> <span class='ocrx_word' id='word_1_253' title='bbox 1165 898 1254 933; x_wconf 73' lang='grc' dir='ltr'>ψυχῆς</span> <span class='ocrx_word' id='word_1_254' title='bbox 1269 899 1433 933; x_wconf 70' lang='grc' dir='ltr'>ἐπιστήμην.</span> <span class='ocrx_word' id='word_1_255' title='bbox 1447 897 1552 924; x_wconf 77' lang='grc' dir='ltr'>Οὐκοῦν</span> <span class='ocrx_word' id='word_1_256' title='bbox 1565 898 1589 924; x_wconf 85' lang='grc' dir='ltr'><strong>εί</strong></span> <span class='ocrx_word' id='word_1_257' title='bbox 1603 896 1640 932; x_wconf 88' lang='grc' dir='ltr'><strong>μὴ</strong></span> <span class='ocrx_word' id='word_1_258' title='bbox 1661 896 1704 923; x_wconf 82' lang='grc' dir='ltr'><strong>διὰ</strong></span> <span class='ocrx_word' id='word_1_259' title='bbox 1717 895 1796 922; x_wconf 81' lang='grc' dir='ltr'>τοῦτο</span> <span class='ocrx_word' id='word_1_260' title='bbox 1809 895 1890 926; x_wconf 75' lang='grc' dir='ltr'>θεοὺς</span> 
     </span>
    </p>
   </div>
   <div class='ocr_carea' id='block_1_35' title="bbox 264 941 1048 980">
    <p class='ocr_par' dir='ltr' id='par_1_35' title="bbox 264 941 1048 980">
     <span class='ocr_line' id='line_1_35' title="bbox 264 941 1048 980; baseline 0.008 -12"><span class='ocrx_word' id='word_1_261' title='bbox 264 941 397 970; x_wconf 85' lang='lat' dir='ltr'><strong>idolorum</strong></span> <span class='ocrx_word' id='word_1_262' title='bbox 415 943 520 970; x_wconf 88' lang='lat' dir='ltr'><strong>insania</strong></span> <span class='ocrx_word' id='word_1_263' title='bbox 534 946 705 978; x_wconf 82' lang='lat' dir='ltr'><strong>percunctari</strong></span> <span class='ocrx_word' id='word_1_264' title='bbox 722 945 822 980; x_wconf 87' lang='lat' dir='ltr'><strong>placet,</strong></span> <span class='ocrx_word' id='word_1_265' title='bbox 838 951 867 973; x_wconf 90' lang='lat' dir='ltr'><strong>ut</strong></span> <span class='ocrx_word' id='word_1_266' title='bbox 882 953 992 974; x_wconf 79' lang='lat' dir='ltr'><strong>causam</strong></span> <span class='ocrx_word' id='word_1_267' title='bbox 1002 948 1048 974; x_wconf 86' lang='lat' dir='ltr'><strong>bu-</strong></span> 
     </span>
    </p>
   </div>
   <div class='ocr_carea' id='block_1_36' title="bbox 261 988 1049 1027">
    <p class='ocr_par' dir='ltr' id='par_1_36' title="bbox 261 988 1049 1027">
     <span class='ocr_line' id='line_1_36' title="bbox 261 988 1049 1027; baseline 0.005 -12"><span class='ocrx_word' id='word_1_268' title='bbox 261 988 380 1024; x_wconf 82' lang='lat' dir='ltr'><strong>jusmodi</strong></span> <span class='ocrx_word' id='word_1_269' title='bbox 391 988 498 1016; x_wconf 89' lang='lat' dir='ltr'><strong>illorum</strong></span> <span class='ocrx_word' id='word_1_270' title='bbox 514 989 608 1025; x_wconf 69' lang='lat' dir='ltr'><strong>figura:</strong></span> <span class='ocrx_word' id='word_1_271' title='bbox 624 997 672 1018; x_wconf 89' lang='lat' dir='ltr'><strong>nos</strong></span> <span class='ocrx_word' id='word_1_272' title='bbox 690 991 799 1018; x_wconf 83' lang='lat' dir='ltr'><strong>tandem</strong></span> <span class='ocrx_word' id='word_1_273' title='bbox 822 991 920 1018; x_wconf 87' lang='lat' dir='ltr'><strong>docere</strong></span> <span class='ocrx_word' id='word_1_274' title='bbox 937 999 971 1019; x_wconf 92' lang='lat' dir='ltr'><strong>ne</strong></span> <span class='ocrx_word' id='word_1_275' title='bbox 987 1000 1049 1027; x_wconf 77' lang='lat' dir='ltr'><strong>gra-</strong></span> 
     </span>
    </p>
   </div>
   <div class='ocr_carea' id='block_1_37' title="bbox 264 1040 370 1062">
    <p class='ocr_par' dir='ltr' id='par_1_37' title="bbox 264 1040 370 1062">
     <span class='ocr_line' id='line_1_37' title="bbox 264 1040 370 1062; baseline 0 -1"><span class='ocrx_word' id='word_1_276' title='bbox 264 1040 370 1062; x_wconf 85' lang='lat' dir='ltr'><strong>ventur.</strong></span> 
     </span>
    </p>
   </div>
   <div class='ocr_carea' id='block_1_38' title="bbox 297 1078 1050 1118">
    <p class='ocr_par' dir='ltr' id='par_1_38' title="bbox 297 1078 1050 1118">
     <span class='ocr_line' id='line_1_38' title="bbox 297 1078 1050 1118; baseline 0.007 -12"><span class='ocrx_word' id='word_1_277' title='bbox 297 1078 343 1108; x_wconf 67' lang='lat'><strong>22.</strong></span> <span class='ocrx_word' id='word_1_278' title='bbox 358 1079 424 1108; x_wconf 82' lang='lat' dir='ltr'><strong>Nam</strong></span> <span class='ocrx_word' id='word_1_279' title='bbox 438 1080 460 1108; x_wconf 91' lang='lat' dir='ltr'><strong>si</strong></span> <span class='ocrx_word' id='word_1_280' title='bbox 476 1081 577 1110; x_wconf 84' lang='lat' dir='ltr'><strong>idcirco</strong></span> <span class='ocrx_word' id='word_1_281' title='bbox 593 1089 689 1109; x_wconf 90' lang='lat' dir='ltr'><strong>numen</strong></span> <span class='ocrx_word' id='word_1_282' title='bbox 699 1090 758 1110; x_wconf 89' lang='lat' dir='ltr'><strong>cum</strong></span> <span class='ocrx_word' id='word_1_283' title='bbox 777 1083 892 1110; x_wconf 88' lang='lat' dir='ltr'><strong>humana</strong></span> <span class='ocrx_word' id='word_1_284' title='bbox 901 1083 986 1118; x_wconf 73' lang='lat' dir='ltr'><strong>cmgie</strong></span> <span class='ocrx_word' id='word_1_285' title='bbox 1001 1091 1050 1111; x_wconf 66' lang='grc' dir='ltr'><strong>ειη</strong></span> 
     </span>
    </p>
   </div>
   <div class='ocr_carea' id='block_1_39' title="bbox 263 1127 1050 1164">
    <p class='ocr_par' dir='ltr' id='par_1_39' title="bbox 263 1127 1050 1164">
     <span class='ocr_line' id='line_1_39' title="bbox 263 1127 1050 1164; baseline 0.008 -13"><span class='ocrx_word' id='word_1_286' title='bbox 263 1131 385 1159; x_wconf 85' lang='lat' dir='ltr'><strong>pressum</strong></span> <span class='ocrx_word' id='word_1_287' title='bbox 413 1131 464 1159; x_wconf 87' lang='lat' dir='ltr'><strong>est,</strong></span> <span class='ocrx_word' id='word_1_288' title='bbox 492 1127 554 1162; x_wconf 89' lang='lat' dir='ltr'><strong>quia</strong></span> <span class='ocrx_word' id='word_1_289' title='bbox 579 1128 696 1155; x_wconf 87' lang='lat' dir='ltr'><strong>hominis</strong></span> <span class='ocrx_word' id='word_1_290' title='bbox 717 1129 830 1156; x_wconf 87' lang='lat' dir='ltr'><strong>formam</strong></span> <span class='ocrx_word' id='word_1_291' title='bbox 849 1130 927 1156; x_wconf 87' lang='lat' dir='ltr'><strong>habet</strong></span> <span class='ocrx_word' id='word_1_292' title='bbox 946 1137 1050 1164; x_wconf 86' lang='lat' dir='ltr'><strong>:quare</strong></span> 
     </span>
    </p>
   </div>
   <div class='ocr_carea' id='block_1_40' title="bbox 264 1171 1051 1209">
    <p class='ocr_par' dir='ltr' id='par_1_40' title="bbox 264 1171 1051 1209">
     <span class='ocr_line' id='line_1_40' title="bbox 264 1171 1051 1209; baseline 0.006 -12"><span class='ocrx_word' id='word_1_293' title='bbox 264 1171 413 1199; x_wconf 82' lang='lat' dir='ltr'><strong>helluarum</strong></span> <span class='ocrx_word' id='word_1_294' title='bbox 427 1173 544 1208; x_wconf 87' lang='lat' dir='ltr'><strong>speciem</strong></span> <span class='ocrx_word' id='word_1_295' title='bbox 559 1174 645 1201; x_wconf 88' lang='lat' dir='ltr'><strong>eidem</strong></span> <span class='ocrx_word' id='word_1_296' title='bbox 664 1174 811 1209; x_wconf 79' lang='lat' dir='ltr'><strong>aﬂingunt?</strong></span> <span class='ocrx_word' id='word_1_297' title='bbox 827 1175 874 1202; x_wconf 89' lang='lat' dir='ltr'><strong>Sin</strong></span> <span class='ocrx_word' id='word_1_298' title='bbox 890 1180 978 1202; x_wconf 83' lang='lat' dir='ltr'><strong>autent</strong></span> <span class='ocrx_word' id='word_1_299' title='bbox 994 1175 1051 1202; x_wconf 89' lang='lat' dir='ltr'><strong>ani-</strong></span> 
     </span>
    </p>
   </div>
   <div class='ocr_carea' id='block_1_41' title="bbox 263 1218 1050 1256">
    <p class='ocr_par' dir='ltr' id='par_1_41' title="bbox 263 1218 1050 1256">
     <span class='ocr_line' id='line_1_41' title="bbox 263 1218 1050 1256; baseline 0.005 -12"><span class='ocrx_word' id='word_1_300' title='bbox 263 1218 372 1246; x_wconf 87' lang='lat' dir='ltr'><strong>malium</strong></span> <span class='ocrx_word' id='word_1_301' title='bbox 388 1220 499 1248; x_wconf 84' lang='lat' dir='ltr'><strong>rationis</strong></span> <span class='ocrx_word' id='word_1_302' title='bbox 511 1222 660 1255; x_wconf 74' lang='lat' dir='ltr'><strong>expertiqu</strong></span> <span class='ocrx_word' id='word_1_303' title='bbox 673 1221 786 1248; x_wconf 89' lang='lat' dir='ltr'><strong>formam</strong></span> <span class='ocrx_word' id='word_1_304' title='bbox 802 1221 893 1253; x_wconf 87' lang='lat' dir='ltr'><strong>habet,</strong></span> <span class='ocrx_word' id='word_1_305' title='bbox 921 1228 970 1248; x_wconf 87' lang='lat' dir='ltr'><strong>cur</strong></span> <span class='ocrx_word' id='word_1_306' title='bbox 983 1220 1050 1256; x_wconf 77' lang='lat' dir='ltr'><strong>figu-</strong></span> 
     </span>
    </p>
   </div>
   <div class='ocr_carea' id='block_1_42' title="bbox 263 1265 1052 1301">
    <p class='ocr_par' dir='ltr' id='par_1_42' title="bbox 263 1265 1052 1301">
     <span class='ocr_line' id='line_1_42' title="bbox 263 1265 1052 1301; baseline 0.005 -10"><span class='ocrx_word' id='word_1_307' title='bbox 263 1271 322 1292; x_wconf 83' lang='lat' dir='ltr'><strong>ram</strong></span> <span class='ocrx_word' id='word_1_308' title='bbox 343 1265 499 1293; x_wconf 89' lang='lat' dir='ltr'><strong>animaliutn</strong></span> <span class='ocrx_word' id='word_1_309' title='bbox 520 1267 624 1294; x_wconf 85' lang='lat' dir='ltr'><strong>ratione</strong></span> <span class='ocrx_word' id='word_1_310' title='bbox 648 1267 821 1301; x_wconf 68' lang='lat' dir='ltr'><strong>prmditorum</strong></span> <span class='ocrx_word' id='word_1_311' title='bbox 845 1267 894 1301; x_wconf 87' lang='lat' dir='ltr'><strong>ipsi</strong></span> <span class='ocrx_word' id='word_1_312' title='bbox 912 1266 1052 1295; x_wconf 76' lang='lat' dir='ltr'><strong>tribuunt?</strong></span> 
     </span>
    </p>
   </div>
   <div class='ocr_carea' id='block_1_43' title="bbox 265 1311 1054 1348">
    <p class='ocr_par' dir='ltr' id='par_1_43' title="bbox 265 1311 1054 1348">
     <span class='ocr_line' id='line_1_43' title="bbox 265 1311 1054 1348; baseline 0.004 -10"><span class='ocrx_word' id='word_1_313' title='bbox 265 1311 294 1339; x_wconf 90' lang='lat' dir='ltr'><strong>Si</strong></span> <span class='ocrx_word' id='word_1_314' title='bbox 319 1319 384 1340; x_wconf 89' lang='lat' dir='ltr'><strong>vero</strong></span> <span class='ocrx_word' id='word_1_315' title='bbox 399 1317 541 1348; x_wconf 89' lang='lat' dir='ltr'><strong>utrumque</strong></span> <span class='ocrx_word' id='word_1_316' title='bbox 566 1313 645 1340; x_wconf 90' lang='lat' dir='ltr'><strong>simul</strong></span> <span class='ocrx_word' id='word_1_317' title='bbox 667 1318 721 1346; x_wconf 86' lang='lat' dir='ltr'><strong>est,</strong></span> <span class='ocrx_word' id='word_1_318' title='bbox 737 1319 763 1341; x_wconf 92' lang='lat' dir='ltr'><strong>et</strong></span> <span class='ocrx_word' id='word_1_319' title='bbox 779 1314 861 1341; x_wconf 91' lang='lat' dir='ltr'><strong>Deum</strong></span> <span class='ocrx_word' id='word_1_320' title='bbox 885 1322 916 1342; x_wconf 79' lang='lat' dir='ltr'><strong>ex</strong></span> <span class='ocrx_word' id='word_1_321' title='bbox 937 1319 1054 1348; x_wconf 87' lang='lat' dir='ltr'><strong>utraque</strong></span> 
     </span>
    </p>
   </div>
   <div class='ocr_carea' id='block_1_44' title="bbox 263 1358 1054 1395">
    <p class='ocr_par' dir='ltr' id='par_1_44' title="bbox 263 1358 1054 1395">
     <span class='ocr_line' id='line_1_44' title="bbox 263 1358 1054 1395; baseline 0.003 -11"><span class='ocrx_word' id='word_1_322' title='bbox 263 1358 353 1392; x_wconf 88' lang='lat' dir='ltr'><strong>specie</strong></span> <span class='ocrx_word' id='word_1_323' title='bbox 364 1359 541 1394; x_wconf 89' lang='lat' dir='ltr'><strong>compositum</strong></span> <span class='ocrx_word' id='word_1_324' title='bbox 558 1359 750 1395; x_wconf 88' lang='lat' dir='ltr'><strong>hominumque</strong></span> <span class='ocrx_word' id='word_1_325' title='bbox 764 1365 791 1387; x_wconf 89' lang='lat' dir='ltr'><strong>et</strong></span> <span class='ocrx_word' id='word_1_326' title='bbox 803 1360 950 1387; x_wconf 87' lang='lat' dir='ltr'><strong>belluarum</strong></span> <span class='ocrx_word' id='word_1_327' title='bbox 960 1360 1054 1388; x_wconf 80' lang='lat' dir='ltr'><strong>formis</strong></span> 
     </span>
    </p>
   </div>
   <div class='ocr_carea' id='block_1_45' title="bbox 264 1404 1054 1441">
    <p class='ocr_par' dir='ltr' id='par_1_45' title="bbox 264 1404 1054 1441">
     <span class='ocr_line' id='line_1_45' title="bbox 264 1404 1054 1441; baseline 0.006 -11"><span class='ocrx_word' id='word_1_328' title='bbox 264 1404 385 1432; x_wconf 88' lang='lat' dir='ltr'><strong>indutum</strong></span> <span class='ocrx_word' id='word_1_329' title='bbox 401 1406 564 1440; x_wconf 85' lang='lat' dir='ltr'><strong>concipiunt,</strong></span> <span class='ocrx_word' id='word_1_330' title='bbox 595 1413 644 1433; x_wconf 89' lang='lat' dir='ltr'><strong>cur</strong></span> <span class='ocrx_word' id='word_1_331' title='bbox 661 1406 805 1441; x_wconf 84' lang='lat' dir='ltr'><strong>conjuncta</strong></span> <span class='ocrx_word' id='word_1_332' title='bbox 819 1406 983 1441; x_wconf 71' lang='lat' dir='ltr'><strong>disjungunt,</strong></span> <span class='ocrx_word' id='word_1_333' title='bbox 997 1407 1054 1435; x_wconf 91' lang='lat' dir='ltr'><strong>bel-</strong></span> 
     </span>
    </p>
   </div>
   <div class='ocr_carea' id='block_1_46' title="bbox 265 1449 1053 1487">
    <p class='ocr_par' dir='ltr' id='par_1_46' title="bbox 265 1449 1053 1487">
     <span class='ocr_line' id='line_1_46' title="bbox 265 1449 1053 1487; baseline 0.005 -11"><span class='ocrx_word' id='word_1_334' title='bbox 265 1449 422 1486; x_wconf 88' lang='lat' dir='ltr'><strong>luarumque</strong></span> <span class='ocrx_word' id='word_1_335' title='bbox 436 1455 462 1478; x_wconf 89' lang='lat' dir='ltr'><strong>et</strong></span> <span class='ocrx_word' id='word_1_336' title='bbox 470 1451 608 1479; x_wconf 89' lang='lat' dir='ltr'><strong>hominum</strong></span> <span class='ocrx_word' id='word_1_337' title='bbox 617 1451 718 1480; x_wconf 80' lang='lat' dir='ltr'><strong>formas</strong></span> <span class='ocrx_word' id='word_1_338' title='bbox 731 1457 868 1486; x_wconf 86' lang='lat' dir='ltr'><strong>separant,</strong></span> <span class='ocrx_word' id='word_1_339' title='bbox 881 1460 967 1487; x_wconf 88' lang='lat' dir='ltr'><strong>neque</strong></span> <span class='ocrx_word' id='word_1_340' title='bbox 980 1453 1053 1480; x_wconf 91' lang='lat' dir='ltr'><strong>illum</strong></span> 
     </span>
    </p>
   </div>
   <div class='ocr_carea' id='block_1_47' title="bbox 264 1498 1055 1535">
    <p class='ocr_par' dir='ltr' id='par_1_47' title="bbox 264 1498 1055 1535">
     <span class='ocr_line' id='line_1_47' title="bbox 264 1498 1055 1535; baseline 0.006 -12"><span class='ocrx_word' id='word_1_341' title='bbox 264 1503 371 1532; x_wconf 86' lang='lat' dir='ltr'><strong>semper</strong></span> <span class='ocrx_word' id='word_1_342' title='bbox 387 1505 446 1524; x_wconf 89' lang='lat' dir='ltr'><strong>cum</strong></span> <span class='ocrx_word' id='word_1_343' title='bbox 462 1503 577 1532; x_wconf 86' lang='lat' dir='ltr'><strong>utraque</strong></span> <span class='ocrx_word' id='word_1_344' title='bbox 605 1498 689 1526; x_wconf 89' lang='lat' dir='ltr'><strong>forma</strong></span> <span class='ocrx_word' id='word_1_345' title='bbox 707 1499 813 1531; x_wconf 67' lang='lat' dir='ltr'><strong>cmlant,</strong></span> <span class='ocrx_word' id='word_1_346' title='bbox 828 1499 976 1533; x_wconf 83' lang='lat' dir='ltr'><strong>cujusmodi</strong></span> <span class='ocrx_word' id='word_1_347' title='bbox 996 1501 1055 1535; x_wconf 65' lang='lat' dir='ltr'><strong>pluo</strong></span> 
     </span>
    </p>
   </div>
   <div class='ocr_carea' id='block_1_48' title="bbox 266 1542 1052 1581">
    <p class='ocr_par' dir='ltr' id='par_1_48' title="bbox 266 1542 1052 1581">
     <span class='ocr_line' id='line_1_48' title="bbox 266 1542 1052 1581; baseline 0.006 -13"><span class='ocrx_word' id='word_1_348' title='bbox 266 1542 333 1569; x_wconf 85' lang='lat' dir='ltr'><strong>rima</strong></span> <span class='ocrx_word' id='word_1_349' title='bbox 358 1548 420 1570; x_wconf 90' lang='lat' dir='ltr'><strong>sunt</strong></span> <span class='ocrx_word' id='word_1_350' title='bbox 445 1543 593 1572; x_wconf 84' lang='lat' dir='ltr'><strong>fabularum</strong></span> <span class='ocrx_word' id='word_1_351' title='bbox 616 1550 779 1577; x_wconf 84' lang='lat' dir='ltr'><strong>commenta.</strong></span> <span class='ocrx_word' id='word_1_352' title='bbox 803 1549 832 1572; x_wconf 87' lang='lat' dir='ltr'><strong>ut</strong></span> <span class='ocrx_word' id='word_1_353' title='bbox 858 1546 957 1581; x_wconf 86' lang='lat' dir='ltr'><strong>Scylla,</strong></span> <span class='ocrx_word' id='word_1_354' title='bbox 979 1547 1052 1573; x_wconf 79' lang='lat' dir='ltr'><strong>Cha-</strong></span> 
     </span>
    </p>
   </div>
   <div class='ocr_carea' id='block_1_49' title="bbox 266 1589 1052 1626">
    <p class='ocr_par' dir='ltr' id='par_1_49' title="bbox 266 1589 1052 1626">
     <span class='ocr_line' id='line_1_49' title="bbox 266 1589 1052 1626; baseline 0.005 -11"><span class='ocrx_word' id='word_1_355' title='bbox 266 1589 368 1623; x_wconf 84' lang='lat' dir='ltr'><strong>rybdis,</strong></span> <span class='ocrx_word' id='word_1_356' title='bbox 395 1589 637 1624; x_wconf 83' lang='lat' dir='ltr'><strong>Hippocentaurus,</strong></span> <span class='ocrx_word' id='word_1_357' title='bbox 663 1595 690 1618; x_wconf 87' lang='lat' dir='ltr'><strong>et</strong></span> <span class='ocrx_word' id='word_1_358' title='bbox 705 1591 774 1626; x_wconf 87' lang='lat' dir='ltr'><strong>apud</strong></span> <span class='ocrx_word' id='word_1_359' title='bbox 802 1591 941 1626; x_wconf 59' lang='lat' dir='ltr'><strong>[Egyplios</strong></span> <span class='ocrx_word' id='word_1_360' title='bbox 954 1592 1052 1619; x_wconf 90' lang='lat' dir='ltr'><strong>canino</strong></span> 
     </span>
    </p>
   </div>
   <div class='ocr_carea' id='block_1_50' title="bbox 266 1634 1052 1671">
    <p class='ocr_par' dir='ltr' id='par_1_50' title="bbox 266 1634 1052 1671">
     <span class='ocr_line' id='line_1_50' title="bbox 266 1634 1052 1671; baseline 0.005 -11"><span class='ocrx_word' id='word_1_361' title='bbox 266 1634 353 1668; x_wconf 82' lang='lat' dir='ltr'><strong>capite</strong></span> <span class='ocrx_word' id='word_1_362' title='bbox 370 1635 487 1662; x_wconf 79' lang='lat' dir='ltr'><strong>Anubis?</strong></span> <span class='ocrx_word' id='word_1_363' title='bbox 497 1635 628 1670; x_wconf 78' lang='lat' dir='ltr'><strong>siquidem</strong></span> <span class='ocrx_word' id='word_1_364' title='bbox 643 1636 683 1663; x_wconf 88' lang='lat' dir='ltr'><strong>vel</strong></span> <span class='ocrx_word' id='word_1_365' title='bbox 697 1644 757 1663; x_wconf 90' lang='lat' dir='ltr'><strong>cum</strong></span> <span class='ocrx_word' id='word_1_366' title='bbox 769 1637 867 1671; x_wconf 85' lang='lat' dir='ltr'><strong>duplici</strong></span> <span class='ocrx_word' id='word_1_367' title='bbox 886 1642 987 1664; x_wconf 89' lang='lat' dir='ltr'><strong>tantum</strong></span> <span class='ocrx_word' id='word_1_368' title='bbox 1004 1645 1052 1664; x_wconf 87' lang='lat' dir='ltr'><strong>na-</strong></span> 
     </span>
    </p>
   </div>
   <div class='ocr_carea' id='block_1_51' title="bbox 268 1679 1050 1715">
    <p class='ocr_par' dir='ltr' id='par_1_51' title="bbox 268 1679 1050 1715">
     <span class='ocr_line' id='line_1_51' title="bbox 268 1679 1050 1715; baseline 0.006 -10"><span class='ocrx_word' id='word_1_369' title='bbox 268 1683 326 1706; x_wconf 91' lang='lat' dir='ltr'><strong>tura</strong></span> <span class='ocrx_word' id='word_1_370' title='bbox 344 1679 468 1714; x_wconf 79' lang='lat' dir='ltr'><strong>pingendi</strong></span> <span class='ocrx_word' id='word_1_371' title='bbox 486 1686 564 1707; x_wconf 87' lang='lat' dir='ltr'><strong>erant</strong></span> <span class='ocrx_word' id='word_1_372' title='bbox 577 1689 585 1708; x_wconf 85' lang='lat'><strong>:</strong></span> <span class='ocrx_word' id='word_1_373' title='bbox 600 1681 641 1708; x_wconf 92' lang='lat' dir='ltr'><strong>vel</strong></span> <span class='ocrx_word' id='word_1_374' title='bbox 657 1682 679 1709; x_wconf 88' lang='lat' dir='ltr'><strong>si</strong></span> <span class='ocrx_word' id='word_1_375' title='bbox 699 1681 812 1709; x_wconf 80' lang='lat' dir='ltr'><strong>formam</strong></span> <span class='ocrx_word' id='word_1_376' title='bbox 821 1683 927 1710; x_wconf 87' lang='lat' dir='ltr'><strong>unicam</strong></span> <span class='ocrx_word' id='word_1_377' title='bbox 941 1682 1050 1715; x_wconf 86' lang='lat' dir='ltr'><strong>habent,</strong></span> 
     </span>
    </p>
   </div>
   <div class='ocr_carea' id='block_1_52' title="bbox 267 1725 1052 1761">
    <p class='ocr_par' dir='ltr' id='par_1_52' title="bbox 267 1725 1052 1761">
     <span class='ocr_line' id='line_1_52' title="bbox 267 1725 1052 1761; baseline 0.005 -9"><span class='ocrx_word' id='word_1_378' title='bbox 267 1725 319 1752; x_wconf 84' lang='lat' dir='ltr'><strong>alia</strong></span> <span class='ocrx_word' id='word_1_379' title='bbox 341 1726 406 1761; x_wconf 83' lang='lat' dir='ltr'><strong>ipsis</strong></span> <span class='ocrx_word' id='word_1_380' title='bbox 427 1726 575 1761; x_wconf 79' lang='lat' dir='ltr'><strong>affingenda</strong></span> <span class='ocrx_word' id='word_1_381' title='bbox 600 1734 653 1754; x_wconf 93' lang='lat' dir='ltr'><strong>non</strong></span> <span class='ocrx_word' id='word_1_382' title='bbox 677 1732 746 1754; x_wconf 81' lang='lat' dir='ltr'><strong>erat.</strong></span> <span class='ocrx_word' id='word_1_383' title='bbox 772 1727 876 1755; x_wconf 83' lang='lat' dir='ltr'><strong>Rursus</strong></span> <span class='ocrx_word' id='word_1_384' title='bbox 897 1728 919 1755; x_wconf 87' lang='lat' dir='ltr'><strong>si</strong></span> <span class='ocrx_word' id='word_1_385' title='bbox 937 1729 1052 1756; x_wconf 83' lang='lat' dir='ltr'><strong>marium</strong></span> 
     </span>
    </p>
   </div>
   <div class='ocr_carea' id='block_1_53' title="bbox 267 1771 1053 1806">
    <p class='ocr_par' dir='ltr' id='par_1_53' title="bbox 267 1771 1053 1806">
     <span class='ocr_line' id='line_1_53' title="bbox 267 1771 1053 1806; baseline 0.005 -9"><span class='ocrx_word' id='word_1_386' title='bbox 267 1771 368 1799; x_wconf 78' lang='lat' dir='ltr'><strong>fortnas</strong></span> <span class='ocrx_word' id='word_1_387' title='bbox 381 1771 490 1806; x_wconf 86' lang='lat' dir='ltr'><strong>habent,</strong></span> <span class='ocrx_word' id='word_1_388' title='bbox 513 1780 560 1799; x_wconf 88' lang='lat' dir='ltr'><strong>cur</strong></span> <span class='ocrx_word' id='word_1_389' title='bbox 574 1772 734 1800; x_wconf 85' lang='lat' dir='ltr'><strong>feminarum</strong></span> <span class='ocrx_word' id='word_1_390' title='bbox 757 1773 920 1801; x_wconf 87' lang='lat' dir='ltr'><strong>lineamenta</strong></span> <span class='ocrx_word' id='word_1_391' title='bbox 940 1774 994 1801; x_wconf 90' lang='lat' dir='ltr'><strong>illis</strong></span> <span class='ocrx_word' id='word_1_392' title='bbox 1011 1779 1053 1801; x_wconf 83' lang='lat' dir='ltr'><strong>at-</strong></span> 
     </span>
    </p>
   </div>
   <div class='ocr_carea' id='block_1_54' title="bbox 269 1818 1053 1853">
    <p class='ocr_par' dir='ltr' id='par_1_54' title="bbox 269 1818 1053 1853">
     <span class='ocr_line' id='line_1_54' title="bbox 269 1818 1053 1853; baseline 0.004 -9"><span class='ocrx_word' id='word_1_393' title='bbox 269 1818 407 1845; x_wconf 82' lang='lat' dir='ltr'><strong>tribuunt?</strong></span> <span class='ocrx_word' id='word_1_394' title='bbox 423 1818 445 1845; x_wconf 87' lang='lat' dir='ltr'><strong>si</strong></span> <span class='ocrx_word' id='word_1_395' title='bbox 460 1823 551 1846; x_wconf 89' lang='lat' dir='ltr'><strong>autem</strong></span> <span class='ocrx_word' id='word_1_396' title='bbox 568 1818 730 1846; x_wconf 84' lang='lat' dir='ltr'><strong>feminarum</strong></span> <span class='ocrx_word' id='word_1_397' title='bbox 747 1819 847 1847; x_wconf 86' lang='lat' dir='ltr'><strong>habent</strong></span> <span class='ocrx_word' id='word_1_398' title='bbox 863 1819 976 1853; x_wconf 83' lang='lat' dir='ltr'><strong>formas,</strong></span> <span class='ocrx_word' id='word_1_399' title='bbox 1004 1828 1053 1847; x_wconf 91' lang='lat' dir='ltr'><strong>cur</strong></span> 
     </span>
    </p>
   </div>
   <div class='ocr_carea' id='block_1_55' title="bbox 267 1862 1053 1900">
    <p class='ocr_par' dir='ltr' id='par_1_55' title="bbox 267 1862 1053 1900">
     <span class='ocr_line' id='line_1_55' title="bbox 267 1862 1053 1900; baseline 0.005 -12"><span class='ocrx_word' id='word_1_400' title='bbox 267 1862 383 1889; x_wconf 86' lang='lat' dir='ltr'><strong>marium</strong></span> <span class='ocrx_word' id='word_1_401' title='bbox 400 1863 499 1898; x_wconf 73' lang='lat' dir='ltr'><strong>figuras</strong></span> <span class='ocrx_word' id='word_1_402' title='bbox 523 1863 563 1890; x_wconf 89' lang='lat' dir='ltr'><strong>eis</strong></span> <span class='ocrx_word' id='word_1_403' title='bbox 583 1862 726 1898; x_wconf 78' lang='lat' dir='ltr'><strong>aﬂiugunt?</strong></span> <span class='ocrx_word' id='word_1_404' title='bbox 751 1864 774 1891; x_wconf 85' lang='lat' dir='ltr'><strong>si</strong></span> <span class='ocrx_word' id='word_1_405' title='bbox 801 1871 883 1899; x_wconf 91' lang='lat' dir='ltr'><strong>porro</strong></span> <span class='ocrx_word' id='word_1_406' title='bbox 909 1870 1053 1900; x_wconf 89' lang='lat' dir='ltr'><strong>utrumque</strong></span> 
     </span>
    </p>
   </div>
   <div class='ocr_carea' id='block_1_56' title="bbox 269 1907 1054 1945">
    <p class='ocr_par' dir='ltr' id='par_1_56' title="bbox 269 1907 1054 1945">
     <span class='ocr_line' id='line_1_56' title="bbox 269 1907 1054 1945; baseline 0.005 -11"><span class='ocrx_word' id='word_1_407' title='bbox 269 1907 349 1935; x_wconf 83' lang='lat' dir='ltr'><strong>simul</strong></span> <span class='ocrx_word' id='word_1_408' title='bbox 373 1913 444 1940; x_wconf 87' lang='lat' dir='ltr'><strong>sunt,</strong></span> <span class='ocrx_word' id='word_1_409' title='bbox 465 1916 517 1936; x_wconf 91' lang='lat' dir='ltr'><strong>non</strong></span> <span class='ocrx_word' id='word_1_410' title='bbox 532 1909 653 1936; x_wconf 79' lang='lat' dir='ltr'><strong>dividere</strong></span> <span class='ocrx_word' id='word_1_411' title='bbox 667 1909 714 1937; x_wconf 85' lang='lat' dir='ltr'><strong>sed</strong></span> <span class='ocrx_word' id='word_1_412' title='bbox 736 1916 880 1944; x_wconf 88' lang='lat' dir='ltr'><strong>utrumque</strong></span> <span class='ocrx_word' id='word_1_413' title='bbox 891 1910 1054 1945; x_wconf 73' lang='lat' dir='ltr'><strong>conjungere</strong></span> 
     </span>
    </p>
   </div>
   <div class='ocr_carea' id='block_1_57' title="bbox 269 1953 1054 1990">
    <p class='ocr_par' dir='ltr' id='par_1_57' title="bbox 269 1953 1054 1990">
     <span class='ocr_line' id='line_1_57' title="bbox 269 1953 1054 1990; baseline 0.004 -11"><span class='ocrx_word' id='word_1_414' title='bbox 269 1953 422 1987; x_wconf 87' lang='lat' dir='ltr'><strong>oportebat,</strong></span> <span class='ocrx_word' id='word_1_415' title='bbox 439 1954 592 1989; x_wconf 78' lang='lat' dir='ltr'><strong>similesque</strong></span> <span class='ocrx_word' id='word_1_416' title='bbox 617 1955 731 1990; x_wconf 77' lang='lat' dir='ltr'><strong>fingendi</strong></span> <span class='ocrx_word' id='word_1_417' title='bbox 752 1960 830 1982; x_wconf 81' lang='lat' dir='ltr'><strong>erant</strong></span> <span class='ocrx_word' id='word_1_418' title='bbox 844 1955 896 1988; x_wconf 87' lang='lat' dir='ltr'><strong>his,</strong></span> <span class='ocrx_word' id='word_1_419' title='bbox 911 1963 977 1990; x_wconf 84' lang='lat' dir='ltr'><strong>quos</strong></span> <span class='ocrx_word' id='word_1_420' title='bbox 992 1955 1054 1982; x_wconf 88' lang='lat' dir='ltr'><strong>her-</strong></span> 
     </span>
    </p>
   </div>
   <div class='ocr_carea' id='block_1_58' title="bbox 270 2000 1055 2036">
    <p class='ocr_par' dir='ltr' id='par_1_58' title="bbox 270 2000 1055 2036">
     <span class='ocr_line' id='line_1_58' title="bbox 270 2000 1055 2036; baseline 0.003 -10"><span class='ocrx_word' id='word_1_421' title='bbox 270 2000 454 2034; x_wconf 81' lang='lat' dir='ltr'><strong>maphroditos</strong></span> <span class='ocrx_word' id='word_1_422' title='bbox 478 2001 622 2035; x_wconf 86' lang='lat' dir='ltr'><strong>appellant,</strong></span> <span class='ocrx_word' id='word_1_423' title='bbox 638 2005 668 2027; x_wconf 81' lang='lat' dir='ltr'><strong>ut</strong></span> <span class='ocrx_word' id='word_1_424' title='bbox 680 2008 777 2035; x_wconf 87' lang='lat' dir='ltr'><strong>nempe</strong></span> <span class='ocrx_word' id='word_1_425' title='bbox 790 2005 843 2027; x_wconf 86' lang='lat' dir='ltr'><strong>tam</strong></span> <span class='ocrx_word' id='word_1_426' title='bbox 866 2000 946 2028; x_wconf 88' lang='lat' dir='ltr'><strong>stulta</strong></span> <span class='ocrx_word' id='word_1_427' title='bbox 961 2009 1055 2036; x_wconf 85' lang='lat' dir='ltr'><strong>super-</strong></span> 
     </span>
    </p>
   </div>
   <div class='ocr_carea' id='block_1_59' title="bbox 269 2045 1055 2081">
    <p class='ocr_par' dir='ltr' id='par_1_59' title="bbox 269 2045 1055 2081">
     <span class='ocr_line' id='line_1_59' title="bbox 269 2045 1055 2081; baseline 0.003 -9"><span class='ocrx_word' id='word_1_428' title='bbox 269 2045 344 2073; x_wconf 89' lang='lat' dir='ltr'><strong>stitio</strong></span> <span class='ocrx_word' id='word_1_429' title='bbox 359 2052 410 2072; x_wconf 90' lang='lat' dir='ltr'><strong>non</strong></span> <span class='ocrx_word' id='word_1_430' title='bbox 423 2045 509 2072; x_wconf 85' lang='lat' dir='ltr'><strong>solum</strong></span> <span class='ocrx_word' id='word_1_431' title='bbox 537 2045 703 2080; x_wconf 84' lang='lat' dir='ltr'><strong>impietatem</strong></span> <span class='ocrx_word' id='word_1_432' title='bbox 729 2051 757 2075; x_wconf 82' lang='lat' dir='ltr'><strong>et</strong></span> <span class='ocrx_word' id='word_1_433' title='bbox 780 2047 919 2074; x_wconf 85' lang='lat' dir='ltr'><strong>infamiam</strong></span> <span class='ocrx_word' id='word_1_434' title='bbox 944 2055 998 2081; x_wconf 83' lang='lat' dir='ltr'><strong>prae</strong></span> <span class='ocrx_word' id='word_1_435' title='bbox 1026 2054 1055 2074; x_wconf 84' lang='lat' dir='ltr'><strong>se</strong></span> 
     </span>
    </p>
   </div>
   <div class='ocr_carea' id='block_1_60' title="bbox 270 2091 1054 2127">
    <p class='ocr_par' dir='ltr' id='par_1_60' title="bbox 270 2091 1054 2127">
     <span class='ocr_line' id='line_1_60' title="bbox 270 2091 1054 2127; baseline 0.003 -9"><span class='ocrx_word' id='word_1_436' title='bbox 270 2092 363 2124; x_wconf 82' lang='lat' dir='ltr'><strong>ferret,</strong></span> <span class='ocrx_word' id='word_1_437' title='bbox 380 2091 426 2118; x_wconf 89' lang='lat' dir='ltr'><strong>sed</strong></span> <span class='ocrx_word' id='word_1_438' title='bbox 439 2091 520 2118; x_wconf 83' lang='lat' dir='ltr'><strong>etiam</strong></span> <span class='ocrx_word' id='word_1_439' title='bbox 534 2092 617 2119; x_wconf 81' lang='lat' dir='ltr'><strong>risum</strong></span> <span class='ocrx_word' id='word_1_440' title='bbox 628 2092 828 2127; x_wconf 84' lang='lat' dir='ltr'><strong>spectatoribus</strong></span> <span class='ocrx_word' id='word_1_441' title='bbox 838 2097 966 2120; x_wconf 86' lang='lat' dir='ltr'><strong>moveret.</strong></span> <span class='ocrx_word' id='word_1_442' title='bbox 979 2092 1054 2126; x_wconf 88' lang='lat' dir='ltr'><strong>Quod</strong></span> 
     </span>
    </p>
   </div>
   <div class='ocr_carea' id='block_1_61' title="bbox 270 2138 1056 2173">
    <p class='ocr_par' dir='ltr' id='par_1_61' title="bbox 270 2138 1056 2173">
     <span class='ocr_line' id='line_1_61' title="bbox 270 2138 1056 2173; baseline -0.001 -8"><span class='ocrx_word' id='word_1_443' title='bbox 270 2138 293 2165; x_wconf 84' lang='lat' dir='ltr'><strong>si</strong></span> <span class='ocrx_word' id='word_1_444' title='bbox 307 2139 413 2165; x_wconf 86' lang='lat' dir='ltr'><strong>demum</strong></span> <span class='ocrx_word' id='word_1_445' title='bbox 430 2146 528 2166; x_wconf 90' lang='lat' dir='ltr'><strong>numen</strong></span> <span class='ocrx_word' id='word_1_446' title='bbox 546 2146 704 2173; x_wconf 78' lang='lat' dir='ltr'><strong>corporeum</strong></span> <span class='ocrx_word' id='word_1_447' title='bbox 720 2145 781 2166; x_wconf 80' lang='lat' dir='ltr'><strong>esse</strong></span> <span class='ocrx_word' id='word_1_448' title='bbox 794 2138 977 2173; x_wconf 88' lang='lat' dir='ltr'><strong>suspicantur,</strong></span> <span class='ocrx_word' id='word_1_449' title='bbox 990 2146 1056 2165; x_wconf 90' lang='lat' dir='ltr'><strong>ven-</strong></span> 
     </span>
    </p>
   </div>
   <div class='ocr_carea' id='block_1_62' title="bbox 270 2183 1055 2219">
    <p class='ocr_par' dir='ltr' id='par_1_62' title="bbox 270 2183 1055 2219">
     <span class='ocr_line' id='line_1_62' title="bbox 270 2183 1055 2219; baseline -0.001 -8"><span class='ocrx_word' id='word_1_450' title='bbox 270 2189 393 2219; x_wconf 75' lang='lat' dir='ltr'><strong>trctnque</strong></span> <span class='ocrx_word' id='word_1_451' title='bbox 408 2189 436 2212; x_wconf 89' lang='lat' dir='ltr'><strong>et</strong></span> <span class='ocrx_word' id='word_1_452' title='bbox 455 2192 561 2217; x_wconf 87' lang='lat' dir='ltr'><strong>manus,</strong></span> <span class='ocrx_word' id='word_1_453' title='bbox 577 2185 670 2219; x_wconf 85' lang='lat' dir='ltr'><strong>pedes,</strong></span> <span class='ocrx_word' id='word_1_454' title='bbox 685 2184 828 2216; x_wconf 85' lang='lat' dir='ltr'><strong>cervicem,</strong></span> <span class='ocrx_word' id='word_1_455' title='bbox 844 2188 938 2218; x_wconf 88' lang='lat' dir='ltr'><strong>pectus</strong></span> <span class='ocrx_word' id='word_1_456' title='bbox 949 2183 1055 2218; x_wconf 87' lang='lat' dir='ltr'><strong>aliaque</strong></span> 
     </span>
    </p>
   </div>
   <div class='ocr_carea' id='block_1_63' title="bbox 270 2229 1055 2266">
    <p class='ocr_par' dir='ltr' id='par_1_63' title="bbox 270 2229 1055 2266">
     <span class='ocr_line' id='line_1_63' title="bbox 270 2229 1055 2266; baseline -0.003 -8"><span class='ocrx_word' id='word_1_457' title='bbox 270 2234 304 2259; x_wconf 80' lang='lat' dir='ltr'><strong>ad</strong></span> <span class='ocrx_word' id='word_1_458' title='bbox 320 2232 502 2266; x_wconf 78' lang='lat' dir='ltr'><strong>generanduut</strong></span> <span class='ocrx_word' id='word_1_459' title='bbox 527 2230 680 2259; x_wconf 86' lang='lat' dir='ltr'><strong>necessaria</strong></span> <span class='ocrx_word' id='word_1_460' title='bbox 703 2230 821 2257; x_wconf 86' lang='lat' dir='ltr'><strong>membra</strong></span> <span class='ocrx_word' id='word_1_461' title='bbox 838 2230 938 2257; x_wconf 88' lang='lat' dir='ltr'><strong>habere</strong></span> <span class='ocrx_word' id='word_1_462' title='bbox 952 2229 1055 2265; x_wconf 81' lang='lat' dir='ltr'><strong>fingunt</strong></span> 
     </span>
    </p>
   </div>
   <div class='ocr_carea' id='block_1_64' title="bbox 270 2276 1053 2312">
    <p class='ocr_par' dir='ltr' id='par_1_64' title="bbox 270 2276 1053 2312">
     <span class='ocr_line' id='line_1_64' title="bbox 270 2276 1053 2312; baseline -0.004 -7"><span class='ocrx_word' id='word_1_463' title='bbox 270 2283 297 2305; x_wconf 87' lang='lat' dir='ltr'><strong>et</strong></span> <span class='ocrx_word' id='word_1_464' title='bbox 318 2278 584 2306; x_wconf 86' lang='lat' dir='ltr'><strong>comminiscuntur:</strong></span> <span class='ocrx_word' id='word_1_465' title='bbox 609 2277 670 2305; x_wconf 87' lang='lat' dir='ltr'><strong>vide</strong></span> <span class='ocrx_word' id='word_1_466' title='bbox 690 2277 716 2304; x_wconf 94' lang='lat' dir='ltr'><strong>in</strong></span> <span class='ocrx_word' id='word_1_467' title='bbox 735 2281 863 2312; x_wconf 81' lang='lat' dir='ltr'><strong>quantum</strong></span> <span class='ocrx_word' id='word_1_468' title='bbox 888 2276 1053 2311; x_wconf 89' lang='lat' dir='ltr'><strong>impietatem</strong></span> 
     </span>
    </p>
   </div>
   <div class='ocr_carea' id='block_1_65' title="bbox 270 2322 1052 2356">
    <p class='ocr_par' dir='ltr' id='par_1_65' title="bbox 270 2322 1052 2356">
     <span class='ocr_line' id='line_1_65' title="bbox 270 2322 1052 2356; baseline -0.003 -5"><span class='ocrx_word' id='word_1_469' title='bbox 270 2332 347 2352; x_wconf 82' lang='lat' dir='ltr'><strong>mens</strong></span> <span class='ocrx_word' id='word_1_470' title='bbox 373 2324 479 2352; x_wconf 92' lang='lat' dir='ltr'><strong>illorum</strong></span> <span class='ocrx_word' id='word_1_471' title='bbox 503 2324 642 2355; x_wconf 86' lang='lat' dir='ltr'><strong>ceciderit,</strong></span> <span class='ocrx_word' id='word_1_472' title='bbox 670 2327 700 2350; x_wconf 92' lang='lat' dir='ltr'><strong>ut</strong></span> <span class='ocrx_word' id='word_1_473' title='bbox 725 2323 783 2350; x_wconf 74' lang='lat' dir='ltr'><strong>luce</strong></span> <span class='ocrx_word' id='word_1_474' title='bbox 800 2323 834 2350; x_wconf 90' lang='lat' dir='ltr'><strong>de</strong></span> <span class='ocrx_word' id='word_1_475' title='bbox 854 2322 908 2349; x_wconf 86' lang='lat' dir='ltr'><strong>Deo</strong></span> <span class='ocrx_word' id='word_1_476' title='bbox 923 2322 1052 2356; x_wconf 77' lang='lat' dir='ltr'><strong>cogitent.</strong></span> 
     </span>
    </p>
   </div>
   <div class='ocr_carea' id='block_1_66' title="bbox 270 2367 1056 2404">
    <p class='ocr_par' dir='ltr' id='par_1_66' title="bbox 270 2367 1056 2404">
     <span class='ocr_line' id='line_1_66' title="bbox 270 2367 1056 2404; baseline -0.004 -7"><span class='ocrx_word' id='word_1_477' title='bbox 270 2370 335 2398; x_wconf 91' lang='lat' dir='ltr'><strong>Inde</strong></span> <span class='ocrx_word' id='word_1_478' title='bbox 365 2371 436 2397; x_wconf 90' lang='lat' dir='ltr'><strong>enim</strong></span> <span class='ocrx_word' id='word_1_479' title='bbox 462 2369 584 2404; x_wconf 83' lang='lat' dir='ltr'><strong>sequitur</strong></span> <span class='ocrx_word' id='word_1_480' title='bbox 607 2373 704 2396; x_wconf 57' lang='lat' dir='ltr'><strong>cetera</strong></span> <span class='ocrx_word' id='word_1_481' title='bbox 728 2369 824 2399; x_wconf 81' lang='lat' dir='ltr'><strong>etiam.</strong></span> <span class='ocrx_word' id='word_1_482' title='bbox 847 2375 906 2402; x_wconf 65' lang='lat' dir='ltr'><strong>quae</strong></span> <span class='ocrx_word' id='word_1_483' title='bbox 933 2367 1056 2402; x_wconf 84' lang='lat' dir='ltr'><strong>corporis</strong></span> 
     </span>
    </p>
   </div>
   <div class='ocr_carea' id='block_1_67' title="bbox 270 2415 1056 2452">
    <p class='ocr_par' dir='ltr' id='par_1_67' title="bbox 270 2415 1056 2452">
     <span class='ocr_line' id='line_1_67' title="bbox 270 2415 1056 2452; baseline -0.003 -8"><span class='ocrx_word' id='word_1_484' title='bbox 270 2417 376 2452; x_wconf 81' lang='lat' dir='ltr'><strong>propria</strong></span> <span class='ocrx_word' id='word_1_485' title='bbox 394 2421 467 2448; x_wconf 87' lang='lat' dir='ltr'><strong>sunt,</strong></span> <span class='ocrx_word' id='word_1_486' title='bbox 487 2415 636 2450; x_wconf 75' lang='lat' dir='ltr'><strong>huiusmodi</strong></span> <span class='ocrx_word' id='word_1_487' title='bbox 661 2423 760 2442; x_wconf 91' lang='lat' dir='ltr'><strong>numen</strong></span> <span class='ocrx_word' id='word_1_488' title='bbox 783 2415 892 2442; x_wconf 93' lang='lat' dir='ltr'><strong>omnino</strong></span> <span class='ocrx_word' id='word_1_489' title='bbox 906 2415 971 2449; x_wconf 87' lang='lat' dir='ltr'><strong>pati,</strong></span> <span class='ocrx_word' id='word_1_490' title='bbox 989 2415 1056 2442; x_wconf 88' lang='lat' dir='ltr'><strong>adeo</strong></span> 
     </span>
    </p>
   </div>
   <div class='ocr_carea' id='block_1_68' title="bbox 271 2460 1056 2496">
    <p class='ocr_par' dir='ltr' id='par_1_68' title="bbox 271 2460 1056 2496">
     <span class='ocr_line' id='line_1_68' title="bbox 271 2460 1056 2496; baseline -0.003 -7"><span class='ocrx_word' id='word_1_491' title='bbox 271 2468 300 2489; x_wconf 89' lang='lat' dir='ltr'><strong>ut</strong></span> <span class='ocrx_word' id='word_1_492' title='bbox 315 2463 414 2495; x_wconf 86' lang='lat' dir='ltr'><strong>secari,</strong></span> <span class='ocrx_word' id='word_1_493' title='bbox 434 2462 514 2489; x_wconf 91' lang='lat' dir='ltr'><strong>dividi</strong></span> <span class='ocrx_word' id='word_1_494' title='bbox 533 2467 696 2496; x_wconf 87' lang='lat' dir='ltr'><strong>prorsusque</strong></span> <span class='ocrx_word' id='word_1_495' title='bbox 711 2460 845 2495; x_wconf 87' lang='lat' dir='ltr'><strong>corrumpi</strong></span> <span class='ocrx_word' id='word_1_496' title='bbox 866 2460 959 2495; x_wconf 84' lang='lat' dir='ltr'><strong>possit.</strong></span> <span class='ocrx_word' id='word_1_497' title='bbox 977 2460 1056 2488; x_wconf 82' lang='lat' dir='ltr'><strong>Certe</strong></span> 
     </span>
    </p>
   </div>
   <div class='ocr_carea' id='block_1_69' title="bbox 271 2505 1056 2540">
    <p class='ocr_par' dir='ltr' id='par_1_69' title="bbox 271 2505 1056 2540">
     <span class='ocr_line' id='line_1_69' title="bbox 271 2505 1056 2540; baseline -0.003 -6"><span class='ocrx_word' id='word_1_498' title='bbox 271 2509 327 2534; x_wconf 76' lang='lat' dir='ltr'><strong>haec</strong></span> <span class='ocrx_word' id='word_1_499' title='bbox 339 2512 366 2535; x_wconf 92' lang='lat' dir='ltr'><strong>et</strong></span> <span class='ocrx_word' id='word_1_500' title='bbox 376 2507 427 2534; x_wconf 88' lang='lat' dir='ltr'><strong>alia</strong></span> <span class='ocrx_word' id='word_1_501' title='bbox 443 2505 541 2534; x_wconf 81' lang='lat' dir='ltr'><strong>similia</strong></span> <span class='ocrx_word' id='word_1_502' title='bbox 556 2513 608 2533; x_wconf 91' lang='lat' dir='ltr'><strong>non</strong></span> <span class='ocrx_word' id='word_1_503' title='bbox 628 2506 736 2540; x_wconf 88' lang='lat' dir='ltr'><strong>propria</strong></span> <span class='ocrx_word' id='word_1_504' title='bbox 754 2505 799 2533; x_wconf 89' lang='lat' dir='ltr'><strong>Dei</strong></span> <span class='ocrx_word' id='word_1_505' title='bbox 813 2509 887 2537; x_wconf 86' lang='lat' dir='ltr'><strong>sunt,</strong></span> <span class='ocrx_word' id='word_1_506' title='bbox 904 2505 951 2533; x_wconf 88' lang='lat' dir='ltr'><strong>sed</strong></span> <span class='ocrx_word' id='word_1_507' title='bbox 967 2506 1056 2540; x_wconf 79' lang='lat' dir='ltr'><strong>potius</strong></span> 
     </span>
    </p>
   </div>
   <div class='ocr_carea' id='block_1_70' title="bbox 271 2551 1056 2588">
    <p class='ocr_par' dir='ltr' id='par_1_70' title="bbox 271 2551 1056 2588">
     <span class='ocr_line' id='line_1_70' title="bbox 271 2551 1056 2588; baseline -0.004 -8"><span class='ocrx_word' id='word_1_508' title='bbox 271 2554 438 2580; x_wconf 84' lang='lat' dir='ltr'><strong>terrestrium</strong></span> <span class='ocrx_word' id='word_1_509' title='bbox 454 2560 606 2588; x_wconf 88' lang='lat' dir='ltr'><strong>corporum.</strong></span> <span class='ocrx_word' id='word_1_510' title='bbox 615 2551 685 2580; x_wconf 90' lang='lat' dir='ltr'><strong>Deus</strong></span> <span class='ocrx_word' id='word_1_511' title='bbox 697 2552 768 2579; x_wconf 90' lang='lat' dir='ltr'><strong>enim</strong></span> <span class='ocrx_word' id='word_1_512' title='bbox 781 2559 832 2579; x_wconf 89' lang='lat' dir='ltr'><strong>nec</strong></span> <span class='ocrx_word' id='word_1_513' title='bbox 845 2559 990 2587; x_wconf 87' lang='lat' dir='ltr'><strong>corporeus</strong></span> <span class='ocrx_word' id='word_1_514' title='bbox 1003 2556 1056 2583; x_wconf 86' lang='lat' dir='ltr'><strong>est,</strong></span> 
     </span>
    </p>
   </div>
   <div class='ocr_carea' id='block_1_71' title="bbox 271 2597 1055 2634">
    <p class='ocr_par' dir='ltr' id='par_1_71' title="bbox 271 2597 1055 2634">
     <span class='ocr_line' id='line_1_71' title="bbox 271 2597 1055 2634; baseline -0.004 -8"><span class='ocrx_word' id='word_1_515' title='bbox 271 2607 320 2626; x_wconf 90' lang='lat' dir='ltr'><strong>nec</strong></span> <span class='ocrx_word' id='word_1_516' title='bbox 331 2599 467 2634; x_wconf 88' lang='lat' dir='ltr'><strong>corrumpi</strong></span> <span class='ocrx_word' id='word_1_517' title='bbox 479 2599 520 2626; x_wconf 87' lang='lat' dir='ltr'><strong>vel</strong></span> <span class='ocrx_word' id='word_1_518' title='bbox 533 2599 600 2626; x_wconf 88' lang='lat' dir='ltr'><strong>mori</strong></span> <span class='ocrx_word' id='word_1_519' title='bbox 621 2603 722 2634; x_wconf 86' lang='lat' dir='ltr'><strong>potest,</strong></span> <span class='ocrx_word' id='word_1_520' title='bbox 741 2597 868 2633; x_wconf 85' lang='lat' dir='ltr'><strong>nullaque</strong></span> <span class='ocrx_word' id='word_1_521' title='bbox 885 2605 913 2625; x_wconf 89' lang='lat' dir='ltr'><strong>re</strong></span> <span class='ocrx_word' id='word_1_522' title='bbox 929 2598 960 2625; x_wconf 90' lang='lat' dir='ltr'><strong>ad</strong></span> <span class='ocrx_word' id='word_1_523' title='bbox 973 2597 1055 2624; x_wconf 90' lang='lat' dir='ltr'><strong>ullum</strong></span> 
     </span>
    </p>
   </div>
   <div class='ocr_carea' id='block_1_72' title="bbox 271 2645 1056 2681">
    <p class='ocr_par' dir='ltr' id='par_1_72' title="bbox 271 2645 1056 2681">
     <span class='ocr_line' id='line_1_72' title="bbox 271 2645 1056 2681; baseline -0.001 -9"><span class='ocrx_word' id='word_1_524' title='bbox 271 2653 348 2681; x_wconf 75' lang='lat' dir='ltr'><strong>usum</strong></span> <span class='ocrx_word' id='word_1_525' title='bbox 360 2646 472 2680; x_wconf 77' lang='lat' dir='ltr'><strong>indiget.</strong></span> <span class='ocrx_word' id='word_1_526' title='bbox 493 2645 556 2673; x_wconf 74' lang='lat' dir='ltr'><strong>Haec</strong></span> <span class='ocrx_word' id='word_1_527' title='bbox 571 2649 660 2672; x_wconf 87' lang='lat' dir='ltr'><strong>autem</strong></span> <span class='ocrx_word' id='word_1_528' title='bbox 675 2649 703 2671; x_wconf 89' lang='lat' dir='ltr'><strong>et</strong></span> <span class='ocrx_word' id='word_1_529' title='bbox 716 2649 937 2679; x_wconf 87' lang='lat' dir='ltr'><strong>corrumpuntur,</strong></span> <span class='ocrx_word' id='word_1_530' title='bbox 950 2649 976 2671; x_wconf 92' lang='lat' dir='ltr'><strong>et</strong></span> <span class='ocrx_word' id='word_1_531' title='bbox 993 2651 1056 2671; x_wconf 88' lang='lat' dir='ltr'><strong>cor-</strong></span> 
     </span>
    </p>
   </div>
   <div class='ocr_carea' id='block_1_73' title="bbox 270 2690 1054 2726">
    <p class='ocr_par' dir='ltr' id='par_1_73' title="bbox 270 2690 1054 2726">
     <span class='ocr_line' id='line_1_73' title="bbox 270 2690 1054 2726; baseline -0.003 -8"><span class='ocrx_word' id='word_1_532' title='bbox 270 2699 364 2726; x_wconf 87' lang='lat' dir='ltr'><strong>porum</strong></span> <span class='ocrx_word' id='word_1_533' title='bbox 377 2691 560 2726; x_wconf 76' lang='lat' dir='ltr'><strong>suntefligies,</strong></span> <span class='ocrx_word' id='word_1_534' title='bbox 573 2691 768 2726; x_wconf 89' lang='lat' dir='ltr'><strong>hominumque</strong></span> <span class='ocrx_word' id='word_1_535' title='bbox 783 2697 847 2718; x_wconf 86' lang='lat' dir='ltr'><strong>cura</strong></span> <span class='ocrx_word' id='word_1_536' title='bbox 866 2694 892 2717; x_wconf 90' lang='lat' dir='ltr'><strong>et</strong></span> <span class='ocrx_word' id='word_1_537' title='bbox 913 2690 1054 2721; x_wconf 84' lang='lat' dir='ltr'><strong>industria,</strong></span> 
     </span>
    </p>
   </div>
   <div class='ocr_carea' id='block_1_74' title="bbox 308 2747 1051 2784">
    <p class='ocr_par' dir='ltr' id='par_1_74' title="bbox 308 2747 1051 2784">
     <span class='ocr_line' id='line_1_74' title="bbox 308 2747 1051 2784; baseline -0.001 -9"><span class='ocrx_word' id='word_1_538' title='bbox 308 2748 363 2784; x_wconf 68' lang='lat'><strong>(‘22)</strong></span> <span class='ocrx_word' id='word_1_539' title='bbox 390 2748 436 2776; x_wconf 87' lang='lat' dir='ltr'><strong>Sic</strong></span> <span class='ocrx_word' id='word_1_540' title='bbox 461 2747 576 2784; x_wconf 70' lang='lat' dir='ltr'><strong>Seguer.</strong></span> <span class='ocrx_word' id='word_1_541' title='bbox 599 2749 650 2775; x_wconf 89' lang='lat' dir='ltr'><strong>Alii</strong></span> <span class='ocrx_word' id='word_1_542' title='bbox 672 2755 734 2784; x_wconf 87' lang='lat' dir='ltr'><strong>cum</strong></span> <span class='ocrx_word' id='word_1_543' title='bbox 757 2747 846 2784; x_wconf 82' lang='lat' dir='ltr'><strong>editis,</strong></span> <span class='ocrx_word' id='word_1_544' title='bbox 869 2747 955 2782; x_wconf 68' lang='grc' dir='ltr'>ἔχετε.</span> <span class='ocrx_word' id='word_1_545' title='bbox 980 2747 1051 2775; x_wconf 88' lang='lat' dir='ltr'><strong>Idem</strong></span> 
     </span>
    </p>
   </div>
   <div class='ocr_carea' id='block_1_75' title="bbox 273 2783 811 2819">
    <p class='ocr_par' dir='ltr' id='par_1_75' title="bbox 273 2783 811 2819">
     <span class='ocr_line' id='line_1_75' title="bbox 273 2783 811 2819; baseline -0.004 -8"><span class='ocrx_word' id='word_1_546' title='bbox 273 2784 383 2817; x_wconf 55' lang='lat' dir='ltr'><strong>Srguer.</strong></span> <span class='ocrx_word' id='word_1_547' title='bbox 404 2784 484 2818; x_wconf 87' lang='lat' dir='ltr'><strong>paulo</strong></span> <span class='ocrx_word' id='word_1_548' title='bbox 497 2788 555 2818; x_wconf 90' lang='lat' dir='ltr'><strong>post</strong></span> <span class='ocrx_word' id='word_1_549' title='bbox 567 2783 705 2819; x_wconf 80' lang='grc' dir='ltr'><strong>θειότητος</strong></span> <span class='ocrx_word' id='word_1_550' title='bbox 719 2783 811 2819; x_wconf 50' lang='lat' dir='ltr'><strong>habet.</strong></span> 
     </span>
    </p>
   </div>
   <div class='ocr_carea' id='block_1_76' title="bbox 308 2816 1050 2854">
    <p class='ocr_par' dir='ltr' id='par_1_76' title="bbox 308 2816 1050 2854">
     <span class='ocr_line' id='line_1_76' title="bbox 308 2816 1050 2854; baseline -0.004 -8"><span class='ocrx_word' id='word_1_551' title='bbox 308 2816 364 2854; x_wconf 69' lang='grc' dir='ltr'><strong>(Ξὸ)</strong></span> <span class='ocrx_word' id='word_1_552' title='bbox 380 2816 426 2846; x_wconf 76' lang='lat' dir='ltr'><strong>Sic</strong></span> <span class='ocrx_word' id='word_1_553' title='bbox 438 2816 549 2854; x_wconf 80' lang='lat' dir='ltr'><strong>Seguer.</strong></span> <span class='ocrx_word' id='word_1_554' title='bbox 562 2816 761 2852; x_wconf 52' lang='lat' dir='ltr'><strong>BasilfAnglic.</strong></span> <span class='ocrx_word' id='word_1_555' title='bbox 778 2817 886 2845; x_wconf 84' lang='lat' dir='ltr'><strong>Gobier.</strong></span> <span class='ocrx_word' id='word_1_556' title='bbox 905 2816 1021 2844; x_wconf 74' lang='lat' dir='ltr'><strong>Feh-km.</strong></span> <span class='ocrx_word' id='word_1_557' title='bbox 1042 2817 1050 2843; x_wconf 88' lang='lat' dir='ltr'><strong>f</strong></span> 
     </span>
    </p>
   </div>
   <div class='ocr_carea' id='block_1_77' title="bbox 273 2853 702 2885">
    <p class='ocr_par' dir='ltr' id='par_1_77' title="bbox 273 2853 702 2885">
     <span class='ocr_line' id='line_1_77' title="bbox 273 2853 702 2885; baseline -0.005 -4"><span class='ocrx_word' id='word_1_558' title='bbox 273 2863 354 2882; x_wconf 82' lang='lat' dir='ltr'><strong>anon.</strong></span> <span class='ocrx_word' id='word_1_559' title='bbox 375 2854 425 2880; x_wconf 90' lang='lat' dir='ltr'><strong>Alii</strong></span> <span class='ocrx_word' id='word_1_560' title='bbox 439 2853 500 2880; x_wconf 75' lang='lat' dir='ltr'><strong>eum</strong></span> <span class='ocrx_word' id='word_1_561' title='bbox 513 2853 602 2885; x_wconf 79' lang='lat' dir='ltr'><strong>editis,</strong></span> <span class='ocrx_word' id='word_1_562' title='bbox 620 2853 702 2880; x_wconf 78' lang='grc' dir='ltr'>ἐστίν.</span> 
     </span>
    </p>
   </div>
   <div class='ocr_carea' id='block_1_78' title="bbox 310 2886 987 2925">
    <p class='ocr_par' dir='ltr' id='par_1_78' title="bbox 310 2886 987 2925">
     <span class='ocr_line' id='line_1_78' title="bbox 310 2886 987 2925; baseline -0.004 -8"><span class='ocrx_word' id='word_1_563' title='bbox 310 2888 363 2925; x_wconf 59' lang='lat'><strong>(25)</strong></span> <span class='ocrx_word' id='word_1_564' title='bbox 380 2888 482 2920; x_wconf 76' lang='grc' dir='ltr'><strong>Αὑτούς</strong></span> <span class='ocrx_word' id='word_1_565' title='bbox 493 2888 567 2916; x_wconf 66' lang='lat' dir='ltr'><strong>deest</strong></span> <span class='ocrx_word' id='word_1_566' title='bbox 579 2888 606 2916; x_wconf 89' lang='lat' dir='ltr'><strong>in</strong></span> <span class='ocrx_word' id='word_1_567' title='bbox 622 2887 727 2915; x_wconf 86' lang='lat' dir='ltr'><strong>Gobler.</strong></span> <span class='ocrx_word' id='word_1_568' title='bbox 746 2886 861 2915; x_wconf 73' lang='lat' dir='ltr'><strong>Feltkm.</strong></span> <span class='ocrx_word' id='word_1_569' title='bbox 881 2888 891 2914; x_wconf 88' lang='lat' dir='ltr'><strong>l</strong></span> <span class='ocrx_word' id='word_1_570' title='bbox 907 2895 987 2914; x_wconf 86' lang='lat' dir='ltr'><strong>anon.</strong></span> 
     </span>
    </p>
   </div>
   <div class='ocr_carea' id='block_1_79' title="bbox 1100 940 1891 980">
    <p class='ocr_par' dir='ltr' id='par_1_79' title="bbox 1100 940 1891 980">
     <span class='ocr_line' id='line_1_79' title="bbox 1100 940 1891 980; baseline -0.006 -9"><span class='ocrx_word' id='word_1_571' title='bbox 1100 945 1197 976; x_wconf 71' lang='grc' dir='ltr'>αὐτοὺς</span> <span class='ocrx_word' id='word_1_572' title='bbox 1209 944 1264 979; x_wconf 66' lang='grc'><strong>(24)</strong></span> <span class='ocrx_word' id='word_1_573' title='bbox 1273 944 1347 976; x_wconf 78' lang='grc' dir='ltr'>ἄξιον</span> <span class='ocrx_word' id='word_1_574' title='bbox 1357 944 1490 980; x_wconf 75' lang='grc' dir='ltr'>νομίζειν,</span> <span class='ocrx_word' id='word_1_575' title='bbox 1510 942 1589 970; x_wconf 83' lang='grc' dir='ltr'>πάλιν</span> <span class='ocrx_word' id='word_1_576' title='bbox 1604 943 1701 974; x_wconf 84' lang='grc' dir='ltr'>αὐτοὺς</span> <span class='ocrx_word' id='word_1_577' title='bbox 1711 942 1743 969; x_wconf 83' lang='grc' dir='ltr'>ἄν</span> <span class='ocrx_word' id='word_1_578' title='bbox 1755 950 1794 973; x_wconf 85' lang='grc' dir='ltr'>τις</span> <span class='ocrx_word' id='word_1_579' title='bbox 1802 940 1891 975; x_wconf 71' lang='grc' dir='ltr'>ἔροιτο</span> 
     </span>
    </p>
   </div>
   <div class='ocr_carea' id='block_1_80' title="bbox 1101 986 1892 1026">
    <p class='ocr_par' dir='ltr' id='par_1_80' title="bbox 1101 986 1892 1026">
     <span class='ocr_line' id='line_1_80' title="bbox 1101 986 1892 1026; baseline -0.005 -9"><span class='ocrx_word' id='word_1_580' title='bbox 1101 992 1165 1026; x_wconf 74' lang='grc' dir='ltr'>περὶ</span> <span class='ocrx_word' id='word_1_581' title='bbox 1180 992 1228 1026; x_wconf 78' lang='grc' dir='ltr'><strong>τῆς</strong></span> <span class='ocrx_word' id='word_1_582' title='bbox 1243 990 1297 1017; x_wconf 84' lang='grc' dir='ltr'><strong>τῶν</strong></span> <span class='ocrx_word' id='word_1_583' title='bbox 1311 990 1426 1017; x_wconf 85' lang='grc' dir='ltr'><strong>εἰδώλων</strong></span> <span class='ocrx_word' id='word_1_584' title='bbox 1445 991 1553 1026; x_wconf 78' lang='grc' dir='ltr'>μανίας,</span> <span class='ocrx_word' id='word_1_585' title='bbox 1570 989 1619 1026; x_wconf 83' lang='grc' dir='ltr'><strong>τὴν</strong></span> <span class='ocrx_word' id='word_1_586' title='bbox 1634 989 1724 1016; x_wconf 78' lang='grc' dir='ltr'>αἰτίαν</span> <span class='ocrx_word' id='word_1_587' title='bbox 1736 988 1786 1023; x_wconf 83' lang='grc' dir='ltr'><strong>τῆς</strong></span> <span class='ocrx_word' id='word_1_588' title='bbox 1799 986 1892 1014; x_wconf 77' lang='grc' dir='ltr'>τοιαῦ-</span> 
     </span>
    </p>
   </div>
   <div class='ocr_carea' id='block_1_81' title="bbox 1101 1035 1781 1074">
    <p class='ocr_par' dir='ltr' id='par_1_81' title="bbox 1101 1035 1781 1074">
     <span class='ocr_line' id='line_1_81' title="bbox 1101 1035 1781 1074; baseline -0.004 -10"><span class='ocrx_word' id='word_1_589' title='bbox 1101 1047 1151 1074; x_wconf 75' lang='grc' dir='ltr'>της</span> <span class='ocrx_word' id='word_1_590' title='bbox 1167 1038 1254 1065; x_wconf 77' lang='grc' dir='ltr'>αὐτῶν</span> <span class='ocrx_word' id='word_1_591' title='bbox 1272 1039 1378 1073; x_wconf 74' lang='grc' dir='ltr'>μορφῆς</span> <span class='ocrx_word' id='word_1_592' title='bbox 1394 1037 1460 1073; x_wconf 80' lang='grc' dir='ltr'>παρ’</span> <span class='ocrx_word' id='word_1_593' title='bbox 1476 1036 1566 1064; x_wconf 80' lang='grc' dir='ltr'>αὐτῶν</span> <span class='ocrx_word' id='word_1_594' title='bbox 1582 1036 1664 1069; x_wconf 76' lang='grc' dir='ltr'>ἀξιῶν</span> <span class='ocrx_word' id='word_1_595' title='bbox 1677 1035 1781 1071; x_wconf 87' lang='grc' dir='ltr'>μαθεῖν.</span> 
     </span>
    </p>
   </div>
   <div class='ocr_carea' id='block_1_82' title="bbox 1136 1081 1891 1120">
    <p class='ocr_par' dir='ltr' id='par_1_82' title="bbox 1136 1081 1891 1120">
     <span class='ocr_line' id='line_1_82' title="bbox 1136 1081 1891 1120; baseline -0.005 -9"><span class='ocrx_word' id='word_1_596' title='bbox 1136 1084 1182 1111; x_wconf 68' lang='grc'><strong>22.</strong></span> <span class='ocrx_word' id='word_1_597' title='bbox 1202 1084 1233 1110; x_wconf 77' lang='lat' dir='ltr'><strong>El</strong></span> <span class='ocrx_word' id='word_1_598' title='bbox 1248 1084 1296 1119; x_wconf 83' lang='grc' dir='ltr'><strong>μὲν</strong></span> <span class='ocrx_word' id='word_1_599' title='bbox 1310 1083 1422 1120; x_wconf 77' lang='grc' dir='ltr'>γὰρ,ὂτι</span> <span class='ocrx_word' id='word_1_600' title='bbox 1438 1083 1670 1119; x_wconf 79' lang='grc' dir='ltr'>ἀνθρωπόμορφόν</span> <span class='ocrx_word' id='word_1_601' title='bbox 1684 1083 1742 1109; x_wconf 77' lang='grc' dir='ltr'>ἐστι</span> <span class='ocrx_word' id='word_1_602' title='bbox 1755 1081 1784 1108; x_wconf 83' lang='grc' dir='ltr'><strong>τὸ</strong></span> <span class='ocrx_word' id='word_1_603' title='bbox 1799 1081 1891 1110; x_wconf 85' lang='grc' dir='ltr'>Θεῖον.</span> 
     </span>
    </p>
   </div>
   <div class='ocr_carea' id='block_1_83' title="bbox 1103 1126 1893 1162">
    <p class='ocr_par' dir='ltr' id='par_1_83' title="bbox 1103 1126 1893 1162">
     <span class='ocr_line' id='line_1_83' title="bbox 1103 1126 1893 1162; baseline -0.005 -6"><span class='ocrx_word' id='word_1_604' title='bbox 1103 1129 1148 1156; x_wconf 75' lang='grc' dir='ltr'><strong>διὰ</strong></span> <span class='ocrx_word' id='word_1_605' title='bbox 1166 1129 1246 1156; x_wconf 82' lang='grc' dir='ltr'>τοῦτο</span> <span class='ocrx_word' id='word_1_606' title='bbox 1261 1129 1332 1156; x_wconf 78' lang='grc' dir='ltr'>οὕτω</span> <span class='ocrx_word' id='word_1_607' title='bbox 1346 1128 1508 1161; x_wconf 80' lang='grc' dir='ltr'>τετύπωται,</span> <span class='ocrx_word' id='word_1_608' title='bbox 1525 1128 1568 1155; x_wconf 80' lang='grc' dir='ltr'><strong>διὰ</strong></span> <span class='ocrx_word' id='word_1_609' title='bbox 1583 1127 1609 1155; x_wconf 83' lang='grc' dir='ltr'><strong>τί</strong></span> <span class='ocrx_word' id='word_1_610' title='bbox 1630 1128 1676 1154; x_wconf 74' lang='grc' dir='ltr'><strong>καὶ</strong></span> <span class='ocrx_word' id='word_1_611' title='bbox 1699 1127 1802 1161; x_wconf 85' lang='grc' dir='ltr'>ἀλόγων</span> <span class='ocrx_word' id='word_1_612' title='bbox 1815 1126 1893 1162; x_wconf 78' lang='grc' dir='ltr'><strong>αὑτῷ</strong></span> 
     </span>
    </p>
   </div>
   <div class='ocr_carea' id='block_1_84' title="bbox 1103 1173 1893 1210">
    <p class='ocr_par' dir='ltr' id='par_1_84' title="bbox 1103 1173 1893 1210">
     <span class='ocr_line' id='line_1_84' title="bbox 1103 1173 1893 1210; baseline -0.005 -8"><span class='ocrx_word' id='word_1_613' title='bbox 1103 1175 1203 1207; x_wconf 79' lang='grc' dir='ltr'><strong>τύπους</strong></span> <span class='ocrx_word' id='word_1_614' title='bbox 1213 1175 1411 1210; x_wconf 81' lang='grc' dir='ltr'>περιτιθέασιν;</span> <span class='ocrx_word' id='word_1_615' title='bbox 1427 1174 1458 1201; x_wconf 72' lang='lat' dir='ltr'><strong>Ei</strong></span> <span class='ocrx_word' id='word_1_616' title='bbox 1470 1175 1498 1201; x_wconf 81' lang='grc' dir='ltr'>δὲ</span> <span class='ocrx_word' id='word_1_617' title='bbox 1513 1173 1588 1207; x_wconf 75' lang='grc' dir='ltr'>ζώων</span> <span class='ocrx_word' id='word_1_618' title='bbox 1604 1173 1708 1207; x_wconf 79' lang='grc' dir='ltr'><strong>ἀλόγων</strong></span> <span class='ocrx_word' id='word_1_619' title='bbox 1723 1173 1795 1199; x_wconf 72' lang='grc' dir='ltr'>ἐστὶν</span> <span class='ocrx_word' id='word_1_620' title='bbox 1807 1173 1820 1198; x_wconf 98' lang='lat'><strong>6</strong></span> <span class='ocrx_word' id='word_1_621' title='bbox 1831 1173 1893 1199; x_wconf 84' lang='grc' dir='ltr'>τού-</span> 
     </span>
    </p>
   </div>
   <div class='ocr_carea' id='block_1_85' title="bbox 1103 1219 1894 1256">
    <p class='ocr_par' dir='ltr' id='par_1_85' title="bbox 1103 1219 1894 1256">
     <span class='ocr_line' id='line_1_85' title="bbox 1103 1219 1894 1256; baseline -0.005 -7"><span class='ocrx_word' id='word_1_622' title='bbox 1103 1231 1149 1249; x_wconf 87' lang='grc' dir='ltr'><strong>του</strong></span> <span class='ocrx_word' id='word_1_623' title='bbox 1164 1222 1258 1254; x_wconf 85' lang='grc' dir='ltr'><strong>τύπος,</strong></span> <span class='ocrx_word' id='word_1_624' title='bbox 1271 1223 1315 1249; x_wconf 78' lang='grc' dir='ltr'><strong>διὰ</strong></span> <span class='ocrx_word' id='word_1_625' title='bbox 1330 1222 1356 1248; x_wconf 90' lang='grc' dir='ltr'><strong>τί</strong></span> <span class='ocrx_word' id='word_1_626' title='bbox 1367 1223 1414 1249; x_wconf 74' lang='grc' dir='ltr'>καὶ</span> <span class='ocrx_word' id='word_1_627' title='bbox 1426 1221 1542 1256; x_wconf 85' lang='grc' dir='ltr'>λογικῶν</span> <span class='ocrx_word' id='word_1_628' title='bbox 1554 1221 1628 1256; x_wconf 82' lang='grc' dir='ltr'>αὐτῷ</span> <span class='ocrx_word' id='word_1_629' title='bbox 1645 1219 1814 1256; x_wconf 78' lang='grc' dir='ltr'><strong>περιτιθέασι</strong></span> <span class='ocrx_word' id='word_1_630' title='bbox 1826 1219 1894 1253; x_wconf 85' lang='grc' dir='ltr'>γλυ-</span> 
     </span>
    </p>
   </div>
   <div class='ocr_carea' id='block_1_86' title="bbox 1105 1265 1893 1304">
    <p class='ocr_par' dir='ltr' id='par_1_86' title="bbox 1105 1265 1893 1304">
     <span class='ocr_line' id='line_1_86' title="bbox 1105 1265 1893 1304; baseline -0.006 -8"><span class='ocrx_word' id='word_1_631' title='bbox 1105 1269 1175 1304; x_wconf 54' lang='lat' dir='ltr'><strong>(pag;</strong></span> <span class='ocrx_word' id='word_1_632' title='bbox 1192 1270 1224 1296; x_wconf 89' lang='grc' dir='ltr'><strong>Εί</strong></span> <span class='ocrx_word' id='word_1_633' title='bbox 1236 1269 1264 1296; x_wconf 76' lang='grc' dir='ltr'>δὲ</span> <span class='ocrx_word' id='word_1_634' title='bbox 1276 1269 1306 1295; x_wconf 77' lang='grc' dir='ltr'>τὸ</span> <span class='ocrx_word' id='word_1_635' title='bbox 1321 1267 1525 1304; x_wconf 79' lang='grc' dir='ltr'>συναμφότερόν</span> <span class='ocrx_word' id='word_1_636' title='bbox 1538 1268 1607 1298; x_wconf 81' lang='grc' dir='ltr'>ἐστι,</span> <span class='ocrx_word' id='word_1_637' title='bbox 1623 1267 1669 1293; x_wconf 75' lang='grc' dir='ltr'>καὶ</span> <span class='ocrx_word' id='word_1_638' title='bbox 1683 1266 1713 1298; x_wconf 74' lang='grc' dir='ltr'>ἐξ</span> <span class='ocrx_word' id='word_1_639' title='bbox 1729 1265 1893 1301; x_wconf 77' lang='grc' dir='ltr'>ἀμφοτέρων</span> 
     </span>
    </p>
   </div>
   <div class='ocr_carea' id='block_1_87' title="bbox 1105 1311 1894 1350">
    <p class='ocr_par' dir='ltr' id='par_1_87' title="bbox 1105 1311 1894 1350">
     <span class='ocr_line' id='line_1_87' title="bbox 1105 1311 1894 1350; baseline -0.005 -9"><span class='ocrx_word' id='word_1_640' title='bbox 1105 1315 1284 1350; x_wconf 82' lang='grc' dir='ltr'>κατειλήφασι</span> <span class='ocrx_word' id='word_1_641' title='bbox 1309 1313 1353 1340; x_wconf 74' lang='grc' dir='ltr'><strong>τὸν</strong></span> <span class='ocrx_word' id='word_1_642' title='bbox 1369 1313 1444 1345; x_wconf 76' lang='grc' dir='ltr'>Θεὸν,</span> <span class='ocrx_word' id='word_1_643' title='bbox 1466 1313 1506 1339; x_wconf 84' lang='grc' dir='ltr'><strong>δτι</strong></span> <span class='ocrx_word' id='word_1_644' title='bbox 1521 1320 1551 1339; x_wconf 85' lang='grc' dir='ltr'><strong>τε</strong></span> <span class='ocrx_word' id='word_1_645' title='bbox 1573 1312 1678 1347; x_wconf 79' lang='grc' dir='ltr'>ἀλόγων</span> <span class='ocrx_word' id='word_1_646' title='bbox 1707 1311 1754 1338; x_wconf 81' lang='grc' dir='ltr'><strong>καὶ</strong></span> <span class='ocrx_word' id='word_1_647' title='bbox 1777 1311 1894 1345; x_wconf 79' lang='grc' dir='ltr'>λογικῶν</span> 
     </span>
    </p>
   </div>
   <div class='ocr_carea' id='block_1_88' title="bbox 1106 1356 1894 1395">
    <p class='ocr_par' dir='ltr' id='par_1_88' title="bbox 1106 1356 1894 1395">
     <span class='ocr_line' id='line_1_88' title="bbox 1106 1356 1894 1395; baseline -0.006 -9"><span class='ocrx_word' id='word_1_648' title='bbox 1106 1360 1161 1395; x_wconf 77' lang='grc' dir='ltr'>ἔχει</span> <span class='ocrx_word' id='word_1_649' title='bbox 1177 1359 1240 1391; x_wconf 70' lang='grc' dir='ltr'>τοὺς</span> <span class='ocrx_word' id='word_1_650' title='bbox 1250 1359 1361 1390; x_wconf 61' lang='grc' dir='ltr'>τύπους</span> <span class='ocrx_word' id='word_1_651' title='bbox 1385 1358 1413 1394; x_wconf 70' lang='grc' dir='ltr'>τί</span> <span class='ocrx_word' id='word_1_652' title='bbox 1434 1357 1567 1393; x_wconf 83' lang='grc' dir='ltr'>διαιροῦσι</span> <span class='ocrx_word' id='word_1_653' title='bbox 1590 1356 1624 1383; x_wconf 81' lang='grc' dir='ltr'>τὰ</span> <span class='ocrx_word' id='word_1_654' title='bbox 1648 1356 1816 1392; x_wconf 77' lang='grc' dir='ltr'><strong>συνημμένα,</strong></span> <span class='ocrx_word' id='word_1_655' title='bbox 1846 1356 1894 1382; x_wconf 76' lang='grc' dir='ltr'>καὶ</span> 
     </span>
    </p>
   </div>
   <div class='ocr_carea' id='block_1_89' title="bbox 1106 1401 1894 1442">
    <p class='ocr_par' dir='ltr' id='par_1_89' title="bbox 1106 1401 1894 1442">
     <span class='ocr_line' id='line_1_89' title="bbox 1106 1401 1894 1442; baseline -0.008 -10"><span class='ocrx_word' id='word_1_656' title='bbox 1106 1406 1251 1442; x_wconf 77' lang='grc' dir='ltr'>χωρίζουσι</span> <span class='ocrx_word' id='word_1_657' title='bbox 1267 1405 1315 1441; x_wconf 83' lang='grc' dir='ltr'>τὴν</span> <span class='ocrx_word' id='word_1_658' title='bbox 1330 1404 1434 1438; x_wconf 78' lang='grc' dir='ltr'>ἀλόγων</span> <span class='ocrx_word' id='word_1_659' title='bbox 1449 1404 1496 1430; x_wconf 75' lang='grc' dir='ltr'>καὶ</span> <span class='ocrx_word' id='word_1_660' title='bbox 1509 1402 1659 1439; x_wconf 82' lang='grc' dir='ltr'>ἀνθρώπων</span> <span class='ocrx_word' id='word_1_661' title='bbox 1669 1401 1783 1437; x_wconf 64' lang='grc' dir='ltr'>γλυφὴν,</span> <span class='ocrx_word' id='word_1_662' title='bbox 1799 1401 1845 1427; x_wconf 78' lang='grc' dir='ltr'>καὶ</span> <span class='ocrx_word' id='word_1_663' title='bbox 1861 1401 1894 1427; x_wconf 82' lang='grc' dir='ltr'>οὐ</span> 
     </span>
    </p>
   </div>
   <div class='ocr_carea' id='block_1_90' title="bbox 1108 1447 1896 1487">
    <p class='ocr_par' dir='ltr' id='par_1_90' title="bbox 1108 1447 1896 1487">
     <span class='ocr_line' id='line_1_90' title="bbox 1108 1447 1896 1487; baseline -0.01 -8"><span class='ocrx_word' id='word_1_664' title='bbox 1108 1452 1222 1479; x_wconf 74' lang='grc' dir='ltr'>πάντοτε</span> <span class='ocrx_word' id='word_1_665' title='bbox 1251 1451 1280 1484; x_wconf 76' lang='grc' dir='ltr'><strong>ἐξ</strong></span> <span class='ocrx_word' id='word_1_666' title='bbox 1303 1451 1464 1487; x_wconf 83' lang='grc' dir='ltr'>ἀμφοτέρων</span> <span class='ocrx_word' id='word_1_667' title='bbox 1479 1449 1560 1476; x_wconf 75' lang='grc' dir='ltr'>αὐτὸν</span> <span class='ocrx_word' id='word_1_668' title='bbox 1574 1447 1731 1482; x_wconf 68' lang='grc' dir='ltr'>γλύφουσιν,</span> <span class='ocrx_word' id='word_1_669' title='bbox 1756 1447 1836 1473; x_wconf 62' lang='grc' dir='ltr'>ἑποῖα</span> <span class='ocrx_word' id='word_1_670' title='bbox 1859 1447 1896 1472; x_wconf 71' lang='grc' dir='ltr'><strong>τὰ</strong></span> 
     </span>
    </p>
   </div>
   <div class='ocr_carea' id='block_1_91' title="bbox 1108 1493 1894 1533">
    <p class='ocr_par' dir='ltr' id='par_1_91' title="bbox 1108 1493 1894 1533">
     <span class='ocr_line' id='line_1_91' title="bbox 1108 1493 1894 1533; baseline -0.009 -8"><span class='ocrx_word' id='word_1_671' title='bbox 1108 1498 1184 1533; x_wconf 81' lang='grc' dir='ltr'>παρὰ</span> <span class='ocrx_word' id='word_1_672' title='bbox 1206 1499 1261 1530; x_wconf 77' lang='grc' dir='ltr'>τοῖς</span> <span class='ocrx_word' id='word_1_673' title='bbox 1280 1497 1373 1533; x_wconf 83' lang='grc' dir='ltr'>μύθοις</span> <span class='ocrx_word' id='word_1_674' title='bbox 1388 1497 1447 1523; x_wconf 78' lang='grc' dir='ltr'>ἐστὶ</span> <span class='ocrx_word' id='word_1_675' title='bbox 1459 1496 1615 1530; x_wconf 79' lang='grc' dir='ltr'>πλάσματα,</span> <span class='ocrx_word' id='word_1_676' title='bbox 1631 1495 1647 1530; x_wconf 83' lang='grc' dir='ltr'>ἡ</span> <span class='ocrx_word' id='word_1_677' title='bbox 1667 1493 1783 1532; x_wconf 50' lang='lat' dir='ltr'><strong>Milia,</strong></span> <span class='ocrx_word' id='word_1_678' title='bbox 1802 1493 1849 1519; x_wconf 71' lang='lat' dir='ltr'><strong>xui.</strong></span> <span class='ocrx_word' id='word_1_679' title='bbox 1877 1494 1894 1528; x_wconf 82' lang='grc' dir='ltr'>ἡ</span> 
     </span>
    </p>
   </div>
   <div class='ocr_carea' id='block_1_92' title="bbox 1108 1540 1896 1583">
    <p class='ocr_par' dir='ltr' id='par_1_92' title="bbox 1108 1540 1896 1583">
     <span class='ocr_line' id='line_1_92' title="bbox 1108 1540 1896 1583; baseline -0.009 -11"><span class='ocrx_word' id='word_1_680' title='bbox 1108 1544 1253 1583; x_wconf 52' lang='grc' dir='ltr'>Χᾴρυεῖδις,</span> <span class='ocrx_word' id='word_1_681' title='bbox 1273 1545 1320 1572; x_wconf 77' lang='grc' dir='ltr'><strong>καὶ</strong></span> <span class='ocrx_word' id='word_1_682' title='bbox 1339 1544 1353 1570; x_wconf 93' lang='lat'><strong>6</strong></span> <span class='ocrx_word' id='word_1_683' title='bbox 1370 1543 1609 1583; x_wconf 50' lang='grc' dir='ltr'><strong>ΊιιἫλκέὲοξορρι)ς1</strong></span> <span class='ocrx_word' id='word_1_684' title='bbox 1627 1542 1674 1568; x_wconf 76' lang='grc' dir='ltr'>καὶ</span> <span class='ocrx_word' id='word_1_685' title='bbox 1692 1541 1706 1567; x_wconf 88' lang='lat'><strong>6</strong></span> <span class='ocrx_word' id='word_1_686' title='bbox 1727 1541 1792 1576; x_wconf 79' lang='grc' dir='ltr'>παρ’</span> <span class='ocrx_word' id='word_1_687' title='bbox 1809 1540 1896 1574; x_wconf 81' lang='grc' dir='ltr'>Λίγυ-</span> 
     </span>
    </p>
   </div>
   <div class='ocr_carea' id='block_1_93' title="bbox 1104 1580 1896 1635">
    <p class='ocr_par' dir='ltr' id='par_1_93' title="bbox 1104 1580 1896 1635">
     <span class='ocr_line' id='line_1_93' title="bbox 1104 1580 1896 1635; baseline -0.013 -17"><span class='ocrx_word' id='word_1_688' title='bbox 1104 1580 1383 1624; x_wconf 52' lang='grc' dir='ltr'>πτίῖξπνοκὲφαλος</span> <span class='ocrx_word' id='word_1_689' title='bbox 1395 1580 1520 1635; x_wconf 42' lang='grc' dir='ltr'><strong>’Μή</strong></span> <span class='ocrx_word' id='word_1_690' title='bbox 1551 1587 1624 1613; x_wconf 83' lang='grc' dir='ltr'><strong>Ἔδει</strong></span> <span class='ocrx_word' id='word_1_691' title='bbox 1633 1586 1686 1622; x_wconf 78' lang='grc' dir='ltr'><strong>γὰρ</strong></span> <span class='ocrx_word' id='word_1_692' title='bbox 1699 1586 1716 1621; x_wconf 83' lang='grc' dir='ltr'>ἢ</span> <span class='ocrx_word' id='word_1_693' title='bbox 1733 1586 1830 1621; x_wconf 85' lang='grc' dir='ltr'>μόνους</span> <span class='ocrx_word' id='word_1_694' title='bbox 1845 1585 1896 1611; x_wconf 78' lang='grc' dir='ltr'>αὐ-</span> 
     </span>
    </p>
   </div>
   <div class='ocr_carea' id='block_1_94' title="bbox 1102 1631 1895 1671">
    <p class='ocr_par' dir='ltr' id='par_1_94' title="bbox 1102 1631 1895 1671">
     <span class='ocr_line' id='line_1_94' title="bbox 1102 1631 1895 1671; baseline -0.009 -8"><span class='ocrx_word' id='word_1_695' title='bbox 1102 1637 1165 1668; x_wconf 73' lang='grc' dir='ltr'>τοὺς</span> <span class='ocrx_word' id='word_1_696' title='bbox 1177 1636 1247 1662; x_wconf 76' lang='grc' dir='ltr'>οὕτω</span> <span class='ocrx_word' id='word_1_697' title='bbox 1261 1634 1414 1671; x_wconf 77' lang='grc' dir='ltr'>γράφεσθαι</span> <span class='ocrx_word' id='word_1_698' title='bbox 1428 1631 1544 1668; x_wconf 52' lang='grc' dir='ltr'>διᾘεῖς,</span> <span class='ocrx_word' id='word_1_699' title='bbox 1558 1632 1574 1668; x_wconf 82' lang='grc' dir='ltr'>ἢ</span> <span class='ocrx_word' id='word_1_700' title='bbox 1595 1633 1659 1668; x_wconf 88' lang='grc' dir='ltr'>μίαν</span> <span class='ocrx_word' id='word_1_701' title='bbox 1674 1631 1764 1659; x_wconf 80' lang='grc' dir='ltr'><strong>αὺτῶν</strong></span> <span class='ocrx_word' id='word_1_702' title='bbox 1776 1631 1895 1666; x_wconf 79' lang='grc' dir='ltr'>ἐχόντων</span> 
     </span>
    </p>
   </div>
   <div class='ocr_carea' id='block_1_95' title="bbox 1105 1676 1894 1720">
    <p class='ocr_par' dir='ltr' id='par_1_95' title="bbox 1105 1676 1894 1720">
     <span class='ocr_line' id='line_1_95' title="bbox 1105 1676 1894 1720; baseline -0.01 -10"><span class='ocrx_word' id='word_1_703' title='bbox 1105 1683 1220 1720; x_wconf 72' lang='grc' dir='ltr'>μορφὴν,</span> <span class='ocrx_word' id='word_1_704' title='bbox 1238 1683 1274 1719; x_wconf 86' lang='grc' dir='ltr'>μὴ</span> <span class='ocrx_word' id='word_1_705' title='bbox 1299 1683 1347 1709; x_wconf 76' lang='grc' dir='ltr'>καὶ</span> <span class='ocrx_word' id='word_1_706' title='bbox 1369 1682 1417 1717; x_wconf 89' lang='grc' dir='ltr'><strong>τὴν</strong></span> <span class='ocrx_word' id='word_1_707' title='bbox 1433 1681 1516 1716; x_wconf 79' lang='grc' dir='ltr'>ἄλλην</span> <span class='ocrx_word' id='word_1_708' title='bbox 1533 1679 1751 1707; x_wconf 83' lang='grc' dir='ltr'>ἀναπλάττεσθαι</span> <span class='ocrx_word' id='word_1_709' title='bbox 1768 1678 1826 1704; x_wconf 83' lang='grc' dir='ltr'>κατ’</span> <span class='ocrx_word' id='word_1_710' title='bbox 1842 1676 1894 1702; x_wconf 83' lang='grc' dir='ltr'><strong>αὺ-</strong></span> 
     </span>
    </p>
   </div>
   <div class='ocr_carea' id='block_1_96' title="bbox 1103 1721 1892 1763">
    <p class='ocr_par' dir='ltr' id='par_1_96' title="bbox 1103 1721 1892 1763">
     <span class='ocr_line' id='line_1_96' title="bbox 1103 1721 1892 1763; baseline -0.013 -7"><span class='ocrx_word' id='word_1_711' title='bbox 1103 1729 1166 1756; x_wconf 83' lang='grc' dir='ltr'>τῶν.</span> <span class='ocrx_word' id='word_1_712' title='bbox 1183 1729 1237 1756; x_wconf 59' lang='grc' dir='ltr'><strong>Καὶ⁶</strong></span> <span class='ocrx_word' id='word_1_713' title='bbox 1250 1728 1329 1755; x_wconf 81' lang='grc' dir='ltr'>πάλιν</span> <span class='ocrx_word' id='word_1_714' title='bbox 1343 1728 1367 1754; x_wconf 88' lang='grc' dir='ltr'><strong>εἰ</strong></span> <span class='ocrx_word' id='word_1_715' title='bbox 1383 1727 1526 1763; x_wconf 78' lang='grc' dir='ltr'>ἀῤῥενικαὶ</span> <span class='ocrx_word' id='word_1_716' title='bbox 1538 1726 1640 1753; x_wconf 86' lang='grc' dir='ltr'>τούτων</span> <span class='ocrx_word' id='word_1_717' title='bbox 1655 1725 1723 1752; x_wconf 73' lang='grc' dir='ltr'>είσὶν</span> <span class='ocrx_word' id='word_1_718' title='bbox 1736 1724 1762 1750; x_wconf 90' lang='grc' dir='ltr'><strong>αί</strong></span> <span class='ocrx_word' id='word_1_719' title='bbox 1779 1721 1892 1758; x_wconf 76' lang='grc' dir='ltr'>μορφαὶ,</span> 
     </span>
    </p>
   </div>
   <div class='ocr_carea' id='block_1_97' title="bbox 1102 1767 1894 1810">
    <p class='ocr_par' dir='ltr' id='par_1_97' title="bbox 1102 1767 1894 1810">
     <span class='ocr_line' id='line_1_97' title="bbox 1102 1767 1894 1810; baseline -0.011 -8"><span class='ocrx_word' id='word_1_720' title='bbox 1102 1776 1147 1802; x_wconf 72' lang='grc' dir='ltr'><strong>διὰ</strong></span> <span class='ocrx_word' id='word_1_721' title='bbox 1163 1775 1188 1802; x_wconf 86' lang='grc' dir='ltr'><strong>τί</strong></span> <span class='ocrx_word' id='word_1_722' title='bbox 1204 1776 1249 1802; x_wconf 76' lang='grc' dir='ltr'>καὶ</span> <span class='ocrx_word' id='word_1_723' title='bbox 1259 1774 1372 1810; x_wconf 81' lang='grc' dir='ltr'>θηλειῶν</span> <span class='ocrx_word' id='word_1_724' title='bbox 1383 1773 1475 1804; x_wconf 82' lang='grc' dir='ltr'>αὐτοῖς</span> <span class='ocrx_word' id='word_1_725' title='bbox 1494 1771 1664 1808; x_wconf 83' lang='grc' dir='ltr'>περιτιθέασι</span> <span class='ocrx_word' id='word_1_726' title='bbox 1679 1769 1795 1800; x_wconf 82' lang='grc' dir='ltr'>τύπους;</span> <span class='ocrx_word' id='word_1_727' title='bbox 1812 1768 1836 1794; x_wconf 83' lang='grc' dir='ltr'><strong>εί</strong></span> <span class='ocrx_word' id='word_1_728' title='bbox 1863 1767 1894 1793; x_wconf 76' lang='grc' dir='ltr'>δὲ</span> 
     </span>
    </p>
   </div>
   <div class='ocr_carea' id='block_1_98' title="bbox 1104 1813 1895 1858">
    <p class='ocr_par' dir='ltr' id='par_1_98' title="bbox 1104 1813 1895 1858">
     <span class='ocr_line' id='line_1_98' title="bbox 1104 1813 1895 1858; baseline -0.011 -10"><span class='ocrx_word' id='word_1_729' title='bbox 1104 1821 1227 1858; x_wconf 81' lang='grc' dir='ltr'>θηλυκῶν</span> <span class='ocrx_word' id='word_1_730' title='bbox 1245 1822 1298 1848; x_wconf 84' lang='grc' dir='ltr'>εἱσι</span> <span class='ocrx_word' id='word_1_731' title='bbox 1319 1820 1387 1857; x_wconf 58' lang='lat'><strong>(25?,</strong></span> <span class='ocrx_word' id='word_1_732' title='bbox 1403 1819 1447 1847; x_wconf 82' lang='grc' dir='ltr'><strong>διὰ</strong></span> <span class='ocrx_word' id='word_1_733' title='bbox 1470 1819 1496 1845; x_wconf 88' lang='grc' dir='ltr'><strong>τί</strong></span> <span class='ocrx_word' id='word_1_734' title='bbox 1509 1819 1555 1846; x_wconf 75' lang='grc' dir='ltr'>καὶ</span> <span class='ocrx_word' id='word_1_735' title='bbox 1569 1815 1720 1853; x_wconf 69' lang='grc' dir='ltr'>ἀρρενικῶν</span> <span class='ocrx_word' id='word_1_736' title='bbox 1734 1815 1792 1842; x_wconf 79' lang='grc' dir='ltr'>κατ’</span> <span class='ocrx_word' id='word_1_737' title='bbox 1802 1813 1895 1841; x_wconf 77' lang='grc' dir='ltr'>αὐτῶν</span> 
     </span>
    </p>
   </div>
   <div class='ocr_carea' id='block_1_99' title="bbox 1102 1857 1894 1903">
    <p class='ocr_par' dir='ltr' id='par_1_99' title="bbox 1102 1857 1894 1903">
     <span class='ocr_line' id='line_1_99' title="bbox 1102 1857 1894 1903; baseline -0.014 -8"><span class='ocrx_word' id='word_1_738' title='bbox 1102 1867 1243 1903; x_wconf 71' lang='grc' dir='ltr'>ψεύδονται</span> <span class='ocrx_word' id='word_1_739' title='bbox 1257 1866 1307 1898; x_wconf 85' lang='grc' dir='ltr'>τὰς</span> <span class='ocrx_word' id='word_1_740' title='bbox 1328 1865 1450 1901; x_wconf 69' lang='grc' dir='ltr'>μορφάςς</span> <span class='ocrx_word' id='word_1_741' title='bbox 1465 1865 1488 1891; x_wconf 83' lang='grc' dir='ltr'>εἰ</span> <span class='ocrx_word' id='word_1_742' title='bbox 1505 1864 1532 1890; x_wconf 79' lang='grc' dir='ltr'>δὲ</span> <span class='ocrx_word' id='word_1_743' title='bbox 1548 1863 1629 1890; x_wconf 78' lang='grc' dir='ltr'>πάλιν</span> <span class='ocrx_word' id='word_1_744' title='bbox 1644 1862 1674 1888; x_wconf 81' lang='grc' dir='ltr'><strong>τὺ</strong></span> <span class='ocrx_word' id='word_1_745' title='bbox 1691 1857 1894 1896; x_wconf 76' lang='grc' dir='ltr'>συναμφότερόν</span> 
     </span>
    </p>
   </div>
   <div class='ocr_carea' id='block_1_100' title="bbox 1104 1906 1896 1949">
    <p class='ocr_par' dir='ltr' id='par_1_100' title="bbox 1104 1906 1896 1949">
     <span class='ocr_line' id='line_1_100' title="bbox 1104 1906 1896 1949; baseline -0.013 -8"><span class='ocrx_word' id='word_1_746' title='bbox 1104 1914 1183 1946; x_wconf 76' lang='grc' dir='ltr'>εἰσιν,</span> <span class='ocrx_word' id='word_1_747' title='bbox 1200 1914 1253 1940; x_wconf 79' lang='grc' dir='ltr'>ἔδει</span> <span class='ocrx_word' id='word_1_748' title='bbox 1269 1913 1306 1949; x_wconf 86' lang='grc' dir='ltr'>μὴ</span> <span class='ocrx_word' id='word_1_749' title='bbox 1319 1910 1490 1947; x_wconf 88' lang='grc' dir='ltr'>διαιρεῖσθαι,</span> <span class='ocrx_word' id='word_1_750' title='bbox 1508 1910 1575 1936; x_wconf 83' lang='grc' dir='ltr'>ἀλλὰ</span> <span class='ocrx_word' id='word_1_751' title='bbox 1603 1908 1744 1944; x_wconf 80' lang='grc' dir='ltr'>ἀμφότερα</span> <span class='ocrx_word' id='word_1_752' title='bbox 1759 1906 1896 1933; x_wconf 76' lang='grc' dir='ltr'>συνάπτε-</span> 
     </span>
    </p>
   </div>
   <div class='ocr_carea' id='block_1_101' title="bbox 1106 1953 1894 1993">
    <p class='ocr_par' dir='ltr' id='par_1_101' title="bbox 1106 1953 1894 1993">
     <span class='ocr_line' id='line_1_101' title="bbox 1106 1953 1894 1993; baseline -0.015 -5"><span class='ocrx_word' id='word_1_753' title='bbox 1106 1960 1177 1989; x_wconf 74' lang='grc' dir='ltr'>σθαι,</span> <span class='ocrx_word' id='word_1_754' title='bbox 1193 1959 1240 1986; x_wconf 78' lang='grc' dir='ltr'>καὶ</span> <span class='ocrx_word' id='word_1_755' title='bbox 1255 1958 1377 1993; x_wconf 85' lang='grc' dir='ltr'>γίνεσθαι</span> <span class='ocrx_word' id='word_1_756' title='bbox 1394 1955 1466 1983; x_wconf 78' lang='grc' dir='ltr'>κατὰ</span> <span class='ocrx_word' id='word_1_757' title='bbox 1490 1956 1553 1987; x_wconf 75' lang='grc' dir='ltr'><strong>τοὺς</strong></span> <span class='ocrx_word' id='word_1_758' title='bbox 1575 1953 1736 1989; x_wconf 83' lang='grc' dir='ltr'>λεγομένους</span> <span class='ocrx_word' id='word_1_759' title='bbox 1751 1953 1894 1988; x_wconf 65' lang='grc' dir='ltr'>ἑρμαᾳρο-</span> 
     </span>
    </p>
   </div>
   <div class='ocr_carea' id='block_1_102' title="bbox 1105 1996 1895 2040">
    <p class='ocr_par' dir='ltr' id='par_1_102' title="bbox 1105 1996 1895 2040">
     <span class='ocr_line' id='line_1_102' title="bbox 1105 1996 1895 2040; baseline -0.013 -8"><span class='ocrx_word' id='word_1_760' title='bbox 1105 2006 1203 2037; x_wconf 81' lang='grc' dir='ltr'>δίτους’</span> <span class='ocrx_word' id='word_1_761' title='bbox 1220 2005 1264 2032; x_wconf 79' lang='grc' dir='ltr'>ἵνα</span> <span class='ocrx_word' id='word_1_762' title='bbox 1285 2004 1322 2040; x_wconf 84' lang='grc' dir='ltr'>μὴ</span> <span class='ocrx_word' id='word_1_763' title='bbox 1335 2003 1413 2038; x_wconf 83' lang='grc' dir='ltr'>μόνον</span> <span class='ocrx_word' id='word_1_764' title='bbox 1422 2001 1548 2029; x_wconf 80' lang='grc' dir='ltr'>ἀσέϐειαν</span> <span class='ocrx_word' id='word_1_765' title='bbox 1562 2000 1608 2028; x_wconf 75' lang='grc' dir='ltr'>καὶ</span> <span class='ocrx_word' id='word_1_766' title='bbox 1624 1998 1814 2033; x_wconf 75' lang='grc' dir='ltr'>συκοφαντίαν,</span> <span class='ocrx_word' id='word_1_767' title='bbox 1825 1996 1895 2023; x_wconf 79' lang='grc' dir='ltr'>ἀλλὰ</span> 
     </span>
    </p>
   </div>
   <div class='ocr_carea' id='block_1_103' title="bbox 1105 2043 1897 2086">
    <p class='ocr_par' dir='ltr' id='par_1_103' title="bbox 1105 2043 1897 2086">
     <span class='ocr_line' id='line_1_103' title="bbox 1105 2043 1897 2086; baseline -0.013 -7"><span class='ocrx_word' id='word_1_768' title='bbox 1105 2052 1152 2079; x_wconf 64' lang='grc' dir='ltr'>καὶ</span> <span class='ocrx_word' id='word_1_769' title='bbox 1163 2051 1281 2086; x_wconf 73' lang='grc' dir='ltr'>γέλωτας</span> <span class='ocrx_word' id='word_1_770' title='bbox 1295 2048 1384 2076; x_wconf 78' lang='grc' dir='ltr'>αὐτῶν</span> <span class='ocrx_word' id='word_1_771' title='bbox 1401 2050 1418 2084; x_wconf 81' lang='grc' dir='ltr'>ἡ</span> <span class='ocrx_word' id='word_1_772' title='bbox 1432 2047 1624 2082; x_wconf 83' lang='grc' dir='ltr'>δεισιδαιμονία</span> <span class='ocrx_word' id='word_1_773' title='bbox 1643 2047 1697 2077; x_wconf 83' lang='grc' dir='ltr'>τοῖς</span> <span class='ocrx_word' id='word_1_774' title='bbox 1712 2044 1794 2080; x_wconf 79' lang='grc' dir='ltr'>ὁρῶσι</span> <span class='ocrx_word' id='word_1_775' title='bbox 1806 2043 1897 2079; x_wconf 77' lang='grc' dir='ltr'>παρά-</span> 
     </span>
    </p>
   </div>
   <div class='ocr_carea' id='block_1_104' title="bbox 1105 2091 1897 2133">
    <p class='ocr_par' dir='ltr' id='par_1_104' title="bbox 1105 2091 1897 2133">
     <span class='ocr_line' id='line_1_104' title="bbox 1105 2091 1897 2133; baseline -0.01 -9"><span class='ocrx_word' id='word_1_776' title='bbox 1105 2106 1167 2133; x_wconf 79' lang='grc' dir='ltr'>σχῃ·</span> <span class='ocrx_word' id='word_1_777' title='bbox 1181 2097 1229 2124; x_wconf 72' lang='grc' dir='ltr'>καὶ</span> <span class='ocrx_word' id='word_1_778' title='bbox 1241 2097 1309 2128; x_wconf 83' lang='grc' dir='ltr'>ὅλως</span> <span class='ocrx_word' id='word_1_779' title='bbox 1325 2096 1350 2122; x_wconf 88' lang='grc' dir='ltr'><strong>εί</strong></span> <span class='ocrx_word' id='word_1_780' title='bbox 1366 2094 1545 2130; x_wconf 74' lang='grc' dir='ltr'>σωματοειδὲς</span> <span class='ocrx_word' id='word_1_781' title='bbox 1553 2093 1582 2120; x_wconf 85' lang='grc' dir='ltr'>τὺ</span> <span class='ocrx_word' id='word_1_782' title='bbox 1597 2093 1673 2120; x_wconf 79' lang='grc' dir='ltr'>Θεῖον</span> <span class='ocrx_word' id='word_1_783' title='bbox 1688 2091 1897 2125; x_wconf 78' lang='grc' dir='ltr'>ὑπολαμῦάνου-</span> 
     </span>
    </p>
   </div>
   <div class='ocr_carea' id='block_1_105' title="bbox 1106 2137 1898 2176">
    <p class='ocr_par' dir='ltr' id='par_1_105' title="bbox 1106 2137 1898 2176">
     <span class='ocr_line' id='line_1_105' title="bbox 1106 2137 1898 2176; baseline -0.01 -6"><span class='ocrx_word' id='word_1_784' title='bbox 1106 2151 1158 2175; x_wconf 85' lang='grc' dir='ltr'>σιν,</span> <span class='ocrx_word' id='word_1_785' title='bbox 1171 2143 1239 2169; x_wconf 87' lang='grc' dir='ltr'>ὥστε</span> <span class='ocrx_word' id='word_1_786' title='bbox 1255 2143 1302 2169; x_wconf 75' lang='grc' dir='ltr'>καὶ</span> <span class='ocrx_word' id='word_1_787' title='bbox 1316 2141 1437 2176; x_wconf 84' lang='grc' dir='ltr'>γαστέρα</span> <span class='ocrx_word' id='word_1_788' title='bbox 1452 2140 1500 2167; x_wconf 74' lang='grc' dir='ltr'>καὶ</span> <span class='ocrx_word' id='word_1_789' title='bbox 1515 2141 1607 2176; x_wconf 83' lang='grc' dir='ltr'>χεῖρας</span> <span class='ocrx_word' id='word_1_790' title='bbox 1622 2139 1668 2166; x_wconf 68' lang='grc' dir='ltr'>καὶ</span> <span class='ocrx_word' id='word_1_791' title='bbox 1683 2138 1774 2169; x_wconf 81' lang='grc' dir='ltr'>πόδας,</span> <span class='ocrx_word' id='word_1_792' title='bbox 1788 2137 1835 2164; x_wconf 69' lang='grc' dir='ltr'><strong>καὶ</strong></span> <span class='ocrx_word' id='word_1_793' title='bbox 1844 2137 1898 2163; x_wconf 82' lang='grc' dir='ltr'><strong>πά-</strong></span> 
     </span>
    </p>
   </div>
   <div class='ocr_carea' id='block_1_106' title="bbox 1105 2183 1897 2223">
    <p class='ocr_par' dir='ltr' id='par_1_106' title="bbox 1105 2183 1897 2223">
     <span class='ocr_line' id='line_1_106' title="bbox 1105 2183 1897 2223; baseline -0.009 -8"><span class='ocrx_word' id='word_1_794' title='bbox 1105 2188 1147 2215; x_wconf 90' lang='grc' dir='ltr'><strong>λιν</strong></span> <span class='ocrx_word' id='word_1_795' title='bbox 1164 2188 1264 2223; x_wconf 81' lang='grc' dir='ltr'>αὐχένα</span> <span class='ocrx_word' id='word_1_796' title='bbox 1280 2187 1327 2214; x_wconf 70' lang='grc' dir='ltr'><strong>καὶ</strong></span> <span class='ocrx_word' id='word_1_797' title='bbox 1344 2186 1427 2222; x_wconf 87' lang='grc' dir='ltr'>στήθη</span> <span class='ocrx_word' id='word_1_798' title='bbox 1444 2185 1491 2213; x_wconf 73' lang='grc' dir='ltr'>καὶ</span> <span class='ocrx_word' id='word_1_799' title='bbox 1507 2185 1540 2212; x_wconf 79' lang='grc' dir='ltr'><strong>τὰ</strong></span> <span class='ocrx_word' id='word_1_800' title='bbox 1561 2184 1628 2212; x_wconf 80' lang='grc' dir='ltr'>ἄλλα</span> <span class='ocrx_word' id='word_1_801' title='bbox 1649 2183 1683 2210; x_wconf 79' lang='grc' dir='ltr'><strong>τὰ</strong></span> <span class='ocrx_word' id='word_1_802' title='bbox 1706 2183 1774 2218; x_wconf 77' lang='grc' dir='ltr'>πρὸς</span> <span class='ocrx_word' id='word_1_803' title='bbox 1788 2183 1897 2217; x_wconf 84' lang='grc' dir='ltr'>γένεσιν</span> 
     </span>
    </p>
   </div>
   <div class='ocr_carea' id='block_1_107' title="bbox 1069 2228 1897 2273">
    <p class='ocr_par' dir='ltr' id='par_1_107' title="bbox 1069 2228 1897 2273">
     <span class='ocr_line' id='line_1_107' title="bbox 1069 2228 1897 2273; baseline -0.01 -12"><span class='ocrx_word' id='word_1_804' title='bbox 1069 2243 1094 2273; x_wconf 79' lang='lat' dir='ltr'><strong>D</strong></span> <span class='ocrx_word' id='word_1_805' title='bbox 1106 2233 1256 2270; x_wconf 81' lang='grc' dir='ltr'>ἀνθρώπων</span> <span class='ocrx_word' id='word_1_806' title='bbox 1275 2233 1342 2269; x_wconf 87' lang='grc' dir='ltr'>μέλη</span> <span class='ocrx_word' id='word_1_807' title='bbox 1358 2233 1473 2259; x_wconf 78' lang='grc' dir='ltr'>ἐπινοεῖν</span> <span class='ocrx_word' id='word_1_808' title='bbox 1489 2230 1562 2266; x_wconf 73' lang='grc' dir='ltr'>αὐτῷ</span> <span class='ocrx_word' id='word_1_809' title='bbox 1577 2230 1623 2257; x_wconf 54' lang='grc' dir='ltr'><strong>καὶ⁸</strong></span> <span class='ocrx_word' id='word_1_810' title='bbox 1642 2228 1830 2256; x_wconf 78' lang='grc' dir='ltr'>ἀναπλάττειν·</span> <span class='ocrx_word' id='word_1_811' title='bbox 1844 2228 1897 2263; x_wconf 83' lang='grc' dir='ltr'><strong>δρα</strong></span> 
     </span>
    </p>
   </div>
   <div class='ocr_carea' id='block_1_108' title="bbox 1107 2273 1897 2314">
    <p class='ocr_par' dir='ltr' id='par_1_108' title="bbox 1107 2273 1897 2314">
     <span class='ocr_line' id='line_1_108' title="bbox 1107 2273 1897 2314; baseline -0.009 -8"><span class='ocrx_word' id='word_1_812' title='bbox 1107 2279 1146 2312; x_wconf 81' lang='grc' dir='ltr'><strong>είς</strong></span> <span class='ocrx_word' id='word_1_813' title='bbox 1159 2280 1225 2314; x_wconf 83' lang='grc' dir='ltr'>ὅσην</span> <span class='ocrx_word' id='word_1_814' title='bbox 1242 2278 1369 2305; x_wconf 76' lang='grc' dir='ltr'>ἀσέϐειαν</span> <span class='ocrx_word' id='word_1_815' title='bbox 1380 2277 1427 2304; x_wconf 69' lang='grc' dir='ltr'>καὶ</span> <span class='ocrx_word' id='word_1_816' title='bbox 1438 2276 1571 2311; x_wconf 82' lang='grc' dir='ltr'>ἀθεότητα</span> <span class='ocrx_word' id='word_1_817' title='bbox 1585 2274 1785 2302; x_wconf 78' lang='grc' dir='ltr'>καταπέπτωκε</span> <span class='ocrx_word' id='word_1_818' title='bbox 1792 2273 1897 2300; x_wconf 82' lang='grc' dir='ltr'>τούτων</span> 
     </span>
    </p>
   </div>
   <div class='ocr_carea' id='block_1_109' title="bbox 1106 2317 1896 2356">
    <p class='ocr_par' dir='ltr' id='par_1_109' title="bbox 1106 2317 1896 2356">
     <span class='ocr_line' id='line_1_109' title="bbox 1106 2317 1896 2356; baseline -0.01 -4"><span class='ocrx_word' id='word_1_819' title='bbox 1106 2326 1121 2352; x_wconf 83' lang='grc' dir='ltr'>ὁ</span> <span class='ocrx_word' id='word_1_820' title='bbox 1137 2324 1209 2356; x_wconf 76' lang='grc' dir='ltr'>νοῦς,</span> <span class='ocrx_word' id='word_1_821' title='bbox 1228 2322 1297 2350; x_wconf 81' lang='grc' dir='ltr'>ὥστε</span> <span class='ocrx_word' id='word_1_822' title='bbox 1319 2322 1431 2349; x_wconf 73' lang='grc' dir='ltr'>τοιαῦτα</span> <span class='ocrx_word' id='word_1_823' title='bbox 1449 2322 1572 2348; x_wconf 80' lang='grc' dir='ltr'>ὑπονοεῖν</span> <span class='ocrx_word' id='word_1_824' title='bbox 1583 2320 1638 2355; x_wconf 75' lang='lat'><strong>(26)</strong></span> <span class='ocrx_word' id='word_1_825' title='bbox 1655 2317 1779 2355; x_wconf 74' lang='grc' dir='ltr'>περὶτοῦ</span> <span class='ocrx_word' id='word_1_826' title='bbox 1805 2318 1896 2345; x_wconf 84' lang='grc' dir='ltr'>Θείου.</span> 
     </span>
    </p>
   </div>
   <div class='ocr_carea' id='block_1_110' title="bbox 1114 2364 1898 2405">
    <p class='ocr_par' dir='ltr' id='par_1_110' title="bbox 1114 2364 1898 2405">
     <span class='ocr_line' id='line_1_110' title="bbox 1114 2364 1898 2405; baseline -0.01 -8"><span class='ocrx_word' id='word_1_827' title='bbox 1114 2369 1267 2398; x_wconf 78' lang='grc' dir='ltr'>Ἀκολουθεί</span> <span class='ocrx_word' id='word_1_828' title='bbox 1279 2369 1333 2405; x_wconf 70' lang='grc' dir='ltr'><strong>γὰρ</strong></span> <span class='ocrx_word' id='word_1_829' title='bbox 1347 2367 1421 2403; x_wconf 74' lang='grc' dir='ltr'>αὐτῷ</span> <span class='ocrx_word' id='word_1_830' title='bbox 1441 2368 1487 2394; x_wconf 81' lang='grc' dir='ltr'><strong>καὶ</strong></span> <span class='ocrx_word' id='word_1_831' title='bbox 1504 2366 1536 2393; x_wconf 72' lang='grc' dir='ltr'>τὰ</span> <span class='ocrx_word' id='word_1_832' title='bbox 1543 2366 1610 2393; x_wconf 82' lang='grc' dir='ltr'>ἄλλα</span> <span class='ocrx_word' id='word_1_833' title='bbox 1623 2365 1670 2392; x_wconf 76' lang='grc' dir='ltr'>τοῦ</span> <span class='ocrx_word' id='word_1_834' title='bbox 1690 2365 1814 2400; x_wconf 80' lang='grc' dir='ltr'>σώματος</span> <span class='ocrx_word' id='word_1_835' title='bbox 1830 2364 1898 2390; x_wconf 80' lang='grc' dir='ltr'>πάν-</span> 
     </span>
    </p>
   </div>
   <div class='ocr_carea' id='block_1_111' title="bbox 1108 2409 1896 2450">
    <p class='ocr_par' dir='ltr' id='par_1_111' title="bbox 1108 2409 1896 2450">
     <span class='ocr_line' id='line_1_111' title="bbox 1108 2409 1896 2450; baseline -0.009 -8"><span class='ocrx_word' id='word_1_836' title='bbox 1108 2424 1162 2447; x_wconf 85' lang='grc' dir='ltr'>τως</span> <span class='ocrx_word' id='word_1_837' title='bbox 1175 2415 1299 2450; x_wconf 82' lang='grc' dir='ltr'>πάσχειν,</span> <span class='ocrx_word' id='word_1_838' title='bbox 1324 2413 1395 2440; x_wconf 84' lang='grc' dir='ltr'>ὥστε</span> <span class='ocrx_word' id='word_1_839' title='bbox 1423 2413 1469 2440; x_wconf 66' lang='grc' dir='ltr'>καὶ</span> <span class='ocrx_word' id='word_1_840' title='bbox 1482 2411 1636 2447; x_wconf 84' lang='grc' dir='ltr'>τέμνεσθαι,</span> <span class='ocrx_word' id='word_1_841' title='bbox 1663 2411 1709 2437; x_wconf 77' lang='grc' dir='ltr'>καὶ</span> <span class='ocrx_word' id='word_1_842' title='bbox 1722 2409 1896 2445; x_wconf 80' lang='grc' dir='ltr'>διαιρεῖσθαι,</span> 
     </span>
    </p>
   </div>
   <div class='ocr_carea' id='block_1_112' title="bbox 1109 2456 1899 2496">
    <p class='ocr_par' dir='ltr' id='par_1_112' title="bbox 1109 2456 1899 2496">
     <span class='ocr_line' id='line_1_112' title="bbox 1109 2456 1899 2496; baseline -0.009 -7"><span class='ocrx_word' id='word_1_843' title='bbox 1109 2463 1155 2489; x_wconf 75' lang='grc' dir='ltr'>καὶ</span> <span class='ocrx_word' id='word_1_844' title='bbox 1173 2462 1252 2489; x_wconf 70' lang='grc' dir='ltr'>πάλιν</span> <span class='ocrx_word' id='word_1_845' title='bbox 1268 2460 1298 2493; x_wconf 77' lang='grc' dir='ltr'><strong>ἐξ</strong></span> <span class='ocrx_word' id='word_1_846' title='bbox 1309 2461 1370 2488; x_wconf 82' lang='grc' dir='ltr'>ὅλου</span> <span class='ocrx_word' id='word_1_847' title='bbox 1387 2459 1553 2496; x_wconf 81' lang='grc' dir='ltr'>φθείρεσθαι·</span> <span class='ocrx_word' id='word_1_848' title='bbox 1572 2459 1656 2486; x_wconf 77' lang='grc' dir='ltr'>ταῦτα</span> <span class='ocrx_word' id='word_1_849' title='bbox 1669 2458 1697 2485; x_wconf 81' lang='grc' dir='ltr'>δὲ</span> <span class='ocrx_word' id='word_1_850' title='bbox 1710 2458 1756 2484; x_wconf 74' lang='grc' dir='ltr'><strong>καὶ</strong></span> <span class='ocrx_word' id='word_1_851' title='bbox 1764 2457 1798 2483; x_wconf 81' lang='grc' dir='ltr'>τὰ</span> <span class='ocrx_word' id='word_1_852' title='bbox 1807 2456 1899 2483; x_wconf 80' lang='grc' dir='ltr'>τοιαῦ-</span> 
     </span>
    </p>
   </div>
   <div class='ocr_carea' id='block_1_113' title="bbox 1108 2502 1899 2541">
    <p class='ocr_par' dir='ltr' id='par_1_113' title="bbox 1108 2502 1899 2541">
     <span class='ocr_line' id='line_1_113' title="bbox 1108 2502 1899 2541; baseline -0.008 -7"><span class='ocrx_word' id='word_1_853' title='bbox 1108 2516 1142 2534; x_wconf 87' lang='grc' dir='ltr'><strong>τα</strong></span> <span class='ocrx_word' id='word_1_854' title='bbox 1156 2508 1206 2534; x_wconf 78' lang='grc' dir='ltr'>οὐκ</span> <span class='ocrx_word' id='word_1_855' title='bbox 1221 2507 1274 2534; x_wconf 89' lang='grc' dir='ltr'>ίδια</span> <span class='ocrx_word' id='word_1_856' title='bbox 1290 2507 1370 2539; x_wconf 80' lang='grc' dir='ltr'>Θεοῦ,</span> <span class='ocrx_word' id='word_1_857' title='bbox 1395 2506 1463 2533; x_wconf 77' lang='grc' dir='ltr'>ἀλλὰ</span> <span class='ocrx_word' id='word_1_858' title='bbox 1487 2506 1586 2541; x_wconf 80' lang='grc' dir='ltr'>μᾶλλον</span> <span class='ocrx_word' id='word_1_859' title='bbox 1605 2505 1658 2531; x_wconf 84' lang='grc' dir='ltr'>τῶν</span> <span class='ocrx_word' id='word_1_860' title='bbox 1677 2504 1723 2530; x_wconf 76' lang='grc' dir='ltr'><strong>ὲπὶ</strong></span> <span class='ocrx_word' id='word_1_861' title='bbox 1739 2503 1790 2538; x_wconf 79' lang='grc' dir='ltr'><strong>γῆς</strong></span> <span class='ocrx_word' id='word_1_862' title='bbox 1803 2502 1899 2537; x_wconf 83' lang='grc' dir='ltr'>σωμά-</span> 
     </span>
    </p>
   </div>
   <div class='ocr_carea' id='block_1_114' title="bbox 1108 2547 1900 2589">
    <p class='ocr_par' dir='ltr' id='par_1_114' title="bbox 1108 2547 1900 2589">
     <span class='ocr_line' id='line_1_114' title="bbox 1108 2547 1900 2589; baseline -0.008 -10"><span class='ocrx_word' id='word_1_863' title='bbox 1108 2561 1162 2579; x_wconf 85' lang='grc' dir='ltr'><strong>των</strong></span> <span class='ocrx_word' id='word_1_864' title='bbox 1177 2552 1259 2580; x_wconf 79' lang='grc' dir='ltr'>ὲστίν·</span> <span class='ocrx_word' id='word_1_865' title='bbox 1281 2553 1295 2579; x_wconf 90' lang='lat'><strong>6</strong></span> <span class='ocrx_word' id='word_1_866' title='bbox 1307 2552 1357 2587; x_wconf 84' lang='grc' dir='ltr'>μὲν</span> <span class='ocrx_word' id='word_1_867' title='bbox 1369 2552 1422 2589; x_wconf 84' lang='grc' dir='ltr'><strong>γὰρ</strong></span> <span class='ocrx_word' id='word_1_868' title='bbox 1435 2552 1501 2584; x_wconf 82' lang='grc' dir='ltr'><strong>Θεὸς</strong></span> <span class='ocrx_word' id='word_1_869' title='bbox 1511 2551 1656 2586; x_wconf 78' lang='grc' dir='ltr'>ἀσώματός</span> <span class='ocrx_word' id='word_1_870' title='bbox 1665 2550 1722 2576; x_wconf 79' lang='grc' dir='ltr'>ἐστι</span> <span class='ocrx_word' id='word_1_871' title='bbox 1737 2548 1783 2576; x_wconf 83' lang='grc' dir='ltr'>καὶ</span> <span class='ocrx_word' id='word_1_872' title='bbox 1791 2547 1900 2582; x_wconf 80' lang='grc' dir='ltr'>ἄφθαρ-</span> 
     </span>
    </p>
   </div>
   <div class='ocr_carea' id='block_1_115' title="bbox 1109 2593 1898 2631">
    <p class='ocr_par' dir='ltr' id='par_1_115' title="bbox 1109 2593 1898 2631">
     <span class='ocr_line' id='line_1_115' title="bbox 1109 2593 1898 2631; baseline -0.008 -6"><span class='ocrx_word' id='word_1_873' title='bbox 1109 2608 1155 2631; x_wconf 82' lang='grc' dir='ltr'>τος</span> <span class='ocrx_word' id='word_1_874' title='bbox 1169 2599 1216 2626; x_wconf 71' lang='grc' dir='ltr'>καὶ</span> <span class='ocrx_word' id='word_1_875' title='bbox 1235 2598 1377 2630; x_wconf 82' lang='grc' dir='ltr'>ἀθάνατος,</span> <span class='ocrx_word' id='word_1_876' title='bbox 1394 2598 1500 2630; x_wconf 82' lang='grc' dir='ltr'>οὐδενὸς</span> <span class='ocrx_word' id='word_1_877' title='bbox 1514 2599 1554 2629; x_wconf 86' lang='grc' dir='ltr'>είς</span> <span class='ocrx_word' id='word_1_878' title='bbox 1566 2596 1653 2624; x_wconf 77' lang='grc' dir='ltr'>ὁτιοῦν</span> <span class='ocrx_word' id='word_1_879' title='bbox 1661 2596 1794 2630; x_wconf 81' lang='grc' dir='ltr'>δεόμενος·</span> <span class='ocrx_word' id='word_1_880' title='bbox 1808 2593 1898 2620; x_wconf 83' lang='grc' dir='ltr'>ταῦτα</span> 
     </span>
    </p>
   </div>
   <div class='ocr_carea' id='block_1_116' title="bbox 1109 2639 1898 2680">
    <p class='ocr_par' dir='ltr' id='par_1_116' title="bbox 1109 2639 1898 2680">
     <span class='ocr_line' id='line_1_116' title="bbox 1109 2639 1898 2680; baseline -0.008 -9"><span class='ocrx_word' id='word_1_881' title='bbox 1109 2644 1191 2671; x_wconf 76' lang='grc' dir='ltr'>δὲκαὶ</span> <span class='ocrx_word' id='word_1_882' title='bbox 1203 2643 1309 2680; x_wconf 79' lang='grc' dir='ltr'>φθαρτὰ</span> <span class='ocrx_word' id='word_1_883' title='bbox 1322 2644 1369 2670; x_wconf 75' lang='grc' dir='ltr'>καὶ</span> <span class='ocrx_word' id='word_1_884' title='bbox 1388 2643 1521 2677; x_wconf 79' lang='grc' dir='ltr'>σωμάτιον</span> <span class='ocrx_word' id='word_1_885' title='bbox 1539 2643 1592 2669; x_wconf 75' lang='grc' dir='ltr'>εἰσὶ</span> <span class='ocrx_word' id='word_1_886' title='bbox 1602 2642 1692 2673; x_wconf 72' lang='grc' dir='ltr'>τύποι,</span> <span class='ocrx_word' id='word_1_887' title='bbox 1707 2641 1753 2667; x_wconf 74' lang='grc' dir='ltr'>καὶ</span> <span class='ocrx_word' id='word_1_888' title='bbox 1768 2639 1818 2674; x_wconf 74' lang='grc' dir='ltr'>τῆς</span> <span class='ocrx_word' id='word_1_889' title='bbox 1830 2639 1898 2674; x_wconf 79' lang='grc' dir='ltr'>παρ’</span> 
     </span>
    </p>
   </div>
   <div class='ocr_carea' id='block_1_117' title="bbox 1109 2685 1899 2726">
    <p class='ocr_par' dir='ltr' id='par_1_117' title="bbox 1109 2685 1899 2726">
     <span class='ocr_line' id='line_1_117' title="bbox 1109 2685 1899 2726; baseline -0.01 -8"><span class='ocrx_word' id='word_1_890' title='bbox 1109 2691 1198 2718; x_wconf 74' lang='grc' dir='ltr'>αὐτῶν</span> <span class='ocrx_word' id='word_1_891' title='bbox 1212 2690 1371 2726; x_wconf 84' lang='grc' dir='ltr'>ὲπιδεόμενα</span> <span class='ocrx_word' id='word_1_892' title='bbox 1384 2690 1488 2725; x_wconf 86' lang='grc' dir='ltr'>χρείας,</span> <span class='ocrx_word' id='word_1_893' title='bbox 1504 2689 1598 2724; x_wconf 79' lang='grc' dir='ltr'>ὥσπερ</span> <span class='ocrx_word' id='word_1_894' title='bbox 1614 2687 1661 2714; x_wconf 66' lang='grc' dir='ltr'><strong>καὶ¹</strong></span> <span class='ocrx_word' id='word_1_895' title='bbox 1679 2686 1808 2722; x_wconf 77' lang='grc' dir='ltr'>πρότερον</span> <span class='ocrx_word' id='word_1_896' title='bbox 1821 2685 1899 2720; x_wconf 80' lang='grc' dir='ltr'>εῐρη-</span> 
     </span>
    </p>
   </div>
   <div class='ocr_carea' id='block_1_118' title="bbox 1142 2743 1896 2784">
    <p class='ocr_par' dir='ltr' id='par_1_118' title="bbox 1142 2743 1896 2784">
     <span class='ocr_line' id='line_1_118' title="bbox 1142 2743 1896 2784; baseline -0.009 -9"><span class='ocrx_word' id='word_1_897' title='bbox 1142 2748 1197 2784; x_wconf 68' lang='grc'><strong>(25)</strong></span> <span class='ocrx_word' id='word_1_898' title='bbox 1227 2747 1319 2784; x_wconf 22' lang='lat' dir='ltr'><strong>Basili</strong></span> <span class='ocrx_word' id='word_1_899' title='bbox 1336 2747 1385 2784; x_wconf 88' lang='lat' dir='ltr'><strong>_hic</strong></span> <span class='ocrx_word' id='word_1_900' title='bbox 1408 2746 1488 2784; x_wconf 86' lang='lat' dir='ltr'><strong>_addit</strong></span> <span class='ocrx_word' id='word_1_901' title='bbox 1520 2745 1583 2784; x_wconf 52' lang='grc' dir='ltr'>καίς</span> <span class='ocrx_word' id='word_1_902' title='bbox 1603 2744 1704 2784; x_wconf 76' lang='lat' dir='ltr'><strong>Ibidem</strong></span> <span class='ocrx_word' id='word_1_903' title='bbox 1733 2747 1794 2784; x_wconf 66' lang='lat' dir='ltr'><strong>post</strong></span> <span class='ocrx_word' id='word_1_904' title='bbox 1819 2743 1896 2776; x_wconf 80' lang='grc' dir='ltr'>εἰσί,</span> 
     </span>
    </p>
   </div>
   <div class='ocr_carea' id='block_1_119' title="bbox 1106 2778 1794 2814">
    <p class='ocr_par' dir='ltr' id='par_1_119' title="bbox 1106 2778 1794 2814">
     <span class='ocr_line' id='line_1_119' title="bbox 1106 2778 1794 2814; baseline -0.009 -4"><span class='ocrx_word' id='word_1_905' title='bbox 1106 2778 1216 2811; x_wconf 65' lang='lat' dir='ltr'><strong>Goble&#39;r.</strong></span> <span class='ocrx_word' id='word_1_906' title='bbox 1231 2788 1258 2810; x_wconf 88' lang='lat' dir='ltr'><strong>et</strong></span> <span class='ocrx_word' id='word_1_907' title='bbox 1272 2781 1391 2810; x_wconf 76' lang='lat' dir='ltr'><strong>Felckm.</strong></span> <span class='ocrx_word' id='word_1_908' title='bbox 1405 2781 1417 2808; x_wconf 81' lang='lat' dir='ltr'><strong>l</strong></span> <span class='ocrx_word' id='word_1_909' title='bbox 1434 2789 1515 2809; x_wconf 84' lang='lat' dir='ltr'><strong>anon.</strong></span> <span class='ocrx_word' id='word_1_910' title='bbox 1533 2781 1635 2808; x_wconf 86' lang='lat' dir='ltr'><strong>addunt</strong></span> <span class='ocrx_word' id='word_1_911' title='bbox 1650 2780 1677 2806; x_wconf 87' lang='grc' dir='ltr'>αἱ</span> <span class='ocrx_word' id='word_1_912' title='bbox 1693 2778 1794 2814; x_wconf 66' lang='grc' dir='ltr'>μορφαῖ</span> 
     </span>
    </p>
   </div>
   <div class='ocr_carea' id='block_1_120' title="bbox 1143 2813 1899 2852">
    <p class='ocr_par' dir='ltr' id='par_1_120' title="bbox 1143 2813 1899 2852">
     <span class='ocr_line' id='line_1_120' title="bbox 1143 2813 1899 2852; baseline -0.004 -7"><span class='ocrx_word' id='word_1_913' title='bbox 1143 2818 1199 2851; x_wconf 71' lang='lat'><strong>(26)</strong></span> <span class='ocrx_word' id='word_1_914' title='bbox 1211 2818 1257 2845; x_wconf 91' lang='lat' dir='ltr'><strong>Sic</strong></span> <span class='ocrx_word' id='word_1_915' title='bbox 1278 2817 1400 2852; x_wconf 77' lang='lat' dir='ltr'><strong>Segucr.,</strong></span> <span class='ocrx_word' id='word_1_916' title='bbox 1414 2816 1456 2852; x_wconf 73' lang='lat' dir='ltr'><strong>alii</strong></span> <span class='ocrx_word' id='word_1_917' title='bbox 1479 2824 1540 2852; x_wconf 86' lang='lat' dir='ltr'><strong>cum</strong></span> <span class='ocrx_word' id='word_1_918' title='bbox 1563 2816 1650 2847; x_wconf 87' lang='lat' dir='ltr'><strong>editis,</strong></span> <span class='ocrx_word' id='word_1_919' title='bbox 1670 2813 1796 2841; x_wconf 57' lang='grc' dir='ltr'>ἔτινοεῐν.</span> <span class='ocrx_word' id='word_1_920' title='bbox 1811 2813 1899 2842; x_wconf 68' lang='lat' dir='ltr'><strong>Paulo</strong></span> 
     </span>
    </p>
   </div>
   <div class='ocr_carea' id='block_1_121' title="bbox 1107 2851 1510 2889">
    <p class='ocr_par' dir='ltr' id='par_1_121' title="bbox 1107 2851 1510 2889">
     <span class='ocr_line' id='line_1_121' title="bbox 1107 2851 1510 2889; baseline -0.005 -8"><span class='ocrx_word' id='word_1_921' title='bbox 1107 2859 1165 2889; x_wconf 77' lang='lat' dir='ltr'><strong>post</strong></span> <span class='ocrx_word' id='word_1_922' title='bbox 1176 2854 1283 2885; x_wconf 75' lang='grc' dir='ltr'>πάντως</span> <span class='ocrx_word' id='word_1_923' title='bbox 1295 2851 1370 2881; x_wconf 75' lang='lat' dir='ltr'><strong>deest</strong></span> <span class='ocrx_word' id='word_1_924' title='bbox 1387 2852 1413 2880; x_wconf 86' lang='lat' dir='ltr'><strong>in</strong></span> <span class='ocrx_word' id='word_1_925' title='bbox 1428 2851 1510 2880; x_wconf 85' lang='lat' dir='ltr'><strong>Basil.</strong></span> 
     </span>
    </p>
   </div>
  </div>
