2037 3044
186 128 224 157 lib
495 157 498 160 λ
785 130 916 159 ORATIO
933 131 1070 160 CONTRA
1090 131 1241 160 GENTES..
1771 133 1806 163 46

187 194 245 214 ται-
259 184 390 218 πολλάκις
400 185 454 222 γὰρ
468 185 523 222 (2'7)
536 187 642 223 ὁρῶμεν
659 187 904 223 ἁνακαινουμένους
913 189 975 220 τοὺς

1027 193 1056 215 ut
1074 195 1155 223 supra
1172 188 1301 221 diximus,
1313 195 1380 224 opus
1398 189 1507 218 habent.
1521 189 1588 218 Hinc
1603 198 1656 219 non
1671 198 1733 220 raro
1744 200 1806 221 cer-

188 231 402 264 παλαιωθέντας,
415 232 462 259 καὶ
478 232 524 265 οὒς
540 234 554 260 ό
575 234 680 269 χρόνος,
695 233 711 269 ἢ
732 233 846 270 ibe-rogi]
861 233 924 260 ἄλλο
948 243 975 261 τι

187 280 241 307 τῶν
254 279 300 307 ἐπὶ
310 280 363 315 γῆς
371 279 447 311 ζώων
455 280 580 315 ἠφάνισε,
592 280 701 312 τούτους
712 280 973 316 ἀναπλαττομένους.

193 322 282 360 Ἐφίἶ)
296 325 328 353 ἄν
346 334 387 358 τις
409 326 498 353 αὐτῶν
513 326 720 362 καταγνώσηται
734 327 784 362 τῆς
797 327 974 363 παραφροσύ-

186 379 247 407 νης’
262 372 302 398 ὅτι
313 367 350 399 ὤν
370 372 446 398 αὐτοὶ
455 373 566 408 ποιηταί
581 372 753 408 τυγχάνουσι,
765 372 876 404 τούτους
898 372 975 404 θεοὺς

187 417 390 453 ἁναγορεύουσι”
405 418 451 444 καὶ
462 417 509 449 οὓς
516 418 592 444 αὐτοὶ
609 420 668 450 ταῖς
679 418 785 454 τέχναις
796 428 828 445 πε
834 418 976 454 ρικοσμώ-

189 472 231 491 σιν
256 464 336 491 ἕνεκα
365 464 412 490 τοῦ
444 464 481 500 μὴ
503 464 638 501 φθαρῆναι
663 465 738 501 παρὰ
760 465 874 494 τούτων.
900 465 976 492 αὐτοὶ

188 510 324 545 σωτηρίαν
340 509 453 537 αἰτοῦσι·
479 511 525 537 καὶ
546 510 592 542 οὓς
614 511 664 537 οὑκ
683 511 808 545 ἀγνοοῦσι
834 510 975 546 δεομένους

187 556 239 590 τῆς
259 556 348 583 αὐτῶν
364 557 533 592 ἐπιμελείας,
551 557 626 593 παρὰ
638 557 740 584 τούτων
755 558 831 584 αὐτοὶ
847 557 896 588 τὰς
913 558 976 584 ἐαυ-

188 603 242 630 τῶν
256 602 349 637 χρείας
373 602 493 636 ἀξιοῦσιν
508 602 731 638 ἀποπληροῦσθαι
749 603 817 638 (Ξ8)·
830 603 878 630 καὶ
887 603 933 635 οὓς
946 603 975 629 ὲν

190 649 297 683 μικροῖς
315 647 444 680 οὶκίσκοις
459 647 658 680 κατακλείουσι,
675 648 786 680 τούτους
800 649 915 685 ούρανοῦ
929 649 976 676 κα).

188 694 239 730 γῆς
253 694 362 730 ἀπάσης
378 694 509 726 δεσπότας
520 695 570 722 οὐκ
584 695 755 730 αἰσχύνονται
767 695 921 728 καλοῦντες.

223 739 266 766 25.
292 739 329 766 Οὐ
352 740 431 774 μόνον
456 739 483 765 δὲ
510 740 542 766 ἐκ
567 740 668 767 τούτων
695 740 728 767 ἄν
756 749 797 772 τις
824 741 913 767 αὐτῶν
925 740 976 776 τὴν

187 782 322 817 ἀθεότητα
330 783 492 818 καταμάθοι,
502 783 568 810 ἀλλά
586 784 631 810 καὶ
647 785 693 819 ἀφ’
713 780 751 811 ὧν
767 785 795 811 ὲν
810 785 900 817 αὐτοῖς
920 787 975 817 τοῖς

187 827 306 858 εἰδώλοις
322 827 410 854 αὐτῶν
427 828 500 854 ἐστιν
521 828 684 864 ἀσύμφωνος
696 830 713 865 ἡ
726 829 798 862 δόξα.
815 830 845 856 Εἰ
858 830 912 865 γάρ
927 830 975 857 αὐ-

187 874 229 900 τοὶ
252 873 308 901 θεοί
323 876 400 908 εἰσιν,
425 874 463 906 ὡς
485 874 593 909 λέγουσι
611 875 658 902 καὶ
682 863 747 911 περ),
767 863 976 910 αὑτῶννφιλοσο-
991 863 1012 891 Β

188 919 279 953 φοῦσι,
293 921 345 947 τίνι
360 930 401 953 τις
414 920 565 956 πρόσθηται
574 921 687 954 τούτων,
702 922 748 948 καὶ
759 922 851 953 ποίους
877 922 911 949 ἂν
927 923 976 949 αὑ-

187 964 241 991 τῶν
267 966 348 1002 κρίνῃ
375 965 569 1002 κυριωτέρους,
595 966 671 1002 ίναῆ
694 967 740 994 τὸν
763 968 830 994 Θεὸν
853 968 977 1006 θαρρήσῃ

187 1012 358 1047 προσκυνῶν,
382 1013 411 1047 ἢ,
426 1012 464 1044 ὥς
487 1021 578 1048 φασιν,
601 1013 630 1040 ὲν
645 1014 737 1046 αὐτοῖς
755 1014 791 1050 μὴ
808 1015 921 1052 διστάζῃ
935 1024 978 1050 γι-

186 1059 299 1087 νώσκων
311 1060 340 1087 τὸ
361 1060 451 1092 Θείον;
478 1060 515 1086 Οὐ
530 1059 584 1096 γὰρ
603 1061 626 1086 οἰ
648 1061 726 1087 αὐτοὶ
736 1061 811 1097 παρὰ
822 1063 905 1090 πᾶσιν
917 1062 975 1090 ὀνο-

188 1105 318 1143 μάζονται
336 1105 401 1132 θεοί·
414 1104 471 1132 ἀλλ’
483 1106 532 1132 ὅσα
550 1105 621 1133 κατὰ
633 1106 664 1133 τὸ
677 1106 801 1133 πλεῖστόν
814 1108 887 1134 ἐστιν
901 1108 975 1144 ἔθνη,

185 1154 306 1181 τοσοῦτοι
320 1155 366 1180 καὶ
383 1153 439 1180 θεοὶ
456 1153 684 1181 ἀναπλάττονται.
702 1154 780 1181 Ἔστι
800 1155 822 1180 δ’
842 1155 910 1182 ὅπου
929 1157 976 1183 καὶ

188 1200 239 1236 μία
263 1200 339 1236 χώρα
357 1200 404 1226 καὶ
424 1199 472 1235 μία
495 1200 571 1231 πόλις
591 1199 658 1235 πρὸς
675 1200 775 1232 ἑαυτὰς
790 1200 844 1236 (99)
866 1202 977 1229 στασιά-

188 1244 263 1277 ζουσι
286 1245 409 1282 περὶτῆς
427 1244 481 1271 τῶν
490 1245 605 1272 εἰδώλων
619 1245 840 1280 δεισιδαιμονίας.
854 1246 976 1279 Φοίνικες

187 1291 252 1325 γοῦν
280 1291 329 1318 οὐκ
355 1290 427 1317 ἴσασι
456 1291 519 1323 τοὺς
546 1292 610 1327 παρ’
640 1291 795 1325 Αἰγυπτίοις
816 1291 977 1328 λεγομένους

188 1336 275 1368 θεοὺς,
293 1337 352 1363 οὐδὲ
372 1336 514 1370 Αἰγύπτιοι
539 1336 574 1363 τὰ
598 1336 667 1364 αὐτὰ
696 1339 752 1369 τοῖς
779 1338 853 1373 παρὰ
877 1339 977 1373 Φοίνιξι

187 1381 386 1418 προσκυνοῦσιν
398 1382 503 1409 εἴδωλα.
526 1382 581 1420 Kal
601 1382 701 1410 Σκύθαι
717 1383 765 1418 μὲν
775 1383 837 1416 τοὺς
853 1384 975 1420 Περσῶν,

187 1428 290 1464 Πέρσαι
305 1428 333 1455 δὲ
345 1428 407 1460 τοὺς
420 1428 513 1464 Σύρων
530 1428 560 1454 οὐ
578 1428 776 1464 παραδέχονται
793 1429 879 1460 θεούς.
900 1430 977 1457 Ἀλλά

187 1474 234 1501 καὶ
255 1473 389 1508 Πελασγοὶ
414 1473 462 1508 μὲν
474 1473 537 1504 τοὺς
554 1473 582 1499 ὲν
599 1473 693 1508 Θρᾴκῃ
705 1472 782 1504 θεοὺς
793 1473 974 1501 διασάλλουσι·

186 1520 293 1555 Θρᾷκες
312 1519 368 1555 (50)
383 1518 411 1545 δὲ
425 1519 486 1549 τοὺς
503 1518 576 1554 παρὰ
591 1517 718 1552 Θηϐαίοις
733 1518 762 1544 οὐ
787 1518 973 1552 γινώσκουσιν.

194 1565 269 1592 Ἰνδοὶ
284 1564 312 1591 δὲ
327 1563 397 1591 κατὰ
413 1563 547 1598 Ἀράϐων,
563 1563 610 1590 καὶ
621 1563 738 1598 Ἄραϐες
754 1563 812 1590 κατ’
828 1563 974 1596 Αἰθιόπων,

188 1612 235 1638 κα).
246 1611 372 1642 Αἰθίοπες
390 1611 449 1637 κατ’
461 1610 548 1636 αὐτῶν
562 1611 590 1636 ὲν
601 1611 656 1641 τοῖς
664 1609 782 1642 εἰδώλοις
794 1610 974 1646 διαφέρονται.

188 1656 243 1683 Καὶ
260 1656 340 1690 Σύροι
356 1655 404 1690 μὲν
420 1654 454 1681 τὰ
469 1654 589 1681 Κιλίκων
605 1654 636 1680 οὺ
658 1653 774 1680 σέϐουσιν
785 1653 976 1680 Καππαδοκῶν

187 1701 216 1729 δὲ
230 1702 260 1728 τὸ
276 1701 352 1735 γένος
367 1700 462 1731 ἄλλους
480 1699 557 1736 παρά
580 1699 690 1731 τούτους
711 1699 872 1735 ὀνομάζουσι
888 1699 974 1731 θεούς.

187 1749 242 1777 Καὶ
255 1748 360 1775 Βιθυνοὶ.
378 1747 426 1783 μὲν
454 1747 573 1782 ἑτέρους,
598 1746 784 1782 Ἀρμένιοι,δὲ
804 1746 900 1786 ἄλλους
912 1747 975 1773 ἐαυ-

187 1797 244 1828 τοῖς
257 1795 451 1823 ἀνεπλὰσαντο.
468 1795 524 1821 Καὶ
537 1794 562 1820 τί
579 1793 671 1829 μοιδεῖ
685 1793 740 1828 (51)
755 1793 859 1819 πολλῶν
869 1801 876 1826 ;
885 1794 977 1820 Ἠπει-

189 1841 272 1878 ρῶται
285 1840 360 1877 παρὰ,
374 1841 438 1872 τοὺς
451 1841 479 1866 ὲν
497 1841 556 1871 ταῖς
569 1840 660 1874 νήσοις
673 1832 768 1870 ἀλλους
791 1838 867 1871 θεοὺς
891 1847 976 1875 προσ-

186 1888 296 1915 κυνοῦσι
308 1896 315 1902 ·
342 1886 389 1914 καὶ
402 1886 534 1922 νησιῶται
555 1885 631 1920 παρά
651 1885 714 1916 τοὺς
733 1885 761 1911 ὲν
777 1885 837 1916 ταῖς
853 1885 977 1920 ἠπείροις

187 1933 378 1970 θρησκεύουσι.
393 1932 448 1959 Καὶ
462 1932 529 1963 ὅλως
545 1931 647 1965 ἑκάστη
661 1930 738 1961 πόλις
747 1931 794 1957 καὶ
808 1930 899 1966 κώμη,
914 1931 976 1963 τοὺς

188 1981 220 2006 ὲκ
228 1979 354 2013 γειτόνων
369 1978 419 2005 οὐκ
433 1978 519 2004 εἰδυῖα
531 1977 618 2009 θεοὺς,
632 1977 694 2009 τοὺς
711 1977 809 2012 ἑαυτῆς
823 1976 974 2012 προκρίνει,

186 2026 234 2052 καὶ
252 2025 349 2060 μόνους
375 2022 445 2050 εἶναι
467 2023 578 2054 τούτους
596 2022 701 2058 νομίζει
726 2022 813 2054 θεούς.
838 2023 906 2058 Περὶ
921 2023 975 2058 γὰρ

186 2069 241 2096 τῶν
255 2070 284 2096 ἐν
296 2069 425 2104 Αἰγύπτῳ
438 2068 566 2104 μυσαρῶν
580 2068 639 2095 οὐδὲ
651 2068 739 2102 λέγειν
756 2068 824 2100 ἐστὶ,
838 2069 919 2095 πᾶσιν
931 2068 974 2094 ἐπ’

187 2112 334 2148 ὀφθαλμῶν
349 2113 405 2148 (52)
419 2112 514 2145 ὅντων,
535 2112 576 2139 ὅτι
605 2112 730 2144 ἐναντίας
753 2112 799 2139 καὶ
820 2113 975 2148 μαχομένας

187 2158 316 2193 ἀλλήλαις
336 2158 426 2193 ἔχουσι
443 2158 492 2190 τὰς
506 2158 652 2194 θρησκείας
668 2161 696 2187 al
718 2161 818 2194 πόλεις,
840 2162 887 2188 καὶ
905 2162 929 2188 οἰ
944 2162 976 2189 ὲκ

1026 234 1169 266 nimusilla
1186 234 1220 262 ob
1235 238 1396 262 vetustatem
1414 236 1538 263 renovari
1554 245 1562 264 :
1579 237 1622 265 vel
1638 237 1660 264 si
1675 241 1804 273 tempore,

1025 279 1123 314 pluvia,
1139 284 1186 306 aut
1197 278 1310 314 alicujus
1325 280 1461 308 terrestris
1480 281 1603 309 animalis
1622 281 1719 317 injuria
1732 283 1805 310 labe-

1025 324 1124 353 factata
1140 325 1250 358 fuerint,
1260 325 1357 353 iterum
1367 324 1465 361 ellingi.
1480 325 1567 360 Quare
1580 328 1675 355 merito
1687 327 1808 356 stultitia:

1026 376 1091 399 sunt
1103 372 1313 405 condemnandi,
1325 372 1370 407 qui
1385 372 1456 405 illos,
1469 380 1585 407 quorum
1602 374 1653 408 ipsi
1667 372 1808 402 eﬁ‘ectores

1026 423 1097 451 sunt,
1118 419 1182 446 deos
1201 425 1261 446 esse
1279 417 1427 454 praedicare
1451 419 1567 446 audeant
1583 428 1590 446 :
1610 419 1656 454 qui
1672 427 1740 454 quos
1759 427 1807 447 sua

1026 469 1083 491 arte
1098 469 1194 492 curant
1211 471 1244 491 ne
1260 468 1480 499 corrumpantur,
1495 464 1529 491 ab
1545 464 1587 491 his
1604 463 1719 491 salutem
1734 463 1808 492 eﬁl’a-

1025 511 1110 546 gilare
1126 519 1179 538 non
1192 511 1316 538 dubitent
1331 518 1339 537 :
1355 510 1400 545 qui
1412 517 1479 545 quos
1499 517 1546 537 sua
1563 517 1645 545 opera
1659 517 1738 546 egere
1754 518 1807 538 non

1025 556 1160 593 ignorant,
1178 557 1277 584 abillis
1293 564 1368 584 suam
1385 556 1560 591 indigentiam
1577 556 1679 591 expleri
1696 563 1809 591 precen-

1025 607 1088 630 tur:
1103 602 1344 637 quideniquequos
1359 601 1385 628 in
1396 601 1487 636 parvis
1502 601 1621 629 adiculis
1632 602 1807 634 concludunt,

1026 649 1085 677 illos
1101 649 1232 677 caelorum
1251 653 1279 677 et
1292 653 1369 676 teme
1390 648 1522 676 universae
1539 647 1662 676 dominos
1675 647 1809 683 appellare

1025 703 1078 724 non
1087 696 1259 723 erubescant.

1061 740 1106 768 25.
1119 740 1219 768 Verum
1235 747 1287 768 non
1300 747 1332 768 ex
1347 739 1390 768 his
1406 743 1506 767 tantum
1521 739 1627 768 illorum
1642 739 1808 775 impietatem

1025 786 1131 814 discere
1146 793 1299 821 possumus,
1317 786 1363 814 sed
1382 786 1464 813 etiam
1479 793 1512 814 ex
1529 785 1684 821 opinionum
1703 786 1808 814 discor-

1026 831 1079 864 dia,
1094 839 1161 866 quas
1174 832 1225 866 ipsi
1238 839 1344 867 quoque
1357 831 1389 859 de
1409 831 1487 859 idolis
1504 831 1613 859 habent.
1632 831 1660 859 Si
1674 832 1765 864 enim,-
1780 836 1811 861 ut

1027 877 1174 912 praedicant
1187 882 1213 904 et
1228 877 1463 912 philosophantur,
1482 876 1518 904 illi
1532 884 1595 905 vere
1609 875 1646 904 dii
1663 882 1735 909 sunt,
1751 877 1809 905 cui-

1026 930 1101 956 nam,
1114 929 1216 957 quaaso,
1229 922 1325 950 horum
1350 930 1379 950 se
1403 921 1509 949 addicet
1530 921 1621 955 homo,
1645 928 1816 955 quosnamve‘

1026 968 1190 1003 potentiores
1202 966 1344 1002 iudicabit,
1360 971 1390 995 ut
1406 966 1448 994 vel
1464 967 1546 994 Deum
1557 974 1618 994 cum
1634 966 1730 994 ﬁducia
1743 967 1808 994 ado-

1026 1020 1078 1048 ret,
1094 1015 1135 1043 vel
1150 1015 1226 1047 nihil,
1239 1018 1268 1042 ut
1285 1015 1370 1048 aiunt,
1385 1013 1411 1041 in
1428 1014 1614 1049 cognoscendo
1637 1014 1748 1042 numine
1759 1014 1811 1041 ha:-

1025 1061 1104 1089 sitet?
1118 1060 1173 1089 Nec
1187 1061 1259 1088 enim
1276 1060 1356 1088 iidem
1374 1060 1444 1095 apud
1459 1067 1553 1088 onmes
1563 1060 1736 1088 nominantur
1750 1060 1786 1088 dii
1800 1069 1809 1088 :

1026 1107 1072 1134 sed
1089 1111 1155 1142 quot
1168 1106 1225 1134 fere
1233 1110 1296 1134 sunt
1309 1110 1414 1141 gentes,
1425 1109 1465 1133 tot
1475 1106 1555 1133 etiam
1563 1105 1599 1133 dii
1607 1105 1808 1141 continguntur.

1026 1151 1095 1185 Quin
1109 1152 1192 1180 etiam
1216 1152 1307 1179 videre
1324 1152 1377 1187 ιδ
1393 1151 1455 1179 licet
1471 1159 1551 1179 unam
1572 1151 1748 1187 eamdemque
1766 1159 1810 1179 re-

1026 1198 1132 1234 gionem
1146 1202 1174 1226 et
1192 1198 1330 1226 civitatem
1351 1204 1412 1225 cum
1429 1197 1516 1232 seipsa
1529 1196 1601 1225 circa
1618 1197 1747 1225 idolorum
1762 1205 1811 1225 su-

1025 1244 1210 1281 perstitionem
1237 1243 1379 1272 dissidere.
1400 1242 1469 1271 Hine
1483 1242 1625 1271 Phcenices
1640 1243 1715 1277 deos,
1740 1250 1811 1279 quos

1027 1291 1146 1327 Egyptii
1172 1290 1274 1324 colunt,
1290 1290 1415 1325 ignorant
1431 1298 1438 1317 :
1460 1293 1495 1327 et
1512 1293 1606 1317 contra
1621 1286 1739 1324 (Egyptii
1756 1296 1814 1316 non

1026 1326 1120 1366 eadem
1137 1336 1207 1364 idola
1216 1344 1249 1364 ac
1274 1336 1416 1363 Phoenices
1441 1326 1616 1363 venerantur.
1630 1334 1686 1362 Nec
1702 1335 1811 1371 Scytha:

1025 1383 1180 1414 Persarum,
1195 1389 1245 1410 nec
1269 1381 1357 1409 Persae
1369 1381 1501 1417 Syrorum
1521 1381 1633 1408 numina
1654 1380 1809 1408 admittunt.

1025 1429 1130 1464 Pelasgi
1144 1435 1250 1464 quoque
1261 1427 1383 1455 Thraciae
1399 1427 1463 1455 deos
1477 1427 1634 1462 reprobant,
1653 1430 1679 1454 et
1691 1425 1810 1454 Thraces

1026 1474 1225 1502 Thebanorum.
1237 1472 1293 1500 lndi
1302 1480 1362 1500 cum
1374 1472 1518 1506 Arabibus,
1526 1471 1628 1504 Arabes
1638 1471 1812 1499 cumlEthio—

1027 1521 1118 1556 pibus,
1131 1525 1157 1547 et
1171 1519 1314 1554 Ethiopes
1336 1517 1398 1546 cum
1418 1518 1472 1546 illis
1490 1517 1525 1546 de
1538 1518 1616 1546 idolis
1635 1518 1809 1545 dissentiunt.

1027 1567 1089 1604 Syri
1106 1567 1220 1594 Cilicum
1245 1565 1311 1593 deos
1326 1572 1380 1592 non
1405 1564 1498 1592 colunt
1516 1573 1524 1592 :
1550 1564 1723 1600 Cappadoces
1745 1564 1812 1591 item

1026 1614 1094 1641 alios
1110 1613 1175 1641 deos
1187 1617 1287 1648 praeter
1304 1612 1370 1639 istos
1382 1615 1542 1647 agnoscunt.
1563 1609 1673 1646 Bithyni
1686 1609 1810 1637 similiter

1026 1659 1104 1692 alios,
1118 1658 1239 1693 aliosque
1246 1657 1357 1686 Armeni
1366 1657 1430 1684 deos
1446 1656 1496 1684 sibi
1507 1655 1617 1684 ﬁnxere.
1631 1655 1700 1689 Quid
1710 1654 1819 1682 multa?

1027 1704 1077 1738 Qui
1094 1705 1120 1732 in
1144 1704 1294 1732 continenti
1310 1703 1433 1730 habitant
1448 1702 1514 1730 alios
1529 1701 1604 1734 deos,
1627 1709 1708 1737 quam
1725 1701 1752 1729 hi
1763 1701 1814 1737 qui

1026 1751 1129 1780 insulas
1145 1750 1249 1783 colunt,
1262 1754 1441 1783 venerantur;
1452 1752 1480 1776 et
1490 1748 1620 1781 vicissim,
1638 1747 1683 1783 qui
1695 1748 1721 1775 in
1736 1748 1813 1775 insu-

1026 1798 1060 1826 lis
1075 1800 1195 1828 manent,
1214 1795 1280 1823 alios
1293 1802 1373 1830 quam
1395 1794 1441 1831 qui
1458 1794 1485 1821 in
1504 1793 1668 1825 continente,
1685 1794 1749 1821 deos
1762 1793 1813 1820 ad-

1026 1844 1148 1871 mittunt.
1161 1841 1282 1876 Denique
1300 1839 1412 1876 singulae
1432 1839 1556 1867 civitates
1573 1844 1601 1867 et
1611 1839 1673 1873 vici,
1688 1840 1754 1867 deos
1770 1840 1811 1866 vi-

1027 1888 1148 1915 cinorum
1161 1886 1295 1919 nesciunt,
1315 1892 1433 1920 suosque
1450 1884 1510 1912 aliis
1529 1889 1704 1919 anteponunt,
1729 1889 1819 1919 atque'

1026 1935 1076 1962 hos
1089 1934 1161 1961 solos
1172 1933 1236 1960 deos
1244 1940 1303 1960 esse
1310 1931 1487 1959 arbitrantur.
1497 1931 1564 1958 Nam
1579 1931 1650 1966 quod
1662 1931 1695 1958 ad
1707 1931 1812 1958 abomi-

1027 1979 1128 2006 nandos
1143 1977 1332 2013 Egyptiorum
1346 1978 1414 2005 ritus
1426 1977 1553 2012 pertinet.
1576 1976 1667 2004 dicere
1680 1975 1746 2004 nihil
1761 1983 1810 2004 ne-

1026 2032 1102 2053 cesse
1124 2029 1176 2057 est,
1198 2031 1261 2052 cum
1275 2022 1394 2051 omnium
1420 2023 1505 2050 oculis
1527 2026 1619 2057 pateat
1638 2021 1760 2050 diversas
1779 2029 1814 2049 ac

1027 2071 1098 2098 inter
1119 2077 1148 2098 se
1163 2074 1314 2106 pugnantes
1333 2069 1478 2103 religiones
1501 2068 1641 2096 civitatum
1658 2075 1727 2100 esse,
1746 2067 1814 2095 vici-

1027 2123 1131 2152 nosque
1156 2116 1294 2144 contraria
1316 2115 1413 2143 vicinis
1433 2121 1542 2150 semper
1557 2113 1646 2142 colere
1664 2113 1810 2140 studuisse.

1027 2162 1096 2190 Hinc
1108 2161 1270 2194 crocodilus,
1294 2169 1374 2196 quem
1390 2161 1434 2188 alii
1452 2165 1578 2195 tanquam
1595 2160 1674 2187 deum
1688 2158 1810 2190 adorant,

187 2204 316 2238 γειτόνων
343 2205 387 2231 ἀεὶ
405 2204 582 2237 σπουδάζουσι
611 2207 680 2233 κατὰ.
708 2207 762 2234 τῶν
796 2207 917 2243 πλησίων
942 2207 975 2235 τὰ

1029 2208 1099 2243 apud
1113 2207 1217 2235 vicinos
1230 2206 1410 2234 exsecrationi
1425 2210 1476 2233 est.
1492 2204 1548 2233 Leo
1561 2204 1643 2232 etiam
1661 2210 1740 2238 quem
1763 2203 1811 2230 alii

187 2250 296 2277 ἐναντία
313 2250 410 2277 σέϐειν·
425 2252 439 2277 ό
457 2250 522 2285 γοῦν
539 2253 602 2288 παρ’
623 2253 725 2289 ἑτέροις
742 2254 975 2290 προσκυνούμενος

187 2295 226 2327 ὼς
245 2295 305 2327 θεὸς
331 2296 510 2332 κροκόδειλος,
531 2295 606 2330 οὗτος
617 2298 691 2332 παρὰ
706 2300 762 2330 τοῖς
786 2299 897 2334 πλησίον
915 2299 974 2334 βδέ-

187 2340 278 2375 λυγμα.
296 2340 450 2375 νομίζεται”
467 2342 514 2368 καὶ
539 2343 552 2368 ό
569 2344 635 2377 παρ’
652 2343 753 2378 ἑτέροις
778 2343 845 2370 λέων
859 2343 896 2376 ὡς
915 2343 974 2376 θεὸς

188 2386 415 2422 θρησκευόμενος,
434 2387 527 2415 τοῦτον
551 2389 575 2415 οἱ
592 2389 778 2423 ἀστυγείτονες
799 2390 829 2416 οὐ
850 2390 928 2425 μόνον
944 2391 974 2417 οὺ

187 2431 394 2468 θρησκεύουσιν,
420 2433 486 2460 ἀλλὰ
512 2434 559 2460 καὶ
574 2434 697 2470 εὑρόντες
714 2434 918 2462 ἀποκτείνουσιν
938 2435 976 2467 ὡς

223 2520 278 2591 (27)
292 2520 404 2555 Seguer.
419 2521 495 2556 γοῦν.

223 2555 267 2591 (28
289 2555 334 2583 Sic
344 2557 454 2590 Segner.
465 2558 495 2584 Gt

222 2555 278 2592 (28)
289 2555 334 2583 Sic
344 2555 454 2590 Seguer.
465 2557 573 2585 Gobler.
583 2556 704 2585 Felckm.
720 2558 733 2585 1
747 2564 828 2586 anon.
843 2557 895 2585 Alii
913 2565 973 2585 cum

186 2590 275 2628 editis,
288 2592 518 2628 ἀναπληροῦσθαι.

224 2625 404 2663 (29)-8ρςιιειζ
431 2627 540 2663 Gobler.
567 2627 688 2656 Felckm.
707 2628 718 2655 1
738 2635 820 2655 anon.
845 2628 909 2663 περὶ
924 2628 974 2655 αὺ-

186 2659 252 2699 τάξ..
271 2659 357 2699 Paulo
378 2667 447 2699 Apost
473 2662 598 2699 Seguer.,
622 2663 672 2690 οὐκ
699 2663 773 2690 team
804 2659 888 2691 habet
915 2668 975 2698 post

187 2695 252 2731 παρ’
268 2696 434 2731 Αἰγυπτίοις.

223 2730 279 2766 (30)
306 2733 351 2759 Sic
375 2733 487 2768 Segucr.
505 2733 556 2760 Alii
582 2741 642 2760 cum
668 2732 758 2765 editis,
782 2732 898 2768 Θρᾷκες.
913 2733 974 2761 Mox

188 2766 259 2801 idem
277 2774 327 2793 nis.
344 2772 373 2793 ut
385 2772 410 2793 et
425 2767 534 2795 Gobler.
556 2768 647 2797 Felck.
668 2768 682 2795 1
708 2775 790 2795 anon.
808 2766 905 2801 habet,
920 2768 970 2796 Θτι-

188 2800 281 2839 649»
305 2801 446 2839 Ἀρράσων
460 2803 642 2839 ευριπιδες.

225 2837 282 2871 (51)
306 2837 362 2863 Δεῑ⁷
381 2838 456 2865 deest
481 2838 508 2865 in
533 2837 652 2865 Felckm.
669 2838 686 2865 5
710 2845 791 2866 anon.
812 2837 878 2865 Ibid.
913 2846 975 2866 mox

190 2879 239 2906 pro
253 2871 326 2906 παρά
345 2871 452 2900 Gobler.
468 2877 495 2900 et
511 2873 630 2901 Fulltkm.
643 2874 654 2900 1
669 2881 749 2901 anon.
775 2874 837 2909 περί
866 2875 973 2907 habent,

1028 2259 1058 2282 ut
1074 2255 1152 2281 deum
1168 2253 1269 2286 colunt,
1283 2260 1297 2280 a
1313 2252 1435 2280 ﬁnitimis
1458 2259 1512 2279 non
1525 2251 1612 2279 solum
1631 2258 1685 2278 non
1700 2249 1813 2282 colitur,

1028 2299 1075 2326 sed
1105 2298 1231 2326 inventus
1247 2302 1374 2332 tanquam
1399 2296 1456 2324 fera
1479 2296 1623 2324 occiditur.
1647 2295 1703 2332 (55)
1724 2294 1815 2323 Piscis

1028 2345 1090 2371 item
1104 2351 1183 2378 quem
1195 2343 1240 2370 alii
1257 2343 1329 2371 inter
1342 2343 1452 2370 numina
1466 2342 1598 2375 referunt,
1619 2342 1652 2368 ab
1664 2341 1724 2368 aliis
1741 2341 1821 2370 idem,

1029 2389 1055 2416 in
1071 2389 1160 2417 cibum
1176 2389 1292 2424 capitur.
1318 2388 1381 2417 Inde
1399 2395 1465 2416 sane
1477 2388 1559 2420 bella,
1578 2387 1735 2419 seditiones,
1750 2394 1812 2414 cre-

1029 2436 1138 2470 braeque
1155 2435 1269 2463 caedium
1286 2435 1442 2463 occasiones
1468 2435 1539 2462 inter
1562 2441 1609 2462 eos
1630 2433 1789 2461 exoriuntur
1804 2442 1813 2460 :

1027 2527 1054 2549 et
1071 2521 1181 2557 Seguer.
1196 2523 1252 2554 τοῖς
1276 2528 1326 2556 pro
1342 2521 1413 2553 τούς.
1437 2521 1504 2552 Ταῖς
1518 2527 1584 2557 seq._
1594 2519 1669 2547 deest
1689 2518 1718 2557 iu_
1729 2517 1811 2557 Basil.

1027 2557 1089 2600 Ilaec
1096 2554 1168 2601 item
1179 2559 1259 2601 v’erba
1272 2554 1426 2601 A'sequentia,
1439 2557 1486 2601 mi:
1505 2554 1726 2601 νησιᾱξταὲ
1751 2555 1816 2601 eleb;

1027 2594 1055 2619 ἐν
1062 2594 1122 2624 ταῖς
1132 2592 1256 2628 ἠπείροις
1271 2589 1451 2628 θρησκεύουσι
1469 2589 1567 2622 desunt
1583 2590 1610 2616 in
1623 2589 1735 2624 Segu’er.
1758 2589 1813 2617 Go-

1027 2629 1097 2665 lden»
1109 2627 1227 2655 Felckin.
1244 2628 1353 2665 l_anon.
1368 2628 1435 2665 Esse
1449 2626 1474 2653 in
1492 2625 1572 2665 Basii.
1587 2624 1705 2665 et_Angl.
1720 2624 1815 2665 scribit

1027 2663 1234 2691 Felckmannus.
1253 2663 1289 2690 Ea
1318 2663 1380 2689 item
1404 2662 1525 2697 legerunt
1548 2660 1727 2692 Omnibonus,
1748 2659 1820 2686 Ain--

1026 2699 1099 2725 bros.
1114 2698 1262 2725 Camaldul.
1272 2702 1296 2725 et
1313 2696 1441 2724 Nannius.
1831 2696 1835 2712 ί

1063 2733 1118 2768 (52)
1150 2733 1269 2760 Felckm.
1305 2733 1321 2759 5
1352 2740 1468 2768 anon...
1488 2731 1517 2768 ὲν
1547 2729 1713 2768 όφθαλμοιῖςἈ
1739 2729 1813 2757 Idem

1028 2764 1114 2803 paulo"
1139 2774 1200 2804 post
1223 2768 1357 2804 ἀλλήλαις
1376 2775 1433 2804 _non
1463 2766 1566 2804 habet;
1582 2764 1646 2792 item
1672 2764 1819 2804 infra_pro

1029 2799 1149 2843 hirquini;
1176 2799 1288 2831 Gobler.‘
1313 2802 1432 2831 Felckm.
1460 2802 1473 2828 1
1500 2806 1527 2828 et
1550 2799 1568 2826 2
1598 2807 1679 2827 anon.
1714 2800 1815 2828 habent

1029 2839 1227 2909 πλξίξξῖυνίιτηιι
1256 2873 1303 2900 abs
1321 2881 1349 2900 re
1373 2872 1424 2900 erit
1450 2872 1493 2899 hic
1523 2872 1622 2900 referre
1641 2871 1715 2907 quod
1734 2869 1823 2898 habet
