2037 3044
145 129 181 159 4ο
741 130 871 160 ORATIO
889 131 1032 160 CONTRA
1050 132 1196 161 GENTES.
1732 131 1766 160 50

144 194 199 215 νων
211 185 406 222 χλευάζεσθαι,
429 186 470 214 ὅτι
493 187 531 223 μὴ
547 187 635 221 θεοὺς,
655 187 724 215 ἀλλά
735 188 770 215 τὰ
783 188 837 215 τῶν
847 188 934 216 ἄλλων
948 205 972 233 Α

144 233 186 260 Ιτι
209 241 238 260 τε
252 233 300 260 καὶ
324 233 389 268 παρ’
407 233 499 265 αὐτοῖς
511 233 757 270 ἀποτροπιάσματα
776 234 823 261 καὶ
840 234 934 267 Θυσίας

144 278 210 306 ὂντα
218 278 396 306 θεοποιοῦσιν.

179 324 224 351 25.
234 324 302 359 Ἤδη
316 323 344 350 δέ
357 333 430 356 τινες
444 325 484 356 είς
495 325 628 360 τοσαύτην
638 325 763 352 ἀσὲῦειαν
780 325 828 352 καὶ
844 334 932 362 παρα-

142 370 280 406 φροσύνην
296 370 485 406 ὲξενέχθησαν,
504 371 543 403 ὼς
560 371 608 398 καὶ
626 371 724 403 αὐτοὺς
741 372 804 404 τοὺς
827 372 933 408 ἀνθρὼ-

144 425 222 449 πους,
238 413 276 443 ὦν
299 417 352 443 εἰσι
366 416 447 443 τύποι
473 417 520 443 καὶ
545 418 658 453 μορφαὶ,
677 420 732 450 τοῖς
749 420 813 454 παρ’
840 419 931 452 αὐτοῖς

143 462 299 497 ψιυδοθέοις
313 462 514 496 κατασφάττειν
530 463 576 489 καὶ
597 463 690 496 θυσίας
704 465 862 499 προσάγειν.
876 465 932 492 Καὶ

143 508 193 543 οὐχ
217 506 316 543 ὁρῶσιν
336 508 361 534 οἱ
375 508 582 543 κακοδαίμονες,
605 509 646 536 ὅτι
676 508 710 535 τὰ
727 509 933 545 σφαγιαζόμενα

143 553 253 589 θύματα
279 553 422 589 ἀρχέτυπα
433 555 486 581 εἰσι.
506 554 560 581 τῶν
584 555 629 581 ὑπ’
652 555 741 582 αὐτῶν
758 555 931 584 πλασθέντων

143 600 192 627 καὶ
210 600 451 636 προσκυνουμένων
466 601 545 633 θεῶν,
560 601 607 628 καὶ
623 598 663 633 οἷς
687 602 853 637 προσάγουσι
868 603 931 634 τοὺς

142 645 313 681 ἀνθρώπους.
326 647 421 681 Σχεδὸν
435 646 490 682 γὰρ
500 648 534 673 τά
552 647 632 682 ὃμοια
647 649 702 678 τοῖς
718 647 819 682 ὁμοίοις
833 647 850 682 ἢ
864 647 930 682 μᾶλ-

143 690 188 718 λον
200 691 235 719 τὰ
252 692 397 727 κρείττονα
409 694 465 724 τοῖς
477 693 598 720 ἐλάττοσι
610 694 800 728 προσάγουσιν.
823 694 930 729 Ἔμψυ-

143 744 178 771 χα
197 736 251 773 γὰρ
272 736 387 772 ἀψύχοις
411 737 513 771 θύουσι,
538 738 585 765 καὶ
606 738 702 773 λογικά
721 740 776 770 τοῖς
791 740 930 774 ἀκινήτοις

143 782 324 818 προσάγουσι.
341 782 442 826 Σέιῇὶαι
457 783 510 818 γάρ
521 785 545 810 οἱ
561 784 721 819 καλούμενοι
737 784 862 826 [adpetat
874 784 929 820 (59)

141 830 176 864 τῇ
194 829 259 866 παρ’
280 819 380 862 αὑτοῖῖ
393 829 522 866 Παρθένῳ
542 831 597 865 (ιο)
622 819 857 867 καλουμέΐῃῖὁνς
875 832 929 859 ἀπὸ

142 875 280 910 ναυαγίων
297 875 345 902 καὶ
360 876 440 907 ὅσους
452 875 484 902 ἃν
498 875 599 902 λάϐωσι
614 876 667 903 τῶν
681 877 822 913 Ἑλλήνων,
838 878 877 910 είς
888 877 935 904 θυ-

143 921 205 953 σίας
233 921 406 957 ἀναφέρουσι,
437 922 563 949 τοσοῦτον
589 923 750 955 ἀσεϐοῦντες
782 923 852 951 κατά
876 925 930 952 τῶν

141 967 279 1002 ὁμογενῶν
292 967 453 1003 ἀνθρώπιον,
467 968 513 994 καὶ
526 967 612 1001 οὕτως
624 968 779 1004 ἐλέγχοντες
792 971 846 997 τῶν
861 970 929 997 θεῶν

140 1012 231 1040 αὐτῶν
248 1012 297 1048 τὴν
313 1013 451 1048 ὠμότητα·
461 1014 502 1040 ὅτι
517 1014 588 1049 οὒςὴ
600 1015 714 1050 Πρόνοια
726 1015 779 1042 ἀπὸ
793 1015 930 1052 θαλάσσης

141 1059 174 1085 ἐκ
192 1058 321 1086 κινδύνων
337 1059 461 1092 διέσωσε,
478 1059 589 1092 τούτους
607 1061 683 1088 αὐτοὶ
700 1062 929 1096 κατασφάττουσι,

141 1103 281 1139 μονονουχὶ
290 1103 360 1130 κατὰ
371 1104 421 1139 τῆς
432 1103 563 1139 Προνοίας
576 1105 722 1141 γινόμενοι·
739 1107 779 1133 ὃτι
795 1107 844 1142 τὴν
860 1107 932 1134 ὲκεί-

140 1158 189 1184 νης
205 1150 365 1186 εὐεργεσίαν
390 1151 423 1186 τῇ
441 1151 546 1178 ἑαυτῶν
560 1151 686 1187 θηριώδει
705 1151 778 1188 ψυχῇ
793 1153 931 1189 κατακρύ-

141 1204 263 1223 πτουσιν.
283 1196 374 1223 ¹’Δλλοι
397 1197 424 1223 δὲ
439 1196 478 1232 τῷ
504 1197 595 1235 Ἄρει,
615 1198 723 1224 ἐπειδάν
750 1199 782 1224 ἐκ
805 1199 930 1234 πολέμων

140 1244 310 1272 ἐπανέλθωσι
326 1245 373 1272 καὶ
385 1245 462 1277 νίκας
475 1245 589 1281 φέρωσι,
607 1245 637 1272 τὸ
654 1244 709 1281 (41)
726 1245 875 1281 τηνικαῦτα
890 1245 930 1276 εἰς

140 1291 321 1324 ἑκατοντάδας
341 1292 474 1324 διελόντες
486 1293 548 1324 τοὺς
562 1291 724 1328 ληφθέντας,
738 1292 786 1318 καὶ
799 1291 844 1325 ἀφ’
866 1291 930 1318 ἑκά-

141 1347 207 1374 στης
232 1338 281 1366 ἕνα
302 1338 495 1374 λαμϐάνοντες,
517 1338 660 1370 τοσούτους
683 1338 928 1372 κατασφάττουσιν,

138 1383 217 1415 ὅσους
232 1383 265 1410 ἂν
278 1383 349 1410 κατά
367 1384 431 1420 μίαν
448 1384 613 1412 ἐκατοντάδα
637 1383 807 1416 ὲκλέξωνται.
825 1383 862 1410 Οὐ
880 1383 930 1418 μό-

139 1438 180 1456 νοι
195 1429 223 1456 δὲ
235 1430 336 1457 Σκύθαι
352 1429 397 1457 διὰ
413 1430 463 1466 τὴν
481 1432 510 1458 ὲν
540 1430 688 1466 βαρϐάροις
702 1430 821 1465 ἔμφυτον
838 1429 929 1460 αὐτοῖς

138 1475 287 1511 ἀγριότητα
304 1476 336 1502 τὰ
347 1476 458 1503 τοιαῦτα
469 1477 579 1512 μυσαρὰ
595 1476 706 1512 δρῶσιν.
723 1476 779 1502 ἀλλ’
796 1475 860 1502 ἴδιόν
872 1476 929 1501 ἐστι

138 1521 188 1557 τῆς
204 1522 257 1548 τῶν
272 1521 388 1549 εἰδώλων
402 1523 450 1550 καὶ
469 1522 604 1558 δαιμόνων
619 1522 717 1554 κακίας
730 1521 808 1548 τοῦτο
820 1521 848 1547 τὺ
863 1520 928 1556 δρᾶ-

140 1575 189 1603 μα.
206 1568 261 1594 Καὶ
280 1567 334 1604 γὰρ
348 1569 395 1595 καὶ
410 1568 464 1603 (42)
478 1567 621 1602 Αἰγύπτιοι
631 1567 708 1594 Εθυον
724 1567 771 1602 μὲν
785 1566 868 1593 πάλαι
892 1567 924 1601 τῇ

139 1613 214 1648 Ἥρᾳ
229 1613 342 1640 τοιαῦτα
366 1613 477 1647 σφάγια·
496 1613 616 1651 diem;
636 1612 664 1639 δὲ
684 1612 731 1639 καὶ
747 1611 854 1647 Κρῆτες
880 1611 926 1637 τὸν

137 1653 242 1696 Κᾷἇῖον
256 1659 285 1684 ἐν
297 1660 357 1690 ταῖς
368 1658 555 1690 τεκνοθυσίαις
575 1657 679 1685 ἑαυτῶν
693 1657 841 1684 ἱλάσκοντο.
871 1655 926 1682 Kal

137 1704 162 1731 oi
182 1703 264 1730 πάλαι
275 1704 304 1730 δὲ
323 1704 453 1739 Ῥωμαῖοι
470 1703 514 1731 τὸν
529 1703 694 1738 καλούμενον
711 1702 856 1737 Λατιάριον
876 1701 926 1738 eia

136 1750 372 1786 ἀνθρωποθυσίαις
397 1749 572 1785 ἐθρήσκευον·
593 1749 640 1776 καὶ
667 1740 863 1779 ﬂia-7min;
879 1748 925 1774 καὶ

137 1795 238 1828 πάντες
251 1795 344 1827 ἀπλῶς
363 1795 484 1831 ἐμίαινον
507 1795 554 1821 καὶ
574 1794 735 1829 ὲμιαίνοντο.
760 1793 926 1828 Ἐμιαίνοντο

137 1842 187 1877 μὲν
203 1842 280 1868 αὐτοὶ
295 1841 412 1877 δρῶντες
427 1841 461 1868 τά
481 1840 586 1875 φονικὰ·
606 1840 727 1875 ἐμίαινον
745 1839 773 1865 δὲ
790 1840 852 1870 τοὺς
866 1839 927 1865 ἑαυ-

135 1888 190 1915 τῶν
210 1889 290 1920 ναοὺς
311 1887 449 1919 τοιαύταις
466 1886 642 1919 καπνίζοντες
666 1885 781 1916 θυσίαις.
805 1884 870 1911 Ἀπὸ
892 1884 924 1920 δὴ

135 1933 237 1960 τούτων
247 1933 281 1960 τὰ
297 1932 371 1960 κακά
384 1934 440 1964 τοῖς
451 1931 604 1968 ἀνθρώποις
621 1932 662 1962 είς
678 1930 778 1966 πλῆθος
796 1929 922 1964 ἔφθασεν·

135 1979 252 2015 ὁρῶντες
273 1979 327 2016 γὰρ
342 1980 371 2006 ὲν
384 1979 489 2011 τούτοις
512 1978 575 2009 τοὺς
593 1977 657 2013 παρ’
673 1977 763 2008 αὐτοῖς
779 1975 925 2011 ἡδομένους

135 2025 276 2060 δαίμονας,
304 2025 405 2056 εὐθέως
422 2024 469 2051 καὶ
486 2023 563 2053 αύτοὶ
577 2025 634 2055 τοῖς
648 2021 778 2054 τοιούτοις
796 2021 925 2056 πλημμε-

135 2071 238 2107 λήμασι
248 2071 310 2103 τοὺς
328 2070 433 2098 ἑαυτῶν
447 2069 526 2102 θεοὺς
535 2069 716 2105 ἐμιμήσαντο,
730 2068 795 2095 ῐδιον
809 2067 873 2103 ήγού
878 2076 926 2103 με-

134 2124 174 2145 νοι
192 2116 357 2153 κατόρθωμα
378 2116 427 2152 τὴν
440 2116 508 2152 πρὸς
524 2115 559 2143 τὰ
571 2115 724 2151 κρείττονα,
737 2114 775 2147 ὡς
793 2114 869 2141 αὐτοὶ
883 2122 925 2140 νο-

137 2163 255 2198 μίξουσι,
273 2162 397 2198 μίμησιν.
414 2161 510 2189 Ἔνθεν
518 2161 704 2196 ἀνδροφονίαις
717 2160 765 2187 καὶ
783 2167 924 2186 τεκνοκτο-

134 2208 207 2240 νίαις
223 2209 271 2235 καὶ
284 2208 382 2240 πάσαις
399 2207 554 2242 ἀσελγείαις
567 2206 722 2243 ἡττήθησαν
737 2207 760 2232 οἱ
776 2205 923 2242 ἄνθρωποι.
940 2222 962 2250 D

134 2253 192 2280 Kal
205 2253 259 2290 γὰρ
286 2253 379 2288 σχεδὸν
393 2254 468 2280 πᾶσα
492 2253 569 2285 πόλις
586 2253 676 2289 πάσης
697 2252 840 2286 ἀσελγείας
866 2253 926 2279 ἐστὶ

136 2298 224 2334 μεστὴ
247 2298 281 2325 δι’
301 2298 448 2334 ὁμοιότητα
468 2299 525 2334 (45)
546 2298 656 2334 τρόπων
674 2297 728 2325 τῶν
745 2297 810 2333 παρ’
835 2297 926 2329 αὐτοῖς

135 2344 204 2371 θεῶν
230 2344 369 2380 γινομένη·
389 2345 436 2371 καὶ
448 2344 498 2371 οὐκ
513 2344 571 2371 ἐστι
598 2344 713 2380 σώφρων
734 2345 764 2371 ὲν
779 2345 835 2375 τοῖς
851 2343 926 2370 είδώ-

134 2390 200 2423 λοις,
213 2392 237 2417 εί
252 2390 290 2426 μὴ
308 2391 387 2426 μὸνος
399 2392 414 2418 ὁ
434 2386 498 2427 παρ⁸
511 2391 603 2423 αὐτοῖς
618 2391 662 2418 ἐπ’
679 2390 808 2427 ἀσελγείᾳ
820 2399 925 2427 μαρτυ-

135 2445 276 2474 ρουμενος.

125 2534 132 2553 1
169 2547 284 2591 (59)
309 2547 561 2591 Segtter.‘_Glohler.
587 2546 744 2591 βάψαι]
762 2553 842 2591 anon.
868 2546 921 2591 alii

135 2592 196 2612 cum
211 2581 291 2612 editis
305 2581 422 2618 ταύριοι.
435 2583 516 2611 lidem
532 2583 612 2618 paulo
630 2588 690 2617 post
703 2583 743 2613 εἰς
763 2581 858 2614 θυσίας
875 2584 922 2610 ha—

135 2621 208 2651 bent,
225 2619 267 2646 alii
285 2619 325 2650 είς
337 2618 442 2645 θυσίαν.

170 2654 226 2688 (40)
237 2653 321 2682 Diana
338 2653 391 2680 hoc
403 2651 510 2680 nomine
525 2652 668 2686 indicatur,
684 2661 763 2688 quam
777 2653 920 2688 Tauricam

135 2687 347 2724 quoqueﬂvocat
374 2689 506 2724 Clemens
517 2687 716 2724 Alexandrinus
734 2689 867 2724 Admornit.
887 2687 921 2713 ad

134 2720 230 2758 gemet.
248 2720 316 2751 Vide
339 2723 402 2751 item
429 2723 527 2752 Euseb.
552 2721 672 2757 Prmpar.
696 2732 788 2758 evang.
815 2723 862 2750 lib.
882 2729 920 2754 tv,

135 2759 227 2829 θ’ἆῗὶ
241 2793 278 2821 Τό
299 2793 375 2829 deest
391 2793 418 2820 in
442 2792 554 2829 Gobler.
571 2791 688 2829 reickm.
705 2793 718 2829 ι
731 2800 811 2829 anon.
830 2791 918 2829 _P_aulo

135 2827 195 2862 post
203 2830 268 2870 τοὺς
279 2828 430 2870 ληφθέντας
445 2827 495 2870 καὶ
510 2828 555 2861 ἀφ’
571 2827 687 2870 ἑκάστης
708 2827 917 2870 ἓναὶλαμὶὸάνον-

135 2872 181 2896 τες
194 2864 290 2892 desum
304 2863 332 2892 iu
344 2863 460 2891 Felckm.
480 2863 497 2891 5
510 2870 591 2891 anon.
606 2863 672 2890 lbid.
687 2870 735 2899 pro
755 2863 800 2898 ἀφ’
819 2863 916 2898 legitur

985 190 1109 222 deantur,
1125 190 1195 225 quod
1212 196 1266 222 res,
1278 196 1338 224 qua:
1355 189 1392 216 dii
1404 197 1456 217 non
1470 193 1543 222 sunt.
1562 191 1608 218 sed
1620 196 1679 223 qua
1695 190 1766 223 apud

985 235 1053 263 alios
1074 240 1154 269 atque
1169 235 1250 263 etiam
1261 234 1330 270 apud
1352 235 1426 269 ipsos
1437 234 1542 269 piacula
1554 240 1581 262 et
1592 235 1706 262 victima:
1717 235 1767 262 ha-

983 282 1091 314 bentur,
1103 281 1174 309 inter
1187 281 1253 308 deos
1269 285 1419 308 numerent.
1771 271 1774 274 ’

1017 327 1062 354 25.
1086 326 1155 361 Quin
1171 327 1252 353 etiam
1265 326 1384 353 nonnulli
1401 333 1434 354 eo
1445 325 1591 361 impietatis
1603 331 1631 353 et
1654 325 1766 354 insaniae

981 380 1092 404 venere,
1114 377 1142 399 ut
1164 372 1236 407 ipsus
1259 379 1367 406 quoque
1389 371 1522 403 homines,
1540 379 1654 406 quorum
1673 372 1709 398 illi
1728 372 1764 399 dii

982 418 1124 445 simulacra
1141 422 1168 444 et
1183 418 1316 452 imagines
1335 422 1406 450 sum,
1431 418 1487 445 suis
1508 417 1584 446 falsis
1598 419 1650 445 diis
1670 419 1766 445 immo-

981 463 1038 491 lent
1049 468 1076 490 et
1093 468 1221 498 tanquam
1235 464 1336 490 hostias
1348 463 1472 490 oll'erant.
1489 462 1544 490 Nec
1559 464 1702 491 advertunt
1715 463 1766 490 mi-

981 509 1033 536 seri
1058 509 1179 535 victimas
1192 516 1260 543 quas
1271 509 1406 543 jngulant,
1422 509 1532 536 deorum
1551 516 1620 544 quos
1637 508 1766 536 eﬂinxere

981 561 1012 582 ac
1038 559 1209 587 venerantur,
1233 559 1261 582 et
1281 556 1378 589 quibus
1401 555 1524 583 homines
1543 555 1694 588 immolant,
1717 563 1764 582 ar-

981 600 1093 636 chetypa
1108 601 1165 628 sive
1193 600 1358 635 exemplaria
1382 608 1455 633 esse,
1478 602 1669 636 propemodum
1693 601 1765 629 enim

981 646 1078 673 similia
1094 645 1238 678 similibus,
1255 646 1295 673 vel
1314 646 1402 680 potius
1424 647 1609 681 prmstantiora
1625 647 1767 674 deteriori—

982 692 1032 719 bus
1050 692 1210 720 immolanda
1225 692 1350 720 oﬂ'erunt.
1369 692 1435 719 Nam
1447 693 1566 720 animata
1583 693 1720 725 inanimis,
1738 698 1766 721 et

982 738 1084 765 ratione
1109 739 1230 772 praedita,
1245 743 1317 766 motu
1340 743 1368 766 et
1381 745 1461 766 sensu
1486 739 1640 766 carentibus
1663 738 1768 766 sacriﬁ-

980 788 1052 812 cant.
1069 784 1207 818 Siquidem
1220 784 1325 819 Scytha
1336 785 1381 819 qui
1392 784 1473 811 Tauri
1485 784 1620 818 dicuntur,
1632 784 1669 812 illi
1684 792 1767 820 quam

982 830 1118 864 Virginem
1136 830 1282 866 appellant,
1301 831 1445 865 naufragos
1462 835 1489 858 et
1502 836 1633 866 quotquot
1647 839 1680 858 ex
1691 831 1767 859 Grae-

950 878 970 906 B
985 879 1023 905 cis
1041 878 1161 912 ceperint
1179 877 1205 905 in
1223 877 1388 904 sacriﬁcium
1407 876 1540 910 oﬂ‘erunt;
1555 885 1608 912 qua
1635 878 1701 905 adeo
1714 878 1766 905 im-

982 925 1053 950 mani
1083 923 1221 958 impietate
1246 923 1273 950 in
1295 923 1417 950 homines
1436 923 1476 950 sui
1491 923 1595 950 similes
1609 924 1766 955 commissa,

981 977 1091 996 suorum
1121 969 1233 997 deorum
1251 968 1438 996 crudelitatem
1462 969 1550 1004 palam
1566 969 1693 1002 produnt,
1720 969 1766 1003 qui

981 1022 1077 1049 nempe
1089 1022 1157 1049 quos
1173 1013 1345 1041 Providentia
1359 1022 1392 1040 ex
1413 1014 1496 1040 maris
1516 1014 1645 1048 periculis
1655 1014 1765 1048 eripuit,

980 1061 1030 1087 hos
1056 1060 1105 1094 ipsi
1123 1060 1255 1095 iugulant,
1274 1064 1355 1094 atque
1376 1059 1413 1086 ita
1441 1058 1621 1085 Providentia:
1643 1059 1767 1086 videntur

980 1107 1123 1139 obsistere,
1144 1107 1222 1140 cujus
1249 1106 1411 1133 beneﬁcium
1436 1111 1484 1132 sua
1502 1105 1664 1132 crudelitate
1677 1105 1764 1132 oceul.

981 1157 1038 1178 tant
1052 1157 1079 1179 et
1093 1152 1197 1178 irritum
1215 1152 1326 1178 faciunt.
1349 1150 1454 1178 Rursus
1469 1151 1515 1178 alii
1529 1159 1560 1179 ex
1581 1151 1661 1184 bello,
1678 1151 1767 1178 victo-

981 1199 1020 1225 ria
1045 1202 1180 1232 reportata
1199 1198 1315 1228 reversi.
1327 1198 1449 1232 captivos
1470 1197 1497 1224 in
1518 1197 1656 1224 centurias
1672 1197 1766 1224 distri-

979 1245 1075 1274 buunt,
1088 1245 1208 1279 equibus
1218 1244 1332 1279 singulis
1346 1251 1429 1270 unutn
1443 1243 1571 1279 seligunt,
1583 1248 1676 1278 totque
1688 1242 1767 1270 Marti

980 1290 1131 1322 immolant,
1146 1295 1211 1324 quot
1231 1297 1263 1317 ex
1279 1289 1398 1324 qualibet
1410 1289 1532 1316 centuria
1545 1289 1703 1323 delegerint.
1716 1287 1768 1316 Ve-

980 1344 1038 1362 rum
1054 1343 1106 1363 non
1129 1335 1180 1363 soli
1197 1335 1305 1370 Scythae
1328 1343 1377 1370 pro
1403 1335 1496 1362 innata
1513 1335 1636 1362 barbaris
1651 1333 1770 1366 feritate.

980 1390 1023 1410 res
1033 1382 1186 1416 hujusmodi
1200 1382 1385 1409 exsecrandas
1398 1385 1532 1416 peragunt
1547 1391 1554 1409 ι
1575 1382 1621 1409 sed
1635 1381 1767 1408 idolorum

979 1433 1007 1455 et
1021 1428 1172 1455 daemonum
1188 1427 1296 1462 propria
1312 1427 1369 1455 haec
1382 1431 1446 1454 sunt
1461 1427 1592 1454 facinora.
1604 1426 1669 1454 Nam
1687 1426 1767 1462 Egy-

979 1475 1027 1508 ptii
1041 1474 1124 1501 etiam
1140 1473 1244 1500 similes
1259 1473 1386 1500 victimas
1403 1472 1501 1501 Junoni
1517 1473 1652 1507 quondam
1671 1473 1768 1500 immeo

980 1520 1081 1546 labant.
1106 1519 1250 1546 Plimnices
1273 1526 1382 1553 quoque
1410 1524 1437 1546 et
1454 1519 1600 1546 Cretenses
1621 1518 1766 1546 liberorum

979 1566 1096 1593 (sedibus
1108 1567 1253 1593 Saturnum
1275 1565 1325 1591 sibi
1342 1565 1489 1599 propitium
1504 1564 1618 1591 reddere
1630 1564 1767 1591 conaban-

977 1618 1030 1640 tur.
1045 1612 1131 1640 Prisci
1151 1613 1213 1639 item
1240 1611 1353 1639 ﬂomani
1373 1612 1514 1642 Latialem.
1542 1615 1571 1637 ut
1587 1615 1694 1642 vocant,
1720 1608 1767 1637 Jo-

976 1666 1034 1686 vem
1049 1659 1175 1685 humanis
1190 1659 1286 1686 hostiis
1312 1658 1449 1685 colebant.
1467 1657 1587 1691 Denique
1610 1656 1656 1682 alii
1685 1655 1767 1683 aliter

975 1711 1124 1738 omnesque
1142 1711 1254 1738 prorsus
1269 1703 1425 1738 polluebant
1445 1708 1472 1729 et
1488 1701 1685 1736 pollnebantur.
1701 1700 1765 1735 Ipsi,

976 1750 1094 1784 inquam,
1108 1749 1223 1784 propriis
1235 1749 1424 1783 polluebantur
1440 1747 1601 1780 homicidiis,
1611 1755 1658 1775 sua
1673 1753 1765 1774 autem

976 1796 1074 1830 templa
1087 1796 1177 1823 talium
1192 1795 1388 1823 sacriﬁciorum
1406 1795 1479 1822 fumo
1494 1799 1522 1822 et
1533 1793 1693 1822 snlﬁmentis
1705 1794 1764 1828 pol-

975 1843 1095 1871 luebant.
1110 1843 1148 1870 Ex
1174 1843 1216 1870 his
1234 1842 1292 1869 sine
1318 1841 1400 1869 dubio
1421 1841 1616 1876 quamplurima
1635 1840 1704 1867 mala
1717 1840 1765 1867 ho-

974 1889 1094 1916 minibus
1105 1893 1167 1917 sunt
1177 1894 1281 1915 exorta.
1299 1888 1367 1916 Nam
1385 1895 1446 1914 cum
1463 1895 1527 1914 suos
1541 1887 1605 1913 deos
1618 1886 1671 1913 illis
1682 1887 1765 1914 rebus

974 1934 1101 1962 oblectari
1118 1939 1273 1967 cernerent,
1291 1941 1338 1962 eos
1354 1934 1446 1962 statim
1461 1932 1596 1960 similibus
1612 1931 1729 1966 peccatis
1738 1937 1765 1959 et

974 1979 1083 2014 ﬂagitiis
1096 1985 1159 2008 sunt
1173 1980 1280 2011 imitati.
1292 1987 1349 2007 rem
1367 1979 1502 2014 egregiam
1519 1985 1548 2005 se
1565 1977 1686 2004 facturos
1696 1984 1763 2003 con-

975 2024 1100 2057 ﬁdentes,
1127 2025 1162 2058 si,
1194 2029 1224 2052 ut
1249 2024 1393 2060 putabant,
1422 2025 1538 2059 potiora,
1571 2023 1628 2050 sive
1651 2023 1762 2050 deorum

974 2071 1098 2106 exempla
1111 2076 1300 2106 sequerentur.
1314 2070 1378 2098 inde
1395 2077 1445 2098 nec
1458 2069 1616 2102 homicidia.
1633 2076 1682 2096 nec
1699 2068 1764 2096 libe-

975 2124 1067 2145 rorum
1079 2118 1168 2145 credes
1179 2117 1309 2145 horruere
1323 2125 1331 2144 :
1348 2117 1410 2144 inde
1423 2123 1452 2143 se
1476 2120 1546 2143 totos
1561 2114 1688 2143 omnibus
1703 2113 1762 2140 libi-

975 2163 1082 2190 dinibus
1095 2164 1203 2190 dedere.
1220 2163 1358 2198 Siquidem
1372 2162 1443 2189 nulla
1460 2162 1516 2189 iere
1527 2166 1568 2188 est
1581 2160 1687 2191 civitas,
1702 2166 1762 2194 quae

975 2209 1009 2236 ob
1025 2216 1128 2237 morum
1140 2208 1356 2240 similitudinem,
1367 2215 1448 2243 quam
1463 2214 1525 2234 cum
1535 2206 1591 2234 suis
1600 2205 1651 2232 diis
1662 2203 1762 2231 habere

975 2254 1067 2288 gestit,
1091 2254 1164 2282 omni
1188 2254 1303 2281 luxuria:
1330 2260 1432 2288 genere
1454 2260 1508 2279 non
1535 2250 1687 2278 redundet:
1711 2255 1762 2275 nec

973 2301 1044 2335 apud
1060 2300 1216 2328 idololatras
1238 2299 1311 2327 ullus
1320 2299 1422 2335 probus
1438 2303 1491 2332 est,
1513 2297 1565 2325 nisi
1579 2296 1655 2332 cujus
1674 2294 1762 2322 libidi-

973 2352 1021 2373 ues
1037 2349 1141 2373 ιοίιθιαι
1154 2349 1182 2373 et
1197 2343 1348 2372 manifestae
1361 2348 1434 2372 sunt.

972 2546 1013 2579 to‘
1026 2545 1052 2572 in
1065 2542 1142 2572 Gobl.
1155 2543 1276 2571 Felrkm.
1293 2543 1304 2569 ‘l
1320 2549 1399 2579 anon.
1409 2541 1476 2569 lhid.
1490 2539 1603 2575 Seguer.
1618 2539 1766 2579 κατασφάη

975 2575 1076 2613 ζουσιν.
1090 2579 1198 2606 Gobler.
1215 2585 1240 2605 et
1259 2578 1366 2606 Feleck.
1387 2578 1399 2604 l
1415 2585 1495 2613 anon.
1517 2575 1765 2613 κατασφάςωσιμηι

972 2610 1052 2650 paulo
1084 2620 1144 2649 post
1167 2613 1331 2647 ὲκλέξονται.
1349 2613 1412 2650 Mox_
1431 2612 1581 2650 ibid.__ante
1595 2610 1765 2637 Σκύθαιιιτι..

971 2646 997 2677 δι
1011 2651 1055 2685 qui
1065 2646 1125 2677 erat
1140 2650 1165 2676 in
1186 2646 1277 2681 editis,
1300 2651 1376 2685 abest
1389 2646 1563 2685 abomnibus
1574 2653 1638 2685 mss.

1009 2679 1065 2720 (12)
1085 2684 1139 2712 Καί
1155 2679 1274 2718 Seguer.’
1282 2684 1372 2720 habet,
1388 2683 1432 2709 alii
1451 2682 1594 2720 omittunt;
1604 2679 1763 2720 Pauloposb

972 2713 1076 2748 ἑαυτῶν
1091 2725 1153 2747 ante
1166 2713 1305 2746 ἱλάσκοντο
1324 2713 1424 2746 habent
1449 2718 1560 2753 Seguer.
1576 2715 1657 2742 Basil.
1677 2713 1760 2749 Angl’.

971 2756 1022 2784 Alii
1039 2761 1065 2782 et
1079 2755 1152 2787 editi,
1168 2755 1267 2782 αὐτῶν.

1008 2791 1065 2827 (43)
1090 2785 1150 2827 βίος
1165 2792 1326 2827 ὃνεηθτκθι
1338 2789 1411 2827 Edit.
1429 2786 1558 2827 Commel.
1569 2785 1675 2827 ‘aliique
1690 2791 1756 2827 mss.

969 2820 1069 2890 ﬁgat-er
1084 2825 1162 2854 Gobl.
1179 2820 1341 2854 εινιθειριιιιι.
1360 2825 1371 2852 l
1387 2831 1469 2851 anon.
1493 2821 1538 2857 qui
1561 2820 1690 2857 ὡμότητα
1709 2820 1758 2847 ba-

988 2867 1043 2890 ent.
