2037 3044
274 123 305 152 51
558 123 586 151 S.
608 122 794 150 ATHANASII
811 122 886 150 OPP.
908 121 997 149 PARS
1015 119 1036 149 Ι.
1057 136 1091 141 -
1109 119 1295 148 HISTORICA
1315 119 1359 146 ET
1381 117 1590 146 DOGMATICA.‘
1856 115 1891 143 52

309 180 364 215 20
372 179 418 207 28.
430 181 503 207 Sane
510 179 573 206 olim
587 179 732 206 Phoenicia:
744 177 870 205 mulieres
884 178 910 204 in
928 178 1059 205 idolorum

1145 176 1190 203 26.
1205 175 1335 206 Γυναῖκες
1348 174 1412 209 γοῦν
1427 175 1456 201 ὲν
1471 173 1615 205 εἰδωλείοις
1628 172 1687 208 (44)
1700 171 1749 207 τῆς
1766 172 1893 207 mm;

275 226 383 260 templis
397 225 472 260 prius
481 225 648 259 prostabant,
666 225 762 259 suique
776 224 922 251 meretricii
939 227 1057 258 quaestus

275 271 421 307 primordia
438 271 503 303 diis,
520 271 564 305 qui
580 271 633 298 illic
653 271 823 303 colebantur,
838 270 1034 297 consecrabant
1048 277 1055 302 ;

275 326 352 345 suam
378 318 453 345 deam
468 317 570 351 stupris
584 318 726 352 propitiam
748 317 834 348 reddi,
848 316 1058 350 benevolamque

276 364 327 391 hoc
347 368 425 398 pacto
439 362 506 390 efﬁci
527 367 602 391 ratae.
621 363 678 390 Viri
694 370 801 397 quoque
816 362 951 397 propriam
964 368 1057 389 emen-

277 409 318 435 titi
336 415 471 439 naturam,
487 415 537 435 nec
553 408 668 441 amplius
683 415 773 434 mares
791 415 820 434 se
843 414 903 434 esse
917 406 1057 441 patientes,

277 453 304 481 in
318 454 431 481 feminas
449 461 477 480 se
493 458 697 484 converterunt,
719 456 871 487 pergratam
889 457 915 478 et
932 450 1058 478 honorifi-

277 506 336 525 cam
361 499 439 525 matri
452 498 563 525 deorum
576 499 652 525 seita
675 499 792 524 facturos
803 497 936 523 arbitrati.
959 495 1059 523 Omnes

277 545 393 578 denique
404 552 456 571 una
465 553 525 571 cum
539 543 729 578 perditissimis
748 544 850 574 vivunt,
864 547 890 569 et
903 550 992 569 secum
1006 541 1056 576 ipsi

277 595 398 627 pugnant
415 595 444 617 ut
458 591 574 625 pejores,
585 590 704 623 quotidie
715 590 841 618 evadunt.
859 593 937 622 atque
952 593 979 614 ιιι
994 588 1059 615 dixit

278 643 387 664 sanctus
399 636 499 663 Christi
516 636 638 662 minister
654 635 761 667 Paulus,
774 634 892 661 Femina:
908 642 996 661 eorum
1007 635 1058 660 im—

277 686 440 708 mntaverunt
458 681 605 707 naturalem
623 689 712 711 usum,
733 681 760 706 in
782 689 839 706 eum
857 688 931 706 unum
953 680 997 713 qui
1021 685 1057 706 est

278 732 370 754 contra
388 732 520 752 naturam.
540 725 670 752 Similiter
684 731 770 752 autem
787 731 810 751 et
833 725 955 756 masculi,
970 724 1060 751 relicto

279 772 395 799 naturali
408 780 458 798 mu
473 772 586 806 fantium,
601 776 753 798 exarserunt
773 771 799 797 in
816 771 951 797 desideriis
965 772 1018 798 suis
1033 772 1059 797 in

279 818 396 851 invicem,
404 817 546 844 mascutiin
555 816 683 843 masculos
690 817 874 850 turpitudinem
886 822 1019 849 aperanm
1027 816 1058 842 ".

1110 222 1194 249 πάλαι
1225 220 1448 256 προεκαθέζοντο,
1465 219 1653 255 ἁπαρχόμεναι
1675 219 1730 249 τοῖς
1746 219 1804 244 ἐκεῖ
1822 217 1894 250 θοοῖς

1111 267 1213 294 ἑαυτῶν
1226 268 1275 302 τὴν
1286 267 1333 293 τοῦ
1351 266 1474 301 σώματος
1489 265 1576 292 αὐτῶν
1593 264 1648 299 (45)
1667 263 1836 300 μισθαρνίαν,
1851 271 1896 290 νον-

1112 313 1237 349 μίζουσαι
1247 314 1280 348 τῇ
1293 311 1458 348 πορνείᾳτὴν
1470 311 1530 337 θεὸν
1538 310 1594 346 (46)
1603 310 1707 337 ἑαυτῶν
1726 309 1894 342 ἱλάσκεσθαι,

1111 360 1157 386 καὶ
1173 361 1212 390 εἰς
1226 359 1368 394 εὐμένειαν
1396 358 1472 391 ἄγειν
1487 357 1571 392 αὐτὴν
1590 356 1635 383 διὰ
1656 356 1767 382 τούτων.
1783 355 1897 390 ΙἌνδρες

1110 407 1149 437 δὲ,
1169 406 1217 441 τὴν
1231 405 1310 440 φύσιν
1333 405 1503 440 ἀρνούμενοι,
1524 404 1570 430 καὶ
1584 403 1680 438 μηκέτι
1693 400 1761 428 εἶναι
1774 401 1897 432 θέλοντες

1111 452 1235 488 ἄρρενες,
1254 451 1303 487 τὴν
1328 450 1462 485 γυναικῶν
1495 449 1654 476 πλάττονται
1684 448 1774 482 φύσιν,
1802 447 1839 478 ὡς
1863 447 1898 473 ὲκ

1111 498 1212 524 τούτων
1226 496 1384 531 καταθύμια
1397 496 1443 521 καὶ
1457 494 1537 530 τιμὴν
1545 495 1577 529 τῇ
1596 494 1678 529 μητρὶ
1694 493 1747 519 τῶν
1761 493 1824 527 παρ’
1845 492 1896 519 αὺ-

1111 545 1167 575 τοῖς
1192 535 1344 578 λεγομένων
1373 541 1441 568 θεῶν
1473 540 1622 572 ποιοῦντες.
1649 539 1750 571 Πάντες
1773 539 1802 565 δὲ
1828 537 1897 574 ὁμοῦ

1111 591 1166 621 τοῖς
1198 589 1346 624 αἰσχίστοις
1380 587 1476 622 βιοῦσι,
1503 586 1549 613 καὶ
1574 587 1630 617 τοῖς
1651 585 1768 621 χείροσιν
1791 585 1899 614 ἑαυτοῖς

1112 636 1287 672 ἁμιλλῶνται·
1318 635 1365 661 καὶ
1392 634 1430 665 ὡς
1458 631 1533 659 εἶπεν
1558 633 1572 659 ὁ
1598 631 1674 666 ἅγιος
1699 630 1746 658 τοῦ
1769 629 1898 666 κΧριστοῦ

1111 683 1232 713 διάκονος
1257 680 1370 712 Παῦλος·
1399 680 1435 706 AZ
1448 687 1479 705 τε
1495 679 1549 714 γὰρ
1574 677 1688 711 θήλειαι
1713 675 1811 704 αὐτῶν
1829 684 1900 710 μετ-

1112 726 1252 761 ήλλαξαν
1286 725 1340 760 (47)
1372 723 1428 757 τὴν
1456 722 1590 758 φυσικὴν
1633 721 1744 756 χρῆσιν
1770 722 1813 753 εἰς
1843 720 1901 754 τὴν

1113 772 1191 807 παρὰ
1209 772 1312 806 φύσιν.
1330 770 1450 805 Ὁμοίως
1464 769 1498 796 δὲ
1516 769 1562 795 καὶ
1577 770 1604 796 οἱ
1628 768 1757 802 ἇρῤενες,
1773 766 1902 801 ἀφέντες

1112 819 1170 852 τὴν
1182 817 1316 853 φυσικὴν
1331 815 1442 851 χρῆσιν
1464 814 1517 849 τῆς
1545 815 1676 848 θηλείας,
1693 814 1902 847 ἐξεκαύθησαν

280 863 341 890 "ch
357 870 444 890 autem
460 869 487 890 et
504 863 599 890 similia
616 862 729 897 agendo,
747 862 865 890 fatentur
887 868 960 890 certe
979 867 1006 890 et
1021 869 1064 889 ar-

1116 865 1147 892 ὲν
1173 864 1211 898 τῇ
1223 864 1317 898 ὀρέξει
1343 861 1442 889 αὐτῶν
1465 863 1509 894 εις
1528 861 1693 894 ἀλλήλους,
1719 861 1842 894 ᾰῤῥενες
1866 860 1903 887 ὲν

279 914 363 944 guunt
377 909 451 942 deos,
471 917 538 943 quos
561 910 610 944 ipsi
635 909 735 940 colunt,
748 908 897 942 huiusmodi
915 908 996 935 vitam
1008 910 1058 934 du-

279 956 360 987 xisse,
378 955 482 982 scilicet
499 962 532 982 ex
547 955 613 982 Jove
628 962 771 990 puerorum
786 955 971 988 corruptiones
982 959 1063 989 atque

279 1001 421 1033 adulteria,
448 1008 481 1027 ex
502 1001 606 1028 Venere
634 1001 813 1028 meretriciam
825 1001 919 1032 vitam,
942 1008 975 1027 ex
990 1000 1061 1028 lthea

280 1047 422 1078 luxuriam,
437 1054 469 1073 ex
494 1046 579 1074 Marte
590 1047 685 1078 caedes,
698 1054 730 1074 ex
745 1046 804 1073 aliis
819 1045 869 1072 alia
880 1045 975 1073 similia
994 1046 1063 1073 didi-

280 1098 353 1122 cere.
365 1099 424 1126 quae
435 1091 542 1125 quidem
555 1090 696 1125 cumleges
712 1090 835 1125 puniunt,
852 1095 907 1117 tum
923 1090 999 1124 probi
1014 1090 1064 1117 ho-

282 1137 367 1164 mines
383 1137 539 1164 abhorrent.
553 1135 622 1164 Num
644 1137 726 1172 igitur
745 1137 782 1164 dii
798 1136 891 1163 haberi
917 1136 987 1170 digni
1003 1140 1064 1163 sunt

281 1183 326 1217 qui
342 1183 391 1209 ista
415 1182 514 1216 agant?
529 1183 624 1209 Annon
641 1183 729 1217 potius
743 1189 797 1216 pra:
811 1189 914 1208 morum
932 1183 1065 1216 perversi-

283 1233 336 1255 tate
354 1235 384 1254 ac
411 1227 515 1254 luxuria
541 1227 636 1254 bestiis
659 1227 806 1254 deteriores
829 1231 892 1254 sunt
919 1228 1065 1255 censendi?

282 1273 350 1300 Num
367 1274 411 1308 qui
425 1273 484 1301 illos
497 1273 597 1306 colunt,
610 1274 682 1309 digni
704 1278 765 1300 sunt
778 1274 823 1308 qui
840 1273 961 1301 homines
973 1274 1066 1301 existi-

283 1320 407 1347 mentur?
422 1321 516 1347 Annuit
531 1321 630 1354 potius,
647 1325 675 1347 ut
701 1320 795 1347 belluis
812 1320 974 1354 stupidiores
988 1325 1015 1348 et
1037 1324 1066 1347 ut

283 1367 409 1394 inanimis
423 1367 502 1393 rebus
512 1367 595 1402 magis
615 1367 736 1397 inanimi,
751 1367 922 1394 miseratione
936 1371 999 1394 sunt
1023 1367 1065 1394 di-

283 1412 348 1447 gni?
363 1411 390 1439 Si
401 1413 472 1439 enim
486 1419 542 1439 sua:
556 1412 673 1445 ipsorum
689 1411 743 1446 (49)
761 1411 856 1439 animae
876 1416 992 1439 mentem
1008 1417 1065 1439 tan-

285 1457 368 1493 tisper
382 1458 609 1490 considerasseut,
636 1457 661 1484 in
688 1458 746 1484 haec
773 1458 819 1484 toti
840 1460 990 1493 praecipites
1013 1466 1066 1486 non

285 1503 411 1536 ruissent,
438 1511 486 1531 nec
511 1510 605 1530 verum
633 1503 732 1531 Christi
756 1503 864 1530 Patrem
877 1503 961 1531 Deum
985 1512 1067 1540 nega-

283 1553 353 1576 rent.

1114 910 1222 945 ἄρσεσι
1237 909 1294 944 τὴν
1308 908 1528 943 ἀσχημοσύνην
1541 907 1791 942 κατεργαζόμενοι.
1809 906 1902 933 Ταῦτα

1114 957 1142 983 δὲ
1159 957 1205 983 καὶ
1218 956 1252 982 τὰ
1264 954 1374 982 τοιαῦτα
1394 955 1569 990 πράσσοντες,
1596 953 1754 988 ὁμολογοῦσι
1766 953 1813 980 καὶ
1827 952 1903 986 ὲλέγ-

1115 1011 1192 1038 χουσι
1217 1002 1263 1029 καὶ
1287 1002 1349 1032 τοὺς
1378 999 1539 1035 λεγομένους
1563 998 1653 1026 αὐτῶν
1677 998 1754 1031 θεοὺς
1782 998 1904 1025 τοιοῦτον

1116 1048 1259 1084 ἐσχηκέναι
1280 1047 1325 1074 τὸν
1356 1047 1422 1082 βίον.
1454 1047 1501 1073 Ἐκ
1525 1045 1574 1081 μὲν
1597 1046 1651 1081 γὰρ
1677 1045 1737 1084 ΔΕ
1766 1044 1815 1080 τὴν
1840 1054 1905 1077 πω,-

1105 1094 1259 1139 χδσφνβέι-ρὲν
1284 1094 1331 1121 καὶ¹
1345 1093 1394 1129 τὴν
1424 1093 1554 1134 μριχὲειν,
1581 1093 1614 1119 ὲκ
1634 1092 1662 1119 δὲ
1681 1092 1839 1128 ’ΔφροδΑης
1852 1091 1903 1127 τὴν

1117 1141 1258 1180 πορνεξεν,
1285 1140 1332 1167 καὶ
1349 1141 1381 1166 ἑκ
1407 1139 1457 1174 μὲν
1477 1138 1556 1173 Ῥέας
1586 1138 1636 1174 τὴν
1655 1137 1808 1176 tie-ﬂgiti),
1826 1138 1859 1164 ἐκ
1874 1136 1904 1163 δὲ

1119 1187 1216 1223 ’Ἄρεος
1241 1185 1426 1221 τῲςέίιόνους,
1455 1185 1503 1212 καὶ
1532 1183 1562 1217 ἑξ
1587 1184 1674 1212 ἄλλων
1698 1184 1765 1212 ἄλλα
1791 1183 1905 1210 τοιαῦτα

1119 1232 1317 1268 μεμαθήκασιν,
1336 1231 1354 1259 ἃ.
1378 1233 1402 1258 οἱ
1425 1231 1502 1266 νόμοι
1532 1231 1581 1266 μὲν
1608 1230 1761 1263 κολάζουσι,
1795 1231 1849 1262 πᾶς
1874 1230 1904 1257 δὲ

1120 1277 1235 1313 σώφρων
1260 1277 1329 1313 ἀνὴρ
1344 1276 1555 1312 ἀποστρέφεται.
1573 1273 1635 1312 Ἆρ’
1650 1273 1696 1303 οὗν
1709 1275 1782 1309 ἄξιον
1793 1276 1833 1302 ἔτι
1847 1275 1903 1311 (48)

1117 1322 1229 1354 τούτους
1260 1322 1380 1358 νομίζειν
1412 1319 1482 1349 εἶναι
1515 1321 1610 1353 θεοὺς,
1639 1322 1702 1354 τοὺς
1729 1321 1763 1348 τὰ
1791 1321 1905 1348 τοιαῦτα

1118 1368 1270 1402 ποιοῦντας,
1295 1370 1342 1396 καὶ
1359 1368 1396 1404 μὴ
1422 1368 1520 1404 μᾶλλον
1534 1368 1587 1395 τῶν
1601 1368 1704 1402 ἀλόγων
1719 1367 1905 1403 ἁλογωτέρους

1118 1415 1242 1450 ἡγεῖσθαι
1267 1414 1377 1445 τούτους
1402 1413 1446 1440 διὰ
1473 1414 1523 1450 τὴν
1552 1413 1696 1448 ἀσέλγειαν
1711 1413 1765 1440 τῶν
1776 1413 1904 1449 τρόπων;

1118 1457 1190 1494 Ἀρα
1204 1459 1276 1492 ἄξιον
1294 1459 1357 1492 τοὺς
1376 1459 1577 1495 θρησκεύοντας
1603 1459 1702 1491 αὐτοὺς
1729 1458 1848 1494 νομίζειν
1862 1459 1907 1485 ἀν-

1120 1504 1255 1541 θρώπους,
1280 1506 1327 1532 καὶ
1345 1506 1382 1541 μὴ
1409 1506 1509 1541 μᾶλλον
1531 1506 1569 1537 ὡς
1588 1506 1694 1540 ἀλόγων
1708 1505 1905 1541 ἀλογωτέρους,

1076 1546 1097 1575 C
1114 1552 1162 1578 καὶ
1181 1551 1235 1578 τῶν
1255 1551 1367 1586 ἀψύχων
1383 1551 1577 1587 ἀψυχοτέρους,
1605 1551 1766 1587 οἰκτείρειη
1785 1551 1817 1578 Et
1850 1550 1907 1586 γὰρ

284 1596 433 1630 ἐλογίζοντο
451 1598 499 1633 τῆς
529 1596 632 1623 ἑαυτῶν
653 1596 741 1632 ψυχῆς
762 1595 806 1622 τδν
823 1595 896 1628 νοῦν,
914 1595 964 1622 οὐκ
977 1596 1011 1623 ἆν
1035 1597 1064 1623 ἑν
1101 1598 1205 1630 τούτοις
1238 1598 1497 1626 κατεπεπτώκεισαν
1520 1598 1575 1626 ὅλοι
1606 1601 1738 1635 πρηνεῖς,
1772 1598 1820 1625 καὶ
1859 1599 1907 1624 τὸν

283 1641 407 1676 ἀληθινὸν
420 1643 549 1679 ἠρνοῦντο
564 1642 610 1668 τοῦ
627 1642 744 1677 Χριστοῦ
764 1642 873 1676 Πατέρα
883 1641 959 1669 Θεόν.

318 1687 363 1716 27.
380 1690 415 1716 At
428 1689 497 1716 forte
511 1688 556 1722 qui
580 1688 651 1715 ittter
669 1696 716 1715 eos
728 1688 905 1722 sapientiores
923 1688 1010 1716 videri
1023 1695 1070 1716 vo-

283 1737 353 1768 lunt.
370 1741 397 1763 et
410 1742 498 1762 rerum
509 1736 660 1761 creatarum
678 1733 855 1760 admiratione
870 1738 1006 1766 tenentur,
1022 1741 1071 1762 no-

284 1782 348 1810 stris
360 1780 526 1816 argumentis
537 1781 621 1807 multo
635 1787 696 1806 cum
708 1779 810 1813 pudore
823 1779 915 1812 evicti,
931 1788 982 1808 non
995 1780 1071 1808 ibunt

284 1828 390 1855 inficias
406 1827 462 1853 haec
477 1825 511 1853 ab
538 1825 663 1852 omnibus
686 1823 766 1852 facile
790 1824 923 1852 confutari
938 1829 966 1852 et
981 1825 1071 1853 redar-

284 1873 328 1909 gui
347 1880 441 1908 posse:
467 1872 514 1900 sed
544 1876 628 1898 tutam
644 1875 671 1898 et
697 1870 823 1897 invictam
841 1871 891 1898 sibi
914 1871 985 1898 illam
1011 1879 1071 1899 esse

284 1919 437 1953 opinionem
450 1917 638 1948 autumabuut,
654 1924 706 1951 qua
714 1916 881 1943 adducuntur
900 1921 928 1943 ut
941 1917 1070 1944 mundum

285 1966 432 1998 mundique
447 1969 536 1998 partes
549 1963 658 1994 colant;
674 1967 755 1997 atque
778 1962 805 1989 in
826 1969 859 1989 eo
871 1962 1068 1997 gloriabuntur,

286 2012 356 2040 quod
378 2018 430 2037 non
450 2009 559 2043 lapides,
586 2009 667 2043 ligna,
691 2007 882 2043 hontinumque
906 2012 933 2035 et
949 2008 1071 2035 animan-

284 2057 363 2087 tium,
383 2055 528 2082 volatilium
545 2054 715 2089 reptiliumve
734 2061 781 2080 seu
801 2054 1004 2088 quadrupedum
1017 2053 1071 2081 for-

286 2110 344 2130 ntas
367 2107 539 2132 venerentur.
564 2100 610 2128 sed
639 2099 733 2131 solent,
763 2099 865 2132 lunam,
891 2104 1072 2134 cunctumque

286 2148 421 2175 cmlestem
449 2148 587 2179 mundum,
620 2152 723 2172 necnon
745 2149 842 2171 terram
870 2148 897 2171 et
919 2145 1071 2171 universam

285 2200 415 2228 aquarum
436 2196 569 2219 naturam.
594 2190 649 2217 lmo
665 2197 713 2217 nec
727 2190 890 2217 contendere
911 2190 1071 2217 dubitabunt

285 2240 419 2267 neminem
439 2238 582 2266 ostendere
595 2244 674 2272 posse
692 2244 733 2264 res
752 2236 811 2264 illas
828 2245 879 2264 non
899 2244 958 2265 esse
976 2242 1070 2265 natura

285 2286 351 2312 deos
367 2293 374 2310 :
398 2291 459 2311 cum
472 2283 597 2310 omnibus
614 2282 783 2310 manifestum
806 2282 850 2313 sit,
869 2289 900 2309 ea
915 2289 1002 2316 neque
1014 2283 1071 2309 ina—

1154 1689 1199 1716 27.
1219 1688 1288 1715 Ἀλλ’
1305 1688 1369 1720 ἴσως
1384 1687 1653 1724 οἱὲπαναὸεὸηκότες
1666 1687 1767 1715 τούτων
1780 1688 1828 1714 καὶ
1841 1688 1906 1724 περὶ

1119 1732 1169 1768 τὴν
1200 1734 1288 1761 κτίσιν
1315 1735 1492 1770 ἐπτοημένοι,
1522 1733 1725 1769 δυσωπούμενοι
1752 1735 1808 1765 τοῖς
1842 1734 1907 1770 περὶ

1120 1777 1175 1805 τῶν
1202 1778 1392 1814 βδελυγμάτων
1412 1779 1543 1814 ἐλέγχοις,
1565 1779 1777 1813 εὐκατάγνωστα
1792 1779 1840 1814 μὲν
1858 1779 1908 1806 καὶ

1120 1823 1267 1858 εὐέλεγκτα
1290 1825 1364 1860 παρὰ
1383 1825 1464 1851 πᾶσιν
1491 1824 1556 1852 ὄντα
1574 1823 1659 1851 ταῦτα
1679 1825 1729 1851 οὐκ
1743 1825 1908 1860 ἀρνήσονται

1121 1869 1168 1895 καὶ
1197 1869 1283 1896 αὐτοί·
1313 1871 1419 1906 ἐκείνην
1448 1871 1477 1897 δὲ
1501 1871 1592 1902 αὐτοῖς
1619 1869 1726 1906 ἀσφαλῆ
1753 1870 1803 1906 τὴν
1829 1869 1908 1902 δόξαν

1120 1916 1169 1942 καὶ
1182 1916 1378 1952 ἀναντίρρητον
1386 1914 1456 1943 εἶναι
1468 1916 1604 1951 οἰήσονται
1616 1915 1665 1952 τὴν
1673 1915 1740 1952 πρὸς
1750 1915 1796 1942 τὸν
1805 1915 1907 1951 κόσμον

1120 1962 1168 1989 καὶ
1196 1963 1231 1988 τὰ
1256 1961 1303 1988 τοῦ
1331 1963 1433 1998 κόσμου
1452 1963 1521 1998 μέρη
1547 1961 1707 1998 θρησκείαν·
1726 1963 1907 1998 καυχήσονται

1120 2007 1174 2042 γὰρ
1192 2008 1240 2042 οὐχ
1253 2008 1290 2039 ὡς
1302 2007 1462 2039 λίθους,λκα“ι
1477 2007 1552 2040 ξύλα,
1572 2007 1619 2034 καὶ
1640 2006 1745 2044 μορφὰς
1757 2007 1908 2043 ἀνθρώπων

1120 2053 1167 2079 καὶ
1182 2053 1285 2086 ἀλόγων
1300 2053 1408 2088 πτηνῶν
1426 2062 1456 2080 τε
1476 2054 1520 2080 καί
1539 2053 1660 2089 ἑρπετῶν
1675 2053 1721 2080 καὶ
1735 2053 1908 2089 τετραπόδων

1120 2097 1223 2132 ἁπλῶς,
1240 2098 1296 2125 ἀλλ’
1314 2098 1388 2134 ἥλιον
1407 2099 1454 2125 καὶ
1472 2099 1601 2134 σελήνην,
1616 2099 1664 2126 καὶ
1685 2099 1774 2126 πάντα
1785 2098 1831 2125 τὸν
1845 2099 1907 2125 κατ’

1120 2143 1232 2179 οὐρανὸν
1244 2143 1355 2179 κόσμον,
1369 2145 1415 2171 καὶ
1431 2145 1482 2180 γῆν
1498 2142 1531 2172 αὖ
1547 2145 1626 2172 πάλιν
1642 2145 1689 2172 καὶ
1704 2145 1850 2180 σύμπασαν
1858 2144 1907 2171 τοῦ

1121 2189 1204 2226 ὑγροῦ
1219 2191 1267 2226 τὴν
1283 2190 1363 2225 φύσιν
1375 2191 1499 2224 σέϐοντες
1510 2192 1556 2218 καὶ
1569 2191 1772 2228 θρησκεύοντες·
1792 2191 1839 2218 καὶ
1852 2192 1907 2227 φή-

1122 2244 1197 2263 σουσι
1220 2237 1257 2272 μὴ
1271 2237 1400 2265 δύνασθαί
1413 2246 1489 2270 τινας
1514 2238 1652 2271 ἀποδεῖξαι
1671 2239 1718 2265 καὶ
1731 2238 1840 2269 τούτους
1868 2238 1907 2274 μὴ

1121 2279 1189 2309 εἶναι
1214 2282 1293 2318 φύσει
1311 2283 1398 2316 θεοὺς,
1427 2285 1508 2310 πᾶσιν
1533 2284 1608 2315 ὄντος
1632 2283 1761 2319 φανεροῦ,
1780 2284 1821 2310 δτι
1844 2281 1908 2310 οὔτε

285 2333 356 2357 nima
379 2335 466 2363 neque
481 2328 583 2356 ratione
597 2335 691 2361 vacua,
708 2328 754 2355 sed
772 2327 853 2355 etiam
867 2327 1005 2355 hominum
1020 2335 1064 2354 na-

1122 2328 1222 2364 ἅψυχα,
1233 2328 1294 2355 οὔτε
1306 2329 1390 2363 ἄλογα
1403 2330 1539 2364 τυγχάνει,
1553 2329 1619 2357 ἀλλὰ
1639 2330 1685 2357 καὶ
1695 2330 1744 2366 τὴν
1755 2328 1908 2364 ἀνθρώπων

320 2387 342 2402 ιι
357 2386 434 2413 Rom.
455 2393 473 2418 1,
488 2385 534 2419 26,
547 2385 593 2412 27.

321 2454 375 2489 (ιιι)
391 2453 436 2480 Sic
461 2453 566 2488 Anglic.
591 2451 698 2483 thlcri,
715 2451 844 2489 εξδώλος.
862 2450 934 2489 Idem
950 2451 1067 2487 Anglic.,

283 2487 413 2524 γυναῖκας
446 2487 652 2522 ιιι-ογυναῖκες
686 2489 775 2524 habet.
813 2487 895 2524 Paulo
928 2492 1069 2524 postpro

283 2522 484 2559 ἆπαρχὸμεναι,
512 2523 621 2550 Gobler.
654 2528 681 2549 et
698 2523 816 2559 Felckm.
843 2522 856 2548 1
875 2522 1069 2559 εηοιιηὴοὺθηῐ

284 2558 479 2594 ὲπαρχόμεναι.
502 2558 584 2585 Basil.
611 2558 793 2593 παρεχόμενοι
805 2562 832 2585 et
846 2559 873 2584 in
888 2558 1008 2592 margine
1022 2565 1068 2593 γρ.

284 2595 479 2630 ἀπαρχόμενοι.

321 2627 377 2664 (λέΞὶ
396 2627 454 2663 ’Τὴν
479 2628 525 2655 τοῦ
551 2629 675 2664 σώματος
694 2628 782 2655 αὐτῶν
808 2635 861 2655 non
883 2631 945 2664 sunt
959 2627 995 2662 |in
1019 2627 1070 2664 VSe-

285 2673 361 2700 guer.
389 2665 497 2692 Gublcr.
516 2663 633 2700 Ferlckm.
662 2665 673 2690 l
701 2672 781 2690 anon.
810 2664 836 2690 ln
867 2663 927 2689 aliis
942 2670 1007 2700 vero
1019 2663 1069 2688 ha—

285 2698 400 2734 ln-nlur,
433 2707 517 2734 eaque
549 2699 672 2733 leget-unt
703 2699 847 2725 Utnuibou.
878 2703 905 2724 ct
943 2698 1069 2734 Ambros.

286 2732 435 2762 Camaldul.
463 2732 527 2762 Ibid.
557 2732 605 2768 pro
633 2735 746 2766 ἑαυτῶν,
775 2734 881 2768 Anglic.
909 2732 999 2760 αὐτῶν
1024 2734 1071 2759 Int-

286 2769 342 2801 bet,
359 2775 386 2796 et
398 2775 493 2797 contra
507 2769 624 2797 l-‘elckm.
642 2769 659 2796 2
678 2777 759 2797 anon.
772 2777 821 2804 pro
844 2768 932 2795 αὐτῶν
949 2776 1005 2803 seq.
1019 2768 1068 2795 ha-

287 2804 330 2830 bet
344 2804 457 2831 ἑαυτῶν.

322 2839 377 2874 (46)
406 2839 511 2874 Anglic.
543 2844 570 2868 et
598 2838 679 2867 editio
694 2839 823 2868 Comutel.
850 2839 893 2866 τὸν
912 2838 986 2866 Θεὸν.
1002 2838 1066 2867 ibid.

1121 2451 1229 2480 Gobler.
1257 2456 1285 2479 et
1315 2451 1436 2479 Feb-itm.
1462 2452 1475 2479 1
1508 2459 1590 2479 anon.
1621 2451 1736 2483 ἑαυτοῖς.
1769 2450 1802 2479 Et
1826 2452 1907 2487 paulo

1121 2493 1182 2522 pust
1209 2488 1288 2515 iidem
1317 2487 1425 2515 Gobler.
1453 2492 1480 2513 et
1502 2487 1624 2522 Felckm.
1654 2488 1765 2514 lanon.
1792 2487 1905 2514 εὐωδία.

1122 2521 1171 2556 pro
1197 2523 1340 2566 εὐμένειαν
1364 2523 1474 2550 habent.
1502 2521 1568 2549 Ibid.
1599 2522 1702 2557 Anglic.
1721 2522 1809 2549 αὐτῶν
1824 2524 1908 2550 habet

1122 2566 1171 2593 pro
1186 2566 1280 2593 αυτην.

1159 2593 1215 2628 (47)
1230 2592 1310 2619 liasil.
1342 2592 1549 2628 μετηλλάξαντο.
1573 2591 1644 2628 Infra
1660 2596 1719 2626 post
1735 2592 1908 2628 locmnApo-

1121 2626 1181 2655 stoli
1205 2627 1264 2661 καί,
1279 2626 1391 2655 autem
1405 2626 1536 2661 τοιαῦτα,
1552 2636 1605 2656 non
1623 2627 1720 2662 legitur
1739 2628 1766 2654 in
1784 2626 1906 2654 Felekm.

1119 2663 1329 2733 zlzgll:lt‘elck.
1355 2698 1374 2725 2
1401 2705 1480 2724 anon.
1508 2698 1575 2724 ἐστί.
1606 2697 1757 2733 ΒιιείΙηὲπὶ
1789 2697 1905 2728 τούτοις.

1120 2733 1187 2760 lhid.
1203 2731 1280 2760 ἐἶναι
1303 2735 1379 2760 deest
1407 2734 1431 2759 iu
1451 2733 1558 2760 Gobler.
1581 2739 1608 2760 et
1630 2732 1718 2759 Felt-k.
1741 2734 1750 2759 ι
1769 2740 1812 2759 an.
1841 2733 1905 2762 τοὺς

1121 2768 1156 2794 τὰ
1178 2769 1289 2796 τοιαῦτα
1318 2768 1461 2800 ποιοῦντας
1488 2777 1540 2795 non
1570 2769 1694 2803 leguntur
1718 2768 1745 2794 in
1768 2766 1860 2794 Felck.
1889 2767 1907 2793 ‘2

1121 2813 1215 2874 mihi)
1233 2839 1288 2872 Sic,
1315 2839 1353 2866 uti
1378 2839 1404 2865 iu
1427 2838 1520 2865 Gt'mco
1546 2843 1597 2869 est,
1629 2837 1768 2869 vertimus,
1793 2838 1855 2871 quia
1875 2838 1909 2865 S.
