2037 3044
280 107 316 136 55
567 110 597 140 δ.
617 111 800 139 ATHANASII
821 111 897 140 OPP.
918 112 1010 141 PARS
1029 114 1049 142 Ι.
1070 131 1104 136 -
1123 115 1310 146 HISTORlCA
1328 118 1374 147 ET
1394 119 1606 150 DOGMATICA.
1878 126 1914 154 56

278 174 442 204 quocunque
457 168 498 197 vis
516 169 622 198 illorttm
645 171 794 206 impulerit.
812 173 864 207 Ipsi
889 181 973 209 porro
990 175 1063 203 venti

1115 178 1271 213 περιρρέων
1290 179 1340 215 τὴν
1363 179 1509 216 σύμπασαν
1534 182 1586 217 γῆν
1609 183 1695 218 μέγας
1716 183 1838 216 ὠκεανὸς
1859 185 1913 212 ὑπὸ

280 220 334 240 non
348 220 397 249 per
412 214 526 250 seipsos,
542 216 601 248 sed,
613 220 643 243 ut
656 216 754 245 docent
765 218 810 251 qui
827 219 884 247 haec
896 224 1023 253 tractant,
1037 229 1071 248 ex

279 259 378 286 ardore
392 264 419 287 et
433 261 524 289 calore
537 262 589 289 orti
602 270 684 297 quem
701 264 735 291 ab
745 265 846 292 aathere
862 272 908 292 aer
920 266 1024 302 recipit,
1043 267 1069 295 in

280 306 339 340 ipso
354 313 416 333 aere
428 307 591 343 consistunt,
605 315 637 336 ac
652 316 700 344 per
715 317 777 337 eum
794 309 859 338 ﬂant
876 311 985 347 ubique.
1001 312 1068 340 Nam

279 356 350 387 quod
366 355 399 381 ad
413 360 528 388 quatuor
537 355 671 382 elementa
691 357 820 390 pertinet,
840 365 937 392 nempe
950 359 1066 386 calidum

278 403 306 425 et
318 398 456 434 frigidum,
468 400 571 427 siccum
585 405 613 428 et
630 401 782 435 humidum,
797 410 828 430 ex
856 404 955 438 quibus
967 412 1063 439 corpo-

280 452 340 472 rum
361 451 457 474 natura
475 447 657 482 componitur,
685 448 747 482 quis
775 449 841 477 adeo
857 455 947 478 mente
973 455 1067 485 captus

277 495 331 525 est,
344 496 373 519 ut
388 493 493 520 nesciat
507 493 564 521 haac
580 493 660 521 simul
687 494 796 529 quidem
815 495 961 530 conjuncta
977 496 1068 524 consi-

277 542 360 570 stere,
376 539 463 567 divisa
477 547 541 568 vero
563 546 591 568 et
617 547 742 576 separata
767 541 823 576 jam
847 549 907 570 sese
925 543 1040 570 invicem
1056 562 1064 576 ,

276 589 359 619 prout
381 586 508 621 quodque
535 588 660 622 superius
684 587 775 620 fuerit,
803 588 955 616 destruere.
986 589 1066 617 Calor

275 629 348 656 enim
364 629 531 659 redundante
548 631 650 667 frigore
662 633 845 668 exstinguitur
861 643 867 661 :
883 633 968 669 frigus
981 634 1063 661 vicis-

276 677 327 702 sim
343 676 369 703 vi
391 676 490 705 caloris
512 679 660 707 evanescit.
681 678 798 706 Siccitas
825 688 920 709 rursus
949 680 1064 708 humore

276 721 407 750 ntadeﬁt:
421 728 449 751 et
463 723 561 752 humor
573 726 697 754 siccitate
710 727 881 754 exhauritur.

1118 223 1228 259 ἀνέμων
1243 226 1358 253 κινεῖται
1374 226 1421 253 καὶ
1435 227 1547 263 φέρεται
1565 228 1660 255 61:0t6‘
1682 229 1716 256 ἂν
1731 230 1811 257 αὑτὸν
1825 232 1842 266 ἡ
1856 232 1912 259 τῶν

1118 270 1226 305 ἀνέμων
1241 272 1403 309 προσρήσσῃ
1420 273 1474 308 (61)
1495 273 1548 308 βία.
1568 275 1624 301 Καὶ
1640 275 1717 303 αὐτοὶ
1731 276 1759 302 δὲ
1774 277 1799 303 ol
1816 276 1911 312 ἄνεμοι

1116 317 1167 343 οὐκ
1175 317 1204 343 ὲν
1211 317 1326 350 ἑαυτοῖς,
1335 318 1403 346 ἀλλὰ
1410 339 1417 351 ,
1425 319 1496 346 κατά
1505 321 1568 352 τοὺς
1581 321 1645 358 περὶ
1659 321 1761 348 τούτων
1772 322 1910 355 εἰπόντας,

1116 362 1149 388 ὲκ
1169 362 1220 398 τῆς
1236 363 1305 399 πρὸς
1328 364 1374 392 τὸν
1391 365 1460 401 ἀέρα
1476 365 1524 392 τοῦ
1541 366 1651 402 αἰθέρος
1666 367 1839 401 διακαύσεως
1862 369 1911 396 καὶ

1117 407 1284 444 θερμότητος
1304 410 1333 437 ὲν
1356 411 1432 447 αὐτῷ
1455 412 1494 448 τῷ
1516 413 1578 449 ἀέρι
1601 413 1784 448 συνίστανται,
1806 415 1854 442 καὶ
1876 415 1910 442 δι’

1115 453 1198 480 αὑτοῦ
1223 456 1360 492 πανταχοῦ
1384 457 1505 486 πνέουσι.
1531 459 1600 495 Περὶ
1623 460 1677 495 γὰρ
1697 459 1751 487 τῶν
1769 461 1910 496 τεσσάρων

1116 499 1268 534 στοιχείων,
1291 501 1320 534 ἐξ
1343 498 1381 528 ὧν
1401 502 1449 530 καὶ
1472 503 1638 539 συνέστηκεν
1661 505 1677 540 ἠ
1697 505 1751 532 τῶν
1775 506 1908 540 σωμάτων

1115 543 1206 578 φύσις,
1220 545 1270 580 τὴν
1283 545 1340 582 (62)
1354 546 1459 583 θερμὴν
1473 547 1545 582 λέγω
1561 549 1608 575 καὶ
1624 548 1673 585 τὴν
1688 549 1807 586 ψυχρὰν,
1824 550 1908 586 ξηράν

1113 598 1144 616 τε
1161 591 1208 617 καὶ
1222 591 1309 627 ὑγρὰν
1325 593 1432 625 οὐσίαν,
1448 594 1490 626 τίς
1511 594 1636 621 τοσοῦτον
1651 595 1843 631 ἀπέστραπται
1858 597 1909 632 τὴν

1115 635 1245 670 διάνοιαν,
1264 638 1334 665 ὥστε
1351 638 1388 675 μὴ
1405 639 1514 672 ειδέναι,
1535 641 1576 666 ὅτι
1597 639 1665 676 ὁμοῦ
1682 641 1731 676 μὲν
1749 642 1910 677 συνημμένα

1115 682 1202 710 ταῦτα
1225 684 1398 712 συνίστανται
1419 686 1485 720 (65),
1514 686 1690 722 διαιρούμενα
1714 687 1743 714 δὲ
1769 688 1817 715 καὶ
1847 688 1910 715 καθ’

1115 729 1200 756 ἑαυτὰ
1214 731 1356 766 γινόμενα,
1369 731 1461 759 λοιπὸν
1474 733 1521 759 καὶ
1533 732 1655 768 ἀλλήλων
1667 734 1735 760 εἰσὶν
1748 734 1909 771 ἀναιρετικά

276 768 363 796 ταῦτα
378 770 449 798 κατά
463 771 512 807 τὴν
525 772 573 798 τοῦ
589 772 783 806 πλεονάζοντος
797 774 826 800 ὲν
845 773 937 805 αὐτοῖς
949 773 1144 810 ἑπικράτειαν;
1169 777 1275 813 Θερμόν
1284 787 1314 804 τε
1325 778 1380 814 γὰρ
1412 778 1464 806 ὑπὸ
1494 778 1598 815 ψυχροῦ
1626 768 1820 812 πλεονάσαντος
1832 781 1911 807 ἀναι-

277 819 364 854 ρεῖται
376 827 383 834 ·
400 820 447 847 καὶ
458 821 561 857 ψυχρὸν
578 822 658 849 πάλιν
671 822 724 849 ὑπὸ
737 824 786 858 τῆς
804 821 908 858 Θερμῆς
926 821 1086 857 ἀφανίζεται
1104 823 1255 860 δυνάμεως·
1275 826 1356 862 ξηρόν
1369 835 1398 854 τε
1415 825 1448 854 αὗ
1471 827 1524 854 ὑπὸ
1554 826 1601 854 τοῦ
1615 827 1698 864 ὑγροῦ
1713 828 1907 864 διυγραίνεται,

274 866 323 894 καὶ
336 866 416 894 τοῦτο
428 868 480 894 ὑπὸ
493 868 540 895 τοῦ
559 869 653 905 ἑτέρου
668 869 834 906 ξηραίνεται.

309 913 356 942 28.
369 915 419 948 Qui
432 916 513 950 igitur
529 916 587 944 fieri
610 922 698 952 potest
715 923 743 945 ut
759 926 802 946 res
816 918 869 946 illae
883 918 921 946 dii
936 917 1037 946 fuerint
1053 938 1061 951 ,

1148 916 1192 945 28.
1213 917 1277 950 Πῶς
1289 915 1336 945 οὖν
1350 917 1437 945 ταῦτα
1454 919 1488 945 ἂν
1505 919 1560 953 (64)
1581 916 1637 945 εἷεν
1654 918 1710 946 θεοὶ
1726 919 1842 954 δεόμενα
1856 919 1908 954 τῆς

275 967 336 994 quae
351 965 443 987 mutua
459 968 510 996 ope
526 962 664 997 indigent?
675 963 718 991 vel
736 971 789 999 quo
802 968 882 998 pacto
911 965 1012 1000 aliquid
1028 963 1063 991 ab

275 1002 316 1033 eis
332 1009 424 1039 petere
449 1014 602 1040 possumus,
630 1016 692 1043 quae
717 1016 840 1038 mutuam
868 1010 932 1045 ipsa:
952 1011 1064 1045 exigunt

275 1053 405 1086 operam?
416 1052 538 1089 Namque
549 1055 571 1082 si
584 1056 705 1083 omnium
716 1064 850 1085 consensu
859 1063 964 1086 constat
981 1060 1064 1087 Deum

275 1098 348 1125 nulla
368 1105 396 1126 re
426 1099 557 1135 indigere,
572 1101 618 1128 sed
637 1102 724 1131 solum
741 1104 793 1130 sibi
809 1105 877 1132 satis
896 1112 956 1132 esse
981 1112 1064 1140 seque

274 1143 334 1177 ipso
349 1143 456 1176 plenum
474 1153 546 1178 esse,
564 1147 711 1182 omniaque
730 1149 757 1176 in
777 1149 824 1177 illo
836 1151 997 1183 consistere,
1009 1151 1064 1179 imo

276 1189 364 1224 ipsum
381 1191 508 1219 omnibus
521 1192 586 1220 dare
601 1196 788 1222 utconsistant
805 1206 812 1224 :
827 1204 891 1231 qua,
903 1205 1004 1232 quaeso.
1021 1206 1064 1226 ra-

274 1237 348 1265 tione
367 1238 452 1266 solem
467 1244 496 1266 et
520 1239 611 1267 lunam
628 1240 750 1276 aliasque
765 1246 865 1270 creata:
883 1249 987 1270 natum
1002 1251 1064 1278 par-

273 1287 327 1316 tes,
345 1291 405 1319 qua:
417 1285 484 1312 tales
499 1286 592 1320 utique
610 1294 662 1314 non
686 1292 758 1319 sunt.
772 1290 818 1316 sed
843 1294 938 1317 mutuo
963 1291 1063 1318 auxilio

273 1337 342 1364 opus
357 1330 469 1363 habent,
486 1332 552 1360 deos
575 1333 710 1368 appellare
727 1341 834 1369 equum
850 1336 916 1362 est?
931 1336 966 1362 At
994 1336 1064 1364 forte

274 1376 359 1404 divisa
374 1377 417 1404 illa
434 1382 461 1404 et
474 1378 587 1405 seorsim
601 1384 710 1414 sumpta
723 1380 783 1408 aliis
803 1381 924 1416 indigere
939 1381 1062 1409 fatebun-

275 1427 329 1455 tur,
347 1423 419 1458 quod
435 1424 461 1451 in
478 1425 599 1452 omnium
617 1426 704 1453 oculis
729 1431 836 1461 pateat:
854 1435 948 1454 verum
970 1429 1063 1456 omnia

275 1469 354 1496 simul
372 1470 567 1506 eonjungentes
595 1479 628 1499 ac
652 1472 726 1499 velut
743 1481 825 1500 unum
842 1474 938 1508 ingens
965 1482 1064 1508 corpus

273 1523 307 1544 ex
321 1516 363 1543 his
380 1522 582 1550 componentes,
596 1523 680 1546 totum
690 1518 754 1546 illud
773 1519 856 1546 Deum
873 1527 935 1548 esse
949 1527 1064 1556 respon-

274 1562 385 1589 debunt.
402 1562 455 1597 22
473 1562 542 1590 Toto
553 1564 653 1599 quippe
668 1565 829 1597 constituto,
848 1566 921 1593 nulla
946 1567 1063 1601 amplius

274 1613 304 1633 re
321 1611 431 1634 externa
452 1608 505 1634 illis
519 1616 587 1642 opus
600 1609 662 1641 erit,
681 1610 728 1637 sed
743 1614 828 1637 tntum
844 1611 896 1637 sibi
922 1611 955 1638 ad
971 1613 1062 1639 omnia

274 1652 340 1679 satis
356 1653 408 1680 erit
430 1657 457 1680 et
473 1653 596 1681 sulliciet.
615 1649 688 1687 Haec,
716 1655 837 1689 inquam,
852 1656 974 1684 clTutient
1003 1657 1062 1685 falsi

273 1697 421 1732 sapientes,
438 1703 466 1725 ut
478 1707 574 1733 nempe
589 1700 639 1728 hac
651 1701 733 1728 etiam
747 1709 778 1728 ex
794 1706 869 1736 parte
895 1703 997 1737 possint
1020 1711 1063 1730 re-

274 1743 378 1778 dargui.
392 1743 457 1771 Nam
476 1752 507 1772 ex
522 1745 572 1773 hoc
585 1754 716 1781 responso
729 1755 780 1774 nou
805 1749 895 1775 minus
922 1757 1002 1783 quam
1028 1756 1061 1776 ex

275 1790 316 1816 his
331 1798 391 1825 qua:
403 1798 486 1826 supra
503 1792 574 1819 dicta
588 1797 662 1826 sunt,
677 1801 812 1821 summam
827 1803 922 1822 eorum
939 1796 1063 1830 impieta-

274 1840 327 1862 tem
342 1842 423 1870 atque
440 1837 573 1865 inscitiam
583 1840 770 1867 demonstrare
787 1841 860 1868 licet.
877 1841 906 1868 Si
920 1842 991 1868 enim
1005 1843 1062 1869 sin—

273 1884 342 1919 gula:
360 1889 449 1918 partes
460 1885 539 1912 simul
551 1886 702 1920 conjuncta:
715 1892 798 1915 totum
814 1887 946 1920 alliciunt,
963 1893 1062 1916 lotum—

274 1938 327 1964 que
343 1931 430 1966 ipsum
446 1939 478 1958 ex
493 1932 606 1967 singulis
619 1934 742 1968 partibus
761 1935 953 1969 componitur:
981 1935 1062 1969 igitur

274 1981 360 2003 totum
377 1984 407 2003 ex
423 1977 537 2012 singulis
559 1979 682 2012 partibus
710 1984 826 2011 constat,
842 1987 902 2015 qua:
929 1980 1041 2014 singulm
1053 2001 1060 2013 ,

274 2021 355 2049 tutius
371 2027 462 2056 partes
475 2028 550 2050 sunt.
565 2024 648 2058 Atqui
663 2024 690 2051 id
708 2024 756 2052 Dei
773 2025 930 2052 notionibus
943 2026 1062 2053 maxime

272 2073 316 2097 est
332 2069 469 2103 alienum;
492 2069 563 2097 Deus
589 2071 662 2098 enim
686 2075 783 2104 totum,
809 2079 861 2099 non
888 2079 980 2107 partes
995 2077 1059 2100 est:

272 2122 359 2150 neque
372 2123 404 2143 ex
419 2116 535 2143 diversis
547 2116 628 2144 rebus
646 2122 769 2149 constat;
787 2118 834 2145 sed
860 2118 917 2152 ipse
934 2119 1061 2146 constitu-

273 2162 353 2189 tionis
377 2169 468 2189 rerum
494 2162 615 2190 omnium
641 2168 736 2190 auctor
753 2167 804 2190 est.
831 2164 949 2191 Adverte
970 2168 1061 2192 autem

271 2216 352 2243 (luam
371 2208 451 2243 impia
471 2207 620 2243 proferant,
646 2209 692 2244 qui
707 2209 741 2236 ita
764 2209 798 2236 de
819 2209 874 2237 Deo
902 2209 1058 2244 loquuntur.

270 2255 416 2283 Enimvero
430 2255 451 2281 si
469 2255 537 2282 Deus
547 2263 580 2282 ex
591 2256 713 2290 partibus
727 2261 847 2289 constat;
860 2263 926 2283 sane
938 2256 988 2284 sibi
1005 2257 1061 2290 ipse
1077 2270 1098 2297 ο

269 2300 426 2333 dissimilis,
451 2305 533 2335 atque
546 2309 579 2328 ex
594 2302 771 2330 dissimilibus
787 2303 938 2337 completus
953 2303 1061 2331 videbi-

270 2351 324 2374 tur.
341 2346 408 2373 Natn
423 2346 446 2373 si
463 2346 503 2374 sol
519 2352 573 2381 est,
590 2347 653 2374 luna
668 2355 721 2375 non
735 2352 788 2375 est.
805 2347 833 2374 Si
846 2347 908 2374 luna
917 2352 969 2380 est,
987 2352 1058 2376 terra

269 2398 391 2426 nonest;
408 2393 430 2420 si
445 2398 517 2420 terra
530 2398 583 2426 est,
602 2401 655 2420 non
671 2399 713 2421 est
729 2401 804 2421 mare
817 2403 823 2420 :
838 2394 956 2428 denique
969 2394 991 2422 si
999 2394 1058 2421 sinr

269 2439 346 2473 gulas
363 2439 455 2466 tnuudi
482 2444 575 2474 partes
597 2447 800 2475 percurramus,
813 2447 895 2475 quam
913 2439 971 2467 hac
997 2439 1058 2467 illo-

306 2517 364 2555 (61)
374 2517 492 2555 ἔρωτ-
506 2517 602 2550 Βδείιη
618 2518 774 2555 προσρήσῃς

306 2553 361 2589 (62)
374 2553 429 2588 Τήν
443 2554 489 2581 hic
504 2558 532 2580 et
547 2561 609 2581 mox
624 2553 700 2582 deest
719 2553 873 2582 iu'Gobler.
891 2559 921 2582 et
937 2553 1057 2582 Felckm.

269 2587 454 2668 ἶθῶἓῗξοει
469 2628 497 2668 et
513 2623 568 2651 Fel.
582 2624 600 2651 2
614 2632 695 2652 anon.
717 2624 884 2652 συνίσταται.
900 2624 986 2653 Paulo
999 2628 1060 2660 Post

269 2658 333 2694 ch.
346 2659 406 2686 καθ’
424 2659 504 2686 αὐτά.
1003 2658 1008 2660 ’

288 2734 294 2739 ι
306 2695 361 2739 (εει)
384 2694 433 2739 :Av
447 2697 523 2739 deest
537 2695 563 2722 in
585 2695 667 2739 Bas-il.
681 2696 762 2739 μηδι.
772 2695 864 2739 ΔΡιιιρο
879 2700 939 2731 post
948 2695 1057 2723 Goblcr.

269 2734 297 2757 et
316 2730 397 2758 Fel.‘l
425 2738 507 2757 anon.
524 2733 657 2766 προσήκει
681 2731 782 2758 habent
804 2742 811 2759 ι
830 2730 945 2767 δεεσσε.
971 2739 1057 2768 προσ-

269 2765 415 2802 ῆκεντνΑᾸὶἰ
432 2774 492 2802 cum
505 2767 596 2802 editis,
605 2766 739 2802 προσῆκε.
893 2801 902 2802 7
950 2801 956 2802 γ

307 2800 361 2836 (65)
375 2800 507 2837 Feb-km:
515 2801 537 2837 5r
552 2800 635 2837 anon.
668 2800 875 2837 συνεστηκέναι.
892 2801 976 2830 Paulo
997 2805 1058 2837 post

270 2842 320 2869 pro
333 2835 600 2864 ἑπιδιδόναιϐοὺιθτ.
624 2842 652 2865 ct
673 2835 793 2865 Felcltm.
814 2838 839 2872 l,
857 2844 938 2865 anon.
957 2835 1059 2866 habent

271 2870 416 2898 ἐνδιδόντα.

1115 965 1180 999 παρ’
1195 963 1297 998 ἐτέρων
1311 964 1486 1000 ἐπικουρίας,
1506 965 1522 1000 ἢ
1540 964 1599 996 πῶς
1616 964 1692 1000 παρὰ
1705 965 1808 992 τούτων
1823 966 1909 993 αἰτεῖ-

1115 1010 1176 1037 σθαί
1195 1019 1222 1037 τι
1240 1011 1384 1046 προσήκει,
1400 1011 1448 1038 καὶ
1463 1011 1552 1038 αὐτῶν
1571 1011 1761 1039 ἀπαιτούντων
1776 1013 1839 1048 παρ’
1858 1012 1908 1039 ἀλ-

1114 1056 1201 1093 λήλων
1215 1057 1264 1093 τὴν
1275 1058 1315 1089 είς
1329 1057 1414 1084 ἑαυτὰ
1426 1057 1536 1093 χρείαν;
1552 1058 1584 1084 El
1598 1057 1653 1093 γὰρ
1666 1058 1732 1094 περὶ
1745 1057 1813 1084 Θεοῦ
1829 1057 1908 1092 λόγος

1113 1102 1173 1128 ἐστὶ
1191 1102 1305 1138 μηδενὸς
1326 1102 1406 1129 αὺτὸν
1424 1103 1518 1138 ἐπιδεῆ
1538 1100 1619 1135 εἶναι,
1641 1103 1697 1130 ἀλλ’
1715 1103 1840 1138 αὐτάρκη
1859 1103 1909 1130 καὶ

1114 1149 1204 1184 πλήρη
1221 1149 1327 1180 ἑαυτοῦ,
1340 1149 1389 1176 καὶ
1404 1150 1432 1176 ὲν
1446 1149 1520 1185 αὐτῷ
1533 1149 1567 1176 τὰ
1578 1149 1667 1176 πάντα
1682 1150 1827 1185 συστήκειν
1838 1149 1907 1184 (65),

1113 1194 1159 1220 καὶ
1175 1194 1274 1229 μᾶλλον
1282 1194 1363 1220 αὑτὸν
1377 1195 1434 1226 τοῖς
1444 1195 1527 1221 πᾶσιν
1538 1195 1696 1222 ἐπιδιδόναι·
1704 1195 1764 1226 πῶς
1774 1195 1848 1230 ἦλιον
1859 1195 1907 1221 καὶ

1115 1239 1238 1276 σελήνην,
1250 1240 1336 1267 καὶτὰ
1343 1240 1410 1267 ἄλλα
1420 1241 1491 1276 μέρη
1502 1241 1550 1276 τῆς
1564 1241 1679 1274 κτίσεως
1688 1242 1738 1268 οὐκ
1745 1241 1809 1268 ὅντα
1816 1240 1908 1268 τοιαῦ-

1113 1294 1158 1318 τα,
1173 1286 1241 1313 ἀλλά
1256 1287 1303 1313 καὶ
1322 1286 1378 1322 (66)
1393 1286 1428 1313 τὰ
1439 1287 1587 1322 λειπόμενα
1598 1287 1649 1322 τῆς
1660 1287 1782 1323 ἀλλήλων
1800 1287 1907 1323 χρείας,

1113 1333 1289 1369 ἀναγορεύειν
1302 1333 1377 1367 ἄξιον
1389 1333 1483 1366 θεούς;
1505 1334 1575 1360 Ἀλλ’
1589 1334 1654 1366 ἴσως
1665 1333 1842 1370 διαιρούμενα
1857 1334 1908 1368 μὲν

1113 1381 1160 1407 καὶ
1176 1380 1237 1406 καθ’
1251 1379 1335 1406 ἑαυτὰ
1350 1380 1555 1416 λαμϐανόμενα,
1573 1381 1666 1416 ἔπιδεῆ
1683 1379 1753 1407 εἶναι
1773 1379 1843 1407 αὐτὰ
1859 1380 1908 1407 καὶ

1113 1427 1190 1453 αὐτοὶ
1209 1427 1430 1462 συνομολογοῦσι,
1447 1428 1499 1462 τῆς
1520 1427 1685 1460 ἀποδείξεως
1699 1427 1742 1454 ἐπ’
1757 1427 1906 1462 ὀφθαλμῶν

1113 1472 1212 1508 οὔσης·
1230 1473 1297 1508 ὁμοῦ
1313 1473 1342 1500 δὲ
1359 1473 1449 1500 πάντα
1471 1474 1665 1505 συνάπτοντες,
1683 1473 1730 1500 καὶ
1746 1473 1784 1505 ὼς
1801 1472 1857 1508 (67)
1875 1473 1906 1500 ιν

1113 1519 1306 1551 ἀποτελοῦντες
1319 1519 1390 1555 μέγα
1404 1519 1494 1554 σῶμα,
1507 1519 1538 1546 τὸ
1548 1520 1608 1546 ὅλον
1619 1519 1685 1546 Θεὸν
1696 1517 1765 1546 εἶναι
1777 1521 1905 1555 φήσουσι.

1114 1566 1264 1598 Συστάντος
1280 1565 1334 1601 γὰρ
1355 1565 1402 1592 τοῦ
1417 1565 1489 1597 ὅλου,
1512 1567 1563 1593 οὐκ
1578 1566 1619 1592 ἔτι
1639 1566 1688 1602 μὲν
1703 1565 1801 1598 ἔξωθεν
1813 1567 1907 1599 αὐτοῖς

1115 1613 1193 1648 χρεία
1206 1613 1360 1648 γενήσεται·
1370 1612 1458 1648 ἑαυτῷ
1464 1612 1493 1638 δὲ
1504 1612 1534 1638 τὸ
1542 1612 1601 1639 ὅλον
1613 1612 1704 1639 ἰκανὸν
1712 1613 1758 1639 καὶ
1766 1612 1905 1649 αὔταρκες

1113 1658 1257 1693 γενήσεται
1289 1656 1344 1692 (68)
1365 1657 1433 1692 πρὸς
1460 1657 1559 1688 πάντα,
1577 1657 1702 1689 λέξουσιν
1726 1658 1751 1684 οἱ
1764 1657 1907 1692 δοκησίσο-

1113 1711 1168 1737 φοι,
1187 1702 1231 1729 ἵνα
1251 1702 1298 1728 καὶ
1315 1701 1442 1728 ἐντεῦθεν
1459 1701 1640 1736 ἐλεγχθῶσινσ
1660 1698 1737 1734 οὗτος
1752 1702 1780 1729 δὲ
1796 1704 1811 1729 ὅ
1826 1702 1906 1737 λόγος

1112 1748 1159 1775 καὶ
1175 1747 1275 1783 μᾶλλον
1291 1746 1380 1774 αὐτῶν
1393 1747 1442 1782 τὴν
1456 1747 1585 1774 ἀσέϐειαν
1601 1747 1670 1782 μετὰ
1685 1747 1806 1783 μεγάλης
1820 1749 1906 1775 ἁπαι-

1112 1794 1221 1826 δευσίας
1237 1793 1287 1820 οὐκ
1307 1793 1416 1820 ἔλαττον
1427 1794 1482 1820 τῶν
1497 1793 1615 1830 πρόσθεν
1632 1793 1779 1827 ἀποδείξει.
1798 1795 1830 1821 Εἰ
1850 1795 1906 1830 γὰρ

1111 1841 1142 1866 τὺ
1159 1840 1220 1867 καθ’
1236 1840 1352 1866 ἕκαστον
1370 1840 1515 1875 συναφθὲν,
1538 1840 1569 1867 τὸ
1592 1840 1652 1867 ὅλον
1673 1841 1836 1876 ἀναπληροῖ,
1858 1842 1906 1868 καὶ

1112 1886 1142 1912 τὸ
1155 1886 1215 1912 ὅλον
1234 1887 1266 1912 ἐκ
1280 1886 1333 1912 τῶν
1349 1885 1410 1912 καθ’
1433 1886 1461 1912 ἓν
1484 1886 1657 1913 συνίσταται·
1674 1887 1704 1913 τὺ
1721 1887 1780 1913 ὅλον
1802 1888 1856 1923 ἆρα
1873 1889 1907 1914 ὲκ

1114 1932 1203 1968 μερῶν
1217 1932 1341 1967 συνέστη*
1359 1933 1406 1959 καὶ
1418 1932 1532 1959 ἕκαστον
1546 1932 1594 1959 τοῦ
1606 1933 1667 1959 ὅλου
1679 1933 1762 1968 μέρος
1773 1933 1828 1968 (69)
1840 1941 1906 1968 τυγ-

1112 1979 1196 2013 χάνει.
1211 1978 1296 2005 Τοῦτο
1309 1979 1337 2005 δὲ
1350 1978 1404 2005 τῶν
1419 1979 1484 2014 περὶ
1498 1978 1566 2005 Θεοῦ
1587 1978 1697 2005 ὲννοιῶν
1710 1979 1778 2005 πολὺ
1794 1980 1905 2015 πόρῥω-

1112 2021 1157 2049 οεν
1171 2023 1350 2058 καθέστηκεν,
1370 2023 1400 2050 ὐ
1411 2023 1466 2059 γὰρ
1482 2024 1548 2056 Θεὸς
1564 2024 1624 2051 ὅλον
1637 2024 1695 2050 ἐστὶ
1709 2025 1756 2051 καὶ
1771 2025 1801 2051 οὺ
1820 2026 1903 2060 μέρη,

1111 2069 1159 2095 καὶ
1182 2070 1232 2095 οὐκ
1257 2070 1289 2096 ὲκ
1310 2069 1446 2105 διαφόρων
1468 2070 1643 2105 συνέστηκεν,
1664 2070 1721 2097 ἀλλ’
1747 2071 1828 2104 αὐτὸς
1853 2072 1905 2107 τῆς

1112 2115 1221 2142 πάντων
1234 2115 1390 2147 συστάσεώς
1408 2117 1465 2142 ἐστι
1483 2117 1607 2152 ποιητής.
1624 2116 1679 2143 Θέα
1693 2116 1747 2152 γὰρ
1761 2117 1827 2152 ὅσην
1840 2118 1905 2144 ἀσέ-

1111 2161 1186 2188 ϐειαν
1201 2162 1272 2189 κατὰ
1291 2161 1338 2188 τοῦ
1352 2161 1431 2188 Θείου
1446 2161 1532 2188 ταῦτα
1547 2162 1671 2196 λέγοντες
1683 2163 1855 2198 ἐξηγοῦνται.
1872 2164 1904 2190 Εἰ

1110 2208 1165 2243 γὰρ
1178 2208 1210 2234 ἐκ
1223 2207 1314 2244 μερῶν
1330 2207 1488 2243 συνέστηκε,
1503 2208 1611 2240 πάντως
1630 2209 1710 2241 αὐτὸς
1730 2209 1829 2236 ἑαυτοῦ
1856 2210 1905 2237 ἀν-

1112 2254 1205 2288 όμοιος
1218 2254 1378 2289 φανήσεται,
1393 2254 1439 2280 καὶ
1450 2254 1506 2290 (70)
1519 2254 1548 2287 ἐξ
1556 2255 1690 2290 ἀνομοίων
1701 2254 1770 2290 ἔχων
1776 2256 1826 2291 τὴν
1834 2264 1904 2291 συμ-

1113 2299 1262 2335 πλήρωσιν.
1275 2300 1306 2326 Εἰ
1319 2299 1374 2334 γὰρ
1383 2299 1459 2335 ἥλιός
1475 2301 1559 2333 ἐστιν,
1574 2301 1625 2327 οὺχ
1641 2300 1700 2328 ἔστι
1722 2301 1832 2337 σελήνη·
1855 2302 1904 2329 καὶ

1113 2346 1138 2372 εἰ
1152 2345 1249 2381 σελήνη
1260 2346 1342 2378 ἐστὶν,
1357 2346 1408 2373 οὐκ
1419 2346 1475 2372 ἔστι
1491 2346 1536 2382 γῆ·
1551 2347 1598 2373 καὶ
1614 2347 1638 2373 εἰ
1653 2347 1688 2383 γῆ
1701 2348 1841 2383 τυγχάνει,
1853 2348 1905 2374 οὐκ

1111 2394 1145 2422 ἂν
1158 2394 1201 2430 εἴη
1214 2393 1344 2421 θάλασσα’
1360 2394 1407 2420 καὶ
1417 2393 1504 2425 οὕτως
1518 2394 1560 2428 ἐφ’
1577 2393 1693 2420 ἑκάστου
1709 2394 1856 2430 λαμϐάνων
1870 2395 1904 2422 ἀν

1111 2449 1153 2473 τις
1178 2440 1289 2476 εὑρήσει
1305 2441 1355 2476 τὴν
1370 2440 1486 2467 ἀτοπίαν
1504 2439 1551 2466 τοῦ
1564 2439 1685 2466 τοιούτου
1705 2439 1795 2466 αὐτῶν
1809 2440 1902 2474 λόγου.

1148 2518 1203 2552 (66)
1218 2519 1272 2545 Καί
1296 2519 1372 2546 deest
1400 2519 1427 2546 in
1456 2518 1564 2547 Gobler.
1581 2523 1609 2546 et
1623 2518 1742 2548 Fel-2km.
1772 2520 1784 2547 l
1817 2527 1900 2546 anon.

1114 2553 1175 2580 Post
1188 2555 1244 2586 καί,
1263 2559 1314 2581 art.
1327 2554 1363 2581 τά
1381 2561 1461 2589 quem
1475 2562 1527 2581 non
1543 2554 1645 2581 habent
1662 2555 1776 2589 Seguer.
1788 2555 1901 2583 colllt'l'.

1112 2589 1232 2616 Feb-km.
1251 2590 1311 2620 1,2
1348 2598 1429 2616 anon.
1449 2594 1475 2616 et
1502 2589 1610 2624 Anglic.
1645 2590 1745 2624 legitur
1772 2591 1798 2617 in
1826 2590 1899 2617 aliis.

1112 2624 1213 2660 ibidem
1234 2633 1283 2659 pro
1297 2624 1455 2660 λειπόμενα.
1479 2624 1597 2652 Felckm.
1623 2624 1641 2652 2
1654 2633 1737 2653 anon.
1752 2625 1834 2653 habet
1856 2625 1898 2652 λε-

1112 2659 1214 2695 γόμενα
1227 2666 1253 2686 (τι
1267 2661 1292 2686 in
1311 2659 1429 2694 margine
1442 2660 1567 2695 δεόμενα.

1149 2695 1204 2731 (67)
1217 2695 1325 2723 Goblcr.
1337 2700 1363 2722 et
1377 2695 1496 2722 Felckm.
1509 2696 1521 2722 1
1539 2702 1621 2722 anon.
1638 2696 1688 2727 sic.

1145 2730 1202 2767 (68)
1223 2731 1327 2765 Ἐαυτῷ
1342 2731 1371 2758 δὲ
1385 2731 1488 2767 τὺνὸλον
1502 2731 1594 2758 ἱκανὸν
1607 2732 1653 2758 καὶ
1664 2730 1802 2767 αὔταρκες
1819 2731 1897 2766 γενή-

1111 2774 1188 2793 σεται
1205 2767 1302 2793 desunt
1317 2767 1343 2793 in
1354 2766 1473 2794 Feb-km.
1483 2767 1501 2793 2
1516 2774 1596 2793 anon.

1147 2802 1209 2839 (69)»
1225 2801 1336 2839 Seguer.
1355 2801 1436 2837 μέρη.
1463 2801 1535 2829 Idem
1555 2802 1635 2836 paulo
1659 2807 1720 2837 post
1737 2809 1786 2839 pro
1805 2801 1876 2838 μέρη
1889 2822 1898 2836 ,

1113 2837 1190 2874 μέρει
1203 2837 1292 2874 habet.

1148 2871 1203 2910 (τυ)
1220 2872 1273 2899 Καί
1289 2872 1366 2899 uhcst
1383 2880 1397 2899 a
1416 2871 1534 2900 Felckm.
1549 2871 1566 2900 5
1584 2879 1655 2901 anon
