2037 3044
154 191 190 219 5⁵1
737 189 866 217 ORATIO
885 187 1028 216 CONTRA
1048 187 1195 215 GENTES.
1743 187 1778 216 58

153 248 238 276 τοῦτο
250 248 272 275 δ’
286 247 319 275 ἂν
329 256 371 280 τις
385 249 433 275 καὶ
449 249 482 274 ἐκ
493 248 540 274 τοῦ
554 248 698 284 καθ’,ἡμᾶς
710 248 880 284 ἀνθρωπείου
896 247 945 273 σώ-

997 254 1055 273 rum
1083 246 1151 273 ratio
1169 244 1285 273 absurda
1308 249 1335 272 et
1366 245 1454 280 inepta
1479 244 1525 278 sit,
1552 245 1644 272 statim
1664 246 1777 279 patebit-

154 303 239 331 ματος
256 293 318 321 ίδὼν
334 294 482 330 καταγνοίη
498 295 612 322 τούτων.
639 295 682 326 Ὠς
696 294 751 330 γὰρ
772 296 786 321 ὁ
807 293 944 329 ὀφθαλμὸς

152 341 202 367 ούκ
217 339 290 366 ἐστιν
305 341 385 375 ἀκοὴ,
396 340 456 367 οὐδὲ
467 341 484 376 ἡ
496 340 564 376 ἀκοὴ
578 340 650 376 χεὶρ⁹
664 340 724 366 οὐδὲ
737 340 753 373 ἡ
765 340 872 375 γαστήρ
887 340 944 365 ἐστι

153 386 265 422 στέρνα,
276 386 329 412 οὐδ’
344 384 378 412 αὖ
387 385 468 413 πάλιν
480 386 494 412 ὁ
508 386 595 421 αὐχήν
603 386 661 412 ἐστι
675 385 752 417 ποῦς·
765 384 944 412 ἀλλ’ἓκαστον

153 434 256 460 τούτων
278 433 344 460 ἰδίαν
363 433 420 468 ἔχει
433 433 483 467 τὴν
496 432 646 468 ἐνέργειαν,
663 433 711 459 κα).
726 433 758 459 ὲκ
772 431 874 459 τούτων
886 431 944 458 δια-

155 479 245 515 φόρων
264 479 348 506 ὅντων
370 479 399 505 ἓν
421 479 581 505 συνίσταται
606 479 696 513 σῶμα,
719 478 879 513 συνημμένα
895 477 944 513 μὲν

154 525 216 561 ἕχον
231 525 266 551 τὰ
280 525 336 559 (71)
358 525 427 560 μέρη
446 524 516 550 κατὰ
535 525 584 560 τὴν
603 525 706 560 χρείαν,
721 524 894 559 διαιρούμενα
915 523 944 550 δὲ

155 572 226 599 κατὰ
240 571 289 606 τὴν
304 571 351 598 τοῦ
361 571 457 606 χρόνου
474 570 635 606 παρουσίαν,
650 571 741 606 ὅτανὴ
759 570 838 604 φύσις
853 571 869 605 ἡ
883 579 945 596 συν-

155 618 244 650 άξασα
269 617 356 644 ταῦτα
371 617 455 653 διέλῃ,
469 617 506 649 ὡς
521 619 534 644 ὁ
550 616 703 653 προστάξας
719 617 785 648 Θεὸς
802 617 925 652 βούλεται
935 626 942 633 ·

155 664 225 690 οὕτω
254 663 429 699 (συγγνώμην
443 663 498 699 (72)
514 664 542 690 δὲ
554 665 568 690 ό
578 663 655 698 λόγος
677 664 762 698 ἐχέτω
782 664 847 698 παρ’
862 663 944 691 αὐτοῦ

155 709 201 736 τοῦ
214 710 390 745 κρείττονος),
403 710 437 741 εί,
453 709 486 735 τὰ
497 709 567 745 μέρη
580 710 629 740 τῆς
640 709 755 741 κτίσεως
765 710 945 742 συνάπτοντες

155 756 195 786 εἰς
211 755 238 781 ἒν
255 755 346 790 σῶμα,
364 754 425 781 θεὸν
442 755 665 790 ἀναγορεύουσιν,
679 755 784 791 ἀνάγκη
799 755 881 782 αὑτὸν
896 756 945 790 μὲν

156 801 216 827 καθ’
239 792 342 827 ἑαυτὸν
356 800 481 835 ἀνόμοιον
505 800 593 836 ἑαυτῷ
615 798 694 832 εἶναι,
713 800 806 836 ὥσπερ
825 801 943 837 ἐδείχθη,

155 846 316 882 διαιρεῖσθαι
333 847 360 873 δὲ
375 847 456 873 πάλιν
470 847 540 873 κατὰ
558 846 606 882 τὴν
621 846 674 873 τῶν
691 846 781 882 μερῶν
796 847 836 879 είς
849 847 879 874 τὸ
896 856 944 882 p.3-

156 892 278 928 ρίζεσθαι
291 893 439 928 γενομένην
456 893 547 926 φύσιν,

996 291 1067 318 Idem
1088 295 1177 318 autem
1193 297 1226 318 ex
1241 290 1351 317 humani
1368 297 1475 325 quoque
1490 291 1611 324 corporis
1626 290 1778 318 considera-

997 337 1070 364 tione
1082 342 1172 371 potest
1185 336 1284 364 refelli.
1302 335 1334 363 Ut
1349 336 1421 363 enim
1441 335 1535 363 oculus
1554 343 1607 362 non
1621 341 1661 363 est
1683 336 1777 369 auris;

995 389 1045 409 nec
1059 382 1143 415 auris,
1157 389 1270 414 manus;
1293 388 1344 409 nec
1363 386 1468 414 venter,
1480 386 1574 416 pectus
1587 390 1594 415 ;
1611 389 1660 409 nec
1674 382 1778 415 cervix,

995 435 1063 462 pes;
1082 428 1129 455 sed
1148 428 1251 462 singula
1266 427 1310 455 illa
1331 428 1467 462 propriam
1485 428 1583 454 habent
1596 426 1778 459 eﬂicicutiam,

995 481 1028 501 ex
1041 474 1140 508 quibus
1152 474 1268 501 diversis
1285 482 1366 501 unum
1389 482 1488 508 corpus
1510 475 1693 507 constituitur,
1707 474 1777 508 quod

996 528 1046 546 usu
1067 521 1175 554 quidem
1187 519 1442 554 conjunctashabet
1456 525 1556 554 partes,
1575 520 1620 547 sed
1637 527 1697 554 quae
1713 524 1778 547 tunc

995 565 1193 600 disjungenlur,
1212 574 1272 592 cum
1291 571 1467 600 natura,qu:e
1485 565 1544 593 illas
1557 565 1700 600 copulavit,
1717 573 1778 593 eas-

995 612 1055 638 dem
1074 611 1118 638 Dei
1133 611 1212 645 jussu
1230 612 1377 646 separabit.
1394 612 1432 638 Ita
1447 611 1504 647 (sed
1524 612 1579 646 ipse
1593 611 1663 638 Deus
1678 612 1779 638 dicenti

996 657 1129 693 ignoscat)
1150 658 1173 684 si
1189 663 1287 685 creata:
1301 664 1404 685 natum
1418 663 1509 693 partes
1525 658 1550 684 in
1577 665 1660 684 unum
1681 665 1778 692 corpus

995 708 1208 738 coagmentatas,
1225 704 1303 731 deum
1320 704 1473 739 appeHant:
1489 705 1644 732 necessarie
1657 705 1779 739 sequitur

994 756 1054 776 eum
1069 750 1094 776 in
1111 749 1200 784 seipso
1216 751 1256 777 sui
1275 757 1334 778 esse
1347 751 1518 783 dissimilem,
1534 755 1561 777 ut
1580 755 1716 777 ostensum
1726 755 1778 782 est,

995 803 1027 822 ac
1041 801 1171 829 praterea
1190 796 1283 830 dividi,
1298 797 1515 832 quandoquidem
1530 802 1621 832 partes
1632 804 1665 824 ex
1681 802 1777 824 natura

995 841 1110 870 dividua:
1121 846 1183 869 sunt

189 939 235 967 29.
256 939 311 966 Καὶ
325 939 411 970 άλλως
423 939 450 965 δὲ
462 939 495 965 ἄν
512 947 554 970 τις
570 938 659 965 αὐτῶν
671 938 790 973 ἐλέγξειε
801 938 851 974 τὴν
865 938 943 965 ἀθεό-

1028 946 1073 974 ‘29.
1087 945 1186 974 Verum
1204 946 1254 973 alia
1269 954 1376 981 quoque
1391 946 1505 976 ratione,
1521 945 1543 972 si
1558 945 1699 971 vcritatem
1713 952 1778 971 con-

153 993 223 1020 τητα
238 985 307 1012 κατὰ
320 985 368 1020 τὴν
381 985 431 1020 τῆς
447 985 575 1020 ἀληθείας
588 984 714 1021 θεωρίαν.
730 986 761 1012 Et
777 984 831 1021 γὰρ
850 986 864 1012 ὁ
879 985 944 1017 Θεὸς

153 1031 298 1066 άσώματός
312 1032 380 1062 ἐστι,
393 1032 440 1057 καὶ
453 1031 577 1066 ἀόρατος,
595 1032 641 1057 καὶ
654 1031 790 1066 ἄψαυστος
804 1033 836 1067 τῇ
853 1031 943 1066 φύσει,

153 1076 212 1108 πῶς
226 1075 306 1112 σῶμα
317 1076 362 1103 τὸν
377 1076 444 1103 Θεὸν
459 1076 606 1108 ἐπινοοῦσι,
618 1076 664 1103 καὶ
678 1076 712 1103 τὰ
727 1076 878 1112 φαινόμενα
889 1078 945 1108 τοῖς

153 1123 302 1158 ὀφθαλμοῖς
314 1124 359 1150 καὶ
370 1120 407 1150 ὧν
427 1123 549 1158 ψαύομεν
563 1125 596 1158 τῇ
618 1123 701 1159 χειρὶ,
715 1122 898 1158 θρησκεύουσι
911 1124 943 1158 τῇ

153 1167 201 1193 τοῦ
215 1168 270 1202 (75)
284 1167 351 1194 Θεοῦ
364 1169 429 1204 τιμῇ
442 1176 449 1200 ;
462 1169 516 1195 Καὶ
528 1168 618 1201 πάλιν,
632 1170 655 1195 εἰ
667 1170 681 1195 ὁ
693 1169 757 1204 περὶ
770 1167 837 1196 8εοῦ
851 1169 946 1204 κρατεῖ

153 1213 244 1248 λόγος,
271 1214 383 1241 δυνατὸν
402 1215 483 1241 αὐτὸν
500 1213 569 1241 εἶναι
591 1215 662 1242 κατὰ
677 1216 776 1247 πάντα,
800 1216 846 1243 καὶ
863 1215 945 1251 μηδὲν

158 1259 208 1294 μὲν
231 1259 313 1286 αὐτοῦ
339 1261 459 1295 κρατεῖν,
477 1260 559 1286 αὐτὸν
580 1260 608 1286 δὲ
624 1260 679 1286 τῶν
700 1261 809 1287 πάντων
823 1261 944 1296 κρατεῖν,

156 1305 204 1331 καὶ
221 1303 362 1336 δεσπόζειν
373 1313 379 1320 ·
398 1304 456 1336 πῶς
471 1306 496 1331 οἱ
518 1305 567 1341 τὴν
584 1306 673 1332 κτίσιν
691 1306 877 1338 θεοποιοῦντες
896 1307 945 1342 οὺχ

155 1350 256 1386 ὁρῶσιν
275 1351 359 1387 αὐτὴν
381 1352 459 1384 ὲκτὺς
483 1350 564 1379 οὖσαν
586 1352 633 1379 τοῦ
651 1353 771 1379 τοιούτου
791 1353 854 1389 περὶ
877 1353 944 1380 Θεοῦ

155 1396 234 1432 ὅρου;
254 1396 344 1423 Ἡλίου
362 1397 409 1432 μὲν
424 1397 478 1432 γὰρ
499 1398 550 1424 ὑπὸ
566 1397 616 1433 γῆν
632 1398 788 1434 γενομένου,
810 1398 840 1425 τὸ
856 1399 913 1432 φῶς
928 1399 945 1434 ἡ

155 1442 191 1477 γῆ
206 1442 311 1474 σκιάζει
330 1442 366 1478 μὴ
386 1443 511 1479 ὁρᾶσθαι·
536 1443 651 1479 σελήνην
672 1444 700 1470 δὲ
721 1444 780 1479 μεθ’
803 1445 908 1480 ἡμέραν
931 1445 946 1470 ό

155 1487 231 1522 ἥλιος
245 1488 408 1523 ἐπικρύπτει
421 1490 454 1524 τῇ
475 1487 522 1514 τοῦ
539 1489 627 1523 φωτὸς
641 1489 803 1524 λαμπηδόνι.
828 1490 883 1516 Καὶ
895 1490 947 1525 γῆς

158 1533 207 1568 μὲν
219 1535 289 1565 τοὺς.
298 1535 421 1569 καρποὺς
436 1534 565 1566 πολλάκις
583 1534 688 1569 χάλαζα
704 1535 826 1569 βλάπτει·
841 1535 871 1561 τὸ
891 1535 946 1570 πῦρ

156 1578 195 1611 δὲ,
211 1580 235 1605 εἰ
249 1579 353 1614 γένοιτό
367 1588 409 1611 τις
427 1579 531 1606 ὑδάτων
546 1579 708 1616 πλημμύρα,
725 1580 876 1607 σϐέννυται.
891 1581 946 1607 Καὶ

156 1608 277 1661 χειμῶνα
292 1626 341 1660 μὲν
356 1608 406 1661 ἔαρ
428 1608 684 1661 παραγκωνίξεταί,
703 1608 784 1662 ,θέρος
798 1626 826 1652 δὲ
846 1626 877 1653 τὸ
895 1626 945 1662 έαρ
960 1608 980 1634 C

157 1670 307 1706 ὑπερϐῆναι
321 1672 383 1703 τοὺς
398 1672 477 1707 ὅρους
489 1672 540 1698 οὐκ
557 1671 711 1707 ἐπιτρέπει,
725 1672 772 1698 καὶ
785 1672 852 1698 αὐτὸ
864 1672 946 1699 πάλιν

157 1716 209 1743 ὑπὸ
224 1716 270 1743 τοῦ
287 1717 445 1752 μετοπώρου
456 1717 629 1753 κωλυόμενον
639 1717 689 1750 τὰς
706 1717 773 1749 ιδίας
788 1717 861 1753 ὥρας
871 1718 947 1755 ἐξέρ-

157 1763 261 1799 χεσθαι.
285 1764 372 1799 Εἴπερ
387 1761 435 1790 οὗν
459 1762 530 1800 ἦσαν
547 1763 613 1795 θεοὶ,
640 1763 694 1790 ἔδει
710 1763 821 1796 τούτους
839 1763 876 1800 μὴ
900 1765 946 1791 ὑπ’

157 1809 278 1846 ἀλλήλων
288 1810 421 1846 ἡττᾶσθαι
435 1811 481 1837 καὶ
492 1809 709 1846 ἐπικρύπτεσθαι
722 1810 789 1845 (74),
800 1810 868 1837 ἀλλὰ
881 1811 948 1838 πάν-

156 1864 218 1882 τοτε
232 1856 357 1892 ἀλλήλοις
372 1858 500 1889 συνεῖναι,
515 1856 562 1883 καὶ
575 1856 666 1888 κοινὰς
680 1856 736 1891 ἅμα
746 1856 796 1888 τὰς
807 1857 948 1891 ἐνεργείας

158 1903 297 1930 ἀποτελεῖν
315 1904 388 1938 (75)·
416 1904 469 1931 ἔδει
494 1905 554 1939 μεθ’
576 1905 684 1940 ἡμέραν
705 1905 752 1931 καὶ
776 1905 844 1940 μετὰ
863 1904 947 1931 νύκτα

157 1951 233 1986 ἡλιον
246 1951 314 1986 ὁμοῦ
330 1951 378 1977 καὶ
394 1951 509 1987 σελήνην
526 1952 574 1978 καὶ
592 1952 638 1978 τὸν
657 1951 736 1978 ἄλλον
751 1951 806 1978 τῶν
826 1951 948 1987 ἀστέρων

158 1998 238 2033 χορὸν
249 1998 304 2024 ἴσον
316 1997 372 2032 (76)
383 1997 455 2033 ἔχειν
467 1998 497 2024 τὸ
511 1998 578 2033 φῶς,
593 1998 640 2025 καὶ
650 1998 728 2024 τοῦτο
741 1999 808 2024 πᾶσι
816 1998 946 2034 λάμπειν,

159 2043 207 2069 καὶ
228 2043 316 2069 πάντα
339 2044 403 2079 παρ’
427 2043 516 2070 αὐτῶν
539 2043 768 2078 καταυγάζεσθαι·
792 2043 845 2069 ἔδει
870 2043 948 2079 θέρος

158 2089 226 2125 ὁμοῦ
244 2089 291 2116 καὶ
307 2089 429 2125 χειμῶνα
448 2090 494 2116 καὶ
508 2089 557 2127 ἑαρ
578 2090 626 2116 καὶ
644 2090 803 2126 μετόπωρον
820 2089 947 2124 ἀπαραλ-

159 2135 266 2167 λάκτως
281 2136 327 2162 καὶ
341 2137 412 2163 κατὰ
427 2136 458 2162 τὸ
472 2136 538 2163 αὐτὸ
558 2136 750 2163 συνίστασθαι·
769 2135 822 2162 ἔδει
837 2135 886 2171 τὴν
900 2135 948 2162 θά-

159 2182 264 2209 λασσαν
286 2184 344 2215 ταῖς
368 2184 470 2219 πηγαῖς
495 2183 690 2219 ἐπιμίγνυσθαι
713 2183 768 2219 (77)
790 2183 837 2209 κα).
861 2182 949 2210 κοινὸν

160 2228 313 2264 ἀνθρώποις
325 2229 355 2256 τὺ
371 2229 446 2264 πόμα
459 2229 606 2265 παρέχειν’
624 2229 678 2256 ἔδει
692 2229 821 2265 νηνεμίας
834 2229 881 2256 καὶ
894 2229 948 2256 τῶν

161 2275 269 2310 ἀνέμων
289 2275 339 2307 τὰς
358 2275 441 2307 πνοὰς
458 2276 487 2302 ὲν
507 2274 598 2311 ταύτῷ
619 2275 751 2310 γίνεσθαι·
769 2275 823 2302 ἔδει
842 2276 874 2302 τὸ
893 2275 948 2311 πῦρ

161 2320 228 2357 ὁμοῦ
244 2321 290 2348 καὶ
311 2321 341 2347 τὸ
365 2321 436 2356 ὕδωρ
457 2321 548 2356 κοινὴν
568 2321 614 2348 καὶ
636 2321 700 2356 μίαν
724 2321 877 2357 ἀνθρώποις
899 2322 949 2357 τὴν

161 2369 256 2405 χρείαν
278 2369 417 2404 παρέχειν.
441 2368 507 2395 Οὐδὲ
529 2368 585 2405 γὰρ
604 2368 663 2395 οὐδὲ
679 2369 781 2404 βλάϐην
802 2369 835 2396 ἄν
854 2377 896 2402 τις
919 2369 949 2402 ἐξ

161 2414 252 2442 αὐτῶν
265 2415 405 2451 ὑπέμεινε,
424 2414 492 2442 θεῶν
506 2414 591 2441 ὄντων
605 2416 665 2441 κατ’
679 2416 787 2449 αὐτοὺς,
805 2415 852 2442 καὶ
866 2415 949 2451 μηδὲν

161 2461 208 2488 ἐπὶ
224 2460 321 2497 βλάϐῃ,
336 2461 379 2487 ἐπ’
392 2460 510 2496 ὠφελείᾳ
519 2460 547 2487 δὲ
569 2461 668 2497 μᾶλλον
685 2461 774 2488 πάντα
788 2460 949 2489 ποιούντων,

162 2507 194 2534 Εἰ
208 2507 236 2534 δὲ
248 2507 333 2534 ταῦτα
350 2506 472 2542 γίνεσθαι
489 2506 618 2534 ἀδύνατον
631 2506 675 2534 διὰ
694 2506 743 2543 τὴν
764 2507 832 2542 πρὸς
846 2506 950 2541 ἄλληλα

199 2594 255 2631 (71)
268 2594 315 2631 Sic
341 2594 453 2631 Seguer.
467 2594 548 2624 Basil.
562 2594 689 2631 rGorbler.
712 2594 831 2622 Peli-km.
848 2594 860 2621 1
876 2598 904 2622 et
926 2594 945 2622 9.

163 2628 251 2658 anon;
266 2628 417 2666 Editirve'ro
433 2630 659 2666 Exo‘naLAnglic.
677 2628 800 2666 sxw/fret.

200 2666 257 2710 (’72)
275 2665 357 2713 Bais“.
370 2664 520 2713 βῶκα-,ξι
532 2664 657 2713 'F'elckm;
672 2665 684 2691 1
697 2671 724 2691 et
744 2665 761 2691 2
776 2672 856 2713 anon;
882 2672 947 2698 cru-y-

162 2701 287 2736 γνώμης.
311 2700 395 2727 Paulo
410 2706 470 2733 post
493 2699 612 2728 Felcktn.
638 2700 655 2727 5
679 2707 762 2727 anon.
788 2699 949 2733 συνάγοντες

165 2738 246 2764 habet
262 2743 311 2770 pro
326 2737 517 2768 συνάπτοντες.
537 2735 603 2763 item
622 2743 685 2762 mox
697 2734 780 2762 Basil.
799 2734 950 2771 ἀναγορεύ-

164 2780 266 2843 eo???
282 2806 335 2832 Τοῦ
354 2807 430 2835 deest
453 2806 479 2834 in
504 2792 622 2843 Felgltm.
642 2805 659 2832 5
673 2812 755 2843 a_non.
784 2809 812 2832 et
837 2804 950 2841 Seguer.

165 2840 252 2869 Paulo
267 2847 329 2877 post
350 2842 399 2877 μέν
415 2843 491 2869 deest
505 2840 663 2877 ianelckm.
679 2841 697 2877 ξι
708 2847 788 2877 anon.

202 2875 322 2911 (74)'Sic
345 2875 458 2911 Seguer.
480 2876 588 2904 Gobler.
615 2876 734 2903 Felckm.
761 2876 772 2901 1
804 2883 884 2902 anon.
915 2875 950 2911 At

166 2913 272 2973 Anglioc.
294 2910 540 2948 περι-κρύπτεσθαι.
563 2911 616 2939 Alii
641 2919 703 2939 cum
728 2911 809 2940 editis
828 2910 950 2946 ὑποκρύ-

166 2955 236 2974 πτεσ
254 2955 292 2973 αι.

994 993 1123 1024 sulamus,
1141 993 1247 1019 illorunt
1261 993 1428 1026 impietatem
1444 991 1514 1018 haud
1529 990 1634 1017 diilicile
1649 990 1702 1017 crit
1717 998 1780 1017 cou-

994 1040 1112 1067 vincere.
1128 1039 1194 1066 Nam
1209 1039 1230 1066 si
1245 1039 1314 1065 Deus
1334 1039 1508 1072 incorporeus
1525 1042 1578 1069 est,
1592 1037 1614 1063 si
1632 1044 1681 1063 nec
1695 1036 1778 1063 videri

995 1092 1043 1112 nec
1061 1085 1132 1119 tangi
1165 1090 1257 1111 natura
1283 1089 1395 1118 potest:
1424 1091 1473 1110 cur
1488 1090 1552 1117 ergo
1568 1082 1652 1109 Demn
1680 1089 1779 1117 corpus

994 1138 1053 1158 esse
1064 1132 1228 1165 excogitant,
1245 1137 1352 1165 resque,
1368 1138 1435 1165 quas
1449 1129 1533 1157 Oculis
1548 1130 1669 1156 videmus
1682 1134 1709 1155 et
1722 1136 1779 1155 ma-

995 1178 1073 1205 nilius
1101 1182 1312 1211 contrectamus,
1341 1177 1431 1204 divino
1456 1176 1529 1203 cultu
1553 1174 1780 1210 prosequuntur!

995 1224 1109 1256 Rursus,
1125 1224 1147 1251 si
1166 1231 1260 1250 verum
1284 1228 1326 1250 est
1343 1222 1426 1249 Deum
1454 1221 1666 1256 omnipotentem
1695 1227 1756 1247 esse
1769 1239 1778 1253 ,

995 1277 1110 1304 eumque
1137 1277 1151 1296 a
1166 1269 1239 1296 nulla
1253 1276 1281 1296 re
1306 1269 1440 1303 superari,
1454 1267 1500 1294 sed
1514 1267 1604 1294 omnia
1620 1266 1728 1293 vincere
1752 1271 1780 1293 et

996 1321 1123 1351 tanquam
1135 1316 1280 1343 Dominum
1297 1321 1410 1348 regere:
1426 1321 1509 1348 quare
1529 1312 1574 1348 qui
1592 1317 1712 1340 creatam
1730 1319 1780 1338 na-

996 1367 1083 1389 turam
1103 1361 1186 1388 Deum
1204 1360 1316 1393 faciunt,
1331 1360 1401 1388 hanc
1415 1359 1461 1386 Dei
1475 1358 1658 1385 deﬁnitionem
1675 1357 1713 1384 illi
1730 1357 1781 1384 mi-

996 1408 1068 1435 nime
1081 1408 1226 1434 convenire
1258 1414 1310 1434 non
1327 1406 1469 1433 attendunt
1486 1404 1498 1431 ἵ
1528 1411 1645 1439 namque
1661 1410 1723 1430 cum
1739 1403 1781 1431 sol

996 1453 1088 1480 subter
1101 1457 1201 1479 terram
1217 1456 1269 1482 est,
1297 1451 1443 1485 quominus
1465 1450 1524 1484 ejus
1539 1449 1629 1476 lumen
1644 1448 1779 1481 videatur,

999 1503 1079 1526 terra:
1095 1498 1189 1524 multra
1205 1497 1324 1532 impedit.
1343 1496 1447 1523 Lunam
1463 1501 1554 1522 autem
1571 1494 1611 1522 sol
1637 1494 1694 1528 ipse
1708 1492 1778 1520 lucis

997 1551 1051 1570 sua:
1062 1542 1164 1576 fulgore
1176 1550 1223 1577 per
1234 1542 1305 1569 diem
1320 1541 1474 1569 abscondit.
1491 1539 1582 1567 Terra:
1600 1539 1663 1566 item
1678 1537 1782 1565 fructus

998 1595 1050 1615 non
1065 1596 1127 1614 raro
1140 1587 1243 1623 grando
1259 1587 1330 1614 laedit
1344 1595 1351 1613 :
1367 1586 1436 1621 ignis
1457 1592 1521 1612 vero
1544 1591 1613 1618 aqua
1633 1583 1782 1610 inundante

998 1636 1189 1670 exstinguitur.
1207 1633 1327 1662 lliemem
1346 1631 1472 1660 similiter
1487 1638 1534 1658 ver
1550 1629 1672 1665 propellit
1683 1637 1690 1661 ;
1701 1632 1782 1656 testas

998 1688 1045 1708 ver
1068 1679 1219 1714 transgredi
1245 1678 1375 1706 terminos
1391 1685 1444 1704 non
1463 1676 1543 1710 sinit,
1559 1680 1585 1702 et
1598 1673 1716 1701 vicissim
1732 1679 1781 1700 Iu-

998 1733 1109 1756 tnmnus
1124 1731 1244 1754 a'stalem
1261 1726 1331 1752 intra
1358 1723 1483 1758 proprios
1509 1721 1609 1748 limites
1625 1721 1722 1747 sistere
1736 1727 1784 1747 eo-

998 1775 1047 1810 git.
1071 1773 1165 1807 Itaque
1185 1773 1207 1799 si
1238 1771 1274 1798 dii
1299 1774 1400 1802 essent,
1424 1774 1595 1802 nequaquam
1624 1773 1654 1793 se
1667 1765 1783 1792 invicem

999 1821 1140 1847 vincerent
1158 1824 1186 1845 et
1208 1816 1423 1846 absconderent,
1439 1814 1486 1840 sed
1510 1812 1599 1847 potius
1623 1818 1730 1845 semper
1746 1810 1784 1837 si-

999 1864 1053 1892 mul
1070 1864 1185 1891 invicem
1201 1869 1273 1894 esse,
1287 1866 1500 1893 communesque
1522 1856 1635 1885 euectus
1651 1863 1704 1883 una
1721 1862 1784 1890 pro-

998 1910 1097 1937 ducere
1109 1917 1157 1943 par
1168 1913 1249 1936 esset.
1264 1907 1407 1942 Oporteret
1420 1912 1485 1939 ergo
1499 1911 1547 1939 per
1566 1903 1623 1930 dies
1638 1907 1666 1929 et
1689 1905 1782 1929 noctes

998 1956 1082 1984 solem
1098 1954 1178 1984 simul
1189 1959 1217 1982 et
1230 1954 1321 1981 lunam
1337 1957 1489 1986 ceteraque
1513 1949 1605 1978 sidera
1621 1956 1670 1984 par
1692 1947 1783 1975 lumen

999 2003 1116 2034 habere,
1128 2002 1210 2037 idque
1226 1999 1354 2028 omnibus
1369 1999 1471 2029 lucere,
1488 2003 1521 2024 ac
1535 2003 1579 2023 res
1592 1995 1736 2022 universas
1749 1993 1785 2020 ab

999 2048 1052 2076 illis
1064 2047 1227 2075 collustrari.
1239 2045 1382 2082 Oporteret
1392 2048 1512 2071 aestatem
1526 2040 1608 2068 simul
1621 2045 1647 2068 et
1655 2040 1784 2070 hiemem,

997 2103 1046 2122 ver
1060 2099 1141 2129 atque
1155 2091 1435 2124 autumnum,absque
1450 2088 1645 2118 vicissitudine,
1659 2093 1711 2113 una
1724 2093 1785 2120 per-

999 2140 1106 2167 sistere.
1121 2138 1265 2173 Oporteret
1281 2143 1354 2164 mare
1365 2142 1427 2162 cum
1440 2133 1561 2161 fontibus
1574 2129 1745 2159 commisceri
1757 2134 1785 2156 et

999 2191 1168 2213 communem
1190 2182 1346 2210 hominibus
1371 2185 1464 2215 potum
1491 2177 1623 2214 ιιι-σώετε.
1641 2175 1785 2208 Oporteret

999 2237 1090 2258 aerem
1103 2228 1185 2257 simul
1199 2228 1252 2264 23
1269 2226 1446 2262 tranquillum
1461 2231 1521 2252 esse
1535 2227 1563 2250 et
1576 2220 1664 2250 ventis
1675 2218 1783 2254 agitari.

999 2277 1142 2311 Oporteret
1153 2275 1365 2309 deniqueignem
1377 2271 1457 2300 simul
1465 2275 1493 2298 et
1507 2276 1604 2304 aquam
1614 2266 1695 2295 unius
1710 2265 1783 2299 ejus-

1001 2324 1114 2359 demque
1127 2330 1191 2350 usus
1209 2329 1269 2350 esse
1281 2320 1445 2349 hominibus.
1463 2317 1571 2345 Nullum
1589 2314 1720 2350 siquidem
1749 2318 1784 2341 ex

1001 2370 1044 2397 his
1058 2370 1248 2397 detrimentum
1268 2367 1395 2398 oriretur,
1411 2365 1445 2399 si,
1461 2368 1491 2391 ut
1510 2366 1617 2398 putant,
1629 2360 1666 2387 dii
1679 2362 1787 2390 essent,

1001 2416 1046 2451 qui
1063 2415 1176 2450 proinde
1201 2413 1269 2442 nihil
1298 2411 1411 2440 nocendi
1439 2417 1521 2438 causa
1535 2409 1583 2436 sed
1605 2407 1695 2442 potius
1717 2404 1788 2433 nihil

1001 2461 1054 2488 nisi
1073 2460 1143 2494 quod
1158 2459 1225 2486 utile
1241 2457 1312 2485 foret
1336 2460 1456 2492 agerent.
1474 2455 1503 2482 Si
1516 2461 1582 2482 vero.
1593 2453 1650 2480 haec
1677 2452 1711 2479 ob
1725 2458 1787 2477 mua

1002 2511 1075 2535 tuam
1089 2507 1160 2533 inter
1171 2513 1201 2533 se
1211 2504 1408 2540 oppositionem
1419 2502 1500 2531 simul
1508 2500 1584 2535 jungi
1597 2507 1649 2528 non
1665 2502 1766 2533 queunt
1775 2504 1787 2525 :;

1033 2593 1089 2630 (75)
1106 2593 1152 2621 Sic
1165 2593 1280 2630 Seguer.
1309 2591 1593 2630 G_obler._l‘_‘elckm._i
1622 2596 1709 2630 anon._
1731 2587 1784 2630 alii

997 2624 1059 2656 cuin
1072 2624 1153 2656 editis
1167 2624 1311 2655 ὲπῖτελεῖν.
1327 2628 1395 2655 Ibid.
1410 2626 1531 2654 Felcktn.
1558 2626 1575 2652 3
1604 2632 1686 2653 anon.
1703 2624 1787 2650 habet.

998 2665 1048 2696 τὰς
1062 2664 1229 2700 εὐεργεσίας.

1037 2695 1092 2735 (76)
1109 2695 1158 2727 Sic
1170 2700 1283 2735 δεξιον.
1298 2698 1349 2735 Alii
1367 2705 1427 2725 cum
1445 2696 1526 2724 editis
1540 2695 1619 2735 ἴσως.Δ
1632 2695 1787 2735 lilem’mox

1003 2739 1031 2763 et
1041 2729 1152 2763 Coitler.
1168 2740 1195 2761 et
1207 2729 1301 2761 Felck.
1321 2734 1334 2760 1
1353 2741 1406 2760 an.
1422 2737 1492 2767 post.
1508 2733 1556 2758 καί
1569 2731 1672 2758 addunt
1684 2729 1790 2761 ratium,~

1004 2778 1065 2806 quae
1079 2777 1128 2806 vos
1149 2770 1177 2796 in
1191 2770 1250 2796 aliis
1260 2776 1319 2806 _non
1333 2774 1386 2806 est.

1039 2805 1095 2840 (77)
1114 2805 1225 2839 Seguer.
1255 2802 1472 2840 ἐπιμίσγεσθαι..
1492 2800 1600 2840 ᾷοίιισν.
1625 2798 1745 2827 Felcltm.
1770 2797 1788 2828 κ

1004 2837 1089 2868 anon.
1102 2837 1387 2875 ὲπιᾶμίγεσθαιίιωά.
1401 2837 1488 2875 κοινόν
1501 2838 1599 2875 habent
1613 2842 1708 2875 omnes
1719 2841 1790 2861 utss.

1003 2881 1102 2938 suae;
1118 2870 1237 2938 ﬁdem
1253 2874 1270 2902 '5
1283 2881 1365 2903 anon.
1386 2874 1431 2909 qui
1447 2878 1476 2901 ut
1486 2872 1551 2901 editi
1572 2870 1699 2899 κοινωνόν
1710 2875 1788 2897 tuen-

1023 2918 1070 2938 ose
1104 2918 1119 2938 a
1139 2916 1175 2938 et.

1004 2913 1070 2940 dose
1085 2912 1175 2940 habet.
