2037 3044
146 184 178 212 σι
728 181 856 209 OIlATlO
873 181 1012 210 CONTRA
1033 182 1182 211 GENTES.
1734 184 1769 211 ει

145 242 194 269 καὶ
213 242 251 276 μὴ
268 240 367 272 πάντες
386 240 471 275 αὐτὴν
488 239 600 272 ὁδεύειν,
618 239 686 267 ἀλλά
706 240 866 275 παροδεύειν
885 242 930 267 ὲκ-

982 243 1078 276 gressi,
1091 250 1186 270 omnes
1199 249 1260 270 eam
1279 242 1420 275 habemus,
1435 242 1498 270 licet
1516 249 1568 270 non
1585 250 1679 271 omnes
1693 243 1765 271 illam

145 285 283 317 σαίνοντες
306 285 411 312 θέλουσι
431 285 476 311 διὰ
499 284 548 316 τὰς
565 285 663 317 ἔξωθεν
683 285 782 316 αὐτοὺς
801 285 932 317 ἑλκούσας

146 332 242 368 ἡδονὰς
256 331 302 359 τοῦ
315 331 382 367 βίου.
398 331 453 357 Καὶ
463 331 489 357 εῐ
499 340 540 362 τις
552 331 585 358 ἂν
596 331 692 366 ἔροιτο,
702 330 742 362 τίς
753 331 785 358 ἂν
798 331 840 366 εἴη
852 331 931 367 αὕτη*

146 380 217 415 φημὶ
233 379 265 416 δὴ
286 380 335 415 τὴν
351 380 468 406 ἑκάστου
487 380 575 415 ψυχὴν
595 377 675 413 εἶναι⁷
696 381 741 407 καὶ¹
758 381 803 407 τὸν
821 381 848 407 ὲν
863 381 931 416 αὺτῇ

145 425 206 453 νοῦν
218 426 284 461 (86).
296 427 335 452 Δι’
343 426 425 452 αὐτοῦ
431 426 485 462 γὰρ
495 427 574 462 μόνου
581 426 689 453 δύναται
702 426 767 458 Θεὸς
775 427 933 462 θεωρεῖσθαι

145 472 192 498 καὶ
207 472 334 499 νοεῖσθαι·
350 473 429 504 ἐκτὸς
439 474 462 499 εἰ
473 473 520 508 μὴ.
529 473 623 510 ὥσπερ
633 475 678 501 τὸν
691 474 757 500 Θεὸν
770 474 931 509 ἠρνήσαντο,

144 515 216 542 οὕτω
231 516 277 542 καὶ
290 516 379 552 ψυχὴν
395 517 467 552 ἔχειν
484 519 696 553 παραιτήσονται
715 519 739 544 oi.
761 518 879 550 ἀσεῦεἶς,
894 519 934 544 εἰ-

146 561 233 592 κότως
249 561 328 588 τοῦτο
349 562 402 598 πρὸ
417 562 471 589 τῶν
483 561 570 588 ἄλλων
584 562 719 597 λέγοντες.
736 563 772 590 Οὐ
789 564 843 599 γὰρ
858 563 932 598 ἑχόν-

145 615 200 634 των
214 607 270 633 ἔστι
284 607 346 634 νοῦν
360 607 414 644 (86)
430 608 571 644 ἀρνεῖσθαι
588 609 634 636 τὸν
647 609 742 636 τούτου
758 611 872 646 ποιητὴν
885 611 932 638 καὶ

147 651 310 688 δημιουργὸν
326 653 401 679 Θεόν.
427 654 486 680 Ὅτι
511 654 560 688 μὲν
579 652 624 681 οὖν
643 654 757 687 ἕκαστος
781 655 932 691 ἀνθρώπων

146 695 236 731 ψυχὴν
248 696 303 731 ἔχει
318 697 364 723 καὶ
381 696 481 733 ταύτην
497 697 617 734 λογικὴν,
635 699 681 725 καὶ
696 699 774 726 τοῦτο
786 700 932 734 ἀναγκαῖόν

147 741 205 768 ἐστι
219 741 303 774 δεῖξαι
323 741 356 768 δι’
376 742 472 777 ὀλίγων
484 743 527 770 διὰ
541 744 603 776 τοὺς
623 745 778 780 ἀκεραίους,
796 746 856 772 ἐπεὶ
879 746 931 781 μά-

149 786 227 814 λιστά
245 797 316 820 τινες
330 789 384 815 ἀπὸ
397 790 449 816 τῶν
466 789 597 827 αἱρέσεων
617 791 760 826 ἀρνοῦνται
775 792 821 818 καὶ
840 792 929 825 τοῦτο,

147 833 264 868 οἰόμενοι
281 834 362 869 μηδὲν
379 834 458 862 πλέον
474 835 527 872 (87)
548 835 616 863 εἶναι
635 836 681 863 τὸν
703 837 884 873 hepta-nom?)
901 839 932 865 τὸ

147 879 308 914 φαινόμενον
321 877 389 911 εἰδος
399 880 446 906 τοῦ
459 881 592 916 σώματος·
606 881 650 908 ἵνα
658 882 757 917 ταύτης
768 881 929 918 δειχθείσης,

984 289 1060 322 sequi
1072 293 1099 316 et
1121 296 1243 323 pergere,
1264 290 1311 316 sed
1328 289 1457 324 plerique,
1472 290 1593 316 externis
1610 291 1671 316 vita:
1689 290 1765 317 volu-

986 334 1107 368 ptatibus
1120 334 1309 366 allicientihus,
1328 335 1455 362 deserere
1473 334 1566 361 velim.
1587 335 1615 362 Si
1627 336 1688 370 quis
1702 343 1766 363 vero

986 378 1206 413 iuterrogaverit,
1218 387 1341 414 quaenam
1361 380 1467 406 tandem
1482 380 1527 407 illa
1542 381 1577 407 sit
1591 381 1632 407 via
1649 391 1656 408 :
1670 382 1765 408 unius-

983 424 1114 458 cujusque
1126 424 1242 451 animam
1258 429 1285 451 et
1296 425 1393 451 anima:
1406 430 1521 452 mentem
1531 433 1590 452 esse
1605 427 1765 460 respondeo.

983 470 1045 496 Sola
1060 471 1129 497 enim
1151 475 1240 497 mente
1261 470 1344 497 Deum
1364 471 1541 503 contemplari
1567 476 1592 498 et
1617 472 1766 506 intelligere

982 515 1104 543 valemus
1118 525 1125 543 :
1139 516 1189 543 nisi
1209 515 1292 548 forte,
1307 517 1533 551 quemadmodum
1549 518 1630 544 Deum
1645 525 1704 544 esse
1719 525 1768 544 ne-

983 567 1044 596 gant
1060 562 1190 596 impii,ita
1206 563 1324 588 animam
1344 570 1452 597 quoque
1466 570 1495 589 se
1523 562 1621 589 habere
1645 563 1766 590 inlicien-

984 612 1027 633 tur
1043 615 1050 634 :
1067 607 1139 640 quod
1160 607 1268 641 quidem
1285 607 1460 634 verisimilius
1485 614 1565 640 quam
1584 613 1680 634 extera
1695 607 1767 634 dixe-

986 652 1049 678 rint.
1063 651 1118 678 Nec
1134 653 1204 678 enim
1220 658 1336 679 mentem
1357 652 1516 678 habentium
1538 655 1590 683 est,
1607 653 1704 679 tuentis
1716 660 1766 680 au-

983 701 1083 724 ctorem
1110 702 1137 724 et
1155 697 1276 732 opiliovm
1297 698 1379 724 Deum
1398 705 1505 732 negare.
1534 697 1626 732 Itaque
1649 697 1703 734 24
1719 705 1766 725 run

983 743 1056 769 dium
1073 743 1210 770 hominum
1225 743 1310 778 gratia
1329 745 1422 777 paucis
1433 743 1579 770 ostendere
1600 751 1712 771 necesse
1724 747 1767 771 est

983 789 1096 824 singulis
1109 789 1264 817 hominibus
1275 798 1335 817 esse
1355 790 1472 816 animam
1488 791 1594 817 ratione
1615 791 1766 825 prtedilam,

982 835 1131 868 praesertim
1148 842 1210 862 cum
1225 835 1251 863 id
1266 840 1364 870 negent
1377 835 1496 862 nontmlli
1508 835 1638 868 haeretici,
1656 836 1702 870 qui
1719 836 1767 864 ho-

983 879 1083 906 minem
1098 879 1163 906 nihil
1178 879 1293 913 amplius
1306 887 1367 906 esse
1381 879 1550 906 arbitrantur
1574 887 1654 914 quam
1671 887 1768 914 corpo-

148 925 334 962 φανερώτερον
348 926 381 952 δι’
394 926 497 953 ἑαυτῶν
509 927 554 954 τὸν
566 927 637 954 κατά
658 928 711 954 τῶν
729 928 844 955 εἰδώλων
856 929 931 963 ἔλεγ-

985 923 1024 950 ris
1038 929 1178 952 externam
1191 925 1329 960 speciem:
1351 929 1379 951 ut
1400 925 1527 951 nimirum
1544 932 1574 952 ea
1598 932 1628 952 re
1651 932 1665 952 a
1688 926 1766 953 nobis

148 979 195 1006 χον
212 971 283 1006 ἔχειν
295 972 440 1007 δυνηθῶσι.

181 1082 224 1110 5i.
256 1082 368 1118 Πρῶτον
394 1082 443 1118 μὲν
465 1081 512 1110 οὖν
538 1082 568 1109 οὐ
595 1083 690 1118 μικρὸν
713 1083 855 1118 γνώρισμα
882 1083 929 1110 τοῦ

145 1126 256 1162 λογικὴν
269 1126 337 1154 εἶναι
349 1127 399 1163 τὴν
411 1127 465 1154 τῶν
479 1127 629 1162 ἀνθρώπων
644 1127 741 1163 ψυχὴν,
755 1128 787 1154 ἐκ
801 1127 846 1154 τοῦ
861 1127 929 1164 πρὸς

145 1173 180 1199 τὰ
206 1172 290 1207 ἄλογα
308 1173 474 1200 διαλλάττειν
494 1173 588 1208 αὐτὴν·
606 1173 648 1200 διὰ
667 1173 746 1200 τοῦτο
764 1173 818 1209 γὰρ
840 1174 930 1200 ἐκεῖνα

149 1216 197 1250 μὲν
209 1215 300 1242 καλεῖν
314 1215 397 1250 ἄλογα
411 1217 427 1252 ὴ
442 1216 522 1250 φύσις
534 1216 638 1249 εἴωθεν,
651 1218 743 1254 ἐπειδὴ
759 1218 812 1244 τῶν
824 1218 929 1254 ἀνθρώ-

147 1268 206 1286 πων
222 1261 251 1286 eo
266 1260 344 1294 γένος
359 1260 416 1286 ἐστὶ
431 1261 549 1295 λογικόν·
566 1261 661 1289 ἔπειτα
677 1262 705 1288 δὲ
722 1263 768 1288 καὶ
781 1262 835 1298 (88)
852 1263 930 1290 τοῦτο

146 1305 215 1340 πρὸς
227 1306 361 1338 ἀπόδειξιν
378 1306 407 1332 οὺ
424 1306 454 1333 τὸ
469 1307 549 1342 τυχὸν
566 1307 597 1334 ἂν
614 1307 667 1342 εἴη,
684 1308 716 1334 ὲκ
728 1308 774 1334 τοῦ
793 1309 871 1344 μόνον
884 1309 930 1335 τὸν

145 1351 288 1387 ἄνθρωπον
297 1352 331 1378 τὰ
345 1352 442 1386 ἔξωθεν
456 1353 552 1380 ἑαυτοῦ
568 1353 732 1388 λογίζεσθαι,
747 1355 794 1382 καὶ
808 1355 929 1391 ἐνθυμεῖ-

146 1396 207 1424 σθαι
230 1397 264 1424 τὰ
289 1398 326 1434 μὴ
343 1398 475 1433 παρόντα,
498 1399 545 1426 καὶ
563 1400 644 1426 πάλιν
664 1400 864 1434 ἐπιλογίζεσθαι
885 1401 930 1428 καὶ

145 1443 233 1478 κρίσει
253 1443 284 1469 τὸ
297 1445 418 1478 κρεῖττον
435 1444 487 1470 τῶν
504 1444 640 1480 λογισμῶν
660 1445 805 1481 αἱρεῖσθαι·
823 1446 857 1473 τὰ
881 1446 930 1482 μὲν

145 1487 200 1523 γὰρ
213 1488 306 1522 ἄλογα,
322 1489 389 1524 μόνα
405 1489 439 1516 τὰ
459 1489 581 1525 παρόντα
596 1490 699 1525 βλέπει,
714 1491 761 1518 καὶ
780 1492 848 1527 πρὸς
862 1492 930 1527 μόνα

145 1531 180 1558 τὰ
196 1533 224 1558 ὲν
240 1532 388 1568 ὀφθαλμοῖς
408 1534 490 1569 ὁρμᾷ,
508 1533 559 1560 κᾶν
578 1534 646 1569 μετὰ
660 1535 745 1562 ταῦτα
765 1536 814 1571 τὴν
829 1536 930 1572 βλάὸην

142 1576 204 1613 ἔχῃ.
213 1577 241 1604 '0
250 1577 279 1604 δὲ
289 1578 430 1613 ἄνθρωπος
440 1579 470 1604 οὐ
485 1579 551 1614 πρὸς
563 1579 597 1605 τὰ
609 1579 762 1615 βλεπόμενα
771 1580 854 1616 ὁρμᾷ,
863 1581 931 1608 ἀλλά

144 1622 184 1658 τῷ
195 1623 316 1659 λογισμῷ
330 1623 364 1650 τὰ
379 1624 423 1651 διὰ
435 1624 489 1650 τῶν
504 1624 651 1660 ὀφθαλμῶν
664 1625 719 1661 (89)
736 1625 861 1662 ὁρώμενα
873 1628 933 1662 κρί-
945 1620 966 1647 (ἶ

145 1678 198 1697 νει·
214 1670 342 1702 πολλάκις
358 1670 423 1704 γοῦν
436 1671 561 1706 ὁρμήσας
581 1672 748 1707 κεκράτηται
764 1673 820 1707 (90)
835 1673 873 1709 τῷ
887 1673 932 1700 λιι⁴

145 1716 253 1752 γισμῷ·
281 1717 326 1744 καὶ
351 1716 538 1752 λογισάμενος,
567 1717 647 1744 πάλιν
672 1719 859 1752 ἐπελογίσατο.
886 1720 932 1746 καὶ

144 1762 302 1789 αἰσθάνεται
322 1762 447 1794 ἕκαστος,
461 1763 484 1788 εἰ
507 1762 557 1797 τῆς
574 1762 701 1798 ἀληθείας
717 1764 822 1798 γένοιτο
845 1765 930 1800 φίλος,

144 1807 186 1834 ὃτι
211 1807 290 1839 ἄλλος
312 1807 389 1842 παρά
413 1807 463 1839 τὰς
485 1808 644 1842 σωματικὰς
662 1809 803 1844 αἰσθήσεις
823 1810 896 1836 ἐστὶν
918 1812 932 1838 ὁ

144 1853 198 1881 τῶν
216 1854 367 1890 ἀνθρώπιον
383 1853 456 1886 νοῦς·
479 1854 523 1881 διὰ
547 1853 624 1881 τοῦτο
645 1854 709 1889 γοῦν
729 1855 767 1887 ὡς
789 1856 867 1888 ἄλλος
883 1856 931 1888 ὢν,

144 1899 233 1927 αὐτῶν
247 1900 302 1926 τῶν
326 1900 478 1936 αἰσθήσεων
492 1899 596 1934 γίνεται
611 1901 721 1935 κριτής·
744 1901 790 1927 καὶ
807 1897 843 1927 ὦν
863 1902 932 1928 ἐκεῖ-

145 1954 188 1972 ναι
207 1946 261 1981 (91)
274 1945 529 1981 ἀντιλαμὸάνονται,
544 1945 629 1972 ταῦτα
644 1943 720 1978 οὗτος
729 1946 871 1981 διακρίνει,
885 1947 932 1973 καὶ

143 1992 356 2027 ἀναμιμνήσκει,
387 1991 434 2018 καὶ
461 1991 597 2018 δείκνυσιν
620 1992 715 2023 αὑταῖς
741 1991 772 2017 τὸ
797 1993 929 2027 κρεῖττον.

151 2036 304 2071 Ὀφθαλμοῦ
315 2037 363 2071 μὲν
379 2036 435 2072 γάρ
448 2036 506 2062 ἐστι
518 2036 596 2071 μόνον
610 2035 640 2062 τὸ
656 2036 734 2071 ὁρᾷν,
751 2035 798 2062 καὶ
809 2034 886 2062 ὢτων
900 2035 930 2061 τὸ

144 2081 264 2113 ἀκούειν,
288 2082 334 2108 καὶ
356 2082 488 2117 στόματος
507 2081 538 2108 τὸ
558 2081 612 2115 (99)
633 2080 770 2115 γεύεσθαι,
788 2081 834 2107 καὶ
859 2081 931 2115 ῥινὸς

143 2126 233 2162 ὀδμῶν
253 2127 511 2162 ἀντιλαμϐάνεσθαι,
536 2126 582 2153 καὶ
606 2126 705 2161 χειρῶν
721 2126 751 2152 τὸ
775 2125 928 2152 ἅπτεσθαι*

112 2173 114 2178 ⁸
145 2173 202 2200 ἀλλ’
220 2173 237 2200 ἆ
252 2174 292 2200 δεῖ
309 2174 375 2209 ὁρᾷν
394 2174 440 2200 καὶ
455 2172 574 2204 ἀκούειν,
593 2173 639 2198 καὶ
662 2169 699 2198 ὧν
725 2171 858 2198 ἅπτεσθαι
881 2171 928 2203 δεῖ,

144 2218 194 2245 καὶ
215 2218 354 2252 γεύεσθαι,
373 2218 421 2244 καὶ
436 2217 579 2252 ὀδμᾶσθαι,
596 2217 686 2243 οὐκέτι
702 2217 754 2243 τῶν
780 2216 931 2251 αἰσθήσεών

144 2265 230 2296 ἐστιν,
240 2264 307 2291 ἀλλά
321 2263 408 2299 ψυχῆς
426 2264 473 2290 καὶ
493 2263 548 2299 (9.3)
561 2263 606 2289 τοῦ
617 2262 715 2298 ταύτης
728 2262 773 2289 νοῦ
784 2263 928 2297 διακρῖναι.

153 2309 260 2345 Ἀμέλει
271 2310 318 2336 καὶ
327 2309 419 2343 ξίφους
434 2309 560 2335 λαϐέσθαι
573 2308 684 2335 δύναται
700 2309 716 2343 ἠ
737 2308 808 2344 χεὶρ,
823 2308 870 2334 κα).
882 2307 928 2343 δη-

145 2356 274 2392 λητηρίου
290 2356 438 2391 γεύσασθαι
460 2357 489 2383 τὸ
516 2356 620 2391 στόμα·
644 2355 701 2381 ἀλλ’
722 2355 772 2381 οὐκ
794 2353 874 2385 οἶδεν,
887 2355 927 2381 ὅτι

148 2402 260 2438 βλάπτει
274 2402 369 2434 ταῦτα,
386 2403 410 2428 εἰ
428 2403 464 2438 μὴ
478 2404 492 2429 ὁ
508 2403 569 2434 νοῦς
591 2402 724 2437 διακρίνῃ.
743 2401 797 2428 Καὶ
811 2401 882 2427 ἔοικέ
895 2409 926 2435 γε

146 2449 177 2476 τὸ
190 2448 317 2481 τοιοῦτον,
341 2448 383 2475 ἵνα
397 2449 443 2475 ἐπὶ
455 2449 557 2480 εἰκόνος
569 2448 634 2474 αὐτὸ
647 2447 840 2483 θεωρήσωμεν,
857 2446 926 2482 λύρᾳ.

181 2557 238 2592 (86)
258 2557 302 2585 Sic
313 2565 407 2585 omnes
419 2565 483 2592 mss.
495 2561 591 2592 praeter
611 2556 729 2584 Felckm.
745 2556 761 2583 5
774 2562 856 2583 anon.
869 2555 928 2591 qui,

146 2597 175 2621 ut
186 2590 211 2619 et
228 2590 305 2623 editi.
321 2593 394 2619 ἐστὶν
408 2590 454 2619 οὖν
475 2590 564 2620 habet.
586 2592 632 2619 sed
653 2591 792 2619 mendose.

182 2627 297 2689 (81).:Sie
307 2627 418 2663 Seguer.
431 2627 540 2655 Gobler.
551 2626 641 2654 Felek.
657 2627 668 2654 ‘l
682 2635 726 2654 an.
738 2626 790 2653 Alii
801 2633 863 2653 eum
874 2625 933 2653 edi-

195 2671 215 2689 π
231 2671 243 2689 ε
256 2671 295 2689 ον.

148 2667 182 2690 ἰδ
195 2667 295 2690 πλεῖον.

181 2698 238 2732 (88)
258 2697 375 2725 Felcltm.
389 2697 406 2725 5
421 2705 500 2724 anon.
517 2701 547 2724 ut
563 2701 590 2723 et
603 2696 680 2727 editi,
693 2695 740 2732 καί
755 2695 865 2732 omittit.

182 2729 239 2767 (89)
257 2733 302 2760 Sic
315 2732 428 2767 Seguer.
439 2732 549 2760 Gohler.
563 2731 656 2767 Basil,
671 2731 779 2767 Anglic.
807 2729 928 2767 Felckm.

146 2767 158 2794 l
179 2764 206 2794 et
222 2764 240 2794 2
267 2764 424 2796 anon.'Alii.
439 2773 468 2794 ut
480 2772 506 2794 et
519 2767 601 2799 editi,
624 2766 678 2793 τῶν
703 2764 842 2794 omittunt.
870 2764 932 2792 Fel-

145 2801 217 2830 ckm.
235 2803 253 2830 5
268 2810 348 2830 anon.
368 2803 446 2830 habet
461 2803 491 2828 ἐν
502 2801 664 2837 ὀφθαλμοῖς.

181 2838 240 2874 (90)
257 2838 302 2874 δίς
314 2837 426 2874 Seguer.
446 2833 555 2865 Goblér.
571 2833 662 2864 Felclt.
683 2836 695 2864 l
714 2843 795 2864 anon.
819 2834 855 2862 At
886 2833 933 2862 alii

145 2880 207 2900 cum
228 2872 309 2908 editis
327 2872 493 2908 κεκράτηκε.

184 2907 241 2939 (91)
253 2906 299 2934 Sic
318 2906 414 2934 omnes
432 2915 497 2934 mss.
513 2906 583 2933 Editi
605 2911 694 2934 autem
708 2907 810 2933 ἐκεῖνα.

184 2909 225 2939 (91
253 2909 299 2934 Sic
318 2914 414 2934 omnes
432 2915 497 2934 mss.
514 2909 583 2933 Editi
605 2911 694 2934 autem
708 2909 810 2933 ἐκεῖνα.

183 2909 241 2979 (9⁸2)
260 2942 298 2968 Τό
314 2942 341 2969 in
356 2942 470 2977 Seguer.
485 2941 597 2970 Gobler.
614 2941 731 2971 Felcltm.
754 2942 765 2969 t
789 2950 870 2970 anon.
899 2941 935 2970 lo—

982 969 1185 1002 demonstrata,
1206 970 1254 1004 ipsi
1270 969 1422 997 evidentius
1446 970 1577 998 adversus
1603 970 1674 998 idola
1687 977 1767 1006 argu-

983 1019 1102 1043 mentum
1117 1023 1164 1050 per
1181 1015 1286 1050 seipsos
1302 1015 1402 1043 habere
1424 1015 1539 1050 possint.

1018 1082 1062 1110 5|.
1079 1082 1198 1109 Primum
1211 1089 1275 1116 ergo
1297 1088 1348 1109 nec
1369 1089 1480 1116 parvum
1505 1081 1632 1109 indicium
1645 1086 1697 1113 est.
1714 1081 1765 1110 ho-

983 1126 1086 1153 minum
1099 1127 1216 1153 animam
1235 1126 1338 1153 ratione
1360 1126 1500 1160 praeditam
1516 1133 1586 1157 esse,
1598 1126 1668 1160 quod
1681 1133 1695 1152 a
1710 1125 1767 1153 bel-

982 1171 1044 1205 luis,
1057 1179 1118 1207 qua:
1129 1173 1241 1199 rationis
1258 1177 1318 1198 sunt
1331 1176 1466 1206 expertes.
1483 1171 1598 1198 differat.
1620 1171 1762 1205 Siquidem

984 1219 1083 1246 idcirco
1103 1218 1206 1245 belluas
1225 1217 1352 1244 animalia
1377 1217 1547 1244 irrationalia
1565 1216 1700 1250 appellare
1718 1224 1765 1242 na-

984 1269 1043 1292 tura
1063 1264 1214 1295 consuevit,
1229 1263 1291 1298 quia
1318 1263 1457 1290 hominum
1472 1270 1555 1297 genus
1570 1261 1699 1288 rationale
1711 1266 1762 1287 est.

983 1310 1095 1341 Deinde,
1112 1317 1161 1336 nec
1179 1309 1243 1335 illud
1268 1307 1351 1335 etiam
1367 1309 1400 1334 ad
1416 1307 1442 1334 id
1464 1307 1630 1341 probandum
1645 1305 1696 1333 levi
1723 1309 1766 1332 est

982 1360 1130 1387 momento.
1145 1355 1215 1390 quod
1239 1355 1315 1382 solus
1334 1354 1414 1380 homo
1431 1361 1475 1380 res
1492 1353 1617 1380 absentes
1639 1357 1666 1379 et
1688 1356 1764 1379 extra

983 1409 1012 1428 se
1027 1401 1128 1434 positas
1139 1399 1229 1427 animo
1245 1404 1272 1426 et
1289 1399 1452 1433 cogitatione
1460 1398 1682 1433 comprehendat,
1693 1399 1765 1433 quod

983 1447 1076 1474 cadent
1105 1453 1196 1473 secum
1219 1445 1315 1479 sacpius
1331 1445 1468 1471 examinet
1488 1451 1520 1470 ac
1542 1444 1701 1478 perpendat,
1727 1444 1767 1470 id-

984 1500 1036 1526 que
1047 1492 1118 1526 quod
1137 1492 1206 1518 inter
1221 1499 1264 1523 ea,
1277 1497 1336 1524 qua:
1350 1490 1462 1524 cogitat,
1478 1489 1530 1516 sibi
1551 1489 1649 1516 melius
1676 1489 1765 1516 visum

983 1537 1188 1570 fuerit,judicio
1211 1536 1302 1570 eligat.
1329 1533 1396 1561 Nam
1422 1534 1518 1562 bellua;
1542 1534 1600 1561 sola
1623 1534 1765 1569 praesentia

983 1588 1107 1615 cernunt,
1120 1588 1147 1610 et
1161 1583 1195 1609 ad
1206 1589 1237 1608 ea
1254 1585 1368 1612 tantum,
1384 1587 1444 1615 quae
1455 1585 1517 1606 ante
1531 1579 1625 1606 oculos
1637 1583 1700 1606 sunt
1715 1585 1765 1613 po-

983 1630 1046 1660 sita,
1083 1629 1183 1662 impetu
1201 1625 1453 1660 feruntur,etiamsi
1471 1629 1563 1659 postea
1576 1619 1761 1651 damnuniali-

982 1674 1054 1709 quod
1069 1678 1208 1708 sequatur.
1226 1672 1262 1698 At
1278 1672 1358 1699 homo
1374 1678 1428 1698 non
1443 1671 1480 1697 ita
1496 1670 1528 1698 ad
1543 1678 1575 1697 ea
1604 1678 1663 1704 qute
1681 1670 1764 1703 videt,

982 1727 1044 1747 cum
1072 1720 1174 1753 impetu
1192 1718 1315 1752 rapitur:
1346 1717 1392 1745 sed
1418 1717 1524 1744 ratione
1547 1720 1575 1744 et
1600 1716 1766 1750 cegitatione

981 1773 1025 1798 ea,
1045 1773 1104 1800 quae
1120 1764 1205 1791 oculis
1220 1763 1319 1796 cernit.
1334 1763 1473 1798 diiudicat.
1491 1761 1586 1796 Itaque
1607 1769 1677 1796 saepe
1694 1762 1763 1789 inei-

981 1814 1062 1840 tatus,
1077 1809 1181 1836 ratione
1190 1809 1321 1836 retinetur
1336 1816 1342 1835 :
1356 1812 1383 1835 et
1397 1815 1428 1835 ea
1441 1815 1500 1842 qua
1514 1808 1652 1841 cogitavit,
1665 1807 1764 1834 iterum

982 1855 1123 1890 recogitat.
1139 1855 1259 1889 Denique
1270 1854 1393 1889 quisquis
1417 1853 1542 1881 veritatis
1565 1857 1673 1880 amator
1701 1857 1764 1885 est.

981 1902 1119 1928 hominum
1149 1906 1265 1928 mentem
1285 1901 1365 1928 aliam
1388 1900 1498 1927 cumino
1525 1907 1585 1926 esse
1602 1907 1617 1926 a
1641 1899 1764 1934 corporis

981 1948 1105 1975 sensibus
1117 1954 1148 1974 se
1164 1947 1190 1974 in
1213 1947 1303 1981 seipse
1325 1947 1428 1974 sentire
1456 1946 1592 1973 fatebitur.
1607 1945 1674 1978 Quia
1699 1951 1765 1979 ergo

981 2001 1057 2020 mens
1074 1993 1125 2020 alia
1141 1997 1181 2020 est
1197 2000 1211 2019 a
1231 1994 1366 2024 sensibus,
1378 2000 1506 2020 sensuum
1533 1993 1589 2027 ipsa
1604 1991 1687 2025 judex
1711 1997 1764 2022 est,

981 2045 1008 2067 et
1020 2048 1080 2075 quae
1096 2039 1134 2066 illi
1144 2039 1384 2073 apprehenderint,
1399 2038 1457 2073 ipsa
1473 2037 1602 2065 discernit
1613 2042 1641 2063 et
1657 2037 1766 2064 retaini-

981 2086 1076 2116 scitur,
1090 2085 1211 2120 quidque
1234 2084 1331 2112 melius
1356 2084 1447 2117 fuerit,
1477 2083 1531 2110 illis
1558 2086 1764 2110 commonstrat.

981 2131 1102 2165 Namque
1115 2130 1254 2157 oculorum
1269 2133 1311 2157 est
1328 2133 1429 2156 tantum
1450 2129 1542 2155 videre
1556 2137 1563 2155 :
1583 2128 1700 2160 aurium,
1716 2136 1765 2154 au-

981 2175 1040 2202 dire
1060 2175 1146 2206 :oris,
1161 2178 1291 2208 gustare:
1323 2174 1439 2205 narium,
1461 2173 1599 2199 olfacere:
1623 2179 1765 2202 manuum,

982 2226 1108 2254 tangere;
1127 2221 1174 2248 sed
1191 2228 1251 2254 qua:
1267 2220 1369 2251 videre,
1388 2218 1492 2250 audire,
1517 2222 1639 2252 tangere,
1655 2220 1766 2251 gustare

981 2271 1008 2293 et
1023 2265 1140 2293 olfacere
1155 2266 1310 2297 conveniat,
1322 2273 1374 2292 non
1387 2273 1513 2292 sensuum
1527 2264 1574 2290 sed
1586 2263 1682 2290 animat
1695 2260 1767 2294 ejus-

981 2318 1033 2345 que
1049 2310 1146 2337 mentis
1162 2314 1203 2336 est
1215 2309 1374 2343 dijudicare.
1393 2309 1488 2335 Manus
1507 2306 1617 2340 quidem
1645 2304 1767 2339 gladium

981 2355 1113 2390 accipere.
1130 2359 1157 2382 et
1168 2362 1199 2382 os
1217 2362 1348 2382 venenutn
1376 2359 1486 2388 gustare
1503 2356 1592 2386 potest
1609 2359 1615 2378 :
1642 2350 1689 2377 sed
1711 2350 1768 2376 hac

980 2409 1077 2429 nocere
1095 2401 1194 2432 nescit,
1210 2400 1260 2427 nisi
1284 2407 1360 2426 mens
1375 2400 1521 2427 discernat.
1540 2397 1575 2425 Ut
1592 2402 1682 2424 autem
1707 2403 1764 2422 rem

980 2446 1068 2481 aliqua
1081 2446 1286 2481 comparatione
1299 2450 1326 2473 et
1344 2445 1462 2479 imagine
1483 2443 1662 2474 illustremus,
1677 2441 1702 2468 id
1719 2448 1768 2468 uo-

985 2555 1058 2590 gitur
1070 2562 1077 2581 :
1103 2555 1130 2582 in
1146 2553 1206 2590 aliis
1218 2558 1245 2590 et
1259 2552 1340 2590 editis
1354 2552 1429 2590 deest
1441 2561 1449 2584 ;
1467 2550 1609 2590 ibid._>ant_e
1623 2549 1766 2590 στόματοςξ

985 2583 1032 2617 καί
1047 2590 1123 2617 deest
1137 2591 1162 2616 in
1176 2589 1255 2616 Gobl.
1267 2587 1387 2615 Felckm.
1408 2587 1419 2613 Ι
1434 2583 1514 2618 anon.
1530 2585 1614 2612 Paulo
1636 2583 1693 2618 post
1711 2583 1767 2610 ἀλλ’

985 2625 1002 2652 δι
1016 2627 1116 2651 habent
1128 2632 1223 2651 omnes
1233 2631 1298 2650 mss.
1318 2623 1388 2649 Editi
1414 2629 1477 2648 vero
1491 2617 1529 2647 ὧν
1544 2627 1594 2654 pro
1609 2619 1627 2646 ἀ
1638 2617 1744 2645 habent
1760 2627 1767 2645 :

984 2660 1054 2694 quod
1065 2659 1182 2694 additum
1196 2659 1278 2685 fuisse
1289 2658 1403 2694 videtur,
1416 2663 1448 2682 eo
1461 2656 1531 2694 quod
1546 2656 1572 2694 in
1587 2655 1689 2694 aliquot
1702 2661 1767 2694 mss_.

984 2687 1017 2722 ἐκ
1030 2694 1086 2721 ἀλλ’
1103 2694 1121 2721 ἆ
1149 2693 1250 2720 factum
1275 2693 1310 2720 sit
1327 2687 1407 2722 ἀλλά,
1426 2697 1454 2717 ιιι
1470 2687 1552 2717 ’τοι-ιε
1567 2691 1593 2716 in
1617 2687 1738 2715 Felckm.
1752 2688 1769 2714 5

984 2737 1066 2759 anon.
1080 2729 1106 2756 in
1121 2736 1175 2763 quo
1193 2725 1231 2755 ὧν
1251 2729 1344 2763 deesse
1359 2730 1436 2753 notat
1459 2724 1670 2763 Felekmannus,
1688 2728 1720 2763 _ct
1742 2724 1769 2750 in

983 2758 1095 2799 reliquis
1112 2758 1178 2799 mss.
1195 2763 1247 2796 leg.
1267 2763 1295 2789 ἆ.
1311 2762 1426 2799 Seguer.
1440 2768 1505 2799 vero
1519 2760 1600 2799 habet
1612 2758 1714 2799 sm}:

1021 2793 1077 2835 (95)
1108 2793 1243 2826 Ριιιιιὶειιῖιι
1274 2793 1438 2835 “hiqua?
1459 2795 1495 2835 ini
1518 2795 1631 2835 segniter.
1646 2793 1770 2835 _Gobler.

983 2828 1075 2862 Εἐἰυίιί
1093 2835 1103 2861 l
1122 2841 1200 2861 anon.
1219 2837 1340 2869 nonest,
1353 2828 1455 2869 iri—aliis
1470 2834 1498 2857 ut
1513 2834 1540 2869 e_t
1557 2828 1635 2856 editis
1646 2829 1690 2856 hic
1706 2828 1772 2869 legi-

985 2875 1039 2897 tur.
1055 2869 1110 2904 Τῆς
1125 2870 1209 2904 etiam
1222 2868 1296 2895 addit
1309 2867 1394 2904 editio
1409 2865 1541 2904 Commel.
1555 2872 1616 2904 qu_:e
1631 2872 1682 2891 vox
1698 2865 1773 2892 simi-

986 2904 1048 2934 liter
1061 2900 1138 2934 déest
1154 2904 1181 2933 in
1193 2903 1304 2940 Seguer.
1322 2902 1432 2930 Goblcr.
1448 2900 1574 2929 Felckm.
1588 2901 1600 2927 1
1618 2907 1697 2927 anon.
