2037 3044
282 167 318 196 63
567 168 596 195 S.
617 168 804 197 ATHANASII
822 169 899 198 OPP.
917 169 1010 197 PARS
1029 169 1049 197 Ι.
1070 185 1105 190 -
1120 168 1308 198 HISTOBICA
1329 171 1372 199 ΕΤ
1389 171 1602 201 DOGMATICA.
1869 174 1905 202 64

281 227 323 254 bis
335 225 423 253 simile
437 225 543 253 videtur
568 226 631 261 lyrae
649 231 712 261 apte
736 227 885 262 dispositae.
910 233 938 254 et
959 227 1064 254 musico

1121 227 1205 259 καλῶς
1227 229 1480 265 κατεσκευασμένῃ,
1505 230 1552 256 καὶ
1575 230 1614 266 τῷ
1637 229 1737 267 ταύτην
1759 231 1906 267 κρατοῦντι

280 272 326 306 qui
336 279 366 298 ca
382 279 443 298 cuin
455 276 514 298 arte
525 270 619 297 utitur.
633 269 700 298 Nam
714 276 743 298 ut
761 271 787 297 in
803 270 860 306 lyra
878 271 953 297 nervi
967 269 1066 304 singuli

280 315 416 350 proprimn
425 322 520 341 sonum
533 315 644 346 habent.
656 315 725 342 alius
735 320 973 347 gravem,acutum
985 315 1065 348 alius,

280 361 348 388 alius
377 361 506 392 medium,
533 361 602 388 alius
629 361 922 393 acutissimum,alius
951 361 1067 395 denique

280 408 376 440 alium,
401 415 517 442 quorum
544 408 665 434 omnium
686 413 834 434 concentus
853 412 882 434 et
906 407 1067 442 compositio

279 455 329 481 nisi
345 462 359 480 a
376 455 434 480 viro
449 453 526 487 hujus
544 455 610 480 artis
624 456 710 488 perito
735 453 865 488 distingui
895 458 922 480 et
949 453 1066 480 discerni

278 509 331 528 non
345 505 453 534 potest;
467 505 531 527 tunc
552 500 624 526 enim
642 507 753 526 suavem
771 499 940 526 harmoniam
956 504 983 526 et
1005 507 1067 530 gra-

279 547 414 574 tissimum
432 550 592 573 concentum
619 545 749 578 (alliciunt,
768 553 828 572 cum
860 545 893 578 is,
918 545 963 579 qui
981 545 1065 580 lyram

280 593 364 623 tenet,
380 598 478 617 nervos
495 590 630 624 pulsal,et
641 590 761 624 singulos
776 595 837 624 apte
855 593 948 624 tangit.
964 590 1064 617 Eodem

279 636 371 668 modo,
389 636 514 663 sensibus
531 635 556 662 in
578 643 692 670 corpore
709 637 796 662 instar
818 636 882 671 lyra:
905 636 1043 671 dispositis
1057 655 1066 669 ,

278 690 339 710 cum
356 683 441 718 perita
457 690 534 709 mens
559 682 610 709 illis
626 683 771 717 praaivcrit.
794 688 858 710 tunc
887 684 1018 710 discernit
1038 688 1066 710 ct

279 729 354 756 novit
370 729 473 760 anima,
489 730 552 764 quid
567 728 657 762 faciat,
672 730 770 764 quidve
786 735 857 763 agat.
871 729 898 756 ld
911 735 1001 756 autem
1018 729 1067 756 ho-

280 777 381 804 minum
395 777 529 802 duntaxat
544 780 581 802 est
598 776 748 810 proprium,
774 775 888 810 ipsaque
911 780 954 801 est
971 775 1067 802 auinne

279 823 397 850 facultas
414 822 605 853 ratiocinandi,
623 817 675 856 qua
693 822 792 848 utendo
803 822 894 849 dill'ert
916 822 962 848 illa
978 830 992 848 a
1009 821 1066 848 bel-

280 869 343 901 luis,
358 875 385 896 et
399 876 428 897 se
443 869 578 896 diversam
597 876 657 895 esse
673 868 706 895 ab
717 868 855 895 exteriore
867 868 990 903 corporis
1007 875 1066 902 spe-

1120 274 1242 309 μουσικῷ
1259 275 1316 309 μετ’
1336 276 1500 311 ἐπιστήμης.
1511 276 1555 308 Ὡς
1568 276 1622 312 γὰρ
1633 277 1661 303 αἱ
1673 277 1702 303 ὲν
1717 278 1750 313 τῇ
1766 276 1837 313 λύρᾳ
1851 286 1908 305 νευ-

1120 323 1165 356 ρα).
1180 320 1294 348 ἕκασται
1309 321 1358 356 μὲν
1372 321 1463 356 ἔχουσι
1477 322 1532 357 (94)
1545 322 1590 349 τὸν
1602 321 1669 350 ῐδιον
1683 322 1812 357 φθόγγον,
1826 325 1843 360 ἡ
1857 325 1908 360 μὲν

1120 366 1215 402 βαρὺν,
1237 367 1253 402 ἡ
1271 366 1299 393 δὲ
1314 366 1392 400 ὀξὺν,
1408 368 1425 403 ἡ
1449 368 1477 394 δὲ
1498 368 1590 403 μέσον,
1609 369 1625 404 ὴ
1645 369 1675 395 δὲ
1697 369 1830 402 ὀξύτονον·
1847 371 1863 406 ή
1878 370 1908 398 δὲ

1119 412 1207 439 ἄλλον·
1231 413 1387 448 ἀδιάκριτος
1410 413 1438 440 δέ
1463 415 1537 440 ἐστιν
1558 415 1648 441 αὐτῶν
1673 416 1689 450 ἡ
1717 416 1835 451 ἁρμονία
1859 417 1907 444 καὶ

1118 459 1300 493 ἀδιάγνωστος
1313 460 1329 494 ἡ
1344 459 1467 492 σύνθεσις
1483 461 1566 496 χωρὶς
1579 461 1625 487 τοῦ
1638 462 1829 497 ἐπιστήμονος·
1846 463 1907 490 τότε

1118 505 1172 542 γὰρ
1194 506 1241 532 καὶ
1257 507 1273 541 ὴ
1291 507 1408 542 ἁρμονία
1427 507 1516 533 αὐτῶν
1530 507 1667 535 δείκνυται
1683 509 1730 535 καὶ
1745 509 1761 544 ή
1783 508 1908 542 σύνταξις

1119 551 1196 587 ὀρθὴ,
1213 552 1278 578 ὅταν
1294 551 1349 586 (95)
1362 553 1376 578 ό
1390 553 1512 587 κατέχων
1525 553 1574 589 τὴν
1591 553 1674 589 λύραν
1686 553 1774 590 πλήξῃ
1789 555 1838 586 τὰς
1851 564 1908 582 νευ-

1120 597 1180 633 ρὰς,
1198 598 1245 624 καὶ
1265 597 1401 632 ἁρμοδίως
1417 597 1471 632 (96)
1488 598 1606 633 ἑκάστης
1623 598 1734 634 ἅψηται·
1751 599 1846 627 τοῦτον
1861 600 1908 627 τὸν

1118 644 1217 679 τρόπον
1232 643 1279 670 καὶ
1296 643 1350 670 τῶν
1371 643 1523 679 αἰσθήσεων
1542 645 1571 671 ὲν
1592 644 1630 680 τῷ
1647 645 1753 680 σώματι
1768 646 1806 678 ὡς
1823 646 1907 682 λύρας

1119 689 1309 724 ἡρμοσμένων,
1327 689 1392 715 ὃταν
1408 690 1422 715 6
1443 689 1601 724 ἐπιστήμων
1617 689 1678 721 νοῦς
1695 690 1783 717 αὐτῶν
1805 691 1907 726 ἡγεμο-

1119 736 1184 772 νεύῃ
1195 744 1202 751 ’
1220 735 1281 762 τότε
1298 735 1345 761 καὶ
1363 735 1496 771 διακρίνει
1513 736 1529 770 ἠ
1551 735 1634 771 ψυχὴ,
1652 736 1699 762 καὶ
1721 734 1790 763 οἶδεν
1805 737 1820 763 θ
1836 738 1910 764 ποιεῖ

1120 783 1167 810 καὶ
1178 783 1300 817 πράττει.
1313 781 1398 808 Τοῦτο
1406 781 1434 808 δὲ
1450 782 1528 817 μόνον
1539 782 1593 816 (97)
1607 783 1670 809 ἴδιον
1680 783 1830 819 ἀνθρώπιον
1837 785 1907 817 ἐστὶ,

1120 831 1166 858 καὶ
1182 831 1260 858 τοῦτὸ
1275 832 1332 857 ἐστι
1348 831 1378 856 τὸ
1392 829 1499 864 λογικὸν
1515 831 1564 865 τῆς
1577 830 1667 866 ψυχῆς
1681 831 1734 857 τῶν
1746 831 1908 866 ἀνθρώπων,

1120 875 1142 911 ᾦ
1157 877 1285 913 χρωμένη
1302 875 1450 902 διαλλάττει
1472 875 1526 902 τῶν
1554 875 1669 910 ἀλόγων,
1695 871 1741 903 καὶ
1763 877 1907 910 δείκνυσιν,

280 917 323 944 cie
337 916 477 943 manifeste
497 921 621 943 testatur.
644 915 711 942 Hinc
731 915 812 941 homo
824 922 906 949 sche.
921 915 1029 949 jacente
1044 914 1069 940 iu

1121 924 1161 950 ὅτι
1177 922 1285 958 ἀληθῶς
1301 922 1367 957 ἄλλη
1387 921 1461 957 παρὰ
1481 922 1512 948 τὸ
1535 922 1695 957 φαινόμενόν
1710 922 1764 958 (98)
1783 924 1856 950 ἐστιν
1879 925 1908 950 ὲν

281 967 356 990 terra
385 969 511 996 corpore,
538 961 659 989 caelestia
681 961 782 995 cogitat
806 966 833 988 et
856 961 1068 995 contemplatur.

282 1009 359 1044 Saepe
375 1010 439 1036 item
461 1009 527 1036 nihil
551 1014 658 1044 agente,
684 1009 842 1043 quiescente
868 1014 896 1036 et
917 1009 1070 1036 dormiente

281 1063 407 1090 corpore,
421 1056 494 1082 intus
512 1056 593 1082 homo
619 1061 742 1082 movetur
760 1063 858 1089 resque
883 1059 960 1081 extra
975 1062 1004 1082 se
1021 1063 1070 1089 po-

282 1104 349 1131 sitas
366 1103 494 1135 intuetur.
513 1108 632 1131 remotas
647 1105 771 1139 regiones
787 1104 840 1139 25
875 1105 941 1139 petit
959 1109 985 1131 et
1007 1112 1070 1138 per-

281 1154 369 1182 agrat,
390 1148 485 1176 amicis
500 1149 626 1182 notisque
642 1149 773 1179 occurrit,
789 1157 838 1176 nec
856 1157 917 1175 raro
929 1156 977 1183 per
990 1149 1047 1176 haec
1061 1169 1069 1182 ,

281 1195 346 1229 quid
364 1203 413 1229 per
432 1194 502 1222 diem
522 1199 632 1221 acturus
661 1194 696 1221 sit
711 1194 857 1228 praenoscit
881 1200 908 1222 et
932 1195 1070 1230 prasagit.

282 1240 351 1274 Quid
366 1248 431 1268 vero
447 1241 519 1267 aliud
532 1241 558 1267 id
574 1248 634 1268 esse
648 1246 748 1276 potest,
760 1249 839 1275 quam
853 1241 941 1268 anima
958 1241 1071 1268 rationis

282 1287 428 1320 particeps.
450 1294 502 1320 qua
523 1287 604 1314 homo
620 1294 651 1313 ea
667 1294 726 1322 qua
751 1294 834 1322 supra
850 1294 880 1314 se
891 1291 955 1314 sunt
969 1287 1071 1321 cogitat

281 1337 309 1359 et
321 1332 468 1367 intelligit?

317 1433 363 1461 52.
379 1433 432 1461 Sed
450 1438 477 1462 et
493 1433 557 1460 illud
583 1440 692 1468 quoque
711 1433 745 1460 ad
766 1433 874 1466 penitus
893 1431 1071 1460 coercendam

284 1486 378 1507 eorum
395 1479 605 1515 impudentiam,
617 1480 663 1513 qui
681 1480 796 1506 animam
823 1479 929 1506 ratione
943 1481 1051 1515 privant
1063 1499 1070 1511 ,

282 1525 383 1553 addere
394 1525 470 1559 juvat
486 1535 492 1552 :
506 1525 556 1558 Qui
574 1525 603 1552 lit
617 1532 645 1552 ut
657 1533 717 1552 cum
733 1533 832 1560 corpus
848 1531 942 1553 natura
959 1526 1073 1553 mortale

285 1572 333 1604 sit,
355 1572 434 1599 homo
451 1571 485 1599 de
505 1571 708 1599 immortalitate
721 1571 830 1606 cogitet,
858 1579 982 1606 saepeque
1000 1580 1071 1599 mor-
1085 1593 1106 1622 Ο

283 1622 338 1646 tem
352 1618 462 1645 virtutis
480 1625 573 1645 amore
587 1617 713 1651 expetat?
727 1616 776 1650 Qui
793 1617 823 1644 lit
838 1622 876 1649 ut,
894 1625 957 1644 cum
972 1624 1071 1651 corpus

283 1671 331 1698 per
344 1662 453 1698 aliquod
466 1668 570 1690 tantum
584 1663 713 1698 temporis
724 1663 841 1698 spatium
865 1663 955 1695 duret.
970 1669 1071 1690 aeterna

282 1709 365 1736 homo
377 1709 533 1740 meditetur,
547 1715 628 1743 atque
640 1710 742 1737 idcirco
753 1710 895 1744 praesentia
905 1714 1070 1741 contemnat.

282 1760 311 1783 et
326 1755 359 1781 ad
372 1755 440 1782 bona
455 1755 500 1782 illa
516 1755 605 1782 futura
618 1756 710 1782 tendat
722 1755 879 1783 desiderio?
892 1755 972 1783 Certe
984 1755 1071 1790 ipsum

282 1809 382 1836 corpus
397 1802 464 1828 nihil
478 1802 530 1829 tale
545 1803 577 1828 de
589 1802 690 1836 seipso,
706 1810 755 1830 nec
772 1809 816 1830 res
830 1807 908 1829 extra
925 1809 955 1830 se
966 1802 1071 1836 positas

283 1850 373 1881 potest
383 1847 514 1881 cogitare.
527 1846 649 1881 Namque
667 1847 780 1874 mortale
796 1851 847 1880 est,
875 1854 927 1874 nec
950 1847 1001 1874 nisi
1024 1854 1072 1881 per

283 1891 394 1926 aliquod
413 1897 519 1926 tempus
535 1892 624 1920 durat.
641 1891 905 1919 Necesseestautem
921 1891 986 1918 illud
1001 1891 1072 1925 quod

282 1936 423 1963 contraria
439 1942 545 1963 naturae
559 1937 682 1972 corporis
693 1937 803 1972 cogitet,
814 1937 886 1963 aliud
904 1943 964 1963 esse
979 1944 994 1964 a
1009 1944 1071 1964 cor-

283 1987 361 2016 pore.
380 1980 515 2014 Quidnam
528 1989 609 2016 porro
621 1982 686 2008 illud
706 1982 796 2014 fuerit,
813 1981 864 2009 nisi
879 1982 970 2009 anima
990 1983 1072 2008 ratio-

284 2026 357 2054 nalis
370 2031 397 2053 et
411 2027 598 2054 immortalis?
615 2026 670 2054 Nec
687 2027 760 2054 enim
780 2027 846 2054 loris
859 2028 906 2054 sed
928 2028 1002 2054 intus
1014 2028 1071 2062 ipsa

284 2072 404 2106 corpori,
425 2076 455 2098 ut
473 2073 594 2100 musicus
610 2073 686 2108 lyrae,
699 2073 771 2108 quod
787 2073 884 2100 melius
902 2074 1071 2108 congruerit,

281 2122 374 2146 sonat.
391 2117 537 2145 Enimvero
556 2126 641 2153 quare
661 2125 722 2145 cmn
749 2119 844 2146 oculus
869 2119 900 2145 ad
927 2119 1071 2146 videndum

284 2169 380 2191 natura
395 2168 473 2199 aptus
487 2163 522 2191 sit
539 2170 567 2191 et
581 2164 656 2191 auris
673 2164 706 2191 ad
726 2164 900 2198 audiendum,
914 2164 965 2191 alia
981 2169 1071 2191 tamen

283 2211 432 2245 refugiunt,
454 2210 505 2237 alia
526 2210 629 2246 eligunt
644 2210 656 2237 2
674 2210 740 2244 Quis
767 2210 840 2237 enim
863 2211 971 2238 oculunt
994 2218 1009 2238 a
1031 2211 1071 2238 vi-

283 2257 371 2285 dendo
385 2256 505 2284 avertit?
526 2257 567 2284 vel
594 2257 656 2292 quis
677 2263 782 2288 aurem,
803 2257 846 2284 cui
873 2256 1004 2284 naturalis
1030 2262 1072 2284 est

282 2302 410 2330 audiendi
425 2302 550 2336 facultas,
584 2303 617 2330 ab
644 2302 780 2329 audiendo
810 2302 910 2338 arcet?
933 2302 1000 2335 Quis
1021 2310 1070 2338 gu-

280 2353 355 2378 stum
368 2348 402 2375 ad
415 2349 575 2384 gustandum
584 2356 616 2375 ex
627 2353 721 2375 natura
739 2347 863 2375 idoneum
878 2355 948 2383 smpe
964 2355 979 2375 a
993 2353 1070 2376 natu-

282 2392 332 2420 rali
352 2393 473 2427 appetitu
491 2392 612 2420 refrenat
622 2393 634 2419 ?
646 2392 712 2426 Quis
726 2393 789 2420 item
803 2401 911 2420 manum
928 2401 962 2420 ex
975 2398 1070 2420 natura

279 2439 317 2467 ad
344 2438 478 2474 agendum
505 2443 595 2474 aptam
622 2439 657 2466 ab
675 2438 812 2474 aliquibus
832 2439 912 2467 rebus
929 2439 1070 2474 tangendis

348 2527 375 2563 ι)
391 2527 503 2562 Seguer.
519 2527 621 2563 ἑκάστη
632 2527 681 2562 μὲν
695 2527 764 2563 ἔχει,

330 2562 377 2598 95)
388 2563 434 2590 Sic
448 2564 562 2598 Seguer.
580 2562 665 2590 Ba’stl.
691 2562 802 2591 Gdbler.
823 2563 944 2590 Fclcltm.
963 2563 974 2590 l
1004 2566 1031 2589 et
1047 2562 1065 2590 ’2

282 2606 365 2661 anoAt.
378 2599 430 2659 ﬁlii
445 2603 471 2626 et
486 2599 564 2632 editi,
577 2599 632 2626 ὅτε.
647 2598 714 2626 lbid.
728 2598 777 2634 τὴν
794 2599 878 2635 λύραν
895 2606 949 2626 non
967 2599 1067 2634 legitur

282 2643 310 2661 ιιι
354 2641 388 2661 ne
401 2641 434 2660 ιε.

280 2643 310 2663 In
329 2641 434 2663 annue.

452 2669 516 2704 Seg.
533 2669 615 2705 Basil.
629 2673 719 2705 autem
738 2674 767 2705 et
777 2667 899 2698 Felckm.
925 2668 944 2696 3
958 2676 1002 2696 an.
1016 2668 1067 2704 ἁρ-

279 2703 481 2740 μονίωςζΕιΙιιί
493 2703 523 2732 et
533 2704 578 2740 alii
592 2711 657 2732 mss.
668 2703 814 2739 ἁρμονίας.

316 2740 374 2774 (9'1)
388 2739 503 2775 Seguer.
520 2739 619 2775 μόνων.

317 2773 500 2818 (98)_Seguer.
521 2773 633 2818 (Eumer.
651 2774 774 2818 Felckm:
784 2775 797 2802 1
812 2774 959 2818 anomnrd
972 2773 1068 2818 ⁴(ξαινᾷτ

281 2818 363 2846 μενα.
379 2810 408 2838 In
420 2810 515 2837 iisdem
527 2810 555 2836 ὲν
570 2810 676 2851 σώματι
691 2818 743 2837 ιιοιι
768 2810 877 2845 legitur.
890 2810 1069 2851 .Omnibouus

280 2850 310 2885 et
323 2844 450 2885 Attibros.
459 2844 616 2885 .Cama‘ldul.
631 2851 667 2871 tta
681 2845 804 2885 legerunt
818 2850 847 2885 ut
859 2846 932 2885 _l_nc_
942 2845 1067 2885 habetur:

282 2879 404 2907 Nannius
416 2879 512 2915 legisse
528 2879 634 2915 videtur
651 2885 681 2906 ut
701 2879 727 2907 in
740 2880 804 2915 Seg.
817 2879 895 2909 Gobl.
912 2879 1032 2908 Felckm.
1052 2880 1065 2906 ί

282 2921 377 2948 auom,
395 2922 457 2942 nam
472 2914 509 2942 ita
528 2914 600 2942 hunc
621 2914 708 2942 locum
723 2915 820 2948 reddit,
842 2921 940 2950 praeter
963 2924 994 2944 σοι
1009 2923 1068 2951 qua:

1122 967 1236 1002 σώματι.
1255 966 1388 998 Πολλάκις
1411 966 1476 1000 γοῦν
1499 966 1625 1001 κειμένου
1649 967 1696 993 τοῦ
1717 967 1841 1002 σώματος
1861 968 1909 995 ἐπὶ

1120 1014 1181 1048 γῆς,
1193 1013 1226 1039 τὰ
1240 1013 1268 1039 ὲν
1282 1013 1405 1047 οὐρανοῖς
1417 1012 1580 1047 φαντάζεται
1598 1013 1645 1040 κα).
1661 1013 1758 1049 θεωρεῖ
1772 1015 1786 1040 ὁ
1800 1014 1908 1050 ἄνθρω-

1121 1069 1171 1091 πος
1181 1069 1188 1075 ·
1203 1061 1249 1086 καὶ
1264 1059 1393 1091 πολλάκις
1405 1059 1452 1086 τοῦ
1468 1059 1594 1095 σώματος
1608 1059 1775 1095 ἠρεμοῦντος
1788 1060 1910 1096 καὶήσυ-

1120 1107 1247 1142 χάζοντος
1269 1106 1316 1132 καὶ
1342 1105 1527 1138 καθεύδοντος,
1551 1108 1666 1132 κινεῖται
1685 1106 1757 1132 ἔνδον
1772 1107 1786 1132 ὁ
1802 1106 1910 1142 ἄνθρω-

1121 1161 1180 1184 πος,
1197 1153 1244 1179 καὶ
1258 1152 1292 1179 τὰ
1311 1151 1409 1184 ἔξωθεν
1422 1151 1517 1178 ἑαυτοῦ
1533 1151 1641 1188 θεωρεῖ,
1655 1151 1746 1188 χώρας
1759 1152 1910 1188 ἀποδημῶν

1121 1199 1168 1225 καὶ
1190 1198 1358 1234 περιπατῶν,
1382 1198 1429 1226 καὶ
1452 1198 1579 1225 ἀπαντῶν
1601 1199 1658 1230 τοῖς
1680 1198 1838 1234 γνωρίμοις,
1862 1199 1911 1226 καὶ
1942 1198 1975 1229 \t

1122 1244 1251 1275 πολλάκις
1262 1243 1306 1270 διὰ
1318 1243 1420 1270 τούτων
1434 1243 1483 1275 τὰς
1497 1243 1556 1279 μεθ’
1569 1243 1675 1279 ἡμέραν
1688 1243 1800 1279 πράξεις
1814 1243 1910 1271 ἑαυτοῦ

1123 1290 1321 1326 μαντευόμενος
1337 1290 1384 1317 καὶ
1397 1289 1591 1325 προγινώσκων
1609 1289 1675 1324 (99).
1694 1290 1779 1317 Τοῦτο
1795 1290 1823 1317 δὲ
1838 1290 1865 1316 τί
1877 1290 1911 1317 ἂν

1123 1337 1164 1372 εἴη
1181 1337 1274 1372 ἕτερον
1296 1337 1312 1370 ἢ
1331 1335 1404 1371 ψυχὴ
1424 1335 1532 1371 λογικὴ,
1548 1336 1578 1362 ὲν
1627 1335 1763 1370 λογίζεται
1786 1337 1833 1363 καὶ
1854 1337 1913 1364 νοεῖ

1121 1383 1156 1409 τὰ
1172 1382 1241 1418 ὑπὲρ
1256 1382 1350 1408 ἑαυτὸν
1367 1382 1380 1408 ὁ
1395 1381 1551 1417 ἂνθρωπος;

1158 1430 1202 1457 52.
1218 1430 1273 1456 Καὶ
1288 1428 1368 1456 τοῦτο
1381 1429 1402 1455 δ’
1412 1428 1445 1455 ἂν
1457 1428 1498 1464 εἴη
1514 1428 1582 1464 πρὸς
1595 1427 1732 1462 ἀπόδειξιν
1744 1427 1845 1464 ἀκριϐῆ
1853 1430 1912 1461 τοῖς

1122 1476 1163 1503 ἐτι
1175 1476 1242 1511 πρὸς
1259 1475 1396 1502 ἀναίδειαν
1418 1475 1468 1510 τῆς
1482 1475 1593 1509 ἀλογίας
1608 1475 1820 1511 τετραμμένοιφ
1836 1475 1911 1508 Πῶς,

1122 1523 1169 1549 τοῦ
1190 1522 1315 1558 σώματος
1339 1521 1438 1558 θνητοῦ
1462 1521 1531 1548 κατὰ
1558 1521 1638 1556 φύσιν
1662 1521 1748 1553 ὄντος,
1773 1521 1912 1555 λογίζεται

1123 1568 1267 1604 ἄνθρωπος
1288 1568 1322 1595 τὰ
1343 1568 1408 1604 περὶ
1427 1567 1588 1599 ἀθανασίας,
1605 1567 1653 1594 καὶ
1673 1567 1802 1599 πολλάκις
1821 1567 1912 1603 ἑαυτῷ

1121 1614 1167 1640 τὸν
1189 1613 1302 1640 θάνατον
1318 1613 1388 1648 ὑπὲρ
1404 1613 1506 1647 ἀρετῆς
1520 1612 1696 1648 προκαλεῖται
1713 1611 1769 1647 (l);
1787 1613 1822 1638 Ἢ
1839 1611 1910 1644 πῶς,

1122 1659 1290 1696 προσκαίρου
1306 1659 1353 1686 τοῦ
1372 1658 1495 1694 σώματος
1508 1658 1595 1691 ὄντος,
1609 1659 1644 1685 τὰ
1658 1658 1755 1686 αἰώνια
1776 1658 1911 1692 φαντάζε-

1121 1714 1166 1732 ται
1185 1704 1337 1740 ἄνθρωπος,
1355 1704 1424 1731 ὥστε
1438 1704 1492 1731 τῶν
1509 1703 1559 1739 μὲν
1574 1703 1699 1739 ἐμποδὼν
1718 1705 1910 1739 κατατρονεῖν,

1121 1752 1162 1783 εἰς
1175 1752 1266 1778 ἐκεῖνα
1277 1751 1305 1777 δὲ
1317 1751 1362 1778 τὸν
1379 1750 1461 1777 πόθον
1484 1749 1556 1785 ἔχειν
1566 1758 1573 1782 ;
1585 1750 1622 1776 Τὸ
1643 1750 1690 1785 μὲν
1703 1747 1749 1777 οὖν
1767 1750 1844 1785 σῶμα
1860 1751 1911 1777 οὐκ

1121 1797 1155 1824 ἂν
1171 1797 1297 1832 έαυτὺβ)
1314 1796 1377 1832 περὶ
1393 1795 1490 1823 ἑαυτοῦ
1505 1795 1617 1822 τοιαῦτα
1635 1795 1785 1831 λογίσηται,
1797 1797 1844 1822 καὶ
1861 1796 1912 1823 οὐκ

1121 1843 1155 1870 ἂν
1165 1843 1200 1870 τὰ
1217 1842 1315 1876 ἔξωθεν
1324 1842 1421 1869 ἑαυτοῦ
1436 1841 1579 1877 λογίζοιτο·
1591 1841 1687 1877 θνητὸν
1700 1842 1754 1878 γὰρ
1765 1842 1812 1869 καὶ
1824 1842 1910 1877 πρόσ-

1121 1889 1217 1924 καιρον
1234 1890 1307 1915 ἐστιν
1317 1897 1323 1903 ·
1339 1888 1444 1923 ἀνάγκη
1463 1888 1492 1914 δὲ
1507 1887 1600 1922 ἕτερον
1619 1885 1688 1914 εἶναι
1707 1887 1738 1913 τὸ
1749 1887 1784 1914 τὰ
1800 1887 1911 1914 ἐναντία

1121 1935 1170 1961 καὶ
1186 1934 1261 1972 παρὰ
1276 1934 1325 1970 τὴν
1351 1933 1431 1968 φύσιν
1453 1933 1500 1960 τοῦ
1523 1932 1648 1968 σώματος
1669 1933 1853 1968 λογιζόμενον,
1877 1933 1911 1960 Τί

1121 1979 1168 2008 οὖν
1181 1981 1213 2008 ἃν
1226 1980 1269 2015 εἴη
1278 1980 1356 2007 τοῦτο
1369 1980 1461 2012 πάλιν,
1472 1980 1488 2016 ἢ
1503 1980 1575 2016 ψυχὴ
1587 1980 1683 2016 λογικὴ
1698 1980 1744 2007 καὶ
1756 1979 1889 2011 ἀθάνατος
1901 1987 1909 2012 ς

1122 2028 1177 2053 Καὶ
1183 2027 1237 2062 γὰρ
1247 2027 1296 2053 οὐκ
1303 2026 1413 2060 ἔξωθεν,
1424 2026 1481 2052 ἀλλ’
1493 2026 1598 2053 ἔνδοθεν
1608 2025 1677 2062 αὕτη
1692 2025 1731 2060 τῷ
1740 2024 1847 2060 σώματι
1859 2025 1908 2060 (5),

1121 2073 1159 2105 ὡς
1173 2074 1188 2100 ὁ
1208 2073 1336 2109 μουσικὸς
1351 2074 1383 2109 τῇ
1396 2072 1475 2108 λύρᾳ,
1485 2073 1579 2107 ὲνηχεί
1592 2072 1626 2099 τὰ
1641 2072 1791 2108 κρείττονα.
1808 2071 1910 2102 uagae

1122 2119 1203 2146 πάλιν
1216 2119 1288 2146 κατὰ
1302 2119 1382 2154 φύσιν
1397 2117 1435 2145 ὢν
1453 2119 1467 2145 ὁ
1482 2118 1620 2154 ὀφθαλμὸς
1636 2120 1676 2151 εις
1688 2119 1719 2145 τὸ
1732 2119 1809 2153 ὁρᾷν,
1826 2117 1873 2144 καὶ
1890 2118 1909 2153 ἠ

1121 2166 1191 2201 ἀκοὴ
1208 2166 1248 2198 εἰς
1264 2165 1294 2191 τὸ
1316 2166 1436 2196 ἀκούειν,
1456 2164 1489 2191 τὰ
1511 2165 1560 2200 μὲν
1575 2164 1801 2200 ἀποστρέφονται,
1823 2163 1858 2190 τὰ
1880 2163 1910 2190 δδ

1122 2211 1277 2247 αἱροῦνται;
1297 2211 1346 2243 Τίς
1361 2211 1415 2246 γὰρ
1430 2212 1444 2238 ὁ
1464 2211 1510 2238 τὸν
1532 2210 1670 2246 ὀφθαλμὸν
1687 2209 1734 2237 τοῦ
1753 2211 1820 2246 ὁρᾷν
1839 2211 1909 2236 ἀπο-

1124 2257 1261 2293 στρέφων;
1275 2257 1292 2292 ἢ
1308 2257 1350 2289 τις
1362 2257 1410 2292 τὴν
1423 2257 1508 2293 ἀκοὴν
1521 2257 1590 2284 κατὰ
1603 2256 1681 2291 φύσιν
1691 2254 1773 2283 οὖσαν
1785 2256 1912 2283 ἀκουστι-

1123 2301 1174 2337 κὴν
1187 2301 1325 2328 ἀποκλείει
1340 2301 1386 2328 τοῦ
1401 2301 1527 2335 ἀκούεινς
1544 2303 1579 2328 Ἢ
1594 2302 1636 2334 τίς
1655 2301 1704 2337 τὴν
1717 2301 1823 2336 γεῦσιν,
1840 2300 1912 2328 κατὰ

1123 2348 1203 2382 φύσιν
1214 2345 1296 2374 οὖσαν
1311 2347 1467 2384 γευστικὴν,
1476 2347 1573 2374 κωλύει
1587 2347 1715 2378 πολλάκις
1728 2347 1779 2382 τῆς
1794 2346 1911 2381 φυσικῆς

1123 2393 1230 2428 ὸρμῆς;
1246 2393 1294 2425 Τίς
1308 2393 1337 2420 δὲ
1357 2394 1406 2429 τὴν
1430 2395 1520 2429 χεῖρα,
1538 2393 1609 2420 κατὰ
1628 2393 1709 2428 φύσιν
1725 2390 1808 2419 οὖσαν
1824 2393 1864 2423 εἰς
1881 2392 1911 2418 τὸ

1124 2440 1246 2475 ἐνεργεῖν
1260 2440 1354 2476 ἐπέχει
1370 2440 1409 2476 (4)
1433 2439 1482 2466 τοῦ
1498 2439 1596 2475 ψαύειν
1617 2439 1710 2472 τινός;
1735 2438 1783 2470 Τίς
1808 2437 1837 2464 δὲ
1861 2437 1912 2473 τὴν

1120 2528 1202 2555 oculis
1217 2532 1356 2562 apparent.

1155 2563 1213 2598 (99)
1226 2564 1336 2591 Gobler.
1349 2563 1468 2591 Felckm.
1485 2563 1497 2590 l
1515 2571 1595 2591 anon.

1157 2598 1195 2635 (l)
1211 2598 1257 2626 Sic
1277 2599 1390 2634 Seguer.
1406 2634 1409 2635 ν
1428 2599 1539 2635 Gobler:
1573 2598 1690 2626 Felt-knt.
1712 2600 1723 2625 1
1751 2606 1833 2635 anon.
1857 2598 1909 2625 Alii

1121 2633 1183 2669 cum
1200 2635 1280 2661 editis
1297 2634 1504 2669 προσκαλεῖται.
1525 2634 1607 2661 Paulo
1616 2640 1676 2668 post
1692 2633 1817 2669 ἐμποδών
1837 2634 1910 2669 quod

1122 2668 1160 2695 ita
1175 2669 1201 2696 in
1216 2668 1297 2697 Basil.
1310 2668 1452 2700 scribitur,
1478 2670 1601 2696 ultimam
1615 2668 1804 2697 circumﬂectit
1818 2669 1845 2696 in
1860 2668 1908 2695 Sec

1122 2711 1198 2738 διιεῖ.
1221 2704 1330 2732 Gobler.
1358 2709 1385 2731 et
1404 2704 1525 2732 Felckm.
1543 2704 1569 2737 l,
1589 2705 1607 2732 2
1621 2709 1647 2732 et
1661 2704 1678 2731 5
1705 2711 1834 2739 anOuym.
1853 2704 1910 2731 An-

1120 2739 1184 2774 glic.
1202 2746 1292 2767 autem
1309 2739 1432 2766 ἐκποδῶν
1445 2740 1534 2767 habet.

1158 2775 1196 2810 (‘2)
1209 2774 1318 2803 Gobler.
1333 2775 1427 2803 Felck.
1443 2775 1453 2802 l
1471 2783 1566 2807 anon.,
1582 2774 1681 2810 ἑαυτῷ,
1692 2778 1775 2808 atque
1789 2774 1826 2810 ita
1840 2773 1910 2810 legit

1121 2809 1306 2844 Omnibonus,
1335 2811 1380 2844 qui
1410 2811 1492 2837 vertit
1523 2811 1584 2837 sibi.
1613 2809 1674 2836 Mo’x
1704 2810 1771 2838 ibid.
1796 2809 1908 2838 Gobler.

1121 2844 1243 2882 Felgltrii.
1257 2845 1448 2882 lianonymus,
1466 2845 1549 2872 αὑτοῦ
1566 2853 1615 2882 pro
1629 2844 1740 2872 ἑαυτοῦ.

1169 2879 1196 2916 5)
1209 2880 1290 2908 Basil.
1303 2880 1350 2907 τοῦ
1359 2879 1507 2916 ”σώματος.

1169 2915 1197 2953 4)
1209 2915 1257 2945 Sic
1271 2923 1366 2945 omnes
1381 2914 1447 2944 mss.
1468 2916 1540 2945 Editi
1555 2922 1629 2948 vero,
1646 2914 1753 2951 ὑπέχει.

1613 2563 1767 2598 γινώσκων.
