2037 3044
184 137 219 164 69

760 131 890 161 ORATIO
908 131 1047 160 CONTRA
1067 132 1210 160 GENI‘ES.

182 192 303 228 Πατέρα,
318 188 348 218 οὗ
373 191 420 218 καὶ
433 191 507 218 ἐστιν
526 190 610 218 εἰκὼν
626 193 639 218 ὁ
653 191 759 226 Σωτὴρ,
772 191 917 224 λογὶςπαι.
934 191 969 216 Ἦ

1026 194 1102 224 itque
1114 191 1244 225 integram
1261 191 1422 223 servaverit,
1438 191 1537 220 merito
1551 192 1577 219 in
1590 199 1621 220 ea
1643 197 1756 229 purgata
1770 201 1802 222 ac

183 239 208 264 εί
220 237 275 273 (21)
291 237 328 273 μὴ
342 237 483 273 αὐτάρκης
496 238 570 264 ἐστὶν
587 238 603 272 ὴ
627 236 702 272 παρὰ
716 236 766 270 τῆς
794 235 884 270 ψυχῆς
901 235 972 262 διδα-

184 284 282 311 σκαλία
296 284 340 310 διὰ
359 284 393 311 τὰ
409 284 584 310 ὲπιθολοῦντα
595 284 698 318 ταύτης
719 282 816 314 ἔξωθεν
833 282 879 308 τὸν
898 281 970 314 νοῦν,

183 330 230 357 καὶ
243 331 279 366 μὴ
293 330 360 365 ὀρᾷν
375 329 459 364 αὐτὴν
475 330 506 356 τὸ
520 330 656 365 κρεῖττον·
677 328 734 355 ἀλλ’
751 327 808 354 ἔστι
824 327 905 354 πάλιν
924 328 971 354 καὶ

183 375 238 402 ἀπὸ
252 375 306 402 τῶν
322 375 492 411 φαινομένων
514 375 562 411 τὴν
581 376 646 410 περὶ
662 374 708 401 τοῦ
722 373 790 401 Θεοῦ
805 373 904 408 γνῶσιν
922 382 971 400 κα-

183 420 320 453 ταλαϐεῖν,
346 421 397 456 τῆς
418 421 534 452 κτίσεως
561 420 655 456 ὥσπερ
679 420 824 455 γράμμασι
849 419 894 446 διὰ
923 419 972 455 τῆς

183 466 287 499 τάξεως
296 467 342 493 καὶ
353 466 484 502 ἁρμονίας
493 465 538 492 τὸν
547 466 646 500 ἑαυτῆς
653 465 786 500 δεσπότην
799 465 846 490 καὶ
856 463 970 500 ποιητὴν

185 512 371 548 σημαινούσης
383 512 430 538 καὶ
443 511 556 546 βοὼσης.

1023 236 1240 271 splendescente,
1262 241 1390 273 tanqttam
1416 238 1443 265 in
1458 239 1578 273 speculo,
1597 239 1714 267 Verbum
1735 241 1804 268 ima-

1022 281 1110 315 ginem
1129 281 1218 309 Patris
1235 283 1480 318 contemplabitur;
1497 289 1524 310 et
1538 285 1564 311 in
1582 283 1670 312 Verbo
1683 285 1803 319 Patrem,

1023 327 1101 362 cujus
1115 332 1142 354 et
1158 327 1281 355 Salvator
1310 329 1398 364 imago
1416 335 1468 362 est,
1493 331 1656 365 cogitatione
1680 340 1804 367 compre-

1024 373 1132 401 hendet.
1146 373 1193 401 Vel
1208 374 1230 401 si
1247 374 1303 409 ipsa
1323 381 1370 409 per
1386 382 1416 403 se
1433 376 1522 403 anima
1539 377 1594 404 hate
1609 383 1738 412 praestare
1749 378 1805 413 jam

1024 427 1076 446 non
1102 425 1192 454 queat,
1219 428 1280 448 cum
1313 421 1347 448 0b
1369 429 1400 448 ea
1422 429 1482 456 quae
1503 428 1618 451 mentem
1638 425 1806 452 extrinsecus

1026 465 1135 492 turbant
1160 471 1188 493 et
1212 466 1366 500 inquinant,
1392 473 1447 495 tum
1474 469 1536 503 quia
1558 470 1615 504 ipsa
1630 470 1692 504 quid
1715 471 1807 505 potius

1022 510 1175 546 eligendum
1191 512 1226 539 sit
1242 520 1293 540 non
1308 513 1415 542 videat:
1428 519 1502 542 certe
1525 523 1559 542 ex
1577 517 1659 544 rebus
1683 523 1806 552 aspecta-

185 557 286 585 bilibus
303 557 348 585 Dei
368 557 548 591 cognitionem
580 556 689 584 haurire
724 560 823 591 potest,
842 556 1057 591 quandoquidem
1095 565 1138 586 res
1169 563 1277 591 creatae,
1295 560 1447 588 admirabili
1463 562 1556 590 ordine
1571 567 1597 590 et
1609 569 1741 591 concentu
1754 572 1808 599 quo

185 603 342 638 compositas
378 608 449 637 sunt,
476 603 637 638 quibusdam
666 602 748 629 veluti
774 602 882 635 litteris,
909 601 1050 630 Dominum
1087 608 1114 631 et
1147 604 1304 633 Creatorem
1327 607 1448 634 indicant
1479 612 1507 636 et
1533 609 1610 644 quasi
1639 617 1704 638 voce
1735 619 1807 645 prae-

185 650 287 676 dicant.

221 696 265 723 35.
284 692 790 742 ’Adebpg-Eog
804 696 818 722 ὸ
831 695 907 727 Θεὸς,
925 695 972 722 καὶ

185 735 405 777 κηδόμενοςᾟ
431 742 477 768 ὑπ’
490 735 842 777 ammaﬂm‘my
857 740 970 776 ⁷ψιῖχῶν,

186 787 279 824 ἐπειδὴ
306 789 421 822 ἀόρατος
442 789 488 816 καὶ
504 789 694 824 ἀκατάληπτός
721 789 779 814 ὲστι
802 787 851 823 τὴν
877 788 969 822 φύσιν,

186 834 315 861 ἐπέκεινα
333 835 422 869 πάσης
446 835 563 870 γενητῆς
585 834 677 866 οὐσίας
697 834 835 870 ὑπάρχων,
860 835 906 860 καὶ
926 833 970 860 διὰ

186 880 266 907 τοῦτο
281 880 376 916 ἔμελλε
392 881 422 906 τὸ
439 880 608 916 ἀνθρώπινον
621 880 698 915 γένος
715 881 824 916 ἀτυχεῖν
838 880 888 915 τῆς
908 880 972 916 περὶ

186 927 269 955 αὑτοῦ
286 926 421 962 γνώσεως,
441 927 480 962 τῷ
496 926 529 953 τὰ
547 927 600 963 (25)
621 927 669 962 μὲν
687 927 717 959 ὲξ
732 927 781 953 οὐκ
794 927 878 954 ὄντων
893 925 970 959 εἶναι,

186 974 232 1000 τὸν
244 973 272 1000 δὲ
289 973 419 1008 ἀγένητον
430 982 437 988 '
452 973 545 1000 τούτου
557 974 650 1000 ἕνεκεν
667 973 716 1008 τὴν
732 973 818 1000 κτίσιν
834 971 904 999 οὕτω
919 974 972 1000 διε-

186 1020 307 1055 κόσμησε
329 1020 367 1054 τῷ
392 1019 487 1046 ἑαυτοῦ
510 1020 587 1054 Λόγῳ
607 1020 621 1045 ὁ
642 1019 724 1051 Θεδς,
751 1020 797 1052 ἵν’,
815 1019 907 1055 ἐπειδὴ
923 1020 972 1055 τὴν

186 1066 267 1100 φύσιν
284 1065 356 1092 ἐστὶν
375 1066 499 1101 ἀόρατος,
513 1065 564 1092 κᾶν
581 1066 613 1092 ὲκ
627 1065 681 1092 τῶν
695 1065 783 1101 ἔργων
794 1065 972 1100 γινώσκεσθαι

185 1108 285 1144 δυνηθῇ
300 1111 356 1141 τοῖς
369 1109 532 1145 ἀνθρώποις.
555 1110 601 1136 Ἐκ
614 1110 667 1145 γὰρ
679 1110 732 1136 τῶν
744 1110 831 1146 ἔργων
845 1111 973 1143 πολλάκις

186 1156 201 1181 ὁ
212 1156 336 1190 τεχνίτης
348 1155 394 1182 καὶ
409 1155 446 1191 μὴ
462 1156 599 1191 ὁρώμενος
612 1156 791 1191 γινώσκεται·
808 1157 855 1184 καὶ
876 1155 931 1183 οἷόν
947 1167 973 1184 τι

187 1200 296 1234 λέγουσι
311 1201 375 1235 περὶ
383 1201 429 1227 τοῦ
441 1201 660 1236 ἀγαλματοποιοῦ
675 1202 789 1235 Φὲδίου,
805 1203 842 1234 ὼς
857 1202 891 1229 τὰ
910 1202 973 1229 τού-

187 1255 235 1273 του
252 1246 477 1282 δημιουργήματα
493 1248 525 1274 ὲκ
539 1247 589 1282 τῆς
603 1249 770 1283 συμμετρίας
784 1249 830 1275 καὶ
842 1248 891 1284 τῆς
906 1249 974 1285 πρὸς

189 1292 291 1328 ἄλληλα
312 1293 365 1319 τῶν
378 1294 468 1328 μερῶν
484 1293 540 1327 (24)
555 1294 700 1328 ἀναλογίας
716 1294 858 1329 ἐμφαίνειν
874 1295 920 1321 καὶ
937 1295 974 1330 μὴ

190 1339 310 1373 παρόντα
324 1339 429 1366 Φειδίαν
444 1341 500 1371 τοῖς
516 1340 615 1376 ὁρῶσιν
625 1349 631 1354 ·
651 1340 721 1366 οὕτω
741 1340 781 1366 δεῖ
797 1341 866 1367 νοεῖν
881 1341 912 1367 ὲκ
924 1341 974 1375 τῆς

187 1386 235 1413 τοῦ
247 1386 349 1421 κόσμου
362 1386 465 1419 τάξεως
473 1387 516 1413 τὸν
526 1386 621 1413 τούτου
634 1387 748 1421 ποιητὴν
756 1387 802 1413 και)⁴
810 1387 974 1423 δημιουργὸν

189 1431 265 1463 Θεὸν,
280 1432 331 1459 κᾶν
346 1434 401 1464 τοῖς
415 1432 462 1459 τοῦ
487 1432 612 1468 σώματος
636 1433 783 1468 ὀφθαλμοῖς
810 1433 847 1469 μὴ
870 1433 975 1470 θεωρῆ-

188 1487 233 1504 ται
251 1478 317 1513 (25).
336 1479 374 1505 Οὐ
388 1477 442 1514 γὰρ
455 1480 643 1515 κατεχρήσατο
664 1481 696 1514 τῇ
712 1480 820 1515 ἀοράτῳ
834 1479 912 1514 φύσει
928 1480 975 1506 αὒ-

1059 694 1105 721 55.
1123 693 1212 721 Bonus
1226 694 1297 722 enim
1310 699 1337 722 et
1349 694 1466 723 clemens
1482 697 1562 730 Deus,
1577 698 1727 727 animarum
1742 706 1809 736 quas

1024 740 1126 767 creavit
1152 748 1244 768 curam
1262 748 1375 775 gerens,
1394 743 1455 777 quia
1474 743 1533 778 ejus
1563 750 1665 772 natura:
1692 751 1735 773 est
1749 755 1808 781 quae

1024 787 1106 814 videri
1119 791 1146 814 et
1164 788 1353 822 comprehendi
1366 795 1490 824 nequeat,
1507 798 1669 826 omnemque
1688 799 1807 821 creatam

988 851 1008 878 Β
1023 832 1199 860 substantiam
1216 835 1396 867 transcendat,
1407 839 1488 870 atque
1503 836 1604 864 idcirco
1614 837 1733 865 futurum
1750 845 1808 866 erat

1026 883 1055 905 ut
1071 879 1216 906 humanum
1234 886 1318 914 genus
1333 879 1403 907 illius
1415 882 1593 916 cognitiOnem
1611 891 1663 910 non
1680 891 1809 920 asseque-

1027 928 1110 956 retur,
1124 931 1156 951 eo
1171 924 1241 957 quod
1254 924 1334 952 homo
1354 925 1391 951 sit
1418 933 1451 952 ex
1467 927 1551 954 nihilo
1569 927 1667 962 factus,
1692 934 1717 956 et
1738 930 1808 958 Deus

1026 970 1084 997 sine
1100 970 1154 997 ullo
1168 970 1203 997 sit
1219 970 1351 1006 principio
1365 980 1371 997 :
1387 979 1447 998 eam
1465 972 1499 999 ob
1512 980 1567 1000 rem
1589 979 1713 1003 naturam
1732 984 1808 1004 crea-

1027 1020 1080 1043 tam
1092 1023 1140 1043 suo
1153 1012 1240 1044 Verbo
1253 1021 1306 1043 tant
1318 1021 1378 1051 apte
1392 1019 1554 1052 composuit,
1572 1024 1601 1046 ut
1621 1021 1685 1055 quia
1704 1022 1761 1056 ipse
1774 1031 1807 1050 ex

1026 1062 1067 1089 stti
1081 1067 1176 1089 natura
1190 1062 1274 1089 videri
1290 1070 1341 1089 non
1357 1068 1456 1097 potest,
1476 1065 1570 1092 saltem
1592 1073 1624 1093 ex
1638 1069 1763 1101 operibus
1773 1070 1808 1097 ab

1027 1106 1180 1134 hominibus
1193 1107 1319 1142 cognosci
1331 1113 1433 1142 posset.
1451 1109 1528 1144 Saepe
1545 1111 1616 1138 enim
1629 1120 1660 1139 ex
1682 1115 1808 1148 operibus

1027 1153 1134 1184 artifex,
1147 1153 1251 1180 etiamsi
1263 1161 1315 1180 non
1333 1155 1464 1188 videatur,
1479 1158 1650 1192 cegnoscitur
1663 1168 1669 1186 :
1684 1165 1763 1196 atque
1779 1169 1810 1189 ut

1028 1198 1060 1225 de
1074 1199 1204 1226 statuario
1218 1198 1310 1226 Pbidia
1326 1205 1447 1233 narrant,
1472 1202 1530 1236 ejus
1550 1211 1644 1238 nempe
1669 1213 1750 1240 opera
1776 1215 1809 1235 es

1027 1249 1120 1271 mutua
1131 1244 1247 1280 partium
1266 1245 1336 1272 inter
1347 1253 1376 1272 se
1392 1248 1566 1281 proportione
1579 1253 1605 1276 et
1632 1250 1811 1285 dispositione

1027 1290 1151 1318 Phidiam
1166 1291 1229 1319 licet
1255 1292 1393 1319 absentem
1420 1294 1604 1328 spectantibus
1630 1298 1810 1332 exhibuisse;

1028 1337 1064 1364 ita
1080 1344 1112 1364 ex
1128 1337 1219 1364 mundi
1235 1338 1436 1365 constructione
1457 1338 1529 1366 illius
1555 1339 1666 1368 eIl'ector
1680 1348 1706 1369 et
1721 1343 1809 1378 opiter

1028 1382 1097 1411 Deus
1114 1383 1305 1419 intelligendus
1318 1388 1369 1415 est,
1385 1385 1489 1411 tametsi
1508 1386 1593 1413 oculis
1613 1388 1736 1422 corporis
1756 1397 1808 1417 non

1029 1430 1168 1464 aspicitur.
1183 1429 1237 1457 Nec
1253 1430 1324 1457 enim
1337 1438 1385 1457 sua
1400 1431 1528 1459 invisibili
1547 1437 1640 1461 natura
1656 1434 1757 1464 abusus
1769 1441 1810 1464 est

1028 1476 1202 1510 Detts(netno
1218 1477 1242 1503 id
1259 1476 1407 1511 cattsetttr),
1430 1484 1479 1504 nec
1501 1485 1530 1505 se
1554 1478 1708 1509 hominibus
1731 1483 1812 1516 plane

189 1524 236 1550 τοῦ
252 1526 265 1551 ὁ
279 1524 354 1556 Θεός·
373 1525 409 1560 μή
422 1533 464 1556 τις
479 1524 557 1551 τοῦτο
573 1524 784 1561 προφασιζὲσθω
794 1534 802 1541 ·
815 1526 863 1552 καὶ
880 1535 976 1552 παντε-

1028 1520 1149 1555 imotum
1167 1521 1273 1555 reliquit
1288 1530 1293 1548 :
1312 1528 1416 1553 verum,
1430 1527 1459 1548 ut
1475 1523 1554 1550 modo
1567 1524 1701 1559 dicebam,
1714 1527 1753 1554 sic
1763 1535 1811 1554 na—

189 1569 244 1601 λῶς
257 1569 349 1597 ἑαυτὸν
368 1570 506 1604 ἄγνωστον
527 1571 583 1601 τοῖς
603 1570 755 1602 ἀνθρώποις
773 1570 893 1605 ἀφῆκεν·
919 1571 975 1597 ἀλλ’
995 1579 1000 1583 ·

191 1616 229 1648 ὼς
245 1617 384 1652 προεῖπον,
402 1616 473 1642 οὕτω
489 1616 650 1652 διεκόσμησε
663 1616 712 1652 τὴν
727 1616 824 1648 κτίσιν,
843 1617 912 1644 ὥστε
931 1617 978 1644 καὶ

192 1663 231 1698 μὴ
257 1662 394 1698 ὁρώμενον
410 1663 490 1690 αὑτὸν
512 1664 545 1698 τῇ
562 1663 652 1698 φύσει,
669 1663 743 1698 ὅμως
767 1663 798 1689 ἐκ
822 1663 876 1689 τῶν
890 1663 978 1698 ἔργων

191 1708 381 1744 γινώσκεσθαι.
398 1709 453 1736 Καὶ
475 1709 553 1736 τοῦτο
565 1710 594 1735 οὺ
609 1710 671 1745 παρ’
688 1709 807 1744 ἐμαυτοῦ
826 1719 906 1745 φημι,
921 1709 978 1736 ἀλλ’

190 1752 284 1790 ἀφ’ὧν
298 1756 352 1782 ἀπὸ
364 1755 419 1791 (26)
435 1755 489 1781 τῶν
504 1755 634 1790 θεολόγων
647 1754 751 1790 ἀνδρῶν
761 1755 871 1790 ἕμαῧον,
888 1752 924 1781 ὧν
939 1752 979 1786 εἷς

191 1802 264 1828 ἐστιν
290 1802 304 1828 ὁ
317 1801 437 1834 Παῦλοςῖ,
462 1801 606 1836 Ῥωμαίοις
628 1801 676 1836 μὲν
694 1801 807 1835 γράψων
823 1801 912 1827 οὕτω·
940 1801 978 1828 Τὰ

192 1848 246 1884 γὰρ
256 1849 368 1883 ἀόρατα
378 1848 471 1875 αὺτοῦ
481 1848 539 1874 ἀπὸ
552 1848 676 1880 κτίσεως
690 1849 805 1882 κόσμου
819 1848 881 1880 τοῖς
894 1847 978 1880 ποιή-

189 1903 265 1930 μασι
280 1895 428 1929 νοούμενα
443 1893 611 1928 καθορᾶται,
639 1895 757 1921 Λυκάοσι
780 1894 809 1921 δὲ
825 1895 979 1930 παρρησια-

193 1941 306 1976 ζόμενος
323 1941 370 1967 καὶ
386 1940 474 1974 λέγων
485 1949 491 1955 ·
515 1941 569 1967 Καὶ
581 1940 666 1974 ἡμεῖς
681 1940 866 1975 ὁμοιοπαθεῖς
886 1941 979 1975 ἐσμεν

193 1987 265 2022 ὑμῖν
277 1987 436 2021 ἄνθρωποι,
459 1986 711 2022 εὐαγγελιζόμενοι
731 1986 809 2021 ὑμᾶς
834 1986 894 2014 ἀπὸ
920 1985 979 2012 τῶν

190 2033 324 2068 ματαίων
339 2032 529 2067 ἐπιστρέφειν
545 2033 592 2059 ἐπὶ
602 2032 677 2059 Θεὸν
691 2032 792 2064 ζῶντα,
809 2031 842 2065 ὃς
854 2032 978 2065 ἐποίησε

192 2080 248 2106 τάν
263 2079 391 2113 οὐρανὸν
407 2079 455 2106 καὶ
471 2079 528 2112 τὴν
541 2078 598 2113 γῆν
615 2079 663 2106 καί
676 2078 732 2112 τὴν
748 2078 918 2110 θοὶλασονιινἲ
929 2079 978 2106 καί

193 2123 292 2150 πάντα
308 2123 344 2149 τὰ
358 2123 393 2150 ἐν
415 2122 533 2156 αὐτοῖς,
560 2123 593 2156 ὃς
613 2123 648 2149 ἐν
669 2122 733 2156 ταῖς
753 2123 979 2158 παρῳχημέναις

193 2169 309 2205 γενεαῖς
323 2169 406 2196 slave
431 2168 527 2196 πάντα
552 2168 588 2195 τὰ
613 2169 684 2202 ἔθνη
714 2169 890 2202 πορεύεσθαι
915 2168 978 2201 ταῖς

194 2216 276 2250 ὁδοῖς
289 2216 396 2243 αὐτῶν.
411 2215 509 2243 Καίτοι
525 2223 558 2250 τε
572 2214 628 2250 (27)
648 2215 702 2241 οὐκ
725 2214 894 2249 ἀμάρτυρον
908 2215 977 2240 ἐαυ-
993 2206 1016 2234 1)

193 2261 248 2288 τὸν
269 2260 385 2295 ἀφῆκεν
407 2259 606 2295 ἀγαθουργῶν,
634 2259 796 2293 οὐρανόθεν
822 2259 894 2294 ’ἡμῖν
921 2258 976 2294 (‘28)

193 2305 296 2339 ὗνδοὺς
312 2305 418 2338 ὑετοὺς
437 2305 486 2332 καὶ
506 2304 626 2338 καιροὺς
649 2304 868 2338 καρποφόρους,
892 2303 977 2337 ἐμπι-

195 2351 281 2379 πλῶν
313 2349 424 2385 τροφῆς
461 2350 511 2378 καὶ
547 2350 738 2384 εὐφροσύνης
766 2349 820 2382 τὰς
854 2348 977 2383 καρδίας

231 2411 253 2430 ¹¹
265 2410 343 2438 Rom.
357 2418 377 2443 t,
393 2409 437 2437 20.
475 2411 497 2426 ¹⁰
509 2411 568 2438 Act.
584 2418 638 2443 xtv,
653 2409 748 2437 H-IG.

230 2471 287 2507 (2|)
298 2471 472 2506 Anglicanus,
483 2471 500 2506 ἢ
516 2471 554 2503 δέ,
569 2471 638 2498 forte
648 2478 697 2506 pro
711 2471 736 2497 ει
746 2470 785 2498 δέ.
807 2469 879 2498 Idem
896 2470 975 2505 paulo

196 2512 257 2542 post
267 2507 330 2542 περι
348 2507 428 2534 habet
441 2514 488 2540 pro
500 2507 586 2542 παρά.

232 2541 288 2577 (2'2)
304 2540 428 2577 Seguer.,
444 2540 602 2577 γινομένων.
618 2540 705 2577 Paulo
717 2544 777 2577 post
792 2540 868 2577 idem»
880 2545 907 2567 et
924 2540 976 2567 Ba-

195 2575 240 2605 sil.
256 2583 284 2603 et
298 2575 401 2612 Anglic.
421 2575 521 2604 habent
538 2578 680 2612 γεννητῆς.
690 2575 758 2612 Alii,
772 2575 898 2612 γενητῇς.

196 2641 200 2644 ,
233 2612 288 2647 (‘23)
300 2609 379 2639 Basil.
395 2609 593 2647 θιΑτιαΙὶοζτῷ
614 2609 670 2638 τόν.
682 2611 786 2647 Anglic.
809 2609 872 2647 ibid.
889 2609 975 2647 habet

196 2645 336 2682 ἀγένητον.
351 2647 401 2674 Alii
415 2652 442 2673 et
455 2645 530 2682 editj,
543 2645 775 2682 dysvvqroy._l\rlox
789 2650 847 2682 post
858 2645 946 2679 Λόγῳ,
963 2645 976 2671 ὁ

196 2679 262 2714 Θὲός
274 2679 328 2709 non
344 2682 442 2717 legitur
456 2682 482 2708 in
500 2679 610 2717 Gobler.
623 2679 652 2708 εἰ
668 2679 786 2717 Felglttn:
804 2680 815 2706 I
832 2687 976 2717 anonymo.

232 2714 491 2759 (βῆβίευίβεςτιετ.
523 2716 687 2759 (ξοὺὶθτζκοι
698 2714 841 2759 'Eellclttn:
859 2714 874 2759 4‘
884 2721 976 2759 alien.

195 2749 248 2814 tbi
274 2749 303 2795 et
324 2753 407 2780 editio
417 2749 565 2786 'Comtnel.,
584 2750 684 2787 μελῶν,
698 2750 764 2777 Ibid.
781 2756 841 2776 mox
859 2749 977 2783 Anglic”

214 2796 332 2821 μίραινει.
747 2820 750 2821 ν
827 2819 833 2821 _
910 2819 919 2821 _

356 2821 468 2858 Seguer.
481 2821 532 2849 Alii
543 2828 633 2849 autem
647 2829 708 2858 cum
720 2820 808 2858 editis,
823 2819 977 2858 θεωρεῖται.

243 2853 290 2893 26)
304 2853 415 2892 Segtter.
433 2857 514 2886 Basii.
528 2857 607 2891 Angl.
623 2862 649 2885 et
660 2856 716 2886 Fel.
743 2856 762 2883 2
783 2853 885 2890 anon.,'
893 2853 978 2889 παρά.

1029 1570 1116 1593 turam
1128 1571 1246 1593 creatam
1267 1568 1429 1602 composuit,
1442 1574 1472 1596 ut
1488 1571 1612 1603 quamvis
1630 1572 1687 1605 ipse
1712 1579 1745 1599 ex
1760 1580 1809 1599 na-

1029 1617 1087 1639 tura
1102 1619 1149 1638 stta
1164 1613 1248 1639 videri
1267 1621 1319 1640 tton
1333 1618 1425 1647 queat,
1441 1622 1474 1642 ex
1495 1616 1622 1650 operibus
1653 1621 1740 1645 tamen
1760 1626 1809 1647 co-

1028 1662 1183 1693 gnoscatur.
1202 1658 1256 1685 Nec
1271 1667 1335 1686 vero
1354 1660 1410 1687 haec
1426 1668 1439 1687 a
1457 1669 1500 1688 me
1514 1663 1571 1696 ipso
1587 1662 1698 1698 loquor,
1722 1665 1769 1692 sed
1793 1673 1809 1693 ιι

1027 1704 1093 1731 viris
1111 1705 1243 1739 theologis
1260 1705 1352 1738 didici,
1368 1706 1440 1733 inter
1451 1714 1518 1742 quos
1535 1713 1578 1735 est
1605 1708 1705 1737 Paulus
1720 1710 1765 1745 qui
1777 1711 1811 1738 al

1028 1748 1163 1777 Romanos
1180 1751 1217 1777 ita
1233 1751 1327 1777 scribit
1341 1760 1348 1778 :
1365 1751 1511 1779 Invisibilia
1528 1754 1596 1780 enim
1607 1754 1688 1789 ipsius
1705 1763 1722 1782 a
1736 1763 1811 1783 crea-

1029 1801 1088 1823 tura
1101 1797 1202 1831 mundi,
1215 1805 1261 1831 per
1273 1806 1303 1824 ea
1319 1807 1378 1832 φατε
1391 1800 1461 1834 facta
1474 1805 1545 1831 sunt,
1559 1800 1688 1827 intellecta
1705 1804 1812 1836 compi-

1029 1843 1135 1868 ciuntur
1148 1842 1181 1869 ".
1200 1843 1271 1870 Idem
1295 1851 1405 1878 quoque
1429 1844 1578 1880 Lycaonios
1596 1846 1638 1873 Itis
1658 1847 1748 1874 verbis
1761 1855 1811 1875 au-

1028 1888 1121 1915 dacter
1137 1889 1271 1915 docebat:
1290 1888 1323 1915 Et
1341 1898 1387 1916 nos
1402 1890 1501 1917 similes
1519 1898 1609 1918 sumus
1636 1892 1708 1919 vobis
1728 1892 1812 1920 Itami-

1030 1941 1084 1967 nes,
1098 1936 1285 1962 annuntiantes
1297 1936 1366 1962 vobis
1375 1936 1407 1962 ab
1423 1937 1463 1963 his
1474 1937 1547 1963 vanis
1558 1938 1670 1964 conuerti
1681 1938 1716 1964 ad
1729 1938 1812 1967 Deum

1028 1981 1162 2013 viventem,
1175 1983 1220 2016 qui
1231 1981 1292 2014 fecit
1302 1982 1394 2008 caelum
1410 1987 1433 2009 et
1445 1986 1552 2014 terram,
1563 1987 1589 2009 et
1602 1991 1674 2010 mare
1688 1989 1711 2011 et
1724 1985 1813 2012 omnia

1028 2034 1087 2060 qua:
1098 2027 1125 2053 in
1140 2028 1178 2053 eia
1194 2032 1253 2053 sunt
1269 2028 1334 2063 :qui
1347 2028 1373 2054 in
1387 2028 1527 2062 pratert‘tis
1543 2030 1754 2063 generationibus
1775 2031 1814 2058 di-

1029 2072 1100 2098 misit
1116 2080 1204 2100 omnes
1215 2078 1302 2107 gentes
1316 2074 1417 2108 ingredi
1435 2074 1489 2101 vias
1503 2082 1574 2100 suae.
1594 2073 1628 2101 Et
1642 2076 1747 2110 quidem
1761 2084 1812 2103 mm

1029 2118 1085 2144 sine
1101 2119 1253 2146 testimoniis
1268 2120 1434 2154 semetipsum
1447 2119 1561 2154 reliquit,
1578 2121 1742 2156 benefaciens
1758 2129 1768 2148 :
1781 2122 1812 2150 de

1031 2166 1092 2192 caelo
1107 2167 1178 2193 nobis
1193 2167 1259 2193 dans
1273 2168 1375 2201 pluvias
1389 2173 1414 2194 et
1439 2174 1557 2203 tempora
1578 2168 1719 2202 fructifera
1732 2188 1739 2200 ,
1763 2169 1812 2196 ἰτη-

1030 2212 1101 2246 plens
1115 2212 1170 2239 cibo
1188 2218 1210 2239 et
1223 2213 1315 2240 Iaztitia
1333 2214 1414 2240 corda
1435 2219 1525 2240 nostra
1554 2213 1588 2240 ".
1618 2213 1715 2248 Ecquis
1739 2214 1812 2242 enim

1031 2257 1092 2284 coeli
1107 2257 1236 2285 ambitum
1255 2258 1372 2294 solisque
1391 2262 1418 2285 et
1441 2259 1510 2286 Iunm
1526 2266 1646 2291 cursum,
1664 2259 1812 2287 aliorumve

1032 2304 1150 2331 siderum
1170 2304 1317 2340 positiones
1337 2309 1363 2331 et
1390 2305 1640 2337 circumvectiones,
1660 2306 1812 2334 contrarias

1031 2350 1139 2384 quidem
1152 2357 1183 2377 ac
1195 2350 1352 2383 dissimiles,
1381 2350 1429 2377 sed
1456 2351 1483 2377 in
1514 2351 1570 2385 ipsa
1597 2351 1814 2380 dissimilitudine

1028 2469 1135 2498 Gobler.
1152 2469 1272 2496 Felckm.
1298 2468 1309 2495 I
1341 2475 1435 2500 auom,
1459 2468 1534 2503 περί.
1551 2468 1635 2496 Paulo
1660 2473 1723 2503 post
1750 2473 1813 2497 ante

1028 2505 1144 2536 Παῦλος,
1167 2505 1181 2530 ὁ
1209 2504 1286 2530 abe<t
1313 2511 1327 2530 a
1354 2503 1464 2531 Gobler.
1492 2503 1612 2531 Felckm.
1639 2504 1651 2531 1
1679 2511 1759 2531 anon.
1784 2508 1813 2531 et

1031 2540 1079 2575 μέν
1093 2548 1150 2575 seq:
1167 2546 1182 2565 a
1197 2537 1315 2575 I'j‘elt-knt.
1375 2546 1455 2575 anon.

1065 2574 1120 2611 (‘27)
1134 2572 1179 2611 Sic
1197 2573 1324 2611 Seguer._
1333 2572 1442 2611 Goltler.
1460 2578 1485 2601 et
1511 2572 1596 2611 Fel._I
1613 2581 1716 2611 anon.,_
1733 2578 1762 2600 ut
1778 2579 1806 2600 et

1030 2608 1128 2645 legitur
1146 2610 1204 2636 Act.
1224 2615 1279 2640 xtv,
1292 2608 1335 2635 17.
1352 2609 1403 2635 Alii
1422 2615 1483 2636 cum
1509 2608 1588 2636 editis
1605 2609 1762 2644 particulam
1776 2617 1809 2642 γε

1030 2645 1167 2673 omittunt.
1304 2647 1305 2650 ‘

1067 2681 1123 2714 ('28)
1136 2679 1180 2708 Sic
1196 2680 1308 2715 chuer.
1322 2678 1400 2715 Gobl.
1413 2713 1417 2715 _
1430 2678 1486 2715 Fel.
1508 2679 1518 2705 I
1535 2678 1605 2715 ιιι-2
1624 2685 1716 2710 anon.,
1743 2683 1813 2706 utet

1031 2713 1147 2742 habetur
1154 2713 1247 2742 eodem
1262 2715 1320 2742 loco
1332 2714 1392 2741 Act.
1405 2713 1457 2741 Alii
1470 2719 1497 2741 et
1509 2714 1552 2741 ed.
1565 2713 1746 2740 Conttnel.nec
1757 2721 1812 2741 non

1033 2757 1083 2777 ms.
1099 2749 1110 2776 I
1126 2748 1286 2777 Oxoniensis
1298 2749 1363 2776 Novi
1380 2748 1453 2776 Test.
1469 2749 1630 2776 edit.0mn.
1644 2748 1720 2780 1675,
1734 2749 1812 2783 ὁμέν.

1033 2785 1116 2812 Paulo
1125 2784 1304 2819 postGobler.
1317 2789 1345 2814 et
1354 2783 1472 2812 Felckm.
1486 2784 1499 2811 1
1514 2791 1595 2812 anon.
1612 2783 1685 2819 ζωῆς
1701 2783 1814 2818 habent,

1033 2821 1078 2848 ttbi
1090 2820 1134 2848 alii
1149 2819 1261 2855 τροφῆς.
1479 2819 1483 2821 “

1774 118 1866 165 to‘
