2037 3044
267 122 298 150 71
547 120 575 148 S.
598 119 781 148 ATIIANASIl
800 119 874 148 OPP.
896 119 985 146 PARS
1003 118 1023 146 1.
1044 135 1078 140 -
1098 118 1282 148 HISTORICA
1301 118 1345 146 ET
1366 117 1576 146 DOGMATICA.

1843 118 1877 144 ἠ

266 179 394 215 aqualem
416 180 537 208 ordinem
553 180 587 207 ab
601 179 727 206 omnibus
742 179 823 206 simul
846 183 981 206 servatum
1003 179 1039 205 in-

1098 177 1182 212 ἡμῶν
1203 177 1270 213 (29).
1292 177 1340 209 Τίς
1356 177 1420 212 γὰρ,
1440 177 1509 209 ὁρῶν
1524 177 1568 202 τὸν
1587 175 1700 211 οὐρανοῦ
1719 174 1816 201 κύκλον
1831 168 1878 201 καὶ

268 224 336 252 tueri
347 229 445 259 potest,
459 224 522 258 quin
535 230 626 250 secum
643 223 744 258 cogitet
766 223 822 250 haec
841 231 894 250 non
915 230 929 250 a
946 227 1046 250 semet-

266 270 331 304 ipsis
349 269 395 297 sed
411 270 444 296 ab
452 269 516 301 alio,
530 274 626 303 nempe
642 268 676 295 ab
699 272 809 296 auctore
821 289 828 301 ,
857 268 1040 296 administrari

265 320 293 342 et
310 315 364 349 regi
377 314 389 341 ?
405 314 471 348 Quis
486 314 569 342 solem
582 315 625 342 die
640 314 740 342 exoriri
753 318 779 342 et
795 314 885 342 lunam
907 319 986 342 nocte
998 322 1045 349 ap-

264 367 370 395 parere,
391 359 606 395 immutabilique
632 360 691 395 lege
709 367 757 395 per
779 360 910 394 aequalem
933 360 1044 388 omnino

264 406 320 441 28
336 406 440 433 dierum
460 413 602 433 numerum
619 406 774 434 decrescere
792 409 820 433 et
841 413 977 438 crescere,
1003 410 1044 433 at-

263 459 316 486 que
329 459 361 479 οι
375 451 508 479 sideribus
525 451 579 478 alia
590 452 698 487 quidem
713 452 869 479 discurrere
895 459 1044 486 cursusque

263 498 338 525 varie
361 497 517 530 immutare,
544 498 598 525 alia
632 505 697 525 vero
720 497 868 524 inerrantia
888 502 1044 525 constanter

264 543 366 571 moveri
378 543 525 578 aspiciens,
541 551 594 571 non
624 543 754 579 intelligat
769 543 813 571 illa
829 543 984 571 necessario
1009 542 1043 570 ab

261 588 359 622 opiﬂce
371 587 460 623 aliquo
471 589 615 623 gubernari
628 588 640 615 ἵ

1094 223 1140 250 τὺν
1155 223 1254 259 δρόμον
1266 223 1341 258 ὴλίου
1355 223 1402 250 καὶ
1414 223 1539 258 σελήνης,
1557 222 1604 248 καὶ
1618 221 1670 248 τῶν
1687 221 1773 248 ἀλλων
1797 221 1877 247 ἀστέ-

1096 277 1150 303 ρων
1171 268 1220 301 τὰς
1234 269 1322 300 θέσεις
1336 269 1382 295 καὶ
1398 268 1447 300 τὰς
1463 267 1670 304 περιπολήσεις,
1689 266 1812 298 ἐναντίας
1828 265 1877 302 μὲν

1094 314 1141 340 καὶ
1156 313 1299 350 διαφόρους
1314 313 1487 349 γιγνομένας,
1505 314 1534 339 ἐν
1546 313 1574 339 δὲ
1586 315 1619 348 τῇ
1630 313 1758 350 ’διαφορᾷ
1779 312 1875 348 ὁμοίαν

1094 359 1143 394 τὴν
1165 346 1242 392 τάξιν
1253 346 1329 395 παρὲι
1350 346 1458 387 τεάντων
1473 358 1541 394 ὁμοῦ
1564 346 1811 394 σωζομένην-(50),
1827 357 1877 384 οὐκ

1095 404 1260 440 ἐνθυμεῖται,
1271 406 1311 433 ὅτι
1324 406 1374 432 οὐκ
1390 405 1460 432 αὺτά
1480 405 1574 436 ἑαυτὰ,
1593 396 1650 431 ἀλλ’
1665 403 1759 440 ἕτερός
1771 405 1846 430 ἐστιν
1861 404 1876 430 ό

1093 451 1249 487 διακοσμῶν
1276 451 1346 478 αὺτά
1370 451 1427 487 (51)
1452 451 1582 486 ποιητής;
1599 450 1648 482 Τίς
1663 450 1703 481 δὲ,
1719 449 1791 485 ὀρῶν
1802 449 1876 485 ἥλιον

1096 497 1145 532 μὲν
1163 497 1340 525 ἀνατέλλοντα
1353 498 1411 524 καθ’
1426 498 1544 533 ἡμέραν,
1563 496 1676 532 σελήνην
1689 496 1717 522 δέ
1730 496 1876 530 φαίνουσαν

1093 542 1164 569 κατά
1185 542 1281 575 νύκτα,
1297 543 1346 570 καὶ⁴
1360 543 1516 578 φθίνουσαν,
1539 542 1586 569 καὶ
1602 542 1792 577 πληρουμένην
1806 541 1876 568 ἀπα-

1094 588 1251 624 ραλλάκτως
1259 589 1328 616 κατὰ
1337 589 1382 616 τὸν
1390 589 1444 616 τῶν
1451 588 1560 624 ἡμερῶν
1568 588 1625 615 ίσον
1636 588 1743 620 πάντως
1750 587 1811 624 apte
1815 587 1875 624 μὸν,

262 635 378 662 καὶτῶν
394 635 500 670 ἄστρων
523 634 557 661 τὰ
591 635 640 670 μὲν
660 635 835 670 διατρέχοντα
859 635 906 662 καὶ
931 633 1061 666 ποικίλως
1097 635 1291 663 ἐναλλάττοντα
1304 635 1359 671 (52)
1376 635 1439 667 τοὺς
1451 635 1575 671 δρόμους,
1587 633 1621 661 τὰ
1634 634 1662 660 δὲ
1685 634 1812 665 ἀπλανῶς
1832 641 1875 660 κι-

261 681 378 716 νούμενα
387 701 395 714 ,
411 680 461 707 οὐκ
481 679 514 707 ἂν
527 680 629 707 ἔννοιαν
644 680 738 712 λάὅοιλ,
752 682 794 707 ὅτι
809 681 916 712 πάντως
932 681 1004 707 ἐστὶν
1020 681 1034 707 ὸ
1047 680 1184 717 κυϐερνῶν
1198 681 1267 708 αὐτά
1277 681 1308 717 δη
1313 681 1456 717 μιουργός;

296 727 341 754 56.
363 727 428 760 Quis
441 726 590 754 contrarias
611 730 721 754 naturas
741 733 833 754 secum
862 725 986 760 conjungi
1013 730 1040 752 et
1074 758 1078 762 η

1127 726 1171 753 56.
1183 726 1241 759 Τίς,
1253 727 1324 762 ὀρῶν
1337 726 1372 753 τὰ
1382 726 1490 752 ἐναντία
1503 727 1537 761 τῇ
1554 725 1633 760 φύσει
1647 723 1814 760 συνημμένα,
1826 727 1876 754 και

261 781 406 802 consonam
417 772 523 800 edicere
538 771 705 800 harmoniam
718 779 844 804 cernens,
855 771 968 806 exempli
979 778 1039 806 gra-

1093 772 1237 808 σύμφωνον
1255 772 1351 808 ἔχοντα
1366 772 1415 808 τὴν
1430 772 1571 808 ἁρμονίαν,
1588 771 1654 806 οἷον,
1669 772 1721 804 τίς,
1742 771 1802 799 ιδὼν
1818 771 1875 809 πῦρ

261 820 298 848 lia
314 828 321 847 :
339 819 398 854 quis
412 818 500 854 ignem
512 825 572 844 cum
586 817 682 853 frigida
698 823 793 846 natura
820 817 1002 852 coniunctum,
1016 821 1043 844 et

261 870 386 893 naturam
405 865 505 893 siccam
517 872 577 892 cum
592 865 703 892 humida
723 864 894 891 commistam
922 863 1017 890 videns
1032 884 1039 895 ,

261 919 312 940 nec
325 916 414 938 tamen
430 911 480 938 sibi
496 911 611 939 invicem
627 910 765 944 resistere,
782 909 829 937 sed
856 915 938 937 unum
965 908 1041 943 quasi

260 965 294 985 ex
309 964 362 984 uno
380 964 477 992 corpus
488 957 632 988 conﬁcere,
650 964 703 983 non
719 956 781 983 inde
793 955 900 990 colligat
911 955 992 982 alium
1008 954 1042 982 ab

260 1003 305 1031 his
330 1009 390 1030 esse
417 1002 461 1037 qui
487 1002 531 1029 illa
554 1002 635 1030 simul
661 1001 815 1036 copulavit?
831 999 896 1034 Quis
926 1000 1041 1028 hiemem

260 1049 328 1081 veri,
341 1055 389 1075 ver
402 1048 500 1081 aestati,
512 1052 634 1076 aestatem
649 1051 779 1074 autumno
792 1048 938 1074 succedere
947 1045 1040 1075 obser-

261 1102 339 1126 vans,
365 1102 453 1128 eaque
471 1094 597 1129 quamvis
614 1093 750 1120 contraria
771 1093 841 1120 inter
857 1100 887 1121 se
913 1093 968 1120 sint
993 1098 1042 1118 na-

261 1144 322 1167 tura
349 1138 422 1174 (nam
440 1134 514 1166 aliud
530 1139 684 1174 refrigerat,
701 1137 773 1165 aliud
791 1138 856 1170 urit,
884 1137 956 1164 aliud
981 1137 1039 1168 alit,

256 1185 333 1212 aliud
347 1185 496 1218 corrumpit
505 1189 532 1212 et
542 1183 684 1219 destruit),
701 1188 791 1211 tamen
804 1183 896 1211 omnia
909 1183 1039 1218 aequalem

259 1236 288 1259 et
302 1238 426 1259 securum
452 1231 492 1258 sui
508 1237 587 1258 usum
615 1229 769 1257 hominibus
786 1234 937 1264 praestare;
970 1230 1039 1264 quis,

260 1277 383 1312 inquam,
408 1276 471 1304 hinc
483 1283 535 1304 non
547 1280 672 1311 agnoscat
695 1276 810 1311 aliquem
836 1283 898 1303 esse
916 1275 958 1302 his
973 1282 1041 1310 pra:-

259 1323 441 1355 stantiorem,
467 1322 512 1357 qui
538 1321 720 1356 mqualitatem
749 1321 875 1349 omnibus
899 1320 1038 1356 prebeat,

259 1369 403 1404 omniaque
421 1368 601 1399 administret,
612 1367 720 1395 etiamsi
738 1367 783 1395 ille
804 1375 818 1394 a
834 1367 912 1394 nobis
927 1374 979 1393 non
997 1366 1036 1392 vi-

259 1414 379 1442 deatur?
396 1413 461 1448 Quis
476 1413 561 1441 nubes
575 1421 622 1448 per
634 1420 723 1441 aerem
735 1413 811 1446 ferri,
827 1418 854 1441 et
870 1413 896 1440 in
916 1413 1034 1441 nubibus

1091 819 1198 855 ψυχρῷ,
1214 819 1261 846 καὶ
1274 819 1354 856 ξηρὸν
1369 818 1445 854 ὑγρῷ
1458 818 1658 854 κεκραμμένον,
1681 817 1823 844 καὶταῦτα
1837 818 1876 853 μὴ

1092 865 1302 892 ἀντιστατοῦντα
1325 865 1394 900 πρὸς
1424 863 1537 899 ἄλληλα,
1565 863 1622 890 ἀλλ’
1642 863 1672 889 ἓν
1692 862 1875 889 ἀποτελοῦντα

1090 910 1128 942 ὡς
1145 910 1174 943 ἐξ
1186 910 1244 942 ἐνὸς
1256 910 1286 937 τὸ
1303 910 1391 945 σῶμα,
1402 909 1452 936 οὐκ
1466 908 1500 936 ἂν
1512 907 1676 944 ἐνθυμηθείη
1691 906 1791 941 ἔξωθεν
1804 904 1874 934 εἶναι

1090 956 1192 983 τούτων
1205 956 1250 983 τὸν
1265 955 1351 983 ταῦτα
1360 954 1515 990 συνάψαντα
1525 955 1580 990 (55)
1591 955 1665 987 ;Τίς,
1678 953 1739 981 ἰδὼν
1754 953 1874 989 χειμῶνα

1090 1001 1306 1038 παραχωροῦντα
1320 1001 1391 1038 ἀέρι,
1405 1002 1452 1029 καὶ
1471 1001 1521 1036 ἐαρ
1537 1001 1621 1036 θέρει,
1642 1000 1689 1027 καὶ
1709 999 1787 1035 θέρος
1808 1007 1872 1034 μετ-

1089 1048 1199 1084 οπώρῳ,
1211 1048 1258 1075 καὶ
1273 1049 1314 1075 ὅτι
1329 1047 1438 1075 ἐναντία
1452 1048 1516 1075 ὄντα
1526 1047 1613 1074 ταῦτα
1622 1049 1654 1083 τῇ
1670 1046 1766 1082 φύσει·
1781 1047 1812 1073 τὸ
1825 1047 1874 1082 μὲν

1089 1093 1144 1130 γὰρ
1157 1093 1248 1129 ψύχει,
1266 1094 1298 1121 τὸ
1317 1094 1346 1120 δέ
1366 1094 1449 1126 καίει,
1463 1093 1493 1121 τὸ
1509 1093 1538 1120 δέ
1551 1093 1656 1129 τρέφει,
1675 1093 1705 1119 τὺ
1725 1092 1753 1120 δέ
1767 1092 1854 1127 φθίνει
1865 1101 1872 1107 ·

1089 1139 1164 1174 ὅμως
1176 1139 1209 1166 τὰ
1221 1139 1308 1167 πάντα
1324 1139 1383 1175 ῐσην
1395 1140 1441 1166 καὶ
1455 1138 1561 1174 ἀϐλαϐῆ
1571 1140 1627 1170 τοῖς
1643 1137 1796 1174 ἀνθρώποις
1807 1138 1874 1164 ἀπο-

1088 1184 1216 1212 τελοῦντα
1230 1185 1278 1221 τὴν
1297 1185 1409 1221 χρῆσινο
1424 1185 1475 1212 οὐκ
1488 1184 1521 1211 ἂν
1532 1185 1693 1219 ἐννοήσειεν,
1711 1185 1751 1211 ὅτι
1767 1183 1875 1215 ἐστίτις

1089 1230 1219 1266 κρείττων
1241 1230 1353 1263 τούτων,
1369 1231 1384 1257 ὁ
1404 1230 1453 1266 τὴν
1470 1230 1579 1265 ἰσότητα
1600 1229 1729 1265 παρέχεον
1743 1229 1809 1255 πᾶσι
1826 1229 1874 1255 καὶ

1089 1276 1227 1312 κυϐερνῶν
1241 1276 1275 1303 τὰ
1285 1277 1384 1308 πάντα,
1396 1276 1446 1303 κᾶν
1460 1276 1496 1311 μὴ
1515 1275 1601 1311 βλέπῃ
1608 1275 1716 1306 τοῦτον;
1731 1275 1789 1307 Τίς,
1801 1274 1874 1310 ὀρῶν

1089 1322 1117 1347 ἐν
1129 1322 1189 1357 ἀέρι
1202 1321 1251 1353 τὰς
1263 1322 1376 1356 νεφέλας
1389 1321 1657 1356 ὑποϐασταξομένας,
1675 1321 1722 1347 καὶ
1743 1321 1772 1346 ἐν
1794 1319 1874 1354 νεφέ-

1088 1365 1148 1397 λαις
1157 1366 1206 1401 τὴν
1216 1365 1269 1392 τῶν
1281 1366 1384 1393 ὑδάτων
1398 1366 1519 1393 δεθεῖσαν
1533 1365 1681 1401 βαρύτητα,
1699 1365 1748 1391 οὐκ
1770 1365 1874 1391 ἔννοιαν

1088 1410 1220 1445 λαμϐάνει
1242 1409 1289 1436 τοῦ
1316 1409 1401 1437 ταῦτα
1434 1411 1564 1446 δήσαντος
1599 1411 1646 1437 καὶ
1672 1408 1873 1445 προστάξαντος

259 1459 364 1494 pondus
376 1465 506 1493 aquarum
529 1457 650 1492 colligari
669 1457 844 1485 considerans
859 1477 867 1490 ,
883 1465 935 1485 non
962 1457 1037 1484 illum

1090 1455 1229 1490 γενέσθαι;
1249 1456 1284 1482 Ἦ
1303 1456 1355 1488 τίς,
1377 1456 1448 1491 ὁρῶν
1470 1456 1554 1491 αὐτὴν
1573 1455 1622 1491 τὴν
1638 1456 1690 1491 γῆν
1719 1455 1873 1491 βαρυτάτην

260 1504 360 1539 cogitet
376 1503 421 1539 qui
441 1503 491 1530 ista
505 1501 679 1537 conjunxitet
696 1502 753 1530 ﬁeri
770 1502 944 1538 jussitiQuis
954 1503 1039 1538 ipsam

260 1554 371 1582 terram,
389 1556 449 1584 quae
465 1553 561 1576 natura
573 1547 732 1583 gravissima
748 1552 790 1575 est
803 1548 881 1583 aquis
900 1547 1039 1575 fundatam

258 1600 286 1622 et
299 1593 462 1622 immobilem
478 1600 559 1627 super
569 1592 732 1619 elementum
751 1596 847 1619 natura
871 1592 969 1619 mobile
979 1599 1040 1627 per-

258 1647 369 1667 manere
398 1639 579 1674 conspiciens,
600 1645 655 1666 nou
672 1637 806 1673 intelligat
825 1637 941 1673 aliquem
955 1637 1039 1666 Deum

260 1693 321 1712 esse
340 1684 385 1719 qui
399 1683 468 1711 hanc
482 1684 519 1711 ita
538 1683 709 1712 constituerit
725 1687 753 1710 et
771 1682 889 1710 fecerit?
906 1683 973 1717 Quis
992 1691 1040 1710 an-

258 1736 326 1756 nuos
337 1734 414 1756 terra:
426 1728 540 1761 fructus,
555 1728 683 1764 pluviase
695 1727 764 1755 caelo
772 1727 905 1762 delapsas,
920 1727 1039 1755 amnium

258 1774 401 1807 ﬂuxiones.
417 1774 530 1803 fontium
546 1775 735 1809 scaturigines,
759 1774 915 1801 animalium
939 1782 974 1802 ex
989 1775 1040 1802 dis-

258 1821 393 1848 similibus
411 1821 621 1855 procreationes,
648 1821 760 1855 haecque
786 1827 839 1848 non
865 1827 971 1855 semper
990 1821 1039 1848 sed

259 1866 371 1894 statutis
388 1867 553 1900 temporibus
570 1866 628 1894 ﬁeri
653 1867 872 1894 animadvertens
888 1875 895 1893 :
915 1867 976 1901 quis
992 1866 1040 1894 de-

259 1911 341 1946 nique
352 1911 379 1938 in
393 1915 446 1937 tam
464 1911 640 1939 dissimilibus
657 1916 684 1939 et
696 1912 841 1940 contrariis
854 1912 934 1939 rebus
948 1919 1039 1946 sequa-

257 1955 309 1982 lem
324 1959 352 1982 et
365 1955 479 1982 similem
495 1956 529 1983 ab
546 1957 641 1983 iisdem
667 1957 769 1984 absolvi
793 1957 940 1993 perﬁcique
962 1957 1038 1984 ordi-

257 2007 319 2027 nem
336 2000 489 2032 attendens,
505 2008 556 2027 non
575 2002 667 2028 statim
681 2001 815 2036 percipiat
829 2002 948 2037 aliquam
976 2009 1038 2030 esse

257 2044 322 2077 vim,
335 2051 394 2078 qum
407 2044 463 2079 ipsa
474 2044 620 2072 immobilis
633 2053 756 2079 manens,
770 2046 814 2073 illa
827 2051 856 2073 ut
869 2047 919 2074 sibi
932 2047 1039 2074 videtur

258 2090 384 2125 disponat
398 2095 426 2117 et
451 2090 546 2125 regat?
560 2089 698 2125 Siquidem
710 2098 846 2126 nunquam
861 2091 904 2119 illa
924 2098 1037 2127 propter

258 2142 417 2164 naturarum
445 2136 607 2164 discordiam
633 2143 680 2171 per
706 2137 796 2171 seipsa
819 2137 969 2165 consistere
994 2138 1036 2165 vel

256 2182 339 2210 etiam
355 2182 485 2210 exsistere
501 2187 622 2217 possent.
641 2183 717 2217 Aqua
729 2183 802 2210 enim
824 2188 921 2211 natura
945 2185 1036 2218 gravis

257 2232 299 2255 est
314 2233 342 2255 et
356 2228 482 2255 deorsum
495 2227 555 2255 tluit
568 2236 576 2255 ι
591 2227 678 2256 nubes
699 2233 794 2256 contra
806 2229 878 2257 leves
892 2233 920 2256 et
937 2234 1032 2258 tenues

257 2280 363 2300 sursum
376 2273 514 2301 feruntur:
528 2278 555 2301 et
570 2278 659 2301 tamen
673 2273 847 2301 nihilominus
867 2281 965 2309 aquam
976 2282 1036 2309 gra-

256 2320 358 2347 viorem
374 2319 400 2346 in
411 2319 527 2347 nubibus
542 2319 606 2347 ferri
626 2319 757 2347 videmus.
779 2319 864 2348 Terra
878 2320 943 2348 item
972 2329 1035 2355 gra-

254 2364 366 2393 vissima
379 2369 432 2397 est,
452 2369 479 2393 et
493 2372 563 2400 aqua
580 2365 667 2394 levior
678 2369 720 2394 est
739 2373 819 2401 quam
843 2371 935 2394 terra:
964 2372 1036 2395 atta~

256 2419 318 2439 men
333 2411 359 2439 id
375 2412 446 2446 quod
458 2411 568 2446 gravius
581 2416 623 2440 est
633 2412 665 2439 ab
678 2419 710 2440 eo
729 2412 801 2446 quod
822 2411 908 2440 levius
925 2418 968 2441 est
982 2412 1036 2440 fer-

251 2463 309 2492 tur,
323 2466 374 2486 nec
387 2458 563 2494 demergitur,
588 2459 637 2487 sed
658 2463 713 2487 stat
728 2464 801 2487 terra
821 2459 975 2488 immobilis.
995 2461 1038 2488 Si-

290 2546 347 2582 (29)
360 2546 473 2580 Segucr.
488 2546 597 2574 Gobler.
611 2546 729 2573 Felckm.
743 2548 755 2574 1
771 2555 867 2578 anon..
882 2547 982 2581 αὐτῶν,
995 2548 1040 2575 alii

254 2589 330 2624 vero,
348 2581 438 2624 ὑμῶν,
450 2583 517 2624 torte
530 2582 675 2624 proﬁpdw:
688 2583 742 2621 lino
751 2590 815 2609 mss.
825 2582 891 2623 Novi
906 2583 1038 2624 qul.“e.d.

255 2618 343 2657 tuo".
362 2616 430 2644 1675
459 2616 558 2645 habeut
582 2618 645 2644 item
665 2616 762 2651 ὑμῶν,
784 2619 875 2645 caueri
901 2616 1016 2646 et'edili
1030 2637 1038 2651 ,

318 2661 341 2680 ν.

362 2687 459 2715 Gobier
472 2691 499 2714 et
509 2680 629 2713 Felckm.
643 2687 831 2722 lyanonymus,
847 2685 1018 2722 σωζομένων.

253 2723 271 2758 ‘_
291 2722 347 2758 (51)
370 2722 445 2758 Auri
460 2723 535 2758 deest
550 2723 581 2758 in
602 2721 718 2758 Felcktn.
733 2721 749 2748 5
763 2730 844 2758 anou.
869 2721 953 2748 Paulo
974 2726 1034 2756 post

255 2755 367 2792 segne'r.
379 2757 456 2784 Gobl.
473 2762 499 2784 et
510 2755 628 2784 Felcktn.
648 2757 660 2784 1
685 2764 764 2784 anon.
781 2756 835 2792 μέν
854 2757 954 2792 addunt
975 2755 1034 2790 post

253 2791 339 2829 ᾗλιον,
366 2793 410 2829 alii
432 2792 560 2829 omittunt
579 2801 586 2819 :
617 2792 696 2820 iidem
713 2799 773 2819 mox
791 2791 848 2826 μεθ’
862 2791 967 2829 ἡμέραν
984 2793 1032 2819 ba-

256 2827 330 2857 beut,
348 2827 392 2853 alii
406 2827 466 2853 καθ’
480 2826 597 2861 ἡμέραν.

1090 1499 1171 1529 οὖσαν
1187 1503 1220 1537 τῇ
1233 1501 1323 1537 φύσει,
1336 1502 1383 1528 ἐπὶ
1395 1502 1425 1528 τὸ
1439 1501 1512 1537 ὕδωρ
1527 1502 1702 1537 ἑδρασθεῖσαν
1716 1502 1763 1528 καὶ
1777 1502 1874 1537 ἀκίνη-

1089 1556 1134 1574 τον
1143 1547 1273 1583 μένουσαν
1281 1548 1326 1574 ἐπὶ
1333 1547 1363 1574 τὸ
1370 1548 1449 1582 φύσει
1457 1548 1530 1574 κινού
1534 1556 1623 1583 μενον,
1631 1548 1662 1574 οὺ
1669 1547 1874 1583 διανοηθήσεται

1089 1591 1225 1620 εῐναίτινα
1231 1594 1277 1620 τὸν
1285 1593 1382 1629 ταύτην
1391 1594 1445 1629 (54)
1458 1593 1653 1629 διαταξάμενον
1665 1593 1710 1620 καὶ
1722 1594 1872 1629 ποιήσαντα

1089 1638 1172 1672 Θεόν;
1187 1639 1244 1671 Τίς,
1258 1639 1319 1666 ἰδὼν
1335 1639 1383 1675 τὴν
1397 1640 1468 1667 κατά
1480 1640 1574 1676 καιρὸν
1590 1640 1641 1675 τῆς
1665 1639 1716 1674 γῆς
1732 1647 1873 1674 καρποφο-

1091 1684 1161 1720 ρίαν,
1178 1686 1225 1711 κα)⁸
1244 1685 1388 1721 οὐρανόθεν
1402 1686 1504 1718 ὑετοὺς,
1520 1686 1567 1713 καὶ
1581 1686 1709 1722 ποταμῶν
1720 1684 1872 1720 ἐπιρροίας,

1088 1732 1136 1757 καὶ
1150 1730 1244 1766 πηγῶν
1257 1731 1426 1763 ἀναϐλύσεις,
1440 1732 1488 1759 καὶ
1498 1731 1574 1764 ζώων
1590 1732 1619 1766 ἐξ
1630 1732 1762 1767 ἀνομοίων
1774 1730 1853 1765 γονὰς
1863 1750 1871 1762 ,

1089 1777 1136 1803 καὶ
1160 1776 1247 1804 ταῦτα
1262 1777 1312 1804 οὐκ
1332 1778 1376 1805 ἀεὶ
1391 1778 1458 1805 ἀλλὰ
1483 1777 1552 1805 κατὰ
1568 1777 1681 1814 καιροὺς
1704 1776 1872 1812 ὡρισμένως

1089 1822 1231 1857 γινόμενα·
1247 1823 1294 1850 καὶ
1306 1823 1373 1855 ὅλως
1387 1823 1439 1856 τίς,
1451 1824 1620 1859 κατανοήσας
1631 1825 1660 1850 ἐν
1676 1822 1811 1858 ἀνομοίοις
1824 1823 1873 1848 καὶ

1088 1868 1219 1900 ἐναντίοις
1230 1869 1279 1905 τὴν
1293 1869 1353 1906 ῐσην
1366 1871 1415 1897 καὶ
1432 1870 1528 1906 ὁμοίαν
1546 1870 1611 1906 παρ’
1623 1869 1713 1896 αὐτῶν
1725 1868 1873 1895 ἀποτελου-

1090 1914 1173 1949 μένην
1180 1914 1266 1947 τάξιν,
1274 1915 1324 1942 οὐκ
1337 1915 1369 1942 ἂν
1382 1915 1558 1951 ἐνθυμηθείη,
1570 1916 1611 1942 ὅτι
1625 1915 1684 1941 ἐστὶ
1698 1915 1746 1950 μία
1758 1913 1873 1949 δύναμις

1088 1960 1104 1994 ἠ
1115 1959 1198 1987 ταῦτα
1209 1960 1416 1997 διακοσμήσασα
1429 1962 1485 1996 (55)
1499 1962 1547 1989 καὶ
1558 1961 1695 1991 διέπουσα,
1707 1961 1744 1992 ὼς
1757 1960 1789 1986 ἂν
1801 1961 1871 1996 αὐτῇ

1088 2006 1165 2042 δοκῇ,
1179 2007 1296 2043 μένουσα
1308 2007 1413 2041 καλῶς;
1428 2008 1502 2034 Αὐτά
1518 2007 1566 2043 μὲν
1579 2008 1633 2043 γὰρ
1649 2007 1709 2033 καθ’
1721 2006 1806 2033 ἐαυτά
1821 2006 1873 2032 οὐκ

1088 2052 1121 2079 ἂν
1146 2053 1258 2089 συσταίη
1275 2054 1320 2080 καὶ
1333 2055 1449 2089 φανῆναί
1465 2063 1529 2081 ¹[ποτε
1544 2053 1669 2088 δυνηθείη
1681 2052 1725 2079 διὰ
1742 2052 1792 2087 τὴν
1803 2051 1873 2087 πρὸς

1087 2098 1189 2134 ἄλληλα
1200 2099 1249 2134 τῆς
1272 2100 1379 2134 φύσεως
1400 2100 1584 2135 ἐναντιότητα.
1608 2099 1645 2126 Τὸ
1666 2099 1715 2134 μὲν
1728 2098 1782 2133 γὰρ
1799 2097 1873 2132 ὕδωρ

1089 2144 1170 2179 φύσει
1187 2144 1256 2181 βαρὺ
1275 2146 1322 2172 καὶ
1333 2146 1408 2173 κάτω
1425 2146 1486 2181 ῥέον
1499 2145 1584 2177 ἐστὶν,
1596 2146 1624 2172 αί.
1641 2145 1670 2172 δὲ
1685 2144 1794 2179 νεφέλαι
1809 2143 1874 2170 κοῦ-

1089 2199 1136 2224 φαι
1147 2191 1194 2218 καὶ
1203 2190 1257 2218 τῶν
1277 2191 1400 2228 ἐλαφρῶν
1412 2192 1458 2218 καὶ
1469 2190 1523 2218 τῶν
1533 2191 1681 2226 ἀνωφερῶν
1697 2191 1872 2226 τυγχάνουσι·

1088 2236 1137 2263 καὶ
1150 2237 1225 2271 ὅμως
1238 2237 1268 2263 τὸ
1288 2237 1437 2272 βαρύτερον
1459 2236 1529 2272 ὕδωρ
1544 2237 1651 2272 ὁρῶμεν
1668 2237 1697 2264 ἐν
1718 2238 1778 2268 ταῖς
1793 2237 1871 2271 νεφέ-

1089 2279 1148 2311 λαις
1164 2279 1370 2316 βασταζόμενον.
1388 2281 1442 2308 Καὶ
1457 2281 1569 2316 πάλινή
1594 2281 1642 2317 μὲν
1668 2281 1705 2316 γῆ
1734 2281 1872 2316 βαρυτάτη

1089 2327 1157 2359 ἐστὶ,
1174 2326 1203 2353 τὺ
1224 2327 1246 2353 δ’
1263 2325 1296 2354 αὖ
1313 2327 1392 2354 πάλιν
1412 2326 1484 2363 ὕδωρ
1499 2327 1661 2363 κουφότερόν
1675 2327 1870 2361 ἐστι’ταύτης·

1087 2373 1134 2399 καὶ
1144 2373 1218 2408 ὅμως
1230 2372 1282 2411 ὺςηὺ
1299 2373 1352 2400 τῶν
1367 2373 1555 2409 ἐλαφροτέρων
1567 2373 1598 2400 τὸ
1612 2372 1759 2409 βαρύτερον
1773 2372 1873 2407 βαστά-

1088 2417 1175 2450 ζεται,
1193 2418 1239 2445 καὶ
1249 2419 1280 2444 οὐ
1290 2419 1484 2454 καταφέρεται,
1496 2418 1552 2445 ἀλλ’
1569 2418 1684 2454 ἕστηκεν
1707 2418 1833 2453 ἀκίνητος
1853 2419 1871 2453 ἡ

1087 2463 1133 2499 γῆ.
1149 2464 1204 2490 Καὶ
1224 2464 1254 2490 τὸ
1271 2464 1319 2499 μὲν
1341 2465 1424 2500 ἄρρεν
1434 2465 1465 2491 οὐ
1480 2465 1576 2491 ταύτόν
1592 2465 1650 2490 ἐστι
1669 2464 1708 2498 τῷ
1721 2463 1808 2499 θήλει,
1825 2464 1873 2489 καὶ

1127 2550 1184 2586 (52)
1203 2550 1321 2586 Ft-lcktn.
1341 2558 1381 2586 lll_
1391 2558 1551 2586 anonymus,
1564 2549 1764 2586 διαλλάττοντα.

1126 2585 1182 2620 (55)
1189 2585 1296 2620 Gobler.
1311 2584 1430 2612 Feb-kin.
1442 2586 1453 2612 1
1464 2584 1556 2617 aut"...
1568 2585 1720 2620 γράψαντα.
1731 2584 1789 2611 Mox
1802 2584 1869 2620 ibid.

1090 2618 1202 2655 _Seguer.
1219 2619 1328 2647 Goblcr.
1355 2620 1475 2649 Felckm.
1487 2620 1508 2655 71
1536 2618 1634 2652 auom,
1650 2619 1869 2655 παραχωροῦντι.

1088 2653 1171 2680 Paulo
1186 2661 1255 2689 post,
1271 2655 1334 2682 ὄντα
1353 2655 1427 2681 deest
1443 2662 1468 2681 tu
1483 2654 1565 2682 Busil.
1580 2661 1608 2682 et
1622 2653 1700 2689 Angli

1124 2689 1180 2724 (54)
1197 2690 1322 2724 chtter,,
1336 2689 1432 2716 ταῦτα.

1124 2724 1181 2759 (55)
1202 2723 1313 2759 St'guer.
1324 2725 1432 2752 Gobler.
1449 2724 1567 2753 Fclt-kvn.
1581 2725 1590 2750 l
1606 2731 1698 2755 auom,
1719 2723 1870 2759 staxogpq:

1087 2757 1301 2820 capést‘Crulo
1316 2759 1512 2795 post..anler.
1526 2759 1642 2787 Fcltkm.
1662 2760 1673 2786 1
1693 2757 1871 2786 attonuit“;

1087 2803 1135 2820 Ι)Γο
1163 2802 1224 2820 οκη.

1086 2803 1135 2829 pro
1148 2802 1224 2829 οοκῃ.

1906 78 1924 89 ν.
