2037 3044
209 167 242 194 73
791 168 920 197 ORATIO
940 168 981 196 C0

1034 168 1079 196 ΒΑ
1098 168 1242 197 GENTES.
1794 171 1829 198 ’14

203 223 278 258 ὅμως
289 223 329 255 εὶς
342 222 371 249 ἓν
388 224 544 258 συνάγεται,
561 225 607 252 καὶ
622 225 672 260 μία
682 227 748 261 παρ’
760 226 922 262 ἀμφοτέρων
931 226 981 253 ἀπο

1031 226 1149 256 .tniliter
1160 235 1220 254 mas
1233 234 1285 254 non
1303 225 1373 254 idem
1389 230 1431 254 est
1446 234 1478 254 ac
1497 226 1608 259 femina,
1635 227 1715 255 simul
1739 231 1828 256 tamen

201 268 320 296 τελεῖται
348 270 454 304 γένεσις
469 270 517 297 τοῦ
542 271 637 306 ὁμοίου
666 271 747 304 ζώου.
772 273 828 299 Καὶ
855 273 995 300 συνελόντι

202 314 296 349 φάναι,
313 315 345 342 τὸ
367 315 470 350 ψυχρὸν
491 316 531 351 τῷ
547 315 641 352 θερμῷ
663 318 784 345 ἐναντίον
812 319 881 351 ἐστὶ,
901 319 948 346 κα)⁵
964 319 994 346 τὸ

202 360 286 396 ὑγρὸν
303 360 342 396 τῷ
357 361 433 397 ξηρῷ
449 362 579 397 μάχεται·
597 364 644 390 καὶ
660 363 734 398 ὅμως
755 364 914 392 συνελθόντα
937 365 992 401 (56)

199 406 232 433 οὐ
248 406 388 438 στασιάζει
406 407 475 442 πρὸς
496 408 590 440 ἑαυτὰ,
607 408 664 435 ἀλλ’
685 409 714 442 ἐξ
736 410 862 445 ὁμονοίας
871 410 900 438 ἓν
913 410 992 447 σῶμα

201 452 248 478 καὶ
261 452 310 488 τὴν
321 453 428 479 πάντων
442 453 549 488 γένεσιν
565 454 752 482 ἀποτελοῦσιν.

235 540 279 567 57.
299 541 356 567 Οὐκ
375 540 408 568 ἂν
431 538 478 568 οὖν
493 541 635 577 μαχόμενα
659 543 707 570 καὶ
731 544 840 571 ἐναντία
860 545 925 572 ὄντα
956 547 989 582 τῇ

201 585 280 621 φύσει
291 586 376 614 ἑαυτὰ
391 588 552 624 συνήγαγον,
561 588 585 615 εί
600 589 638 625 μὴ
651 590 784 626 κρείττων
797 589 830 627 ἦν
842 592 888 619 καὶ
896 592 990 628 κύριος

198 633 215 660 ὁ
222 632 355 668 συνδήσας
361 633 441 666 αὐτὰ,
449 631 471 668 ᾦ
480 635 527 661 καὶ
536 634 606 662 αὐτὰ
616 635 651 663 τὰ
662 638 790 672 στοιχεῖα,
803 637 898 674 ὥσπερ
910 638 990 666 δοῦλα

198 677 318 716 δεσπότῃ
333 679 389 714 (57)
406 680 587 713 ὑπακούοντα,
603 681 673 709 εἴκει
700 684 748 710 καὶ
771 683 912 711 πείθεται’
942 685 990 712 καὶ

197 724 259 756 οὒκ,
284 725 325 756 είς
340 724 391 761 τὴν
412 725 509 752 ἐαυτοῦ
534 725 615 761 φύσιν
629 727 745 755 ἕκαστον
761 729 889 761 σκοποῦν,
914 729 990 756 ἀντι-

199 771 316 807 μάχεται
336 772 404 808 πρὸς
419 771 451 799 τὸ
464 771 557 808 ἕτερον
567 781 573 788 ·
590 773 659 801 ἀλλὰ
679 774 726 801 τὸν
748 775 916 810 συνδήσαντα
932 774 989 802 Κύ-

197 825 256 851 ριον
272 817 454 852 γινώσκοντα,
470 819 598 853 ὁμόνοιαν
608 819 700 854 ἔχουσι
716 820 785 856 πρὸς
795 814 895 853 ἐαυτὰ,
908 821 988 856 φύσει

198 864 247 899 μέν
263 864 329 891 ὄντα
342 864 460 898 ἐναντία,
476 867 508 901 τῇ
533 866 562 892 δὲ
584 865 631 892 τοῦ
652 866 837 902 κυὸερνῶντος
863 866 987 903 βουλήσει

196 910 364 945 φιλιάζοντα.
389 911 466 938 Ἐπεὶ
478 899 508 938 εί.
522 912 560 948 μὴ
578 899 877 948 κρείττονι-προστάξει
891 899 985 948 ἐγεγόο
1001 899 1023 927 Β

194 965 236 983 νει
251 956 353 984 τούτων
365 957 413 992 μία
425 958 534 993 κρᾶσις,
552 958 611 990 πῶς
620 958 652 985 ἂν
663 959 694 985 τὺ
703 958 772 995 βαρὺ
786 958 825 994 τῷ
838 958 983 995 ἐλαφρῷ,ῆ

194 1003 225 1030 τὺ
240 1003 321 1039 ξηρὸν
330 1004 369 1040 τῷ
383 1004 468 1041 ὑγρῷ,
479 1005 495 1041 ἢ
511 1006 542 1032 τὸ
557 1005 706 1042 περιφερὲς
717 1006 757 1042 τῷ
769 1006 852 1043 ὀρθῷ,
862 1007 918 1042 ἢτὸ
929 1007 984 1044 πῦρ

193 1048 232 1084 τῷ
247 1048 353 1085 ψυχρῷ,
371 1050 388 1086 ἢ
404 1050 474 1082 ὅλως
491 1052 508 1086 ἡ
533 1051 656 1080 Θάλασσα
677 1054 710 1088 τῇ
736 1054 782 1088 γῇ,
800 1053 817 1088 ῆ
830 1053 844 1079 ό
858 1053 933 1088 ἥλιος
948 1054 982 1089 τῇ

194 1094 303 1130 σελήνῃ,
321 1095 383 1132 ﬂed
404 1095 491 1133 ἄστρα
502 1097 541 1133 τῷ
548 1098 667 1134 οὐρανῷ,
678 1098 724 1125 καὶ
741 1099 755 1125 ό
767 1098 820 1134 ἀὴρ
826 1100 887 1130 ταῖς
904 1099 983 1133 νεφέ-

196 1141 255 1173 λαις
269 1141 353 1177 ἐμίγη
364 1142 411 1169 καὶ
425 1142 566 1177 συνῆλθεν,
580 1143 706 1179 ἀνομοίου
716 1143 798 1179 οὑσης
807 1145 856 1179 τῆς
866 1145 982 1173 ἑκάστου

195 1188 264 1223 πρὸς
279 1188 310 1214 τὸ
325 1188 419 1224 ἓτερον
439 1189 564 1223 φύσεως;
589 1189 704 1224 Ἔμελλε
728 1189 782 1225 γὰρ
803 1190 851 1217 καὶ
875 1191 980 1227 μεγάλη

192 1233 288 1266 στάσις
308 1234 448 1268 γίγνεσθαι
464 1235 533 1270 πρὸς
549 1235 630 1267 αὐτὰ,
647 1235 694 1262 τοῦ
721 1235 770 1271 μὲν
785 1237 918 1269 καίοντος,
933 1237 980 1264 τοῦ

191 1279 220 1305 δὲ
233 1279 374 1315 ψύχοντος,
389 1281 436 1307 καὶ
459 1280 506 1307 τοῦ
523 1281 572 1316 μὲν
589 1281 694 1316 βαρέως
713 1282 798 1315 κάτω,
811 1282 858 1309 τοῦ
873 1283 902 1310 δὲ
916 1283 980 1310 κού-

191 1334 243 1360 φου
269 1326 302 1352 ἐκ
324 1325 380 1353 τῶν
402 1327 530 1354 ἐναντίων
553 1326 609 1354 ἄνω
631 1327 766 1360 ἕλκοντος,
793 1329 840 1355 καὶ
859 1329 907 1355 τοῦ
931 1329 980 1365 μὲν

190 1371 266 1407 ἡλίου
281 1372 454 1406 φωτίζοντος,
468 1372 515 1400 τοῦ
530 1372 558 1400 δέ
571 1373 653 1408 ἀέρος
666 1374 834 1406 σκοτίζοντος
843 1383 850 1390 ·
869 1375 980 1411 καὶγὰρ

190 1418 237 1445 καὶ
251 1417 286 1445 τὰ.
299 1419 387 1454 ἄστρα
401 1419 457 1454 (58)
474 1419 638 1446 ἐστασίασαν
650 1420 683 1446 ἂν
699 1421 768 1456 πρὸς
780 1421 874 1453 ἑαυτὰ,
893 1421 934 1448 ὅτι
946 1421 980 1448 τὰ

192 1463 393 1500 μὲψὰνωτέρω,
410 1464 445 1490 τὰ
467 1465 496 1491 δὲ
512 1465 660 1500 κατωτέρω
678 1465 728 1500 τὴν
742 1465 816 1492 θέσιν
833 1466 906 1501 ἔχειν
933 1466 980 1492 καὶ

189 1509 207 1544 ἡ
223 1508 273 1541 νὺξ
284 1509 312 1536 δέ
329 1510 379 1537 οὑκ
392 1510 425 1537 ἂν
439 1509 619 1546 παρεχώρησε
635 1511 667 1546 τῇ
682 1511 784 1546 ἡμέρᾳ,
799 1511 867 1538 ἀλλὰ
883 1512 978 1548 ἔμενεν

190 1555 224 1581 ἂν
238 1555 347 1588 πάντως
372 1557 513 1592 μαχομένη
529 1557 597 1592 πρὸς
613 1556 698 1592 αὐτὴν
720 1557 767 1584 καὶ
784 1557 977 1590 στασιάζουσα.
992 1567 1015 1597 c

189 1601 297 1628 Τούτων
310 1602 339 1629 δὲ
355 1603 533 1638 γιγνομένων,
546 1602 638 1629 λοιπὸν
648 1600 683 1638 ἦν
697 1602 760 1629 ίδεῐν
771 1603 863 1630 οὐκέτι
877 1604 979 1640 κόσμον

189 1646 247 1673 ἀλλ’
271 1647 420 1683 ἀκοσμίαν,
446 1648 538 1675 οὐκέτι
565 1648 641 1681 τάξιν
662 1647 720 1675 ἀλλ’
742 1648 866 1682 ἀταξίαν,
888 1649 978 1677 οὐκέτι

190 1693 321 1720 σύστασιν
334 1693 391 1721 ἀλλ’
408 1694 560 1721 ἀσύστατον
575 1694 606 1720 τὸ
619 1694 678 1721 ὅλον
694 1694 761 1729 (59),
778 1695 870 1722 οὐκέτι
893 1695 980 1731 μέτρα

188 1739 246 1766 ἀλλ’
260 1740 403 1776 ἀμετρίαν.
418 1741 458 1776 Τῇ
477 1740 532 1776 γὰρ
550 1740 664 1768 ἑκάστου
687 1742 779 1768 στάσει
802 1742 849 1768 καὶ⁵
871 1742 943 1777 μάχῃ
960 1742 977 1777 ἢ

189 1786 276 1813 πάντα
288 1785 447 1822 ἀνῃροῦντο,
462 1786 479 1822 ῆ
491 1787 522 1813 τὸ
536 1786 653 1823 κρατοῦν
672 1787 728 1822 (40)
749 1787 829 1823 μόνον
842 1787 976 1822 ἐφαίνετο.

189 1832 243 1859 Καὶ
258 1832 337 1859 τοῦτο
351 1832 432 1859 πάλιν
447 1832 496 1868 τὴν
509 1832 557 1859 τοῦ
573 1832 675 1865 παντὸς
696 1833 833 1868 ἀκοσμίαν
846 1833 976 1860 ἐδείκνυε.

187 1877 275 1904 Μόνον
291 1878 346 1914 γὰρ
362 1878 508 1914 γενόμενον
528 1878 576 1905 καὶ
600 1878 759 1914 λειπόμενον
772 1880 806 1914 τῇ
822 1878 877 1906 τῶν
891 1878 979 1906 ἄλλων

187 1924 277 1960 χρεία,
293 1925 464 1960 ἀνάρμοστον
480 1925 511 1950 τὸ
525 1924 586 1951 ὅλον
599 1924 687 1951 ἐποίει
697 1932 704 1939 ·
718 1923 813 1960 ὥσπερ
828 1925 853 1951 εί
868 1925 915 1952 καὶ
928 1925 977 1960 p6.-

187 1976 232 1999 νος
248 1968 326 2000 ποῦς,
341 1969 388 1995 καὶ
403 1967 470 2004 μόνη
488 1968 551 2004 χεὶρ
563 1968 746 2004 ἀπομείνασα,
761 1968 812 1995 οὑκ
830 1968 863 1996 ἂν
877 1969 977 1996 ἔσωσεν

186 2012 332 2049 ὁλόκληρον
354 2014 385 2040 τὸ
407 2014 486 2049 σῶμα
495 2014 562 2050 (At).
586 2014 666 2046 Ποῖος
687 2014 742 2050 γὰρ
766 2014 868 2050 κόσμος
891 2013 936 2052 ἧν,
953 2017 978 2043 εἰ

189 2059 269 2094 μόνος
285 2060 360 2095 ἥλιος
382 2060 501 2095 ἔφαινεν,
523 2059 539 2095 ἦ
563 2060 661 2096 σελήνη
688 2060 756 2097 μόνη
778 2061 975 2098 περιεπόλει,ἢ

187 2105 236 2139 νὺξ
254 2106 321 2142 μόνη
334 2104 379 2141 ἦν,
398 2106 415 2142 ἢ
431 2106 523 2142 ἡμέρα
538 2106 582 2134 ἀεὶ
600 2106 752 2142 ἐτύγχανε;
772 2107 841 2134 Ποία
854 2107 882 2134 δὲ
896 2107 977 2135 πάλιν

186 2150 222 2187 ἦν
233 2152 360 2188 ἁρμονία,
370 2153 394 2179 si.
406 2153 485 2188 μόνος
497 2150 532 2188 ἦν
543 2153 558 2179 ό
571 2152 686 2189 οὐρανὸς
699 2153 784 2189 χωρὶς
792 2153 846 2180 τῶν
858 2153 975 2190 ἄστρων,

185 2198 203 2234 ἢ
221 2199 256 2225 τὰ
271 2198 359 2234 ἄστρα
377 2199 462 2235 χωρὶς
477 2199 524 2226 τοῦ
539 2199 671 2235 οὐρανοῦ;
687 2199 720 2226 Τί
732 2200 760 2226 δὲ
773 2200 819 2227 καὶ
832 2201 974 2236 χρήσιμον,

1046 272 1257 308 coniunguntur,
1273 277 1301 300 ut
1311 280 1363 300 una
1376 272 1472 301 similis
1491 272 1617 302 animalis
1631 274 1781 308 procreatio
1795 274 1829 302 ab

1044 322 1159 353 utroque
1172 317 1337 352 perliciatur.
1364 317 1484 353 Denique
1498 321 1527 346 ut
1545 325 1598 346 uno
1618 318 1701 346 verbo
1714 319 1802 347 dicam
1820 339 1828 352 ,

1043 362 1130 398 frigus
1144 363 1229 391 calori
1247 363 1414 391 contrarium
1436 368 1489 396 est,
1504 364 1603 391 humor
1629 364 1744 392 siccitati
1760 372 1768 399 ;
1801 371 1829 392 at

1043 408 1218 437 nihilominus
1230 409 1310 438 simul
1326 409 1420 445 juncta
1435 418 1488 438 non
1507 410 1577 438 inter
1590 418 1620 439 se
1631 411 1826 446 dissident,sed

1045 460 1078 481 ex
1095 455 1239 483 concordia
1260 462 1343 483 unum
1358 462 1456 490 corpus
1476 460 1559 491 atque
1585 457 1704 485 omnium
1734 465 1826 486 rerum

1044 500 1260 534 procreationem
1274 500 1428 529 absolvunt.

1078 544 1123 572 57.
1139 544 1200 572 Non
1217 552 1282 581 ergo
1294 553 1339 573 res
1355 545 1417 579 illae,
1432 546 1576 582 quaeinter
1598 555 1629 576 se
1651 553 1772 585 pugnant
1797 552 1826 577 et

1040 592 1186 620 contraria
1198 596 1272 625 sunt,
1283 592 1387 628 seipsas
1405 593 1488 621 simul
1501 594 1669 629 copularent,
1694 595 1747 623 nisi
1773 594 1824 624 ali-

1040 638 1101 672 quis
1114 638 1238 672 superior
1249 643 1277 665 et
1291 638 1418 666 dominus
1430 646 1477 666 eas
1489 639 1641 675 colligaret,
1658 641 1700 668 cui
1722 645 1750 668 et
1765 642 1824 676 ipsa

1039 683 1182 717 elementa,
1200 687 1331 719 tanquam
1361 684 1433 712 servi
1455 684 1530 719 hero,
1554 690 1608 712 tam
1634 691 1758 721 prompte
1777 694 1825 721 pa-

1040 732 1111 759 rent.
1127 729 1227 756 cedunt
1241 733 1269 756 et
1281 729 1483 764 obtemperant,
1495 734 1525 758 ut
1538 730 1639 758 nullum
1653 738 1748 758 eorum
1763 739 1824 767 pro-

1039 773 1125 808 priam
1140 779 1264 802 naturam
1280 779 1406 810 spectans
1420 775 1498 803 alteri
1510 776 1668 804 adversetur
1681 783 1690 803 :
1703 777 1750 804 sed
1766 777 1822 805 sin-

1038 819 1098 855 gula
1111 820 1251 847 Dominum
1276 821 1445 856 colligantem
1457 823 1640 858 agnoscentia,
1649 823 1822 851 concordiam

1037 871 1100 900 erga
1111 872 1140 892 se
1147 869 1265 898 servent,
1276 870 1303 894 et
1313 867 1486 901 quantumvis
1498 867 1634 895 contraria
1648 868 1705 895 sint
1713 873 1821 902 natura,

1036 910 1212 946 gubernantis
1222 911 1361 940 voluntate
1376 912 1467 940 ineant
1481 913 1639 940 amicitiam.
1650 913 1822 948 Caeteroquin

1035 956 1087 984 nisi
1099 957 1249 995 potentiore
1261 957 1374 993 imperio
1385 958 1466 986 simul
1476 958 1591 986 invicem
1609 959 1822 987 commisceren-

1035 1006 1088 1034 tur,
1098 1003 1232 1036 quomodo
1242 1002 1333 1037 gravia
1342 1010 1402 1030 cum
1416 1003 1529 1037 levibus,
1539 1003 1611 1031 sicca
1620 1011 1679 1030 cum
1691 1004 1820 1037 humidis,

1034 1047 1148 1074 rotunda
1156 1055 1216 1074 cum
1225 1048 1317 1081 rectis,
1329 1048 1397 1084 ignis
1412 1056 1472 1076 cum
1495 1048 1653 1083 frigere.vel
1674 1057 1748 1077 mare
1760 1058 1821 1077 cum

1032 1094 1164 1129 terra,sol
1174 1102 1236 1123 cum
1245 1095 1318 1128 luna,
1331 1098 1473 1123 astravcum
1484 1095 1565 1128 cmlo,
1574 1102 1622 1124 aer
1631 1103 1692 1124 cum
1706 1096 1822 1124 nubibus

1032 1140 1130 1168 sociari
1140 1145 1168 1168 et
1180 1141 1253 1168 coire
1267 1145 1390 1177 possent,
1404 1149 1465 1168 cum
1480 1141 1692 1177 unumquodque
1700 1142 1820 1170 dissimi-

1031 1185 1083 1213 lem
1090 1186 1146 1222 29
1159 1187 1194 1214 ab
1209 1186 1261 1215 alio
1275 1192 1397 1214 naturam
1409 1187 1522 1214 habeat!
1533 1186 1724 1215 Gravissimam
1739 1187 1821 1223 siqui-

1030 1232 1091 1260 dem
1100 1233 1259 1261 seditionem
1272 1233 1394 1261 interilla
1403 1232 1534 1260 concitari
1546 1240 1657 1262 necesse
1669 1239 1753 1266 esset,
1767 1233 1820 1261 alio

1031 1283 1137 1311 urente,
1156 1278 1334 1314 reirigerante
1348 1278 1411 1311 alio,
1430 1278 1501 1312 quod
1516 1285 1598 1314 grave
1614 1283 1656 1306 est
1680 1279 1818 1313 deorsum,

1031 1324 1077 1352 illo
1092 1325 1163 1360 quod
1184 1325 1242 1353 leve
1259 1329 1300 1352 est
1316 1330 1410 1352 contra
1424 1332 1531 1352 sursum
1547 1325 1737 1358 contendente,
1761 1325 1818 1353 sole

1029 1371 1210 1404 illuminante,
1224 1379 1288 1400 aere
1308 1372 1483 1399 obscurante.
1507 1371 1586 1399 Astra
1606 1371 1729 1399 similiter
1749 1372 1819 1400 inter

1029 1425 1061 1447 se
1084 1419 1258 1451 dissideront,
1275 1418 1373 1454 quippe
1395 1425 1511 1453 quorum
1531 1417 1584 1444 alia
1610 1418 1745 1453 superius.
1764 1417 1817 1446 alia

1029 1463 1141 1491 inferius
1163 1465 1248 1498 posita
1272 1464 1337 1492 sint.
1353 1463 1411 1491 Nox
1432 1470 1540 1498 quoque
1562 1463 1614 1490 diei
1631 1471 1684 1491 non
1699 1463 1816 1497 cederet,

1030 1510 1078 1538 sed
1094 1509 1215 1545 profecto
1230 1517 1290 1536 cum
1310 1509 1355 1536 illo
1379 1509 1486 1536 assidue
1500 1512 1632 1544 pugnaret
1647 1512 1674 1535 et
1687 1513 1815 1536 certaret.

1031 1554 1078 1582 llis
1094 1559 1183 1582 autem
1205 1555 1242 1581 ita
1254 1562 1283 1582 se
1303 1554 1479 1587 habentibus,
1498 1553 1552 1588 jam
1574 1553 1665 1581 nullus
1682 1553 1749 1581 ordo
1768 1555 1816 1581 seti

1030 1601 1096 1629 nihil
1110 1601 1161 1629 nisi
1178 1600 1302 1628 conlusio
1314 1600 1341 1627 in
1354 1600 1456 1627 mundo
1473 1599 1630 1627 videretur:
1644 1599 1711 1626 nihil
1726 1598 1813 1626 locum

1028 1654 1106 1675 suum
1121 1650 1253 1679 servaret,
1266 1646 1313 1674 sed
1324 1645 1413 1673 omnia
1438 1646 1594 1680 perturbata
1611 1644 1721 1673 forent:
1740 1645 1808 1672 nihil

1029 1693 1201 1726 consisteret,
1213 1693 1261 1720 sed
1276 1696 1374 1720 cuncta
1391 1695 1483 1719 essent
1497 1691 1644 1718 instabilia.
1657 1690 1752 1718 Nullus
1768 1691 1816 1718 de-

1029 1740 1110 1775 nique
1125 1739 1220 1767 modus
1242 1738 1284 1766 vel
1297 1745 1422 1766 mensura
1436 1744 1527 1764 rerum
1552 1740 1646 1771 posset
1673 1743 1744 1764 esse.
1765 1735 1814 1763 Vel

1028 1785 1099 1812 enim
1111 1784 1278 1819 singulorum
1292 1783 1425 1811 seditione
1438 1787 1465 1810 et
1480 1790 1568 1817 pugna
1583 1782 1674 1809 omnia
1690 1782 1812 1810 destrue-

1029 1835 1134 1862 rentnr,
1149 1829 1191 1857 vel
1206 1829 1304 1857 fortius
1316 1829 1446 1856 duntaxat
1470 1831 1639 1861 remaneret;
1656 1828 1727 1863 quod
1748 1835 1814 1855 sane

1028 1884 1081 1904 non
1093 1876 1234 1904 minimam
1249 1875 1349 1903 mundo
1367 1874 1571 1902 deformitatem
1597 1873 1715 1902 aﬂ‘erret.
1731 1873 1814 1902 Nam.

1028 1930 1080 1958 qne
1096 1923 1166 1951 istud
1182 1929 1264 1950 unum
1289 1921 1559 1956 relictum,'aliorum
1576 1920 1738 1948 utilitatibus
1763 1920 1812 1948 de-

1028 1969 1162 2002 stitutum,
1181 1968 1369 1996 inconcinnam
1391 1974 1481 1995 rerum
1496 1967 1701 1996 universitatem
1716 1968 1813 1997 reddo-

1027 2018 1068 2041 ret
1085 2021 1092 2040 :
1106 2014 1333 2049 quemadmodum
1344 2015 1366 2041 si
1384 2014 1458 2042 solus
1470 2021 1518 2049 pes
1530 2013 1572 2041 vel
1590 2013 1749 2048 solapianus
1764 2022 1812 2042 su-

1027 2064 1161 2095 peresset,
1178 2067 1231 2088 non
1247 2064 1403 2087 servaretur
1418 2060 1542 2095 corporis
1554 2060 1706 2096 integritas.
1718 2060 1812 2094 Qualis

1027 2107 1098 2134 enim
1119 2106 1235 2134 mundus
1250 2111 1332 2138 esset,
1349 2106 1371 2134 si
1393 2106 1434 2134 vel
1458 2106 1499 2134 sol
1523 2110 1627 2135 tantum
1648 2111 1811 2141 appareret,

1027 2152 1067 2180 vel
1087 2151 1145 2179 sola
1164 2151 1226 2180 luna
1250 2152 1482 2186 circumferretur,
1499 2157 1546 2180 aut
1568 2153 1626 2180 sola
1646 2160 1700 2180 nox
1725 2157 1808 2186 esset,

1027 2203 1075 2225 aut
1087 2198 1145 2226 dies
1163 2203 1292 2233 perpetuo
1306 2199 1438 2227 duraret?
1452 2200 1546 2234 Qualis
1566 2203 1638 2228 esset
1657 2199 1809 2231 harmonia,

186 2245 211 2271 sl
229 2245 298 2280 μόνη
311 2245 432 2272 θάλασσα
447 2243 493 2281 ἦν,
509 2245 557 2272 καὶ¹
570 2246 595 2273 εί
607 2245 663 2281 (42)
676 2246 743 2281 μόνη
759 2246 796 2281 γῆ
810 2246 895 2282 χωρὶς
911 2247 974 2274 ὑδά-

1031 2245 1049 2272 si
1059 2245 1100 2272 vel
1115 2245 1178 2273 caeli
1201 2246 1260 2273 sine
1281 2246 1367 2273 stellis
1383 2246 1424 2274 vel
1439 2245 1524 2274 stella:
1536 2246 1596 2274 sine
1608 2245 1686 2273 curiis
1696 2249 1787 2272 essent
1799 2245 1825 2273 ἰ-

185 2300 240 2318 των
257 2291 305 2317 καὶ
322 2291 376 2317 τῶν
392 2291 478 2318 ἄλλων
491 2291 540 2327 τῆς
552 2291 666 2323 κτίσεως
685 2291 776 2327 μερῶν
791 2291 896 2325 Exciso;
915 2292 974 2324 πῶς

185 2337 208 2363 δ’
225 2337 259 2364 ἂν
275 2334 320 2364 καῖ
336 2337 477 2372 ἄνθρωπος
490 2337 575 2373 ἐφάνη
591 2337 607 2373 ἢ
621 2337 689 2370 ὅλως
700 2337 768 2369 ζῶον
782 2337 828 2364 ἐπὶ
842 2337 904 2373 γῆς,
918 2337 973 2366 τῶν

187 2383 328 2418 στοιχείων
343 2383 412 2418 πρὸς
426 2383 509 2410 ἑαυτὰ
527 2384 735 2416 στασιαζόντων,
752 2384 800 2411 καὶ
815 2384 874 2416 ἐνὸς
896 2385 971 2418 ὄντος

185 2428 234 2456 τοῦ
248 2428 412 2464 κρατοῦντος
426 2430 472 2456 καὶ
488 2430 525 2465 μὴ
539 2429 688 2465 δυναμένου
705 2430 773 2466 πρὸς
786 2430 835 2466 τὴν
849 2430 902 2458 τῶν
917 2440 971 2458 σωο

187 2475 281 2510 μάτων
297 2475 426 2502 σύστασιν
442 2477 555 2512 ἀρκείν;
574 2477 631 2503 Οὑκ
651 2476 684 2503 ἂν
701 2476 754 2512 γὰρ
769 2478 800 2503 ἐκ
818 2477 898 2511 μόνου
909 2477 971 2513 οερ-

186 2521 248 2557 μοῦ,
265 2522 282 2557 ἢ
301 2523 382 2558 μόνου
396 2522 541 2558 ψυχροῦ,ἢ
561 2523 641 2558 μόνου
663 2523 757 2557 ὑγροῦ,
774 2523 790 2559 ἢ
810 2522 892 2559 ξηροῦ
912 2532 973 2550 συν-

219 2619 274 2653 (36)
286 2619 452 2648 Συνελθόντα
463 2629 516 2648 non
530 2625 571 2648 est
587 2620 613 2646 in
635 2619 744 2647 Gobler.
769 2625 797 2647 et
814 2620 935 2649 Felt-km.
949 2621 968 2648 l'

184 2662 265 2682 anon.
280 2655 360 2683 Basil.
377 2657 458 2683 habet
471 2655 686 2682 συνεισελθόντα.

219 2689 276 2723 (5'1)
289 2691 335 2718 Sic
351 2691 464 2725 Seguer.
494 2691 599 2724 Anglic.
625 2691 736 2719 Gobler.
761 2694 788 2718 et
809 2690 928 2719 Felcktn.
953 2692 965 2718 l

183 2732 266 2752 anon.
282 2725 335 2753 Alii
349 2734 410 2753 cum
424 2726 513 2757 editis.
529 2725 669 2753 δεσπότου.

220 2760 275 2797 (ᾇδ)
290 2761 437 2797 Goblcr.et
455 2761 572 2788 Felcktn.
583 2761 610 2793 l,
625 2769 718 2792 anon.,
739 2761 774 2797 oi.’
791 2761 917 2797 ἀστέρες,
943 2767 970 2790 et

183 2795 262 2854 Eianlo
271 2801 331 2830 post
343 2795 466 2830 ἑαυτούς,
483 2801 521 2829 et,
538 2797 579 2823 ὅτι
591 2797 614 2823 oi
628 2797 676 2831 μὲν
690 2796 829 2833 ἀνωτέρω,
846 2795 870 2824 oi
883 2797 921 2829 δέ,
931 2802 968 2830 et,

198 2838 283 2854 γουσι.

214 2838 283 2856 ουσι.

198 2839 326 2898 χῖΞζδῗΤό
340 2870 401 2892 ante
413 2866 472 2892 ὅλον
497 2867 597 2894 adduint
618 2865 729 2902 Segucr.
752 2872 777 2894 ct
792 2867 896 2902 Anglic.
918 2867 969 2895 Alii

183 2907 247 2927 vero
263 2906 289 2927 ut
304 2907 330 2928 et
347 2902 410 2928 cditi
423 2903 557 2929 Ottliiltlttt.

1026 2291 1154 2325 Quaenam
1167 2299 1232 2319 vero
1246 2291 1360 2326 utilitas,
1376 2292 1398 2319 si
1413 2299 1488 2320 mare
1510 2292 1607 2320 solum
1620 2295 1702 2324 esset,
1729 2291 1771 2318 vel
1787 2291 1810 2318 si

1024 2338 1080 2366 sola
1091 2342 1162 2365 terra
1179 2338 1239 2366 sine
1251 2339 1328 2374 aquis
1341 2338 1435 2366 aliisve
1447 2343 1550 2366 natura
1562 2337 1683 2372 partibus
1694 2338 1809 2365 exsiste-

1025 2384 1245 2417 ret‘IQuomodo,
1263 2391 1367 2420 quaeso,
1388 2385 1430 2411 vel
1454 2385 1535 2412 homo
1551 2385 1591 2412 vel
1609 2384 1691 2411 ullum
1708 2384 1820 2411 animal.

1024 2431 1051 2457 in
1069 2430 1149 2458 terris
1162 2430 1237 2457 nasci
1252 2435 1354 2464 posset,
1371 2430 1513 2458 elementis
1527 2431 1598 2457 inter
1614 2437 1644 2458 se
1654 2428 1808 2456 dissidenti-

1024 2477 1085 2508 bus,
1098 2484 1212 2511 quorum
1227 2477 1276 2504 etsi
1298 2485 1381 2503 unum
1398 2482 1551 2511 superaret,
1579 2481 1670 2504 tamen
1687 2477 1719 2502 ad
1746 2483 1810 2502 cor-

1024 2530 1090 2558 pora
1107 2522 1296 2551 constituenda
1311 2523 1378 2550 satis
1387 2529 1448 2550 esse
1463 2530 1515 2550 non
1527 2521 1637 2557 posset?
1650 2521 1721 2549 Nihil
1735 2520 1806 2548 enim

1056 2616 1116 2657 (40).
1139 2622 1185 2650 Sic
1211 2622 1323 2658 Segtter.
1338 2622 1442 2658 Anglic.
1470 2622 1506 2649 At
1529 2622 1608 2651 Gobl.
1634 2626 1661 2649 et
1685 2622 1773 2650 b‘eltk.
1791 2622 1812 2650 ίι

975 2680 982 2687 ,
1020 2666 1114 2693 anon"
1128 2658 1251 2693 κρατεῖν.
1262 2657 1321 2693 νΑΙίὶ
1335 2665 1395 2693 cum
1406 2658 1495 2689 editis.
1512 2657 1705 2693 κρατούμενον.

1057 2692 1112 2728 (All)
1127 2692 1179 2728 Pro
1197 2692 1343 2728 ὁλόκληρον
1354 2692 1384 2718 τὸ
1398 2693 1493 2727 σῶμα,
1520 2692 1631 2728 Seguer.
1646 2693 1755 2728 Gobler.
1778 2697 1812 2720 et.

1022 2727 1165 2764 Felt-kth
1183 2735 1264 2754 anon.
1289 2726 1395 2754 habent
1412 2728 1440 2754 ἐν
1456 2727 1528 2764 άλλῳ
1548 2726 1596 2763 τὴν
1615 2727 1663 2754 τοῦ
1682 2726 1806 2764 σώματος

1021 2762 1111 2794 δόξαν.
1127 2762 1292 2797 Interpretes
1319 2767 1438 2789 nostram
1465 2762 1604 2790 lectionem
1624 2764 1709 2791 secuti
1724 2762 1803 2790 sunt.

1025 2798 1107 2825 Paulo
1138 2802 1198 2832 post
1225 2797 1304 2824 iidem
1333 2797 1444 2832 Segner.
1470 2797 1579 2826 Gobler.
1598 2803 1626 2825 et
1653 2797 1799 2826 Felclttn.l

1024 2840 1105 2868 anon.
1127 2833 1207 2867 μόνον
1217 2839 1265 2866 pro
1284 2832 1362 2866 μόνος
1380 2838 1441 2859 ante
1452 2833 1526 2868 ἣλιος
1541 2834 1648 2860 habent.

1023 2903 1029 2929 Ι
1058 2867 1114 2930 (ῗῖ’)
1132 2868 1181 2896 ιιι-υ
1195 2868 1240 2894 καὶ
1260 2868 1294 2900 εἰ,
1317 2867 1423 2895 Gublcr.
1438 2876 1463 2895 et
1481 2868 1599 2896 Fcltkin.
1619 2868 1627 2895 l
1648 2876 1729 2896 anon.
1755 2869 1805 2895 lia.-

1030 2910 1072 2930 )Cll
1111 2922 1126 2930 λ.

1030 2910 1083 2930 )Cttl
1099 2910 1126 2938 η.
