2037 3044
236 165 272 194 ’15

238 224 280 252 vel
296 231 328 251 ex
343 223 399 251 solo
415 222 499 250 calido
511 222 654 255 elemento,
670 223 713 250 vel
731 230 763 251 ex
776 225 833 251 solo
847 224 954 258 frigido,
970 224 1010 252 vel
1027 230 1050 255 Α

237 278 270 297 ex
286 269 343 298 solo
367 269 476 296 humido
499 273 546 295 aut
566 267 639 296 sicco
658 268 781 303 componi
793 269 924 302 potuisset
939 279 947 296 :
965 269 1012 296 sed

237 315 327 341 omnia
340 314 464 340 universe
485 313 636 340 inordinata
649 316 676 340 et
690 313 826 341 incondita
839 311 946 341 essent.”
957 312 1012 341 Ve-

237 365 296 384 rum
309 364 394 391 neque
401 357 482 384 etiam
498 356 561 384 illud
572 357 641 391 quod
652 357 785 385 dominari
798 358 942 391 videretur,
956 358 1014 386 sine

237 401 351 428 aliorum
379 401 539 428 adminiculo
554 405 646 436 posset
667 402 808 435 exsistam,
824 403 923 438 quippe
943 403 1014 438 quod

238 455 309 474 nunc
327 447 432 474 nonnisi
448 447 499 475 hoe
513 453 592 482 pacto
609 448 731 475 exsistat.

271 493 316 520 '58.
337 492 506 527 Quapropter
516 500 577 519 cum
593 500 645 519 non
658 492 780 520 confusio
795 493 840 520 sed
851 493 918 521 ordo
937 494 971 521 sit
987 494 1015 521 in

238 538 366 565 universo
382 546 390 564 :
407 544 469 564 cum
483 537 551 564 nihil
569 537 596 564 in
609 544 642 564 eo
656 537 827 564 inconditeet
839 537 954 570 turbide,
970 537 1016 564 sed

238 583 328 610 omnia
344 583 474 610 concinne
489 583 690 617 compositeque
715 587 743 610 et
763 590 846 618 quam
876 583 1017 618 aptissime

238 631 410 662 cohaereant,
428 636 538 656 necesse
550 634 591 656 est
604 629 744 656 Dominum
758 629 802 664 qui
820 629 864 656 illa
877 636 928 656 una
952 636 1017 656 con-

239 675 372 711 gregavit,
386 674 561 707 constrinxit,
579 678 606 702 et
617 675 780 709 conciliavit,
797 680 891 703 mente
904 680 931 702 et
945 675 1019 709 cogi-

240 722 340 749 tatione
357 722 530 756 attingamus.
542 720 608 747 Nam
627 721 731 748 tametsi
745 721 831 748 oculis
846 729 898 748 non
912 720 1020 755 conspi-

239 765 319 798 citur,
331 773 363 793 ex
379 765 474 793 ordine
490 770 578 792 tamen
591 771 619 793 et
635 766 779 793 concordia
801 773 890 793 rerum
911 769 1020 793 contra-

208 812 223 834 -ι
241 812 354 844 riarmn,
373 818 466 838 earum
479 812 642 844 moderator,
655 816 744 839 rector
766 816 794 839 et
808 812 954 846 imperator
978 812 1021 838 in-

242 858 323 893 telligi
341 858 419 885 facile
434 861 532 892 potest.
547 857 652 884 Etenim
670 858 893 892 quemadmodum
918 859 940 885 si
956 858 1021 884 civi-

528 163 555 192 S.
576 164 759 193 ATHANASll
789 165 862 193 OPP.
882 165 970 193 PARS
987 166 1006 192 l.
1027 182 1061 187 —
1079 165 1263 194 lllSTOlllCA
1279 165 1323 192 ET
1342 165 1548 195 DOGMATICA.

1064 225 1127 261 έστη
1151 234 1177 252 τι
1199 225 1253 252 τῶν
1276 226 1344 252 ὅλων
1360 225 1426 261 (45)·
1449 225 1505 252 ἀλλ’
1521 223 1554 261 ἦν
1567 226 1670 253 ἄτακτα
1691 226 1780 254 πάντα
1800 227 1848 255 καὶ

1065 271 1197 298 ἀσύνθετα
1211 271 1333 298 καθόλου.
1354 272 1421 298 Ἀλλ’
1438 272 1491 298 οὐδ’
1505 272 1538 299 ἂν
1554 272 1618 299 αὐτὸ
1631 273 1661 299 τὸ
1673 273 1769 300 δοκοῦν
1781 282 1848 310 κρα-

1064 319 1120 344 τεῖν
1134 317 1250 353 ἠδυνήθη
1265 317 1297 344 ἂν
1314 317 1440 353 συστῆναι
1452 318 1535 352 χωρὶς
1550 318 1600 353 τῆς
1615 318 1668 345 τῶν
1687 318 1773 346 ἀλλων
1790 320 1848 347 ἑπτ-

1066 362 1177 398 κουρίας
1187 370 1193 377 ·
1212 361 1282 388 οὕτω
1296 361 1350 397 γὰρ
1363 362 1410 389 κα)⁵
1421 362 1469 389 νῦν
1485 362 1655 398 συνέστηκεν.

1101 492 1145 519 38.
1170 492 1246 518 Ἐπεὶ
1260 489 1306 519 οὖν
1322 492 1372 519 οὐκ
1387 491 1482 524 ἀταξία
1502 491 1569 519 ἀλλὰ
1584 491 1660 525 τάξις
1679 491 1752 518 ἐστὶν
1764 492 1793 518 ἐν
1810 493 1850 528 τῷ

1070 539 1159 569 παντὶ,
1179 538 1225 564 καὶ
1245 538 1294 564 οὐκ
1311 538 1429 573 ἀμετρία
1452 538 1519 565 ἀλλὰ
1547 538 1712 574 συμμετρία,
1735 538 1782 565 καὶ
1801 539 1852 566 οὐκ

1069 584 1189 619 ἀκοσμία
1203 583 1271 610 ἀλλὰ
1289 583 1390 618 κόσμος
1409 584 1456 610 καὶ
1477 584 1578 618 κόσμου
1593 584 1774 619 παναρμόνιος
1791 584 1852 610 σύν-

1069 630 1144 663 ταξις
1155 639 1161 644 ’
1182 630 1287 665 ἀνάγκη
1301 629 1454 664 λογίζεσθαι
1463 630 1510 656 καὶ
1524 629 1672 665 λαμϐάνειν
1689 630 1792 656 ἔννοιαν
1805 628 1852 656 τοῦ

1070 675 1156 702 ταῦτα
1170 675 1366 710 συναγαγόντος
1380 676 1426 702 καὶ
1448 675 1653 710 συσφίγξαντος,
1677 675 1724 701 καὶ
1744 683 1854 710 συμφω-

1071 721 1130 748 νίαν
1146 721 1329 757 ἐργαζομένου
1344 720 1412 756 πρὸς
1426 721 1495 747 αὐτὰ
1510 721 1658 748 Δεσπότου.
1669 720 1729 747 Κᾶν
1749 721 1802 755 γὰρ
1817 720 1855 754 μὴ

1071 770 1126 800 τοῖς
1135 768 1283 803 ὀφθαλμοῖς
1297 768 1403 802 ὁρᾶται,
1419 767 1474 794 ἀλλ’
1486 767 1540 794 ἀπὸ
1551 767 1600 802 τῆς
1611 767 1715 800 τάξεως
1727 767 1773 793 καὶ
1787 775 1856 801 συμ-

1074 814 1174 849 φωνίας
1183 814 1237 840 τῶν
1247 805 1383 845 ἐναντίων,
1392 814 1490 839 ἐννοεῖν
1501 813 1558 839 ἐστι
1571 813 1615 839 τδν
1628 813 1729 839 τούτων
1740 813 1857 847 ἄρχοντα

1073 859 1121 885 καὶ
1142 859 1298 893 κοσμήτορα
1319 858 1365 884 καὶ
1385 857 1505 892 βασιλέα,
1534 858 1640 892 ’Ὠσπερ
1662 857 1717 892 γὰρ
1732 857 1808 884 πόλιν
1825 858 1857 884 ἐκ

241 908 323 931 tatem
338 910 371 930 ex
385 902 477 930 multis
497 906 535 929 et'
549 902 663 930 diversis
681 902 845 936 hominibus,
871 904 975 938 pusillis
996 908 1023 930 et

1079 904 1176 930 πολλῶν
1187 904 1234 930 καὶ
1244 904 1378 939 διαφόρων
1391 903 1541 939 ἀνθρώπων
1553 902 1733 935 συνεστῶσαν,
1752 902 1857 938 μικρῶν

241 948 357 982 magnis,
372 948 503 976 divitibus
519 953 546 975 et
558 949 732 983 pauperibus,
749 949 858 976 senibus
883 955 911 976 et
933 950 1024 977 adole-

241 995 400 1026 scentibus,
423 995 489 1021 viris
507 998 534 1022 et
560 994 718 1021 mulieribus
741 995 934 1030 compositam,
956 1003 1024 1030 prse-

243 1041 317 1068 clare
333 1040 516 1067 administrari
531 1045 558 1067 et
573 1041 628 1075 regi
645 1047 831 1073 cerneremns,
856 1041 968 1076 illosque
979 1042 1024 1076 qui

242 1093 302 1113 eam
317 1090 494 1120 componunt,
508 1086 616 1112 tametsi
628 1086 760 1118 diversos,
774 1088 923 1114 concordes
937 1093 1024 1115 tamen

243 1132 314 1158 inter
331 1138 360 1159 se
382 1137 453 1162 esse,
481 1138 569 1166 neque
594 1131 692 1158 divites
722 1132 852 1159 adversus
881 1139 1024 1167 pauperes,

243 1185 331 1212 neque
342 1178 459 1212 majores
474 1181 567 1204 contra
584 1177 715 1211 minores,
731 1183 776 1204 aut
789 1178 909 1212 iuniores
930 1183 1024 1206 contra

244 1231 322 1251 senes
335 1230 464 1258 pugnare,
479 1222 526 1250 sed
536 1230 631 1250 omnes
646 1223 785 1258 aequaliter
799 1231 892 1258 pacem
905 1224 1004 1250 habere
1016 1231 1024 1250 ι

244 1269 267 1296 si
292 1269 361 1301 haec,
387 1268 508 1302 inquam,
524 1267 689 1299 videremus,
719 1267 797 1302 plane
816 1268 1026 1302 intelligeremus

245 1313 373 1348 principis
385 1312 557 1348 praesentiam
573 1312 655 1348 hujus
671 1313 823 1340 concordiae
837 1320 945 1340 causam
954 1320 1024 1344 esse,

245 1360 353 1387 etiamsi
366 1367 427 1387 eum
437 1359 523 1387 oculis
537 1367 592 1386 non
609 1359 787 1387 intueremur.
815 1359 959 1386 Enimvero
981 1359 1026 1387 ubi

245 1407 313 1434 ordo
330 1413 383 1434 non
402 1410 444 1434 est
462 1406 508 1434 sed
521 1405 662 1439 confusio,
687 1409 845 1441 argumento
868 1410 911 1433 est
925 1396 1026 1432 nullum

247 1453 283 1480 ibi
300 1453 496 1480 moderatorem
516 1459 597 1479 esse:
616 1455 645 1478 at
666 1451 745 1484 ordo,
766 1451 842 1479 ducis
861 1455 887 1478 et
913 1451 1029 1478 rectoris

247 1499 357 1526 evidens
373 1499 478 1533 signum
489 1502 542 1525 est.
558 1497 688 1525 Similiter
701 1504 763 1524 cum
777 1497 804 1524 iu
817 1503 929 1531 corpore
943 1504 1028 1524 mem-

248 1546 356 1572 brorum
372 1545 446 1571 inter
459 1551 489 1571 se
501 1543 672 1571 concordiam
698 1542 885 1574 observamus,
900 1550 950 1570 nec
963 1550 1028 1570 ocu-

247 1591 302 1617 lum
318 1589 375 1617 auri
385 1589 534 1622 adversari,
545 1595 596 1616 nec
611 1595 720 1616 manum
733 1596 793 1616 cum
803 1588 869 1623 pede
883 1588 1027 1620 dissidere,
1041 1577 1062 1606 (ἶ

249 1636 296 1663 sed
312 1635 416 1670 singula
431 1634 550 1662 membra
562 1634 701 1669 proprium
717 1633 833 1660 olﬁcium
851 1633 953 1668 absque
963 1634 1030 1661 sedi-

250 1682 323 1709 tione
342 1680 505 1715 persolvere,
520 1679 581 1707 inde
592 1679 777 1707 concludimus
791 1679 955 1712 necessario,
977 1679 1031 1714 3o

249 1727 369 1754 animam
393 1726 420 1764 in
443 1733 557 1760 corpore
575 1732 634 1752 esse
657 1732 719 1759 quae
745 1725 790 1752 illa
807 1729 892 1759 regat,
906 1726 1031 1759 quamvis

250 1773 323 1799 illam
338 1780 391 1800 non
405 1772 545 1799 videamus
558 1779 567 1797 ι
583 1771 619 1798 ita
637 1778 701 1805 ergo
712 1778 747 1798 ex
762 1771 856 1798 ordine
876 1775 903 1799 et
919 1771 1030 1799 harmo-

250 1820 295 1846 nia
307 1818 501 1850 universitatis,
520 1818 602 1845 Deum
628 1818 719 1844 mundi
735 1817 943 1851 gubernatorem
957 1817 1032 1853 cogi-

252 1869 341 1891 temus
361 1870 471 1891 necesse
483 1867 536 1896 est,
550 1869 665 1897 eumque
680 1871 775 1896 unum,
788 1871 840 1890 non
850 1863 949 1891 multos
960 1871 1031 1891 esse.

251 1911 390 1945 Siquidem
412 1910 470 1944 ipse
487 1909 674 1943 dispositionis
687 1909 764 1941 ordo,
787 1909 960 1943 omniumque
973 1917 1033 1944 par-

251 1956 317 1982 tium
345 1963 460 1983 concors
488 1955 653 1990 conspiratio
676 1963 729 1982 non
755 1956 854 1983 multos
879 1956 925 1982 sed
950 1963 1032 1983 unum

251 2002 343 2030 mundi
358 2002 452 2028 ducem
468 2006 495 2028 et
508 2002 704 2028 moderatorem
715 2001 833 2029 Verbum
846 2009 904 2029 esse
920 2001 1033 2029 manife-

209 2062 212 2067 -
252 2053 293 2075 ste
303 2047 430 2075 ostendit.
450 2046 516 2074 Nam
532 2048 554 2074 si
570 2047 659 2082 plures
675 2048 775 2074 mundo
789 2052 953 2082 praeessent,
968 2048 1034 2075 ordo

252 2095 298 2122 ille
317 2093 419 2121 servari
442 2101 495 2120 non
520 2097 621 2128 posset,
645 2093 692 2121 sed
718 2093 808 2120 omnia
836 2092 994 2120 confusione
1008 2097 1036 2120 et

252 2139 454 2175 perturbatione
468 2139 546 2173 plena
562 2143 664 2172 essent,
677 2139 738 2165 dum
751 2138 933 2173 unusquisque
945 2138 1036 2166 omnia

254 2187 287 2213 ad
306 2194 384 2213 suum
402 2186 543 2212 arbitrium
559 2185 689 2218 traheret,
707 2190 734 2212 et
745 2185 875 2212 adversus
887 2185 968 2211 alium
987 2192 1038 2219 pu-

1076 952 1122 978 xal.
1136 951 1269 986 μεγάλων,
1283 951 1328 976 καὶ
1339 949 1470 976 πλουσίων
1487 947 1520 976 αὖ
1537 949 1591 985 (44)
1604 949 1650 976 καὶ
1663 950 1795 985 πενήτων,
1811 949 1860 975 καὶ

1076 997 1156 1024 πάλιν
1170 996 1302 1031 γερόντων
1319 996 1365 1022 καὶ
1380 995 1528 1029 νεωτέρων,
1551 995 1597 1021 καὶ
1611 994 1733 1030 ἀρρένων
1750 994 1794 1020 καὶ
1808 993 1858 1028 θη-

1076 1043 1154 1074 λέων,
1170 1043 1194 1068 εί
1208 1042 1395 1077 θεωρήσαιμεν
1407 1041 1544 1073 εὐτάκτως
1554 1041 1725 1076 οἰκουμένην,
1738 1039 1860 1069 καὶτοὺς

1077 1091 1106 1115 ἐν
1121 1089 1189 1124 αὐτῇ
1212 1088 1354 1123 διαφόρους
1369 1088 1417 1122 μὲν
1431 1087 1520 1118 ὄντας,
1543 1086 1723 1122 ὁμονοοῦντας
1743 1086 1771 1112 δὲ
1791 1084 1855 1120 πρί-

1078 1135 1199 1167 έαυτοὺς,
1219 1134 1266 1161 καὶ
1281 1134 1348 1169 μήτε
1369 1133 1434 1164 τοὺς
1453 1132 1595 1163 πλουσίους
1612 1132 1682 1158 κατὰ
1706 1132 1758 1158 τῶν
1778 1131 1861 1166 πενή-

1077 1190 1141 1211 των,
1157 1182 1224 1216 μήτε
1244 1180 1308 1211 τοὺς
1333 1179 1466 1214 μεγάλους
1490 1178 1560 1205 κατὰ
1582 1177 1635 1204 τῶν
1654 1177 1769 1212 μικρῶν,
1793 1177 1862 1211 μήτε

1077 1228 1140 1260 τοὺς
1164 1227 1240 1257 νέους
1261 1225 1331 1252 κατὰ
1355 1224 1408 1251 τῶν
1431 1224 1566 1260 γερόντων
1585 1223 1770 1258 γιγνομένους,
1793 1222 1862 1248 ἀλλὰ

1079 1274 1180 1304 πάντας
1199 1272 1270 1299 κατὰ
1284 1271 1333 1306 τὴν
1350 1270 1499 1306 ίσομοιρίαν
1513 1270 1701 1305 είρηνεύοντας
1713 1278 1719 1284 ·
1734 1270 1758 1295 εἰ
1777 1267 1863 1294 ταῦτα

1080 1319 1234 1355 βλέποιμεν,
1249 1317 1356 1349 πάντως
1363 1317 1505 1352 ἐννοοῦμεν
1521 1316 1586 1351 (45),
1599 1316 1640 1342 ὅτι
1648 1315 1778 1350 ἄρχοντος
1793 1322 1864 1350 παρ-

1078 1366 1155 1393 ουσία
1179 1364 1228 1400 τὴν
1245 1365 1368 1400 όμόνοιαν
1386 1363 1558 1399 πρυτανεύει,
1572 1361 1622 1389 κᾶν
1638 1362 1674 1397 μὴ
1691 1360 1796 1397 ὁρῶμεν
1812 1359 1863 1387 αὐ-

1079 1411 1134 1438 τόν.
1158 1411 1189 1436 Ἦ
1206 1411 1253 1445 μὲν
1267 1410 1320 1445 γὰρ
1336 1408 1432 1441 ἀταξία
1449 1408 1580 1444 ἀναρχίας
1595 1408 1654 1434 ἐστὶ
1669 1406 1811 1442 γνώρισμα
1822 1413 1830 1421 ·
1843 1407 1862 1440 ὴ

1079 1456 1106 1482 δὲ
1119 1456 1194 1488 τάξις
1210 1456 1255 1482 τὺν
1269 1454 1469 1491 ἡγεμονεύοντα
1483 1454 1612 1481 δείκνυσι.
1623 1453 1678 1480 Καὶ
1688 1451 1804 1488 γάρίᾶϐ)
1817 1451 1864 1478 καὶ

1079 1501 1128 1536 τὴν
1144 1503 1173 1527 ὲν
1188 1501 1227 1536 τῷ
1243 1500 1348 1535 σώματι
1360 1499 1413 1526 τῶν
1427 1498 1514 1535 μελῶν
1527 1499 1596 1534 πρὸς
1607 1498 1690 1525 ἑαυτὰ
1706 1496 1865 1532 συμφωνίαν

1080 1548 1205 1584 ὁρῶντες,
1219 1548 1260 1574 ὅτι
1275 1547 1305 1573 οὒ
1324 1547 1438 1582 μάχεται
1450 1547 1464 1573 ὁ
1478 1545 1614 1580 ὀφθαλμὸς
1625 1545 1658 1580 τῇ
1676 1544 1756 1578 ἀκοῇ,
1771 1543 1830 1569 οὐδὲ
1847 1544 1865 1576 ὴ

1078 1594 1139 1630 χεὶρ
1150 1593 1188 1629 τῷ
1202 1593 1262 1619 ποδὶ
1278 1592 1429 1624 στασιάζει,
1446 1591 1502 1618 ἀλλ’
1517 1591 1631 1617 ἕκαστον
1647 1589 1695 1625 τὴν
1713 1589 1781 1615 ἰδίαν
1796 1589 1866 1614 ἀπο-

1078 1640 1149 1666 τελεί
1166 1639 1260 1675 χρείαν
1278 1636 1626 1671 άστασιάστως,ὲννοοῦμεν
1640 1636 1671 1662 ὲκ
1688 1634 1782 1661 τούτου
1797 1634 1866 1660 πάν-

1078 1693 1132 1717 τως
1152 1683 1221 1712 εἶναι
1240 1684 1328 1719 ψυχὴν
1343 1684 1372 1710 ὲν
1393 1683 1432 1718 τῷ
1450 1682 1556 1717 σώματι
1575 1682 1625 1716 τὴν
1646 1681 1748 1707 τούτων
1763 1681 1867 1715 ἠγεμο-

1079 1730 1218 1761 νεύουσαν,
1235 1730 1287 1757 κᾶν
1302 1729 1338 1765 μὴ
1353 1729 1494 1764 βλέπωμεν
1507 1728 1592 1762 αὑτήν
1604 1727 1672 1762 (47).
1684 1726 1777 1758 Οὕτως
1792 1727 1820 1752 ὲν
1832 1727 1866 1760 τῇ

1079 1777 1126 1804 τοῦ
1141 1776 1240 1808 παντὸς
1259 1775 1335 1807 τάξει
1353 1775 1400 1801 καὶ
1416 1775 1533 1810 ἁρμονίᾳ
1548 1774 1593 1800 τὸν
1613 1773 1660 1799 τοῦ
1679 1771 1779 1803 παντὺς
1800 1772 1867 1807 ἡγε-

1083 1823 1150 1859 μόνα
1165 1824 1234 1850 νοεῖν
1247 1822 1354 1856 ἀνάγκη
1370 1820 1444 1851 Θεὸν,
1458 1820 1504 1847 καὶ
1519 1819 1612 1846 τοῦτον
1627 1819 1674 1847 ἕνα
1691 1820 1738 1846 καὶ
1752 1819 1782 1845 οὺ
1803 1817 1868 1844 πολ-

1081 1869 1153 1900 λούς.
1169 1868 1224 1894 Καὶ
1239 1869 1255 1903 ὴ
1272 1867 1346 1898 τάξις
1361 1866 1389 1893 δὲ
1405 1865 1473 1901 αὕτη
1493 1865 1544 1900 τῆς
1558 1865 1771 1900 διακοσμήσεως,
1789 1864 1836 1890 καὶ
1848 1864 1866 1898 ἡ

1081 1915 1135 1942 τῶν
1151 1915 1258 1941 πάντων
1275 1913 1333 1948 μεθ’
1351 1912 1476 1947 ὁμονοίας
1489 1912 1617 1947 ἁρμονία,
1629 1911 1658 1936 οὐ
1673 1910 1799 1942 πολλοὺς,
1809 1909 1867 1936 ἀλλ’

1082 1962 1130 1988 ἕνα
1142 1961 1187 1988 τὸν
1202 1960 1286 1995 αὐτῆς
1303 1960 1419 1994 ἄρχοντα
1434 1958 1480 1984 καὶ
1493 1957 1613 1993 ἡγεμόνα
1635 1956 1752 1983 δείκνυσι
1770 1956 1866 1990 Λόγον.

1083 2008 1139 2033 Οὐκ
1153 2006 1186 2033 ἂν
1202 2006 1267 2042 γὰρ,
1282 2006 1360 2040 εἴπερ
1375 2003 1444 2040 ἦσαν
1461 2003 1552 2030 πολλοὶ
1574 2003 1623 2038 τῆς
1639 2002 1752 2033 κτίσεως
1770 2002 1868 2037 ἄρχονξ

1083 2061 1137 2083 τες,
1159 2051 1275 2083 ἐσώζετο
1298 2049 1407 2084 τοιαύτη
1428 2048 1505 2081 τάξις
1529 2048 1583 2074 τῶν
1608 2048 1731 2074 πάντων·
1756 2047 1812 2073 ἀλλ’
1834 2044 1869 2082 ἦν

1086 2097 1165 2123 πάλιν
1180 2098 1282 2124 ἄτακτα
1295 2095 1383 2122 πάντα
1391 2095 1434 2121 διὰ
1445 2095 1507 2126 τοὺς
1522 2094 1644 2125 πολλοὺς,
1658 2093 1782 2125 ἕλκοντος
1805 2093 1870 2119 ἑκά-

1088 2151 1150 2169 στου
1175 2143 1242 2178 πρὸς
1253 2143 1302 2177 τὴν
1318 2141 1414 2168 ἑαυτοῦ
1432 2140 1556 2176 βούλησιν
1575 2139 1608 2166 τὰ
1630 2139 1684 2173 (48)
1702 2139 1803 2169 πάντα,
1823 2139 1870 2164 καὶ

1089 2188 1240 2223 μαχομένου
1265 2187 1333 2223 πρὸς
1353 2186 1398 2213 τὸν
1415 2186 1516 2221 ἓτερον.
1538 2185 1643 2219 Ὥσπερ
1663 2183 1718 2219 γὰρ
1741 2184 1870 2218 ἐλέγομεν

252 2237 357 2268 gnaret.
383 2231 504 2267 Namque
522 2236 552 2259 ut
571 2231 669 2258 multos
684 2231 758 2263 deos,
783 2231 871 2258 nullos
895 2231 959 2258 deos
975 2239 1028 2259 esst

1088 2233 1135 2268 τὴν
1152 2233 1332 2267 πολυθεότητα
1346 2231 1478 2266 ἀθεότητα
1503 2228 1581 2262 εἶναι,
1599 2229 1684 2261 οὕτως
1697 2230 1801 2264 ἀνάγκη
1821 2230 1870 2264 τὴν

252 2279 427 2307 dicebamus:
444 2278 484 2305 sic
495 2278 592 2305 multos
604 2281 732 2310 rectores,
745 2277 831 2304 nullos
847 2282 965 2304 rectores
975 2285 1036 2305 esse

253 2326 398 2354 dicendum
415 2329 468 2353 est.
485 2324 552 2352 Cum
569 2319 641 2352 enim
660 2323 729 2351 alter
754 2323 865 2351 alterius
890 2324 1034 2358 imperium

253 2376 401 2404 everteret,
423 2371 511 2399 nullus
529 2376 604 2398 certe
620 2375 691 2398 esset
704 2371 750 2405 qui
779 2370 925 2404 imperaret
945 2374 972 2396 et
986 2369 1037 2396 do-

254 2421 412 2449 minaretur.
435 2425 513 2445 nemo
536 2418 582 2453 qui
610 2422 714 2451 regeret
738 2421 766 2444 et
794 2417 968 2452 gubernaret.
985 2415 1036 2442 Ubi

255 2471 342 2493 autem
359 2465 448 2493 nullus
459 2469 547 2492 rector
564 2469 615 2495 est,
643 2464 697 2490 illic
709 2463 863 2490 necessario
875 2463 962 2490 nullus
971 2463 1036 2490 ordo

254 2517 306 2544 est,
322 2512 369 2538 sed
389 2515 492 2538 tantum
507 2509 639 2537 confusio.
652 2509 752 2536 Contra
768 2515 831 2534 vero
848 2507 992 2535 multarunt
1009 2511 1037 2534 et

291 2569 347 2603 (45)
364 2568 409 2596 Sic
422 2568 534 2603 Seguer.
547 2567 656 2595 Gobler.
673 2571 699 2594 et
715 2565 831 2593 Felckm.
846 2566 859 2592 1
877 2572 1035 2600 anonymus.

256 2605 307 2632 Alii
322 2612 384 2631 cum
396 2605 487 2636 editis,
502 2603 601 2630 ἄλλων.
771 2632 784 2636 ﬂ
817 2635 825 2636 ί
952 2611 956 2615 ν

291 2640 347 2674 (44)
372 2632 486 2674 Ξεειιονί
505 2639 577 2665 solus
591 2638 637 2664 hic
659 2636 731 2663 addit
743 2632 804 2674 αὖ,
816 2635 897 2662 Paulo
913 2634 1040 2674 postGo-

255 2670 324 2703 bler.
338 2670 372 2701 ἐι
388 2670 507 2701 Ε’ἓιειιιη.
529 2674 539 2700 1
557 2680 638 2699 anon.
660 2675 720 2705 post
739 2671 874 2706 ἀρρένων,
884 2679 914 2696 τε
929 2670 1038 2706 addunt.

256 2708 323 2736 Ibid.
340 2710 451 2742 Seguer.
471 2703 715 2742 Gobler.etFelclt.
733 2707 743 2732 l
758 2703 847 2742 anim.
860 2704 980 2742 θηλειῶν
993 2703 1040 2730 ba-

257 2744 334 2776 bent;
350 2740 426 2778 cujus
441 2743 616 2779 penultimam
635 2741 744 2768 Gobler.
759 2746 785 2768 et
797 2740 937 2768 Felckm.l
956 2746 1038 2766 anon.

257 2784 366 2805 acuunt.

293 2814 350 2847 (ὗῆ)
369 2813 450 2840 Forte
462 2812 603 2847 ὲνεοοῦμεν
616 2811 658 2838 vel
675 2811 813 2847 ένοοῦμεν.

293 2844 349 2880 uti)
363 2849 474 2881 διιςιιιξικ
493 2844 565 2874 solus
594 2852 653 2881 post
669 2847 734 2881 γὰρ,
751 2844 798 2872 καί
826 2845 922 2872 iterum
953 2844 1037 2870 addit.

259 2882 330 2910 ldum
345 2889 371 2910 et
384 2880 572 2914 tioblcriauus,
588 2880 620 2909 ac
632 2881 804 2908 Felckmauui
820 2880 827 2906 l
846 2889 888 2907 an.
911 2885 969 2914 post
992 2888 1039 2913 με·

1087 2279 1252 2314 πολυαρχίαν
1275 2279 1406 2313 ἀναρχίαν
1422 2275 1500 2304 εἷναι.
1526 2277 1655 2303 Ἑκάοτου
1676 2276 1731 2311 γὰρ
1751 2276 1800 2311 τὴν
1822 2275 1870 2302 τοῦ

1087 2326 1179 2361 ἐτέρου
1205 2325 1290 2360 ἀρχὴν
1317 2324 1506 2359 ἀναιροῦντος,
1528 2323 1615 2354 οὐδεὶς
1638 2322 1761 2356 ἐφαίνετο
1778 2322 1871 2348 λοιπον

1087 2373 1100 2398 ὁ
1116 2372 1217 2406 ἄρχων,
1231 2370 1287 2396 ἀλλ’
1303 2368 1336 2405 ἢν
1350 2369 1465 2406 ἀναρχία
1482 2369 1557 2405 παρὰ
1576 2369 1668 2395 πᾶσιν.
1691 2368 1773 2394 Ἔνθα
1789 2368 1818 2394 δὲ
1833 2366 1871 2402 μὴ

1088 2417 1159 2443 ἐστιν
1172 2416 1272 2452 ἅρχων,
1284 2417 1341 2443 ἐκεῖ
1355 2415 1462 2444 πάντως
1477 2415 1573 2447 ἀταξία
1586 2415 1699 2448 γίνεται.
1713 2414 1768 2440 Καὶ
1783 2414 1873 2448 ἔμπα-

1088 2463 1128 2490 λιν
1148 2464 1164 2498 ἡ
1181 2463 1234 2490 τῶν
1252 2462 1355 2489 πολλῶν
1375 2462 1422 2489 καὶ
1435 2461 1569 2496 διαφόρων
1585 2461 1634 2495 μία
1654 2459 1730 2492 τάξις
1745 2459 1792 2486 καὶ
1807 2457 1872 2493 ὀμό-

1088 2515 1147 2534 νοια
1159 2507 1206 2534 ἕνα
1221 2507 1267 2533 καὶ
1279 2507 1323 2533 τὸν
1338 2506 1455 2542 ἄρχοντα
1466 2505 1593 2532 δείκνυσι.
1608 2505 1740 2540 Καθάπερ
1751 2503 1804 2539 γὰρ
1815 2503 1872 2538 (49)

1089 2565 1152 2596 λῶν,
1168 2565 1235 2600 πρὸς
1246 2565 1329 2592 ἑαυτά
1339 2565 1440 2591 addunt
1455 2572 1462 2589 :
1478 2558 1522 2600 alii
1536 2570 1596 2600 cum
1611 2562 1689 2589 editis
1699 2561 1836 2600 omittunt.

1125 2595 1195 2635 (47).
1212 2595 1274 2627 Hinc
1299 2601 1396 2635 verba.
1424 2598 1523 2635 sunt?)
1555 2597 1675 2635 omissuro
1694 2596 1744 2635 τὴν
1771 2595 1873 2635 τούτων

1090 2632 1318 2670 ἡγεμονεύουσαν,
1337 2634 1386 2660 κᾶν
1401 2632 1593 2670 μὴβλέπωμεν
1612 2633 1707 2670 αὐτὴν,
1723 2633 1818 2670 desunt
1847 2632 1871 2657 iu

1089 2665 1207 2697 FélF-km.
1225 2671 1242 2697 5
1256 2665 1336 2697 anon.
1353 2665 1418 2696 Ibid.
1432 2665 1551 2696 'Gobler."
1567 2672 1593 2694 et
1616 2665 1736 2694 Felekm.
1752 2665 1763 2693 ί
1790 2673 1872 2694 anon.

1093 2705 1225 2740 βλέπομεν
1239 2705 1346 2732 habent.

1138 2737 1183 2773 λίδὶ
1198 2740 1239 2766 Τά
1257 2740 1332 2767 deest
1347 2739 1372 2765 in
1391 2737 1540 2765 Basiliensi.

1138 2770 1183 2809 49)
1195 2775 1250 2810 Γάρ
1263 2774 1417 2810 Ιιίιεοάᾱιιιιι
1434 2772 1641 2810 εοεκᾷοδιέι.
1652 2770 1771 2810 EelckLl
1790 2778 1873 2798 anon.

1090 2806 1141 2836 Alii
1158 2806 1218 2837 cum
1237 2806 1317 2835 'nditis
1339 2806 1482 2836 omittunt.—
1499 2807 1565 2836 lbid.
1598 2806 1715 2835 Feb-lim.
1739 2806 1755 2833 5
1779 2813 1872 2840 auom,

1091 2845 1196 2873 ἀκούων
1212 2853 1258 2880 pro
1271 2844 1374 2871 ἀκούει.
