2037 3044
190 167 226 198 ’Π
773 167 903 197 ORATIO
921 167 1062 196 CONTRA
1080 165 1226 195 GENTES.
1784 162 1817 190 78

189 227 217 254 εί
228 234 269 266 τις
284 225 424 262 πόρρωθεν
442 225 535 252 ἀκούει
550 225 634 262 λύρας
650 226 683 252 ὲκ
703 225 807 252 πολλῶν
822 226 869 252 καὶ
889 224 980 259 διαφό-

1033 223 1200 251 diversorum
1213 229 1284 251 unus
1299 222 1366 250 ordo
1379 225 1405 250 et
1422 227 1581 254 consensus,
1601 219 1682 248 unius
1704 220 1819 248 rectoris

190 281 245 308 ρων
262 271 364 306 νευρῶν
378 271 435 306 (50)
453 271 647 307 συγκειμένης,
666 271 713 298 καὶ
729 270 864 308 θαυμάζοι
877 270 980 298 τούτων

188 318 238 354 τὴν
251 317 384 353 ἁρμονίαν
396 319 446 353 τῆς
460 317 628 353 συμφωνίας,
643 318 684 344 ὅτι
698 317 735 354 μὴ
750 318 817 354 μόνη
830 318 884 353 (51)
899 318 916 353 ἡ
933 317 981 351 βα-

190 365 250 400 ρεῖα
260 364 306 390 τὸν
316 361 382 399 ἦχον
393 363 530 395 ἀποτελεῖ,
546 363 612 399 μηδὲ
627 363 693 400 μόνη
705 364 722 400 ἡ
732 363 817 395 ὀξεῖα,
831 363 898 399 μηδὲ
912 363 980 399 μόνη

188 410 205 444 ἠ
223 409 304 444 μέση,
321 408 389 435 ἀλλά
406 409 491 435 πᾶσαι
506 408 577 435 κατὰ
589 408 639 444 τὴν
655 409 715 444 ίσην
729 410 886 436 ἀντίστασιν
896 410 980 445 ἀλλή-

187 455 249 486 λαις
263 454 424 490 ωνηχοῦσι·
442 455 489 481 καὶ
512 453 620 486 πάντως
646 455 678 481 ὲκ
700 454 803 482 τούτων
826 455 911 482 ὲννοεῖ
930 455 980 491 οὐχ

188 500 288 536 ἑαυτὴν
301 500 386 527 κινεῖν
398 499 448 535 τὴν
462 499 557 535 λύραν,
569 499 626 527 ἀλλ’
638 499 698 526 οὐδὲ
710 500 763 527 ὑπὸ
777 499 880 527 πολλῶν
896 500 980 537 αὐτὴν

188 544 337 572 τύπτεσθαι
346 552 354 560 ⁸
365 545 415 572 ἕνα
428 544 456 571 δὲ
470 542 538 571 εἶναι
552 545 742 580 μουσικὸν,τδν
756 545 873 580 ἑκάστης
881 546 980 581 νευρᾶς

188 589 255 626 ἦχον
271 590 339 626 πρὸς
355 591 404 627 τὴν
416 590 577 627 ἐναρμόνιον
600 592 759 626 συμφωνίαν
775 591 930 627 κεράσαντα
946 592 978 627 τῇ

189 637 340 673 ἐπιστήμῃ,
355 636 406 663 κᾶν
425 635 462 672 μὴ
475 636 570 664 τοῦτον
588 636 690 673 βλέπῃ·
709 636 781 663 οὕτω
795 637 979 673 παναρμονίου

188 681 272 718 οὔσης
284 683 333 718 τῆς
345 682 448 714 τάξεως
464 683 493 709 ὲν
506 682 544 718 τῷ
562 682 658 718 κόσμῳ
672 683 763 714 παντὶ,
779 683 826 709 καὶ
845 683 913 718 μήτε
925 682 980 709 τῶν

189 727 245 754 ἀνω
268 727 336 763 πρὸς
357 726 391 754 τὰ
415 728 499 759 κάτω,
519 728 587 763 μήτε
607 727 661 754 τῶν
681 728 757 754 κάτω
778 728 847 763 πρὸς
871 727 906 754 τά
925 728 980 755 ἀνω

189 773 399 806 στασιαζόντων,
410 773 478 800 ἀλλά
493 774 558 809 μιᾶς
569 773 623 800 τῶν
640 774 748 800 πάντων
762 774 980 810 ἀποτελουμένης

188 819 301 853 τάξεως,
317 819 366 847 ἕνα
379 820 427 846 καὶ
440 819 476 855 μὴ
493 819 606 852 πολλοὺς
619 821 688 846 νοεῖν
701 819 845 847 ἀκόλουθόν
866 821 924 846 ἐστι
935 820 980 847 τὸν

189 867 307 902 ἄρχοντα
321 867 369 893 καὶ
383 865 493 901 βασιλέα
506 867 556 902 τῆς
567 865 622 902 (52)
638 866 729 902 πάσης
740 867 865 899 κτίσεως,
881 867 927 893 τὸν
940 866 979 902 τῷ

189 913 287 941 ἑαυτοῦ
302 913 371 948 φωτὶ
386 912 420 940 τὰ
437 913 527 940 πάντα
547 913 762 949 καταλάμποντα
780 914 832 941 καί
840 914 976 942 κινοῦντα.

222 1046 265 1074 39.
285 1046 352 1073 Οὐδὲ
366 1046 421 1082 γὰρ
438 1046 552 1080 πολλοὺς
565 1044 635 1074 εἶναι
654 1047 694 1074 δεῖ
711 1047 830 1084 νομίζειν
847 1049 911 1081 τοὺς
927 1049 979 1084 τῆς

187 1093 302 1125 κτίσεως
317 1093 451 1129 ἄρχοντας
470 1093 518 1120 καὶ
537 1094 662 1129 ποιητὰς,
671 1094 739 1121 ἀλλά
752 1094 820 1131 πρὸς
837 1095 982 1122 εὐσέϐειαν

186 1138 288 1175 άκριὸῆ
302 1139 348 1166 καὶ
367 1138 496 1174 ἀλήθειαν
514 1139 563 1167 ἕνα
576 1140 622 1167 τὸν
639 1140 740 1176 ταύτης
756 1140 920 1178 δημιουργὸν
934 1149 980 1168 πι·

188 1184 291 1212 στεύειν
318 1185 467 1221 προσήκει·
494 1185 543 1213 καὶ
565 1186 645 1213 τοῦτο
669 1187 718 1222 τῆς
748 1186 864 1219 κτίσεως
893 1187 979 1222 αὐτῆς

186 1231 316 1266 ἐμφανῶς
338 1231 522 1267 δεικνυούσης.
549 1231 696 1268 Γνώρισμα
719 1233 774 1270 γὰρ
794 1233 914 1268 ἀσφαλὲς
930 1233 978 1261 τοῦ

186 1278 236 1305 ἕνα
253 1278 298 1304 τὸν
313 1277 428 1313 ποιητὴν
443 1275 512 1304 εἶναι
527 1278 575 1305 τοῦ
594 1279 695 1311 παντός
712 1280 772 1306 ἐστι
788 1279 878 1313 τοῦτο,
896 1280 927 1307 τὸ
941 1281 978 1317 μὴ

187 1323 302 1356 πολλοὺς
318 1324 374 1350 ἀλλ’
389 1324 438 1352 ἕνα
453 1322 522 1351 εἶναι
539 1324 585 1351 τὸν
602 1325 713 1360 κόσμον.
734 1325 807 1353 Ἔδει
820 1326 884 1362 γὰρ,
900 1325 979 1362 είπερ

185 1367 255 1405 ἦσαν
278 1369 370 1397 πολλοὶ
383 1370 449 1404 θεοὶ,
467 1370 582 1403 πολλοὺς
603 1369 671 1398 εἷναι
690 1372 742 1398 καῖ
759 1372 903 1408 διαφόρους
915 1374 979 1405 τοὺς

186 1416 314 1450 κόσμους.
331 1415 399 1443 οὔτε
418 1416 472 1452 γὰρ
489 1416 593 1452 ἔπρεπε
606 1418 670 1449 τοὺς
683 1417 797 1450 πολλοὺς
815 1418 863 1444 ἕνα
876 1418 979 1454 κόσμον

186 1461 478 1494 κατασκευάζειν,οῠτε
490 1463 536 1490 τὸν
547 1463 597 1490 ἕνα
609 1463 664 1490 ὑπὸ
675 1463 779 1491 πολλῶν
791 1464 927 1492 ποιεῖσθαι
935 1464 979 1492 διά

185 1505 219 1532 τὰ
232 1506 263 1532 ὲκ
275 1505 377 1533 τούτων
390 1506 554 1543 δεικνύμενα
565 1507 663 1535 ἄτοπα.
681 1508 793 1544 Πρῶτον
814 1510 864 1545 μὲν
884 1510 936 1543 ὃτι,
954 1511 979 1537 εἰ

250 1552 357 1600 πολλῶν
392 1550 434 1584 εἷς
445 1553 565 1600 ἐγεγόνει
575 1554 687 1589 κόσμος,
697 1555 824 1583 ἀσθένεια
837 1555 891 1583 τῶν
902 1565 980 1592 ποιη-
993 1572 1015 1600 c

187 1597 292 1624 σάντων
303 1595 336 1634 ἦν
347 1607 354 1613 ·
372 1599 413 1625 ὅτι
426 1600 458 1626 ὲκ
471 1599 578 1626 πολλῶν
590 1600 619 1627 ἓν
634 1600 714 1636 ἔργον
731 1601 897 1638 ἀπετελέσθη
909 1609 917 1617 ’
933 1603 981 1630 καὶ

186 1645 218 1670 ἐκ
229 1643 324 1671 τούτου
338 1643 482 1680 γνώρισμα
494 1646 525 1672 οὐ
538 1645 569 1672 τὺ
582 1646 662 1681 τυχὸν
674 1644 708 1681 ἦν
720 1647 772 1682 τῆς
784 1646 898 1679 ἀτελοῦς
915 1647 980 1674 εκά-

187 1698 251 1717 στου
265 1690 333 1726 πρὸς
345 1691 375 1718 τὸ
387 1693 472 1718 ποιεῖν
485 1692 651 1728 ἐπιστήμης.
665 1693 697 1719 Εἰ
710 1693 764 1729 γάρ
775 1694 855 1729 ἤρκει
868 1691 918 1726 εἷς,
930 1695 980 1722 οὑκ

187 1735 220 1763 ἂν
230 1737 255 1763 οἱ
263 1736 355 1763 πολλοὶ
362 1737 412 1773 τὴν
420 1737 542 1773 ἀλλήλων
550 1739 718 1774 ἀνεπλήρουν
728 1739 854 1774 ἔλλειψιν.
870 1741 913 1766 'Ev
921 1740 980 1776 Θεῷ

186 1781 315 1817 δὲλέγειν
327 1781 398 1810 εἷναί
408 1792 435 1810 τι
446 1783 571 1816 meme;
588 1785 619 1811 οὐ
633 1785 712 1820 μόνον
725 1786 832 1818 ἀσεὸὲς,
850 1786 917 1813 ἀλλὰ
930 1787 978 1813 καὶ

187 1828 258 1864 πέρα
272 1828 327 1855 τῶν
345 1829 483 1865 ἀθεμίτων
500 1829 568 1857 ἐστί.
588 1830 643 1857 Καὶ
659 1831 714 1866 γὰρ
735 1832 782 1858 καὶ
801 1832 927 1867 τεχνίτην
950 1833 980 1859 ὲν

187 1873 340 1910 ἀνθρώποις
357 1874 407 1901 οὐκ
422 1873 454 1902 ἄν
466 1883 508 1907 τις
523 1874 595 1901 εῐποι
615 1875 727 1908 τέλειον,
748 1875 815 1902 ἀλλά
829 1876 938 1913 ἀσθενῆ,
955 1878 979 1903 εί

188 1919 226 1954 μὴ
247 1920 337 1954 μόνος,
351 1919 419 1947 ἀλλά
445 1920 515 1956 μετά
531 1919 636 1947 πολλῶν
657 1921 686 1947 ἒν
707 1921 851 1957 ἀποτελοίη
877 1922 908 1948 τὸ
922 1922 978 1957 (55)

186 1963 277 2000 ἔργον.
298 1965 331 1992 Ei
351 1965 381 1993 δὲ
403 1965 518 1998 ἕκαστος
541 1966 591 2001 μὲν
611 1965 727 2000 ἠδύνατο
751 1967 782 1992 τὸ
801 1966 859 1993 ὃλον
879 1967 978 1994 ἀποτε-

187 2010 280 2044 λέσαι,
310 2012 334 2038 οἱ
358 2012 459 2044 πάντες
483 2012 512 2038 δὲ
533 2011 697 2047 εἰργάσαντο
723 2012 766 2039 διὰ
787 2012 837 2048 τὴν
858 2012 905 2039 τοῦ
935 2021 978 2047 γι-

187 2056 318 2092 γνομένου
331 2056 386 2092 (54)
399 2057 556 2084 κοινωνίαν·
572 2057 674 2092 γελοῖον
690 2057 738 2092 μὲν
750 2057 783 2084 ἂν
797 2059 838 2092 εἴη
851 2058 881 2084 τὺ
893 2058 979 2086 τοιοῦ-

187 2110 252 2134 τον,
277 2102 302 2128 εἰ
324 2101 381 2137 (55)
415 2102 459 2129 διὰ
489 2102 568 2136 δόξαν
595 2103 710 2134 ἕκαστος
743 2103 900 2139 εἰργάσατο·
934 2104 978 2130 ἵνα

189 2147 226 2183 μὴ
242 2147 280 2179 ὼς
299 2147 429 2180 ἀδύνατος
444 2148 592 2184 ὑηνοηθῇ.
611 2147 771 2181 Κενοδοξίαν
797 2149 825 2176 δὲ
845 2149 926 2176 πάλιν
949 2151 978 2176 ἐν

188 2191 260 2223 θεοῖς
274 2190 363 2226 λέγειν
376 2192 430 2219 τῶν
443 2193 624 2220 ἀτοπωτάτων
639 2194 722 2220 ἐστίν.
740 2194 865 2225 Ἔπειτα,
882 2196 906 2221 εἰ
918 2195 979 2222 ἕκα-

189 2245 252 2269 στος
268 2238 358 2270 ἱκανὸς
371 2238 426 2274 (56)
440 2237 474 2274 ἧν
488 2239 557 2275 προς
578 2239 627 2274 τὴν
647 2239 694 2266 τοῦ
708 2239 768 2266 ὅλου
785 2239 976 2277 δημιουργίαν,
993 2254 1015 2282 D

187 2282 230 2314 τίς
241 2283 258 2317 ἡ
271 2283 351 2318 χρεία
364 2283 417 2310 τῶν
431 2283 536 2311 πολλῶν
549 2304 556 2316 ,
570 2285 628 2316 ἑνὸς
648 2284 802 2320 αὐτάρκους
817 2287 976 2321 γιγνομένου

189 2328 258 2363 πρὸς
273 2328 304 2355 τὸ
318 2329 389 2362 xiv;
406 2329 492 2362 άλλως
505 2338 535 2357 τε
550 2330 647 2362 ἀσεϐὲς
657 2331 704 2357 καὶ
715 2330 813 2357 ἄτοπον
824 2331 857 2358 ἂν
872 2333 977 2369 φανείη,

188 2376 213 2402 εί
227 2375 258 2402 τὺ
275 2376 325 2411 μὲν
342 2375 446 2412 ποίημα
463 2376 492 2403 ἓν
502 2377 641 2413 τυγχάνει,
653 2377 678 2403 οἱ
697 2377 725 2403 δὲ
740 2378 901 2413 ποιήσαντες
923 2377 980 2404 διά-

188 2429 267 2456 φοροι
281 2421 328 2447 καὶ
342 2420 452 2453 πολλοὶ,
470 2421 550 2456 λόγου
565 2422 640 2454 ὗντος
654 2423 768 2457 φυσικοῦ
788 2423 818 2450 τὸ
835 2423 863 2449 ἓν
877 2423 923 2449 καὶ
935 2423 978 2449 τέ-

187 2466 260 2493 λειον
283 2466 337 2493 τῶν
360 2466 497 2503 διαφόρων
523 2470 646 2504 κρεῖττον
672 2467 752 2497 εἶναι,
777 2469 832 2495 Καὶ
855 2468 934 2495 τοῦτο
949 2468 977 2496 δὲ

189 2511 286 2544 ἰστέον,
305 2512 357 2545 ὃτι,
373 2514 398 2539 εἰ
410 2513 463 2540 ὑπὸ
475 2513 580 2540 πολλῶν
590 2515 604 2541 ὀ
619 2514 720 2549 κόσμος
732 2515 851 2549 ἐγεγόνει
863 2535 870 2548 ,
887 2515 986 2550 διαφόι

187 2599 280 2661 δῶςςο)
305 2599 417 2637 Seguer.
435 2601 546 2630 Gobler.
563 2607 590 2630 et
619 2602 739 2631 Felckm.
754 2604 766 2630 1
793 2611 890 2636 auom,
907 2613 972 2640 χορ-

224 2655 280 2706 (ἐι)
292 2671 338 2709 §ic
352 2671 532 2709 δοκιμῇ-,μῆ
545 2680 607 2700 cum
621 2673 805 2709 editispévov.
818 2674 900 2701 Paulo
916 2680 977 2709 post

188 2713 236 2739 pro
253 2706 318 2741 μηδὲ
335 2707 413 2746 μόνη,
426 2708 452 2735 in
467 2707 575 2735 Gobler.
593 2712 622 2736 et
640 2706 760 2736 Felck'm.
775 2710 787 2737 1
803 2717 885 2737 anon.
907 2706 975 2746 legi-

189 2748 233 2767 tur
247 2747 348 2768 tantqu
363 2743 390 2777 ἦ.
935 2743 947 2746 ’

194 2810 202 2811 7
225 2775 282 2809 (52)
295 2776 351 2811 Τῆς
364 2779 441 2804 abest
455 2784 469 2803 a
481 2777 564 2805 Basil.
576 2778 641 2805 Ibid.
655 2779 690 2806 τά
700 2784 763 2807 ante
775 2780 864 2807 πάντα
875 2781 976 2809 habent

189 2810 395 2850 seguer.Angl.
411 2812 491 2840 Gobl.
516 2817 543 2841 et
565 2813 684 2842 Felckm.
706 2815 719 2842 1
737 2823 818 2844 anon.
841 2817 891 2843 Alii
913 2824 974 2844 cum

190 2847 272 2872 editis
287 2847 425 2874 omittunt.

226 2880 281 2942 (E335?
296 2881 332 2927 Τό
344 2887 406 2908 ante
423 2881 503 2925 ἔργον
520 2882 620 2924 habent
633 2883 854 2925 Seguer.A_nglic.
867 2886 976 2915 Gobler.

254 2915 322 2942 eck.
340 2916 445 2942 ianou.
462 2919 514 2942 bed
534 2919 578 2942 alu
593 2925 617 2942 rt
636 2922 699 2942 mlm
716 2925 853 2942 ιηηιιιιιιιι.

191 2920 218 2942 et
232 2915 322 2944 Felck.
340 2915 445 2944 lanuu.
462 2915 514 2946 Sed
534 2919 579 2946 alii
593 2925 618 2948 et
636 2915 700 2947 editi
716 2915 854 2948 ornittunl.

1033 273 1138 295 certum
1153 267 1284 295 indicium
1304 271 1356 295 est.
1374 265 1607 300 Quemadmodum
1629 264 1701 292 enim
1717 265 1740 292 si
1756 264 1819 299 quis

1031 316 1118 352 lyram
1131 323 1164 344 ex
1178 315 1270 343 multis
1282 319 1309 342 et
1317 314 1400 342 variis
1413 313 1522 342 chordis
1536 313 1713 348 compositam
1725 312 1819 346 procul

1031 362 1161 396 audierit,
1176 370 1292 398 quarum
1305 365 1468 389 concentum
1487 364 1514 387 et
1536 359 1706 387 harmoniam
1732 358 1819 386 admi-

1031 413 1116 441 retur,
1133 407 1205 444 quod
1219 407 1322 435 scilicet
1331 414 1384 433 non
1401 405 1458 434 sola
1472 405 1577 440 gravis,
1598 411 1648 432 nec
1663 403 1720 431 sola
1739 407 1819 431 acuta

1031 459 1078 481 aut
1088 453 1144 481 sola
1160 452 1249 480 media
1261 459 1357 479 sonum
1372 450 1481 484 eiliciat,
1498 450 1544 478 sed
1560 457 1654 478 omnes
1670 449 1728 484 pari
1747 447 1822 477 velut

1033 499 1208 528 contentione
1219 498 1290 526 inter
1303 504 1333 525 se
1347 500 1498 524 consonent
1510 505 1517 524 :
1533 503 1568 524 ex
1578 495 1622 523 bis
1639 494 1719 529 plane
1736 494 1816 522 intel-

1031 546 1091 581 ligit
1111 546 1198 581 lyram
1217 552 1270 572 non
1293 543 1404 579 quidem
1419 551 1434 570 ο
1450 542 1539 578 seipsa
1557 542 1671 575 moveri,
1692 547 1781 575 neque
1803 548 1818 568 a

1031 591 1124 619 multis
1147 590 1261 626 pulsari,
1275 589 1323 617 sed
1340 596 1423 616 unum
1442 595 1502 616 esse
1516 587 1649 615 musicum
1665 587 1712 622 qui
1728 586 1820 621 singu-

1031 637 1117 665 larum
1133 637 1295 664 chordarum
1309 642 1404 663 sonum
1416 634 1449 661 ad
1463 633 1622 661 concordem
1630 638 1657 660 et
1670 633 1818 667 perrectum

1031 689 1194 710 concentum
1218 689 1266 709 sua
1290 686 1349 709 arte
1375 679 1573 712 accommodet,
1589 680 1714 715 quamvis
1743 678 1818 706 illum

1031 729 1142 756 minime
1161 727 1263 756 videat.
1282 726 1320 754 Ita
1342 734 1403 754 cum
1424 726 1450 753 in
1467 726 1594 753 universo
1616 724 1718 752 mundo
1738 731 1820 758 quau:

1031 774 1187 809 aptissimus
1201 773 1237 800 sit
1253 773 1330 805 ordo,
1346 780 1434 807 neque
1447 772 1588 807 superiora
1607 770 1737 798 adversus
1752 769 1821 797 inle-

1031 820 1116 852 riora,
1129 819 1170 847 vel
1190 818 1320 846 inferiora
1335 819 1468 846 adversus
1489 817 1631 852 superiora
1656 815 1819 845 dissideant.

1031 867 1078 894 sed
1090 874 1173 894 unum
1193 865 1317 893 ordinem
1328 865 1418 893 omnia
1430 864 1558 898 eﬂlciant,
1573 870 1744 898 consequens
1752 870 1820 890 sane

1029 913 1113 940 fuerit
1125 917 1154 940 ut
1169 919 1224 940 non
1239 911 1340 940 multos
1365 911 1413 939 sed
1428 918 1513 938 unum
1534 910 1618 938 totius
1635 909 1754 937 universi
1769 909 1820 937 im-

1029 963 1182 994 peratorem
1199 962 1228 986 et
1243 957 1456 990 moderatorem,
1479 956 1527 992 qui
1539 955 1630 984 omnia
1655 962 1704 983 suo
1718 954 1820 983 lumine

1029 1005 1171 1033 eollustret
1184 1008 1213 1032 et
1225 1007 1342 1038 moveat,
1358 1010 1419 1032 esse
1431 1002 1623 1038 intelligamus.

1065 1052 1112 1079 59.
1125 1051 1181 1079 Nec
1196 1050 1269 1078 enim
1291 1049 1440 1085 putandum
1460 1054 1503 1089 est
1522 1048 1623 1076 multos
1635 1054 1697 1076 esse
1718 1051 1821 1075 natura:

1029 1102 1150 1126 rectores
1163 1100 1192 1124 et
1206 1095 1349 1124 eﬂ'ectores
1363 1104 1370 1123 :
1386 1095 1434 1123 sed
1446 1101 1528 1122 unum
1541 1093 1612 1121 illius
1621 1093 1747 1128 opiﬁcem
1761 1101 1822 1121 cre-

1030 1144 1106 1176 dere,
1120 1150 1257 1178 germanae
1271 1141 1380 1178 pietatis
1395 1145 1423 1169 et
1444 1140 1570 1169 veritatis
1593 1144 1648 1172 est,
1674 1139 1756 1174 idque
1776 1140 1820 1167 vel

1030 1189 1089 1224 ipsa
1101 1194 1198 1217 natura
1211 1193 1306 1224 aperte
1322 1187 1456 1216 declarat.
1473 1187 1616 1222 Siquidem
1631 1185 1820 1214 ﬁrmissimum

1030 1235 1097 1264 illud
1110 1240 1300 1271 argumentum
1308 1239 1351 1262 est
1361 1241 1445 1263 unum
1459 1232 1582 1262 universi
1592 1240 1654 1261 esse
1669 1236 1820 1264 auctorem.

1030 1281 1103 1318 quod
1118 1281 1222 1310 scilicet
1231 1289 1284 1309 non
1293 1281 1369 1308 multi
1383 1280 1432 1309 sed
1447 1287 1517 1307 unus
1526 1280 1562 1308 sit
1576 1280 1705 1308 mundus.
1716 1279 1783 1309 Nam
1797 1279 1821 1306 si

1031 1327 1107 1355 multi
1122 1332 1214 1355 essent
1231 1327 1278 1359 dii,
1295 1326 1394 1354 multos
1422 1330 1451 1354 et
1470 1326 1593 1354 diversos
1619 1326 1734 1355 mundos
1760 1331 1822 1356 esse

1030 1375 1179 1407 oporteret.
1195 1371 1288 1407 Neque
1300 1372 1374 1399 enim
1386 1372 1465 1400 decet
1478 1371 1521 1398 vel
1532 1371 1632 1399 multos
1644 1379 1728 1399 unum
1742 1378 1833 1398 mun-r

1030 1417 1096 1445 dum
1110 1423 1283 1450 construere,
1303 1417 1347 1445 vel
1358 1425 1443 1445 unum
1456 1425 1472 1444 a
1485 1416 1579 1444 multis
1588 1416 1718 1445 :ediﬂcari
1734 1423 1741 1443 :
1758 1416 1831 1445 hinc,

1030 1463 1103 1490 enim
1125 1470 1178 1490 non
1199 1470 1286 1497 pauca
1309 1463 1427 1490 absurda
1453 1466 1642 1497 sequerentur.
1657 1461 1777 1490 Primum
1797 1461 1821 1488 si

1030 1516 1101 1536 unus
1116 1509 1231 1536 mundus
1248 1508 1376 1536 avmultis
1396 1508 1498 1542 iactus.
1521 1512 1606 1541 esset,
1627 1508 1654 1536 id
1677 1513 1820 1536 auctorqu

1032 1554 1245 1583 imbecillitatem
1264 1560 1402 1590 argueret,
1418 1560 1514 1590 utpote
1527 1562 1589 1582 cum
1602 1562 1617 1581 a
1629 1554 1724 1582 multis
1737 1562 1820 1581 unum

1031 1608 1099 1636 opus
1114 1600 1210 1628 fuisse!
1223 1600 1377 1628 confectum
1394 1607 1467 1628 :nec
1478 1599 1538 1628 leve
1557 1600 1679 1634 profecto
1703 1599 1730 1627 id
1749 1603 1822 1627 esset

1031 1646 1138 1681 signum
1152 1646 1318 1681 imperfectae
1336 1646 1503 1681 singulorum
1521 1645 1554 1673 ad
1567 1645 1720 1673 faciendum
1732 1645 1822 1672 scien-

1031 1692 1086 1719 tiae.
1108 1692 1252 1719 Enimvero
1268 1691 1292 1719 si
1308 1699 1378 1719 unus
1395 1691 1555 1725 sullfciebat,
1581 1697 1634 1718 nou
1660 1690 1738 1718 multi
1759 1698 1820 1717 mu-

1032 1743 1105 1765 tuam
1118 1737 1237 1772 iuopiam
1252 1737 1406 1772 explerent.
1425 1737 1508 1772 Atqui
1533 1737 1560 1764 in
1582 1736 1636 1764 Deo
1659 1736 1762 1771 aliquid
1775 1737 1821 1763 de-

1031 1789 1102 1815 esse,
1117 1789 1170 1810 non
1189 1782 1280 1810 solum
1295 1783 1369 1810 dictu
1382 1783 1492 1817 impium
1517 1787 1570 1815 est,
1587 1783 1634 1810 sed
1649 1790 1730 1810 omne
1743 1781 1822 1810 nefas

1030 1832 1152 1863 superat.
1168 1827 1276 1864 Quippe
1290 1835 1340 1856 nec
1351 1828 1432 1856 etiam
1449 1829 1520 1855 inter
1535 1828 1660 1856 homines
1671 1828 1821 1864 perlectum

1031 1873 1162 1900 artillcem
1177 1872 1225 1900 sed
1240 1871 1404 1900 imbecillem
1417 1872 1642 1908 appellaverimus
1654 1893 1662 1906 ,
1692 1873 1740 1908 qui
1764 1879 1820 1900 nou

1030 1917 1104 1944 solus
1117 1917 1165 1945 sed
1183 1924 1243 1945 cum
1261 1917 1354 1946 multis
1373 1925 1455 1945 unum
1475 1924 1543 1953 opus
1560 1918 1719 1946 absolverit.
1737 1919 1815 1953 Quod

1029 1963 1052 1990 si
1067 1963 1189 1998 singulos
1204 1963 1333 1992 mundum
1357 1964 1516 1992 universum
1541 1964 1660 1993 condere
1685 1965 1819 2000 potuisse,

1029 2009 1077 2037 sed
1088 2017 1182 2037 omnes
1199 2015 1310 2045 propter
1324 2010 1418 2046 aperis
1438 2009 1676 2043 communitatem,
1696 2015 1818 2038 mutuam

1029 2063 1139 2090 operam
1155 2056 1306 2084 contulisse
1322 2057 1429 2084 dicatur
1445 2065 1452 2084 :
1465 2056 1531 2084 illud
1544 2064 1610 2084 sane
1627 2057 1819 2092 perridiculqu

1029 2101 1121 2134 fuerit,
1135 2101 1158 2129 si
1173 2102 1266 2137 gloriae
1280 2102 1473 2137 comparanda:
1495 2109 1577 2130 causa
1592 2102 1692 2137 singuli
1712 2102 1820 2130 labora-

1028 2148 1128 2182 verint,
1141 2156 1175 2176 ue
1186 2147 1360 2187 3~1_scilicet
1373 2149 1434 2184 quis
1445 2156 1538 2176 eorum
1553 2149 1687 2184 impotens
1701 2153 1728 2175 et
1739 2148 1822 2176 intlr-

1029 2203 1088 2223 mus
1102 2196 1257 2224 haberetur.
1276 2195 1385 2224 lnanem
1399 2196 1471 2224 enim
1487 2201 1515 2224 et
1529 2203 1626 2224 vanam
1641 2195 1754 2231 gloriam
1768 2195 1820 2223 diis

1030 2242 1165 2269 ascribere
1176 2242 1282 2270 nonnisi
1290 2242 1486 2276 perabsurdum
1497 2242 1582 2270 videri
1594 2245 1694 2276 potest.
1708 2240 1819 2271 Deinde.

1029 2287 1052 2315 si
1069 2287 1166 2321 singuli
1185 2287 1219 2314 ad
1235 2288 1354 2315 universi
1376 2287 1539 2316 creationem
1561 2287 1650 2315 idonei
1659 2292 1746 2319 erant,
1755 2287 1821 2322 quid

1031 2333 1122 2361 multis
1134 2341 1201 2368 opus
1214 2333 1273 2367 fuit,
1285 2341 1347 2361 cum
1359 2341 1428 2361 unus
1436 2329 1469 2361 ad
1481 2334 1572 2361 omnia
1586 2332 1819 2366 suﬂiceret?quod

1030 2380 1137 2414 quidem
1151 2380 1286 2415 prmipue
1301 2380 1412 2415 impium
1433 2384 1460 2407 et
1474 2379 1621 2407 absurdum
1636 2379 1782 2411 videbitur,
1796 2379 1822 2408 si

1030 2433 1098 2460 opus
1113 2433 1195 2452 unum
1210 2425 1303 2458 fuerit,
1319 2430 1444 2453 auctores
1459 2430 1549 2452 autem
1572 2425 1640 2452 varii
1665 2429 1694 2452 et
1721 2424 1818 2458 multi;

1030 2470 1130 2505 quippe
1154 2476 1216 2496 cum
1234 2470 1304 2497 ratio
1321 2470 1454 2497 naturalis
1477 2469 1573 2497 doceat
1587 2477 1669 2496 unum
1686 2473 1713 2496 et
1730 2469 1818 2503 perfe-

1032 2519 1104 2542 ctum
1117 2513 1230 2542 diversis
1245 2513 1358 2542 multum
1377 2519 1518 2549 praestare.
1538 2514 1566 2542 ld
1588 2513 1819 2542 etiam-silendum

1064 2605 1120 2640 (51)
1134 2604 1243 2633 Gobler.
1257 2605 1377 2633 Felckm.
1392 2605 1405 2632 1
1430 2613 1514 2634 anon.
1530 2605 1690 2642 et.Anglic.,
1703 2605 1818 2641 γενομέ-
1855 2610 1859 2614 ’

1030 2648 1075 2666 νου
1079 2660 1085 2666 ,

1066 2674 1122 2712 (55)
1138 2674 1301 2712 Ροιιιίςιιιοηι
1318 2676 1346 2703 δέ
1359 2677 1424 2705 editi
1444 2677 1489 2705 hic
1499 2677 1643 2712 habebant,
1664 2684 1724 2712 quae
1742 2676 1825 2704 abesu

1030 2716 1045 2736 a
1068 2711 1180 2745 Seguer.
1203 2710 1314 2747 Gobler.
1336 2712 1442 2747 Anglic.
1466 2712 1548 2740 Basil.
1580 2710 1729 2740 FelckriiJ
1752 2718 1779 2739 et
1799 2711 1818 2738 εὶ

1029 2753 1110 2772 anon.
1124 2752 1174 2773 nec
1188 2753 1248 2773 eam
1265 2746 1326 2780 legit
1339 2746 1516 2774 Ouiuihonus.
1536 2747 1563 2774 In
1586 2747 1645 2774 aliis
1667 2755 1731 2775 mss.
1751 2747 1826 2782 legi-.
1846 2772 1857 2781 δ

1029 2785 1083 2813 tur,
1099 2789 1213 2814 eamque
1232 2783 1384 2816 exprimunt
1402 2783 1528 2810 Ambros.
1556 2782 1679 2810 Carunld.
1696 2789 1722 2811 ct
1743 2782 1817 2810 Nau-

1028 2816 1107 2852 uius.
1120 2816 1178 2852 sed,
1186 2816 1273 2852 omitti
1294 2817 1393 2844 debere
1405 2825 1437 2844 ex
1455 2825 1534 2845 sensu
1549 2821 1632 2852 patet.

1064 2851 1121 2888 (5’6)
1135 2851 1253 2879 Feb-km.
1263 2852 1378 2888 Senem,
1392 2852 1512 2884 δυνατός.
1527 2851 1609 2881 Paulo
1625 2857 1684 2888 post
1699 2852 1814 2888 Seguet'.

1031 2886 1175 2922 αὐτάρκως
1191 2895 1239 2922 pro
1255 2887 1407 2922 αὐτάρκους
1422 2889 1513 2916 habet.
