2037 3044
243 137 279 166 79
525 139 555 168 S.
577 138 764 167 ATHANASII
783 140 860 168 OPP.
877 139 967 167 PARS
985 140 1007 166 l.
1027 155 1061 167 —.
1079 138 1263 167 HISTORICA
1282 138 1326 166 ET
1346 138 1558 167 DOGMATICA.
1823 139 1861 167 80

243 205 298 225 non
315 201 366 229 est,
382 197 404 224 si
419 205 433 224 a
446 198 536 225 multis
552 197 637 225 iactus
650 202 694 226 est
716 199 843 232 mundus,
860 200 980 228 diversos
997 204 1024 227 et

1078 207 1138 235 ρους
1149 198 1203 234 (57)
1213 198 1270 234 εἶχε
1281 199 1388 231 καὶτὰς
1401 199 1522 234 κινήσεις
1540 197 1586 224 καὶ
1601 197 1743 233 ἀνομοίους
1756 197 1858 234 ἑαυτῷ.

244 242 296 269 sibi
312 242 362 277 ipsi
382 241 526 270 dissimiles
539 246 628 270 motus
647 242 785 271 habuisse.
805 242 873 271 Nam
891 243 950 272 ﬁeri
971 251 1025 272 non

242 287 332 322 potuit
348 286 412 322 quin
428 287 460 313 ad
480 286 603 322 singulos
623 293 749 317 auctores
766 289 916 325 respiciens
935 290 1026 318 varios

244 337 333 360 motus
353 333 488 362 habuerit.
511 332 540 360 ln
557 333 603 361 illa
628 339 720 362 autem
740 336 884 369 varietate,
900 341 931 364 ut
945 344 1026 372 supra

245 377 348 405 dictum
361 382 412 411 est,
430 377 532 405 nullum
554 386 648 408 rursus
667 381 733 408 ordo
751 381 777 409 in
800 383 902 409 mundo
922 382 1026 410 servari

242 429 346 459 posset,
371 425 418 452 sed
436 425 548 453 confusa
571 430 599 454 et
626 428 782 462 perturbata
809 428 898 456 omnia
926 428 1025 456 forent.

241 469 308 497 Nam
323 478 372 498 nec
385 471 462 499 navis
472 478 488 498 a
503 472 596 499 multis
605 472 754 507 gubernata
774 477 850 501 recto
864 480 943 501 cursu
961 473 1025 501 ferri

241 521 341 551 potest,
357 517 409 544 nisi
422 517 480 551 ejus
495 517 601 545 clavum
620 525 690 545 unus
701 518 866 552 gubernator
882 519 1000 546 tenuerit
1017 529 1024 546 ;

241 569 291 589 nec
307 562 365 598 lyra
379 570 394 589 a
408 562 499 590 multis
510 562 615 598 pulsata
631 563 780 598 perlectum
794 569 953 591 concentum
968 563 1026 591 clli-

241 607 306 639 ciet,
320 608 373 635 nisi
384 608 504 636 musicus
518 616 587 636 unus
597 616 660 636 eam
675 609 851 644 percusserit.
865 609 953 643 Quare
965 618 1026 637 cum

241 660 294 681 una
307 653 342 680 sit
356 659 447 682 creata
463 658 572 687 natura,
583 659 610 682 et
624 654 738 682 mundus
751 662 823 683 unus
835 663 866 682 ac
879 663 948 683 unus
957 655 1028 683 illius

240 698 308 726 ordo
324 707 331 725 :
347 707 429 727 unum
453 707 560 735 quoque
574 700 633 734 ejus
645 705 780 728 rectorem
793 706 821 728 et
834 701 959 736 opiﬁcem
973 701 1026 728 Do-

241 745 343 772 minum
356 753 416 773 esse
434 745 638 781 intelligendum
658 751 711 774 est.
727 747 867 781 Siquidem
891 754 921 774 ea
945 746 1027 774 etiam

241 790 275 818 de
296 799 379 818 causa
407 792 464 827 ipse
490 791 580 826 opifex
606 792 764 820 universum
792 793 919 820 mundum
945 800 1027 820 unum

187 855 192 863 .
241 835 317 870 fecit,
332 842 362 864 ut
377 845 410 865 ne
422 838 515 866 multis
532 839 697 868 constructis
710 840 787 867 multi
797 847 905 875 quoque
918 840 1027 875 opiﬁces

1076 245 1149 281 Πρὸς
1161 245 1276 272 ἕκαστον
1291 245 1345 282 γάρ
1366 245 1420 272 τῶν
1433 244 1603 280 ποιησάντων
1614 244 1784 277 ἀποϐλέπων,
1803 244 1862 272 δια-

1076 292 1175 328 φόρους
1191 290 1246 327 εἶχε
1266 293 1313 318 καὶ
1339 291 1389 324 τὰς
1410 292 1541 327 κινήσεις.
1559 290 1614 327 (58)
1639 290 1682 318 Ἐν
1701 290 1729 318 δὲ
1749 292 1782 326 τῇ
1802 291 1862 318 δια-

1076 338 1156 373 φορᾷ,
1170 337 1294 373 καθάπερ
1307 337 1415 374 εἴρηται
1435 337 1582 373 πρότερον,
1597 337 1677 364 πάλιν
1694 335 1728 373 ἦν
1740 337 1863 372 ἀκοσμία

1076 384 1182 411 καὶτοῦ
1200 384 1298 416 παντὸς
1309 384 1421 417 ἀταξία’
1437 383 1532 419 ἐπειδὴ
1548 383 1608 410 οὐδὲ
1633 383 1700 415 ναῦς
1718 384 1770 410 ὑπὸ
1793 384 1862 410 πολ-

1076 428 1128 454 λῶν
1143 428 1335 464 κυῆερνωμένη
1355 428 1416 455 κατ’
1437 428 1516 463 ὀρθὸν
1534 428 1708 460 πλευσεῖται,
1723 429 1748 454 εί
1766 428 1803 464 μή
1819 426 1861 460 ετς

1075 473 1177 509 ταύτης
1193 474 1255 506 τοὺς
1272 473 1366 505 οἴακας
1380 473 1493 509 κρατοίη
1511 473 1697 509 κυϐερνήτηςλ
1712 474 1771 501 οὐδὲ
1791 473 1861 510 λύρα

1076 519 1129 546 ὑπὸ
1154 519 1258 546 πολλῶν
1277 519 1428 555 κρουομένη
1461 519 1606 554 σύμφωνον
1635 519 1793 546 ἀποτελέσει
1814 520 1861 547 τὸν

1075 562 1151 599 ἦχον,
1166 565 1190 590 εἰ
1203 564 1240 600 μὴ
1253 561 1292 595 εἷς
1303 564 1317 589 6
1333 563 1434 598 ταύτην
1448 564 1570 599 πλήττων
1582 563 1624 599 ειη
1640 564 1775 600 τεχνίτης.
1790 565 1862 592 Οὐκ-

1075 609 1123 635 οὖν
1139 609 1204 644 μιᾶς
1225 609 1309 645 οῡσης
1327 610 1377 645 τῆς
1387 610 1512 641 κτίσεως,
1525 609 1572 636 καὶ
1588 609 1646 641 ἐνὸς
1657 609 1733 641 δντος
1748 610 1862 645 κόσμου,

1077 655 1121 681 καὶ
1135 656 1198 690 μιᾶς
1220 655 1268 690 τῆς
1289 656 1384 682 τούτου
1403 655 1522 688 τάξεως,
1539 656 1587 682 ἕνα
1603 655 1642 681 δεῖ
1660 656 1728 682 νοεῖν
1746 655 1800 691 (59)
1815 655 1864 683 καὶ

1076 700 1120 726 τὸν
1144 700 1245 736 ταύτης
1271 701 1382 736 βασιλέα
1410 701 1458 728 καὶ
1484 701 1648 737 δημιουργὸν
1673 701 1784 737 Κύριον.
1813 702 1864 729 Διά

1076 745 1155 773 τοῦτο
1167 746 1221 782 γὰρ
1234 747 1281 774 καὶ
1295 747 1376 779 αὐτὸς
1392 748 1407 773 ὁ
1418 747 1582 782 δημιουργὸς
1596 746 1644 773 ἕνα
1657 747 1703 773 τὸν
1719 746 1865 781 σύμπαντα

1077 791 1177 827 κόσμον
1194 792 1356 828 πεποίηκεν,
1382 792 1425 820 ἵνα
1448 793 1485 828 μὴ
1501 794 1534 827 τῇ
1552 792 1606 819 τῶν
1618 792 1724 818 πολλῶν
1736 792 1865 819 συστάσει

1078 838 1168 865 πολλοὶ
1185 839 1232 865 καὶ
1247 839 1271 865 οἱ
1284 838 1444 875 δημιουργοὶ
1456 839 1616 874 νομίζοιντο,
1631 838 1686 865 ἀλλ’
1706 838 1765 870 ἑνὸς
1787 837 1865 870 ὄντος

241 887 412 917 putarentur,
429 885 475 912 sed
495 889 525 912 ut
540 892 623 920 opere
637 893 690 913 uno
707 886 866 920 exsistente,
878 894 947 914 unus
958 894 1026 921 quo-

1078 885 1123 912 τοῦ
1138 886 1298 920 ποιήματος,
1311 882 1350 917 εἷς
1362 885 1409 912 καὶ
1428 886 1442 912 6
1454 885 1547 911 τούτου
1563 884 1676 920 ποιητὴς
1693 884 1864 919 πιστεύηται.

241 936 294 962 que
318 930 377 963 ejus
400 935 494 958 auctor
512 937 573 959 esse
585 931 754 959 crederetur.
777 930 834 959 Nec
856 935 946 959 tamen
964 931 1027 965 quia

242 982 312 1002 unus
333 980 375 1002 est
392 975 515 1008 eﬁ'ector,
539 984 609 1004 unus
626 983 735 1012 qucque
748 981 791 1004 est
812 977 937 1004 mundus.
958 976 1027 1004 Nam

241 1020 310 1047 alios
323 1021 404 1048 etiam
420 1022 533 1050 mundos
545 1023 615 1050 Deus
624 1022 750 1051 fabricari
766 1027 881 1058 poterat.
898 1022 952 1051 Sed
964 1023 1028 1057 quia

241 1075 312 1094 unus
325 1072 367 1095 est
390 1069 506 1096 mundus
526 1068 572 1103 qui
587 1073 696 1097 creatus
712 1073 762 1102 est,
780 1068 840 1104 ejus
854 1076 963 1104 quoque
980 1068 1028 1103 {fa-

241 1113 406 1141 hricatorem
420 1122 503 1141 unum
519 1122 582 1142 esse
594 1115 707 1143 credere
722 1122 833 1143 necesse
851 1120 903 1144 est.

276 1159 425 1187 40.Verum
434 1161 557 1195 quisnam
569 1162 675 1189 tandem
687 1161 731 1189 ille
742 1161 800 1188 est?
813 1160 842 1189 ld
856 1161 927 1188 enim
940 1161 966 1188 in
974 1161 1029 1196 pri-

243 1205 294 1232 mis
303 1205 442 1234 declarare
449 1207 576 1240 etdicere
582 1214 671 1242 opera:
687 1207 803 1242 pretium
814 1207 909 1239 fuerit,
920 1214 954 1234 ne
966 1206 1028 1242 quis

241 1250 325 1286 hujus
338 1251 509 1286 ignoratione
521 1252 662 1284 seductus,
681 1253 766 1280 alium
781 1260 842 1281 esse
862 1253 1027 1288 suspicetur,

241 1302 270 1324 et
283 1297 310 1324 in
324 1298 446 1326 eamdem
459 1298 546 1326 denuo
557 1299 733 1334 impietatem,
747 1307 828 1334 quam
843 1307 924 1334 supra
937 1307 1028 1334 περι-οι

241 1343 396 1377 hendimus,
411 1344 562 1372 delabatur.
580 1345 705 1373 Arbitror
718 1350 807 1372 autem
828 1345 962 1372 neminem
977 1345 1028 1372 hac

242 1388 276 1416 de
292 1397 321 1416 re
333 1390 390 1424 jam
402 1390 548 1426 ambigere.
560 1391 664 1419 Etenim
684 1391 707 1419 si
721 1398 789 1426 quos
799 1396 884 1426 poeta:
894 1391 958 1418 deos
969 1398 1028 1418 esse

243 1433 348 1466 dicunt,
368 1442 422 1462 non
436 1443 496 1463 esse
509 1436 573 1464 deos
589 1441 680 1464 nostra
694 1437 818 1464 oratione
838 1437 1026 1471 probavimus,

243 1481 469 1516 ostendimusque
484 1482 545 1510 illos
563 1490 657 1511 errare
675 1483 720 1518 qui
740 1490 796 1511 rem
814 1487 933 1511 creatam
948 1483 1025 1511 deum

243 1525 355 1559 faciunt,
369 1531 397 1554 et
409 1528 553 1556 universim
565 1528 683 1564 gentium
693 1528 883 1561 idololatriam,
893 1535 1024 1556 summam

243 1571 410 1606 impietatem
427 1580 487 1601 esse
501 1575 669 1602 convicimus
684 1583 691 1601 :
710 1574 763 1602 diis
776 1573 829 1601 illis
843 1574 965 1606 sublatis,
977 1581 1025 1601 ne-

242 1621 321 1643 cesse
335 1620 376 1643 est
390 1617 502 1646 omnino
519 1618 590 1652 apud
605 1626 654 1646 nos
679 1623 783 1646 tantum
800 1618 871 1654 piam
890 1626 949 1646 esse
963 1618 1026 1646 reli-

243 1659 361 1694 gionem,
387 1661 518 1698 illumque
542 1671 622 1699 quem
649 1663 763 1692 colimus
788 1668 815 1692 et
837 1664 1026 1698 praedicamus,

242 1705 329 1732 solum
339 1713 432 1734 verum
449 1708 532 1736 Deum
545 1716 618 1742 esse,
634 1709 679 1744 qui
694 1709 764 1736 idem
776 1713 803 1736 et
818 1717 908 1736 rerum
924 1714 1027 1736 creata-

243 1757 303 1776 rum
319 1751 444 1784 dominus
457 1757 484 1779 et
497 1753 580 1780 totius
594 1758 697 1780 naturae
719 1753 809 1788 opifex
821 1754 866 1780 sit.
885 1753 951 1787 Quis
964 1761 1027 1789 ergo

243 1795 313 1823 alius
330 1796 374 1824 ille
392 1797 475 1825 fuerit
494 1806 575 1833 quam
594 1799 782 1826 sanctissimus
798 1803 825 1825 et
843 1799 923 1825 rebus
939 1799 1027 1826 omni-

243 1839 293 1866 bus
314 1841 414 1868 creatis
441 1841 521 1876 longe
540 1842 716 1870 excellentior
734 1842 838 1870 Christi
864 1843 955 1875 Pater,
982 1843 1026 1877 qui

245 1889 374 1918 tanquam
399 1887 519 1920 optimus
540 1887 706 1921 gubernator
729 1887 837 1922 propria
856 1887 989 1921 sapientia
1002 1891 1028 1914 et

243 1929 353 1963 proprio
368 1929 468 1964 Verbo,
488 1931 600 1959 Domino
610 1937 702 1959 nostro
715 1937 742 1959 et
759 1937 896 1960 servatore
909 1932 1027 1964 Christo.

243 1974 334 2000 omnia
361 1974 461 2010 ubique
487 1976 642 2005 salutariter
666 1978 810 2013 gubernat,
835 1979 974 2014 dispensat
1001 1984 1028 2006 et

244 2018 322 2051 facit,
334 2024 416 2053 prout
430 2025 533 2048 rectum
544 2029 603 2049 esse
615 2022 734 2050 viderit?
752 2023 865 2051 Rectum
880 2029 918 2052 est
938 2029 1026 2053 autem

243 2063 288 2090 illa
300 2071 359 2091 esse
377 2069 405 2105 ut
415 2064 486 2092 facta
503 2071 567 2093 sunt
580 2072 607 2095 et
619 2067 677 2096 ﬁeri
692 2069 888 2104 conspicimus.
899 2071 1027 2105 quoniam

243 2110 270 2136 id
282 2110 319 2137 ita
333 2104 392 2145 ipse
408 2111 477 2145 vult,
496 2113 568 2148 quod
584 2121 650 2141 sane
665 2112 745 2142 nemo
756 2104 987 2150 negaveritsNam
1004 2118 1027 2145 si

242 2163 334 2183 rerum
348 2161 502 2185 creatarum
519 2163 609 2186 motus
626 2159 732 2195 absque
758 2161 863 2188 ratione
881 2161 967 2196 ﬁeret,
989 2167 1027 2190 te.

1078 931 1132 957 Καὶ
1148 931 1196 965 οὐχ
1210 931 1251 957 ὅτι
1268 927 1307 962 εἷς
1327 931 1399 956 ἐστιν
1420 931 1434 956 6
1461 930 1639 965 δημιουργὸς,
1656 929 1699 955 διὰ
1719 929 1797 955 τοῦτο
1817 929 1866 955 καὶ

1078 973 1118 1007 εἷς
1130 976 1202 1002 ἐστιν
1213 977 1228 1002 ὁ
1242 976 1342 1011 κόσμος
1354 984 1360 991 ·
1376 976 1490 1010 ἠδύνατο
1503 976 1557 1011 γὰρ
1573 976 1620 1002 καὶ
1635 975 1731 1007 ἄλλους
1746 975 1867 1010 κόσμους

1078 1023 1187 1058 ποιῆσαι
1204 1024 1218 1049 6
1229 1022 1304 1054 Θεός.
1327 1022 1396 1049 Ἀλλ’
1412 1023 1453 1049 ὅτι
1468 1020 1509 1054 εἷς
1524 1024 1598 1049 ἐστιν
1611 1023 1625 1048 ό
1645 1022 1747 1056 κόσμος
1761 1022 1776 1047 6
1787 1021 1865 1055 γενό-

1079 1077 1169 1104 μενος,
1187 1068 1293 1104 ἀνάγκη
1316 1068 1363 1095 καὶ
1386 1068 1432 1095 τὸν
1447 1068 1543 1095 τούτου
1568 1067 1734 1103 δημιουργὸν
1755 1067 1805 1094 ἕνα
1818 1074 1867 1093 πι-

1079 1112 1182 1139 στεύειν
1194 1110 1273 1140 εἶναι.

1113 1157 1158 1185 40.
1168 1158 1216 1189 Τίς
1230 1155 1276 1184 οὖν
1290 1157 1344 1193 (60)
1358 1157 1390 1185 ἂν
1404 1157 1447 1194 εἴη
1463 1153 1539 1190 οὗτος
1549 1165 1556 1190 ;
1567 1157 1622 1184 Καὶ
1634 1157 1712 1184 τοῦτο
1720 1157 1773 1192 γὰρ
1781 1157 1866 1192 ἀναγο

1078 1204 1153 1230 καῖον
1173 1203 1289 1238 μάλιστα
1304 1203 1422 1239 δηλῶσαι
1445 1203 1492 1230 καὶ
1509 1203 1609 1237 λέγειν,
1626 1203 1669 1230 ἵνα
1686 1203 1738 1239 μὴ,
1754 1204 1787 1238 τῇ
1803 1203 1868 1238 περὶ

1077 1248 1170 1275 τοῦτον
1184 1248 1239 1284 (ﬁl)
1263 1249 1360 1284 ἀγνοίᾳ
1380 1248 1525 1284 πλανηθείς
1544 1257 1602 1281 τις,
1624 1249 1716 1284 ἕτερον
1734 1249 1866 1285 ὑπολάϐῃ,

1078 1295 1125 1322 καὶ
1137 1296 1177 1326 εἰς
1190 1294 1238 1330 τὴν
1253 1295 1336 1329 αὐτὴν
1350 1294 1430 1322 πάλιν
1447 1296 1503 1326 τοῖς
1515 1294 1646 1331 πρότερον
1662 1294 1796 1330 ἀθεότητα
1817 1295 1868 1330 ἑμ-

1078 1340 1159 1376 πέσῃ.
1172 1340 1284 1375 Νομίζω
1307 1340 1336 1366 δὲ
1364 1339 1464 1376 μηδένα
1482 1340 1545 1376 περὶ
1562 1340 1658 1367 τούτου
1683 1341 1732 1376 τὴν
1750 1340 1867 1368 διάνοιαν

1079 1385 1227 1421 ἀμφίϐολον
1244 1385 1324 1420 ἐχειν.
1346 1386 1377 1412 Εἰ
1394 1386 1448 1422 γὰρ
1468 1385 1499 1421 δὴ
1516 1386 1579 1418 τοὺς
1595 1386 1669 1421 παρὰ
1681 1388 1805 1421 ποιηταῖς
1820 1386 1866 1412 λε-

1078 1432 1208 1466 γομένους
1233 1431 1311 1462 θεοὺς
1332 1431 1382 1457 οὐκ
1398 1429 1466 1457 εἶναι
1486 1431 1563 1463 θεοὺς
1578 1431 1592 1457 ό
1607 1431 1684 1465 λόγος
1708 1431 1807 1463 ἔδειξε,
1820 1432 1868 1458 καὶ

1077 1478 1140 1509 τοὺς
1154 1478 1202 1513 τὴν
1220 1477 1308 1504 κτίσιν
1331 1476 1521 1508 θεοποιοῦντας
1545 1476 1641 1513 ἤλεγξε
1664 1476 1866 1512 πλανωμένους,

1080 1523 1126 1549 καὶ
1137 1523 1252 1549 καθόλου
1268 1522 1317 1557 τὴν
1331 1522 1384 1548 τῶν
1398 1522 1483 1549 ὲθνῶν
1501 1522 1719 1558 εῑδωλολατρείαν
1735 1521 1868 1558 ἀθεότητα

1077 1569 1122 1595 καὶ
1150 1568 1276 1596 ἀσέὕειαν
1304 1567 1387 1596 οὖσαν
1403 1567 1558 1600 ἀπέδειξεν·
1584 1568 1690 1603 ἀνάγκη
1709 1569 1784 1594 πᾶσα
1806 1566 1868 1594 τού-

1076 1623 1130 1641 των
1144 1614 1357 1650 ἀναιρουμένων,
1369 1614 1461 1641 λοιπὸν
1479 1614 1544 1649 παρ’
1561 1614 1627 1649 ἡμῖν
1641 1611 1769 1648 εἶναιτὴν
1790 1613 1868 1639 εὐσε-

1077 1660 1111 1695 ϐῆ
1127 1659 1288 1696 θρησκείαν,
1305 1660 1353 1686 κα)⁸
1373 1660 1418 1686 τὸν
1439 1659 1504 1695 παρ’
1526 1659 1605 1694 ἡμῶν
1622 1658 1867 1694 προσκυνούμενον,

1077 1707 1124 1733 καὶ
1143 1706 1343 1741 κηρυττόμενον
1363 1705 1456 1732 τοῦτον
1479 1705 1557 1740 μόνον
1580 1703 1650 1732 εἶναι
1676 1705 1742 1731 Θεὸν
1770 1704 1868 1740 ἀληθῆ,

1077 1751 1121 1777 τὸν
1138 1752 1184 1777 καὶ
1204 1751 1259 1787 (62)
1280 1751 1327 1786 τῆς
1339 1750 1453 1782 κτίσεως
1468 1750 1570 1786 Κύριον
1583 1751 1628 1777 καὶ
1644 1750 1734 1785 πάσης
1753 1750 1870 1777 ὑποστά-

1079 1805 1146 1828 σεως
1166 1790 1339 1832 δημιουργόν.
1359 1796 1407 1828 Τίς
1422 1796 1455 1832 δὴ
1472 1794 1518 1822 οὖν
1539 1796 1612 1822 ἐστιν
1630 1792 1722 1828 οὗτος,
1745 1795 1801 1822 ἀλλ’
1818 1795 1834 1830 ἦ
1855 1796 1870 1822 6

1079 1844 1208 1878 πανάγιος
1219 1844 1266 1870 καὶ
1282 1844 1482 1879 ὑπερεπέκεινσ.
1501 1843 1557 1878 (65)
1580 1843 1670 1878 πάσης
1687 1842 1803 1877 γενητῆς
1822 1841 1870 1867 οὺ-

1078 1889 1149 1920 σίας,
1161 1890 1175 1916 ό
1188 1889 1234 1916 τοῦ
1247 1889 1366 1925 Χριστοῦ
1382 1889 1486 1924 Πατὴρ,
1502 1889 1594 1920 ὅστις,
1619 1888 1744 1923 καθάπερ
1758 1888 1870 1923 ἀριστος

1078 1935 1258 1970 κυϐερνήτης,
1272 1936 1306 1970 τῇ
1323 1935 1375 1970 ἰδίᾳ
1392 1934 1472 1970 σοφίᾳ
1485 1935 1532 1960 καὶ
1546 1934 1584 1969 τῷ
1605 1934 1660 1969 ἰδίῳ
1673 1933 1754 1968 Λόγῳ
1765 1932 1804 1967 τῷ
1817 1933 1872 1959 Κυ-

1079 1979 1129 2015 ρίῳ
1144 1980 1223 2015 ἡμῶν
1248 1980 1294 2006 καὶ
1322 1980 1427 2014 Σωτῆρι
1445 1978 1555 2014 Χριστῷ
1572 1978 1645 2014 (64),
1669 1978 1704 2004 τὰ
1729 1977 1870 2012 πανταχοῦ

1077 2024 1241 2060 διακυϐερνᾷ
1255 2025 1396 2060 σωτηρίως
1411 2025 1457 2051 καὶ
1469 2024 1621 2059 διακοσμεῖ,
1632 2024 1678 2049 καὶ
1690 2024 1770 2054 ποιεῖ,
1783 2023 1820 2054 ὡς
1834 2022 1868 2049 ἂν

1078 2071 1152 2106 αὐτῷ
1168 2071 1258 2102 καλῶς
1273 2071 1344 2106 ἔχειν
1356 2071 1439 2106 δοκῇ;
1460 2071 1536 2106 Ἔχει
1553 2070 1582 2097 δὲ
1599 2069 1704 2101 καλῶς.
1721 2069 1758 2100 ὡς
1773 2069 1870 2103 γέγονε

1078 2117 1124 2143 καὶ
1143 2116 1250 2152 ὁρῶμεν
1273 2117 1438 2151 γιγνόμενα,
1455 2115 1548 2151 ἐπειδὴ
1570 2115 1616 2142 καὶ
1631 2114 1709 2142 τοῦτο
1727 2114 1868 2150 βούλεται·

1079 2162 1125 2189 καὶ
1136 2162 1218 2189 ’τοῦτο
1230 2163 1280 2189 οὐκ
1296 2161 1328 2189 ἀν
1341 2170 1383 2194 τις
1399 2161 1584 2196 ἀπιστήσειεν.
1599 2161 1629 2187 Εἰ
1642 2161 1690 2196 μὲν
1703 2160 1757 2196 γὰρ
1773 2159 1870 2194 ἄλογος

242 2209 372 2238 mereque
386 2204 501 2231 mundus
516 2204 680 2239 volveretur,
690 2206 751 2240 jure
762 2208 859 2235 merito
874 2208 945 2236 nulla
959 2208 1025 2236 ﬁdes

1078 2205 1111 2242 ἦν
1121 2209 1137 2242 ἡ
1149 2207 1199 2242 τῆς
1211 2207 1324 2239 κτίσεως
1335 2207 1452 2242 κίνησις,
1466 2207 1512 2233 καὶ
1523 2206 1616 2238 ἁπλῶς
1630 2206 1743 2241 ἐφέρετο
1755 2205 1786 2232 τὸ
1798 2206 1868 2232 πᾶν

242 2248 322 2276 dictis
335 2254 408 2277 esset
421 2250 582 2278 adhibenda.
601 2251 654 2280 Sed
673 2253 696 2280 si
716 2254 835 2287 ratione,
851 2254 982 2289 sapientia
997 2261 1025 2283 et

243 2295 356 2322 scientia
375 2296 501 2323 conditus
513 2301 594 2331 atque
606 2297 678 2324 omni
694 2303 791 2325 ornatu
808 2299 954 2327 instructus
968 2303 1026 2332 est,

244 2347 358 2369 necesse
382 2345 424 2369 est
445 2342 527 2376 hujus
552 2348 691 2371 auctorem
713 2349 740 2371 et
760 2349 948 2372 exornatorem
973 2353 1026 2373 non

243 2386 324 2414 alium
335 2395 396 2415 esse
407 2396 487 2423 quam
505 2388 624 2416 Verbum
638 2397 684 2417 seu
701 2389 842 2419 Rationem
855 2391 914 2419 Dei.
934 2391 1027 2419 Ratio-

292 2465 336 2507 ξι)
352 2466 486 2507 ἓςειιετεν.
496 2467 669 2507 ἀδιαφόροις-

292 2501 337 2544 5_8)
419 2501 531 2544 Gohler.
549 2501 577 2544 et
591 2501 742 2544 Felckm._l
760 2511 848 2544 anon._
866 2505 1031 2544 iternm_ad-_

243 2535 311 2563 dunt
327 2537 374 2563 καὶ
386 2536 530 2573 ἀνομοίους
555 2538 655 2574 ἑαυτῷ.
681 2539 765 2567 iidem
787 2541 868 2575 paulo
888 2545 948 2574 post
970 2540 1031 2566 ἑ,πεί

243 2571 411 2608 ιλτοήέπειδή.

242 2578 465 2642 Ηῗὸῗὶῗεέἒὲιιοτ.
480 2609 526 2637 hic
540 2609 613 2637 addit
625 2609 705 2638 εἶναι.
721 2609 802 2641 lbid.,
825 2614 884 2644 post
902 2609 1034 2645 δημιουρ-

242 2640 300 2667 γόν.
320 2641 432 2667 Seauer.
458 2643 569 2667 Gnhler.
594 2651 620 2667 ρι
640 2646 759 2667 Fpli-lrm.
789 2645 800 2667 I
825 2653 904 2667 nnnn,
933 2645 1034 2667 addunt

241 2642 300 2674 τόν,
320 2642 432 2677 Seguer.
458 2643 569 2671 Gobler.
594 2651 621 2673 et
640 2646 759 2673 Feb-km.
789 2645 801 2671 Ι
825 2642 905 2673 anon.
929 2642 1034 2671 addunt

242 2675 357 2712 Κύριον,
373 2677 417 2712 alii
432 2686 496 2706 vero
508 2687 568 2706 cum
583 2681 702 2708 editione
717 2680 848 2708 Commel.
863 2680 1003 2707 omiltunt.

257 2710 494 2763 Affliquu‘deest
509 2715 535 2742 in
556 2715 667 2751 Seguer.
681 2715 748 2743 Ibid.
765 2714 885 2742 Felckm.
903 2716 920 2742 3
937 2722 1031 2747 anon.,

242 2748 320 2778 οὗτος
333 2748 346 2773 ό
363 2749 493 2781 τοιοῦτος.
594 2748 605 2751 ⁷

245 2782 521 2841 1ἰ5(6ἐί)ύὲιῖξξνὸεειιθτ.
540 2784 574 2812 At
593 2785 688 2819 Basi!.,
708 2785 803 2812 τούτου
830 2785 883 2814 Alii
898 2792 957 2814 cum
970 2784 1029 2813 edi-

257 2823 289 2848 ts,
303 2825 414 2844 τουτων.

278 2851 337 2887 (62)
354 2853 408 2879 Καί
423 2853 498 2881 deest
515 2854 542 2881 in
559 2853 596 2883 Fe
614 2854 680 2882 .km.
695 2855 712 2882 3
729 2862 811 2883 anon.

1080 2251 1169 2284 καλῶς
1192 2252 1224 2278 ἀν
1239 2260 1280 2283 τις
1304 2252 1349 2278 καὶ
1364 2253 1420 2283 τοῖς
1437 2251 1592 2285 λεγομένοις
1619 2250 1781 2285 ἠπίστησεν·
1798 2251 1823 2276 εἰ
1839 2249 1870 2277 δὲ

1080 2299 1152 2334 λόγῳ
1166 2299 1213 2324 καὶ
1229 2298 1310 2333 σοφίᾳ
1322 2298 1369 2323 καὶ
1389 2297 1528 2332 ἐπιστήμῃ
1544 2296 1708 2332 συνέστηκε,
1730 2296 1777 2322 καὶ
1788 2295 1870 2321 παντὶ

1079 2347 1174 2381 κόσμῳ
1189 2344 1419 2380 διακεκόσμηται·
1444 2343 1551 2377 ἀνάγκη
1568 2342 1612 2368 τὸν
1633 2341 1803 2375 ἐπικείμενον
1823 2340 1870 2366 καὶ

1079 2391 1310 2427 διακοσμήσαντα,
1328 2389 1421 2416 τοῦτον
1433 2389 1483 2415 οὐκ
1499 2387 1577 2415 ἄλλον
1592 2386 1653 2413 τινὰ
1671 2387 1688 2422 ἢ
1702 2386 1785 2420 Λόγον
1798 2383 1868 2412 εἶναι

1116 2468 1172 2504 (6⁵)
1189 2469 1306 2509 538')“;
1319 2467 1434 2509 Αηειίολ
1444 2464 1646 2509 επηιτεέίτξίπιπέ
1668 2471 1771 2509 ίὲῐῖίῗὲι
1783 2463 1864 2509 Fair:

1116 2472 1172 2504 (65)
1189 2472 1302 2509 δρδιιθιι.
1319 2472 1424 2502 Anglic.
1444 2472 1475 2507 et
1493 2472 1646 2505 r'elttkm.'0
1668 2472 1737 2490 anon
1753 2483 1770 2504 ,_
1784 2472 1868 2524 uitii):

1081 2504 1184 2531 έκεινα.
1199 2503 1267 2531 Ibid.
1289 2502 1401 2537 Segner.
1414 2501 1496 2528 Basrl.
1513 2505 1541 2527 et
1552 2499 1646 2534 Anglic
1661 2507 1800 2534 ,γενητης.
1814 2502 1833 2525 Α
1849 2506 1866 2525 ιι

1082 2545 1110 2567 et
1126 2539 1202 2569 editi,
1217 2538 1360 2573 γεννητῆς.
1381 2571 1393 2573 _
1417 2571 1441 2573 η
1553 2570 1573 2573 _
1593 2569 1599 2573 _
1618 2568 1624 2573 _
1694 2568 1701 2573 _

1118 2574 1175 2609 (64)
1190 2567 1235 2601 Sic
1245 2567 1359 2609 Seg'uer.
1374 2571 1484 2609 G_oble_r.
1499 2574 1531 2609 _et
1553 2568 1704 2609 Fel«-krr_i_._l_
1719 2575 1799 2595 anon.
1815 2567 1866 2609 Alii

1084 2602 1146 2635 cuin
1167 2602 1266 2640 leditis,
1282 2602 1360 2669 ἧὲὦν
1383 2607 1470 2642 Ἰησοῦ
1487 2605 1618 2647 ,Χριστίξλ
1649 2603 1716 2630 ibid.
1743 2611 1790 2637 pro
1817 2602 1864 2633 τά,

1084 2644 1155 2669 ouod
1173 2643 1273 2669 habent
1319 2649 1412 2669 euuer.
1434 2641 1514 2668 Basrl.
1542 2640 1651 2668 Gobler.
1668 2644 1695 2665 et
1710 2637 1829 2665 Fclckm.
1851 2637 1862 2664 1

1084 2644 1155 2678 quod
1173 2637 1273 2671 habent
1293 2637 1419 2679 'Seguer.'
1434 2641 1514 2679 Basil.
1525 2637 1531 2641 ’
1542 2637 1654 2679 (ἷιυιὶιςῖνἶ
1668 2644 1695 2665 et
1710 2637 1829 2679 Fulcitur.
1851 2637 1862 2664 1

1086 2675 1180 2707 anum.
1198 2679 1243 2705 alii
1257 2686 1316 2704 cum
1336 2675 1454 2704 editione
1466 2675 1595 2703 Commel.
1612 2675 1709 2701 habent
1723 2675 1772 2708 τῷ,
1788 2680 1864 2708 ιιιθηί

1087 2714 1163 2740 dose.
1177 2713 1241 2740 Item
1270 2713 1335 2739 ibid.
1354 2712 1466 2746 Seguer.
1491 2710 1599 2746 Goblor.
1618 2715 1643 2736 et
1667 2706 1759 2746 Feb-li.
1778 2706 1866 2746 1qu}

1084 2756 1180 2780 anon.,
1197 2747 1372 2783 διακυϐερνᾷ,
1385 2742 1434 2783 alii
1449 2753 1508 2773 cum
1531 2745 1610 2783 editis
1627 2743 1767 2783 κυϐερνᾷᾷ
1783 2742 1867 2768 l‘aulo

1083 2789 1145 2817 post
1163 2778 1210 2816 pro
1229 2778 1479 2817 senm-Gobleriam
1498 2785 1524 2808 et
1541 2779 1657 2807 Feb-km.
1681 2779 1692 2805 l
1711 2784 1737 2806 ct
1752 2778 1768 2805 Ξ
1782 2783 1864 2804 anon.

1084 2818 1157 2845 δοκεῖ
1173 2818 1281 2845 habent.
