2037 3044
175 158 206 185 81

757 162 888 193 ORATIO
906 164 1047 194 CONTRA
1067 165 1214 196 GENTES.

1761 173 1798 202 8‘2

173 215 221 243 τοῦ
234 217 312 243 Θεοῦ.
329 217 415 251 Λόγον
425 218 455 245 δέ
465 227 535 255 φημι
548 220 577 246 οὐ
594 220 640 247 τὸν
652 221 682 248 ιν
696 221 803 258 ἑκάστῳ
822 223 877 251 τῶν
889 233 948 259 γενι

998 232 1080 257 inem
1097 231 1186 253 autem
1209 227 1341 264 intelligo,
1375 235 1427 256 non
1448 236 1506 264 quae
1533 229 1559 257 in
1585 229 1696 265 singulis
1717 231 1798 260 rebus

175 261 263 295 μένων
280 260 337 297 (65)
359 262 602 298 συμπεπλεγμένον
627 265 673 292 καὶ
697 267 910 300 συμπεφυκότα,
934 269 965 296 ὃν

172 306 204 342 δὴ
224 307 272 333 καὶ
295 308 482 343 σπερματικόν
502 318 576 342 τινες
598 311 710 338 εἰώθασι
734 313 843 346 καλεῖν,
863 314 964 350 ἄψυχον

172 352 235 378 ὄντα
253 353 301 380 καὶ
314 353 397 388 μηδὲν
415 354 588 391 λογιζόμενον
605 357 674 393 μήτε
695 357 822 392 νοοῦντα,
844 359 912 386 ἀλλὰ
928 362 961 397 τῇ

171 398 271 430 ἔξωθεν
285 399 367 436 τέχνῃ
381 400 461 435 μόνον
473 402 636 437 ἐνεργοῦντα
650 404 722 431 κατὰ
734 404 783 441 τὴν
794 405 841 432 τοῦ
852 406 962 434 ἐπιϐάλ-

171 443 263 476 λοντος
277 445 358 472 αὑτὸν
374 446 528 483 ἐπιστήμην
538 455 546 462 ·
567 449 629 476 οὐδὲ
654 446 709 477 οἷον
725 450 782 486 ἔχει
801 451 832 478 τδ
853 451 962 486 λογικὸν

170 490 248 524 γένος
273 491 350 526 λόγον
370 493 416 519 τὸν
436 494 469 520 ὲκ
491 494 629 522 ωλλαὸῶν
646 497 841 533 συγκείμενον,
864 499 912 526 καὶ
931 500 961 526 ὲν

169 537 232 573 ἀέρι
248 539 462 574 σημαινόμενον·
479 540 547 568 ἀλλὰ
568 542 614 568 τὸν
636 542 685 570 τοῦ
708 543 811 578 ἀγαθοῦ
832 545 880 572 καὶ
892 545 958 573 Θεοῦ

169 583 224 610 τῶν
235 583 406 630 όλωνζῶντα
418 586 464 612 καὶ
477 587 576 623 ὲνεργῆ
591 587 658 616 Θεὸν
679 589 824 630 αὐτολόγον
838 590 894 627 (66)
913 591 958 619 λέ-

169 636 220 662 γω,
233 628 263 660 ὃς
274 629 353 661 ἄλλος
371 630 421 665 μὲν
438 631 496 659 ἐστι
514 632 569 659 τῶν
588 628 717 669 γενητῶν
730 635 777 662 καὶ
797 635 888 672 πάσης
909 637 959 672 τῆς

168 674 293 707 κτίσεως,
307 675 372 707 ἴδιος
381 676 409 703 δὲ
426 677 473 704 καὶ
488 677 567 713 μόνος
576 678 623 705 τοῦ
640 680 742 715 ἀγαθοῦ
755 681 862 718 Πατρδς
875 682 960 719 ὑπάρ-

169 728 210 755 χει
222 720 318 754 Λόγος,
331 722 360 753 ὃς
373 723 432 749 τόδε
446 723 476 750 τὺ
488 725 542 751 πᾶν
560 724 722 762 διεκόσμησε
733 728 780 754 καὶ
799 728 908 762 φωτίζει
923 731 955 765 τῇ

167 765 265 792 ἑαυτοῦ
273 767 395 804 προνοίᾳ.
405 769 517 803 ’Λγαθοῦ
526 770 579 807 γὰρ
588 771 643 806 (67)
651 773 756 808 Πατρός
764 773 864 809 ἀγαθὸς
872 774 956 809 Λόγος

166 811 307 847 ὑπάρχων,
320 814 400 846 αὐτὸς
418 814 467 851 τὴν
483 816 538 844 τῶν
554 816 662 845 πάντων
681 819 845 856 διεκόσμησε
864 821 956 848 διάτα-

166 856 218 890 ξιν,
229 857 262 884 τὰ
276 858 325 893 μὲν
342 860 450 887 ἐναντία
465 862 521 893 τοῖς
540 863 672 895 ἐναντίοις
684 864 836 898 συνάπτων,
849 866 880 893 ὲκ
894 867 956 894 τοῦ-

1018 272 1117 299 creatis
1135 271 1275 307 implicita,
1304 273 1384 302 insita
1406 279 1485 309 atque
1508 275 1598 303 innata
1626 281 1687 309 est,
1717 283 1798 310 quam

1017 317 1099 344 etiam
1128 318 1250 346 nonnulli
1281 319 1438 347 semiualem
1473 327 1571 348 vocare
1608 321 1712 355 solent,
1737 329 1799 357 qua:

1017 362 1126 396 quidem
1148 364 1293 391 inanimata
1320 369 1378 397 est.
1409 372 1460 392 nec
1488 366 1625 401 cogitandi
1655 366 1696 393 vcl
1717 366 1798 394 intcl-

1016 407 1112 442 ligendi
1126 409 1150 436 vi
1165 414 1207 437 est
1219 410 1342 444 praedita,
1356 410 1402 438 sed
1419 416 1531 438 externa
1559 416 1660 438 tantum
1675 417 1733 439 arte
1743 413 1797 448 32

1014 453 1218 489 proinserentis
1237 455 1349 483 scientia
1375 456 1438 491 agit.
1463 456 1555 492 Neque
1579 458 1660 485 etiam
1678 457 1797 485 Verbum

1015 499 1144 534 intelligo,
1165 501 1244 535 quale
1257 506 1298 529 est
1313 501 1452 529 hominum
1470 503 1541 537 quod
1558 510 1652 537 nempe
1666 511 1699 530 ex
1713 503 1797 539 sylla-

1013 544 1054 572 bis
1069 549 1185 576 constat.
1200 545 1265 573 etin
1287 553 1351 574 aere
1368 547 1530 581 exprimitur
1544 556 1552 575 :
1568 548 1614 575 sed
1636 548 1719 583 ipsius
1733 548 1796 576 boni

1012 592 1040 615 et
1066 588 1111 615 Dei
1132 596 1222 616 rerum
1248 590 1437 618 universarum
1453 591 1586 619 viventem
1606 597 1634 620 et
1659 591 1795 620 eilicacem

1012 634 1096 662 Deum
1113 635 1172 663 dico
1185 635 1230 670 qui
1242 643 1290 670 per
1307 643 1336 664 se
1347 641 1388 664 est
1405 635 1533 669 Verbum,
1543 637 1589 672 qui
1603 637 1725 665 idem'ab
1737 645 1796 666 om-

1011 680 1091 709 uibus
1110 682 1209 709 creatis
1234 682 1357 709 diversus
1372 685 1422 713 est,
1445 683 1637 718 propriumque
1661 687 1688 710 et
1709 683 1794 710 solum

1011 727 1073 755 boni
1087 727 1177 755 Patris
1191 732 1233 755 est
1247 727 1374 760 Verbum,
1388 728 1466 763 cujus
1482 727 1650 763 pro'lidentia
1665 732 1737 756 totus
1752 729 1795 756 hic

1010 773 1137 807 mundus,
1152 781 1231 807 quem
1248 777 1275 801 et
1289 774 1409 802 condidit
1423 794 1431 807 ,
1456 774 1632 802 illuminatur.
1649 774 1708 809 Ipse
1722 773 1794 802 enim

1010 818 1055 853 qui
1072 818 1133 846 boni
1147 818 1237 847 Patris
1251 819 1351 846 bonum
1370 817 1487 847 Verbum
1501 825 1553 852 est,
1565 828 1654 848 rerum
1674 819 1794 847 omnium

1008 863 1129 891 ordinem
1146 863 1289 899 disposuit,
1300 865 1434 892 contraria
1450 872 1511 892 cum
1527 865 1670 893 contrariis
1680 864 1794 899 conjun-

165 911 220 929 των
231 903 260 930 δὲ
274 904 340 938 μίαν
356 905 512 942 διακοσμῶν
523 908 667 944 ἁρμονίαν.
684 906 778 944 Οὗτος,
797 911 863 938 Θεοῦ
876 912 948 940 δύνα-

1008 910 1058 942 xit,
1078 917 1214 945 unumque
1228 916 1387 940 concentum
1408 917 1441 938 ex
1466 910 1508 938 his
1532 911 1692 945 composuit.
1720 910 1793 938 Idem

167 957 213 983 μις
229 950 276 976 καὶ
301 950 370 978 Θεοῦ
386 952 467 987 σοφία
485 953 541 986 ὢν,
560 955 674 991 οὐρανὸν
696 956 745 991 μὲν
767 959 954 995 περιστρέφει,

231 995 259 1022 δὲ
274 996 429 1033 ἀναρτήσας
444 998 510 1035 (68),
523 1001 568 1027 καὶ
582 1001 628 1028 ἐπὶ
642 1002 756 1038 μηδενὸς
774 1005 902 1040 κειμένην
915 1005 954 1041 τῷ

165 1040 224 1076 ίδίῳ
239 1041 353 1076 νεύματι
371 1043 485 1079 ῆδρασε.
503 1045 597 1082 Τούτῳ
613 1048 796 1084 φωτιζόμενος
812 1050 887 1085 ἥλιος
904 1040 954 1086 τὴν

159 1087 325 1132 οἰκουμένην
348 1091 531 1125 καταυγάζει,
557 1092 604 1118 καὶ
625 1093 724 1129 σελήνη
749 1096 954 1132 μεμετρημινον

163 1131 218 1167 ἔχει
229 1132 260 1159 τὸ
275 1134 343 1168 φῶς.
363 1135 414 1162 Διὰ
430 1135 524 1163 τοῦτον
541 1137 596 1173 (69)
616 1138 663 1165 καὶ
678 1139 708 1166 τὸ
723 1139 795 1176 ’ύδωρ
810 1131 856 1168 ἐπὶ
876 1150 953 1177 νεφε-

162 1177 215 1225 λῶν
233 1181 378 1225 κρεμᾶται,
390 1182 438 1209 καὶ
455 1183 528 1210 ὑετοὶ
542 1184 591 1220 τὴν
607 1184 660 1220 γῆν
671 1186 846 1219 ὲπικλὺζουσι
855 1207 862 1220 ,
874 1189 920 1216 καὶ
934 1191 950 1225 ἡ

160 1224 213 1261 μὲν
229 1224 349 1253 θάλασσα
362 1227 556 1264 περιορίξεται,
575 1230 591 1265 ἠ
609 1230 637 1256 δὲ
655 1230 692 1266 γῆ
707 1231 842 1264 παντοίοις
860 1224 952 1268 φυτοῖς

221 1271 277 1306 (70)
294 1274 366 1309 κομᾷ
380 1274 427 1300 καὶ
441 1274 596 1311 χλοηφορετ.
608 1276 662 1303 Καὶ
676 1277 704 1304 εί
712 1286 755 1310 τις
776 1278 889 1311 ἄπιστος
905 1279 952 1316 ζη-

160 1315 218 1351 τοίη
232 1318 295 1353 περὶ
310 1318 363 1345 τῶν
377 1319 540 1355 λεγομένων,
554 1322 579 1348 εί
594 1321 663 1354 ὅλως
682 1323 741 1349 ἐστὶ
757 1323 843 1358 Λόγος
864 1325 931 1352 Θεοῦ
942 1346 950 1358 ,

160 1361 283 1396 μαίνοιτο
294 1363 344 1398 μὲν
357 1364 371 1390 6
382 1364 500 1397 τοιοῦτος
514 1367 690 1402 ἀμφιϐάλλων
698 1369 761 1405 περὶ
768 1370 854 1404 Λόγου
865 1371 932 1398 Θεοῦ
942 1380 950 1387 ·

159 1407 215 1441 ἔχει
229 1407 256 1435 δὲ
276 1408 351 1443 ὅμως
370 1411 401 1437 ὲκ
422 1410 476 1438 τῶν
497 1413 644 1448 ὁρωμένων
663 1414 712 1450 τὴν
738 1416 891 1450 ἀπόδειξιν,
909 1418 949 1444 ὅτι

158 1453 247 1498 πάντα
259 1454 338 1491 Λόγῳ
350 1455 417 1483 Θεοῦ
430 1458 477 1485 καὶ
488 1459 573 1494 Σοφίᾳ
590 1459 646 1495 (71)
665 1461 813 1498 συνέστηκε
822 1483 830 1495 ,
843 1463 889 1490 καὶ
899 1464 949 1491 οὐκ

157 1497 192 1525 ἂν
203 1498 324 1536 ήδράσθη
339 1509 365 1527 τι
378 1501 432 1528 τῶν
446 1503 614 1538 γενομένων,
627 1504 652 1530 εί
675 1505 713 1541 μὴ
732 1497 810 1542 Λόγῳ
827 1507 948 1542 ἐγεγόνει

157 1545 205 1571 καὶ
215 1546 295 1581 Λόγῳ
307 1546 347 1582 τῷ
362 1547 438 1584 θείῳ,
458 1548 585 1586 καθάπερ
601 1551 709 1587 ἐλέχθη.

192 1633 237 1660 41.
258 1634 344 1670 Λόγος
369 1635 398 1663 δὲ
425 1635 481 1669 ὢν,
502 1638 532 1664 οὐ
555 1639 626 1667 κατὰ
644 1639 695 1674 τὴν
716 1639 772 1667 τῶν
795 1641 945 1678 ἀνθρώπων

155 1679 304 1716 ὁμοιότητα
314 1700 322 1713 ,
342 1681 436 1719 ὥσπερ
451 1681 527 1710 εἷπον
537 1704 545 1716 ,
560 1685 619 1712 ἐστὶ
639 1686 817 1721 συγκείμενος
837 1687 869 1714 ὲκ
884 1688 946 1715 συλ-

154 1725 245 1769 λαὸῶν
255 1735 261 1741 ·
278 1727 346 1754 ἀλλὰ
360 1728 406 1755 τοῦ
423 1730 518 1756 ἑαυτοῦ
529 1730 636 1766 [ἰατρὸς
650 1731 732 1758 εἰκών
742 1733 814 1759 ἐστιν
822 1734 945 1769 ἀπαράλ-

155 1766 264 1800 λακτος.
279 1769 435 1805 Ἄνθρωποι
458 1771 506 1806 μὲν
529 1771 583 1808 γὰρ
602 1773 634 1799 ὲκ
655 1773 745 1809 μερῶν
762 1766 942 1811 συγκείμενοι,

154 1813 203 1840 καὶ
219 1815 250 1841 ἐκ
266 1815 313 1841 τοῦ
328 1815 365 1851 μὴ
382 1816 459 1848 ὂντος
472 1818 629 1853 γενόμενοι,
657 1820 832 1855 συγκείμενον
853 1821 944 1856 ἔχουσι

154 1860 201 1886 καὶ
213 1859 387 1896 διαλυόμενον
400 1862 447 1889 τὸν
461 1863 516 1898 (7'2)
532 1864 636 1890 ἑαυτῶν
648 1865 726 1899 λόγον
736 1874 743 1880 ”
757 1866 770 1892 6
786 1866 815 1893 δὲ
829 1867 894 1899 Θεὸς
905 1867 944 1895 ὢν

154 1903 229 1938 ἐστι,
253 1906 300 1932 καὶ
323 1907 354 1933 οὐ
376 1907 519 1940 σύνθετος·
533 1909 574 1936 διὸ
595 1910 642 1937 καὶ
658 1912 672 1937 ὁ
695 1911 790 1938 τούτου
808 1912 893 1946 Λόγος
906 1913 943 1941 ὤν

153 1951 221 1985 ἐστι,
232 1953 279 1979 καὶ
289 1954 319 1980 οὐ
332 1953 457 1987 σύνθετος
470 1964 476 1970 ·
490 1955 548 1983 ἀλλ’
567 1953 607 1989 εἷς
619 1957 665 1984 καὶ
679 1959 825 1994 μονογενὴς
836 1959 912 1992 Θεὸς,
928 1961 942 1987 6

152 1998 200 2025 καὶ
211 1999 242 2025 ὲκ
252 1999 407 2035 Πατρὸςοῖα
419 2001 510 2037 πηγῆς
523 2002 626 2038 ἀγαθῆς
641 2003 741 2039 ἀγαθὸς
752 2005 899 2041 προελθὼν,
907 2007 943 2034 τὰ

152 2045 240 2072 πάντα
255 2045 396 2082 διακοσμεῖ
407 2047 455 2074 καὶ
475 2048 592 2083 συνέχει.
612 2049 644 2075 Ἦ
657 2049 685 2077 δὲ
704 2051 792 2083 αἰτία,
815 2051 847 2078 δι’
868 2052 902 2088 ἢν
927 2053 942 2079 6

151 2092 236 2126 Λόγος
247 2091 313 2127 (75),
325 2094 339 2119 6
353 2093 399 2120 τοῦ
416 2093 484 2120 Θεοῦ
498 2095 599 2129 Λόγος,
621 2097 678 2128 τοῖς
704 2098 859 2132 γενομένοις
879 2099 941 2126 ἐπι-

151 2136 284 2172 ϐέϐηκεν,
302 2138 376 2165 ἐστὶν
396 2138 504 2175 ἀληθῶς
527 2140 670 2177 θαυμαστὴ
693 2142 740 2169 καὶ
759 2143 939 2179 γνωρίζουσα,

149 2183 189 2210 ’ὁτι
203 2184 252 2210 οὐκ
266 2183 352 2216 ἄλλως
367 2184 497 2219 ἔπρεπεν,
511 2186 527 2222 ἦ
542 2186 613 2214 οῦτω
633 2187 758 2222 γενέσθαι
771 2190 872 2227 Ιὥσπερ
892 2191 941 2218 καὶ

148 2229 223 2284 ἔστιί
236 2229 296 2256 Τῶν
310 2230 359 2265 μὲν
374 2230 427 2267 γὰρ
442 2231 565 2267 γενητῶν
578 2232 634 2268 (74)
650 2234 666 2268 ή
683 2233 774 2267 φύσις,
795 2234 842 2262 ἆτε
863 2235 894 2271 δὴ
908 2235 938 2268 ἐξ
951 2256 974 2284 D

147 2275 196 2302 οὐκ
211 2275 295 2302 ὄντων
305 2276 452 2309 ὐποστᾶσα,
464 2278 562 2314 ῥευστή
575 2287 616 2310 τις
628 2279 674 2305 καὶ
689 2279 803 2315 ἀσθενὴς
817 2280 863 2307 καὶ
873 2281 936 2317 θνη-

146 2321 179 2356 τὴ
192 2321 251 2348 καθ’
262 2321 361 2357 ἑαυτὴν
373 2325 571 2360 συγκρινομένη
583 2325 710 2360 τυγχάνει
721 2333 728 2340 ’
746 2327 760 2352 6
771 2325 798 2353 δὲ
806 2326 859 2353 τῶν
869 2327 937 2355 ὅλων

146 2366 211 2398 Θεὸς
224 2366 325 2400 ἀγαθὸς
338 2368 383 2394 καὶ
401 2363 552 2404 ὑπέρκαλος
573 2370 622 2406 τὴν
639 2370 720 2405 φύσιν
739 2372 807 2399 ἐστί.
829 2372 871 2399 Διὸ
889 2373 936 2400 καὶ

146 2412 337 2448 φιλάνθρωπός
358 2414 439 2442 ἐστιν.
472 2415 578 2452 ’Λγαθῷ
600 2416 654 2452 γὰρ
681 2418 745 2453 περὶ
776 2419 880 2451 οὐδενὸς
901 2420 934 2448 ἂν

143 2458 250 2492 γένοιτο
264 2459 360 2494 φθόνος
371 2468 379 2476 ·
395 2461 455 2488 ὅθεν
467 2462 527 2489 οὐδὲ
541 2462 572 2489 τὸ
585 2460 655 2490 εἷναί
666 2472 717 2490 τινι
735 2463 842 2498 φθονεῖ,
866 2466 934 2493 ἀλλὰ

179 2514 236 2551 (65)
253 2516 331 2557 Gobl.
342 2522 372 2557 _et
392 2518 483 2547 Fclck.
510 2520 522 2547 1
544 2528 602 2553 an.,
623 2521 786 2557 γινομένων.
804 2522 895 2552 Felck.
912 2524 930 2552 5

144 2557 238 2588 anum,
250 2551 414 2588 γελομένων.

178 2585 235 2621 (66)
255 2585 363 2626 Gobier.
379 2593 410 2626 et
424 2588 516 2626 Felclt.
532 2590 545 2617 1
561 2598 618 2624 an.,
638 2590 794 2626 αὐτολόγου.
807 2592 929 2621 Felt-km.

142 2619 159 2646 3
170 2619 269 2663 annm,
278 2622 359 2663 ᾳρτδν
371 2623 468 2663 Λόγον.
483 2619 635 2663 Magistri,
645 2626 727 2654 Basil.
741 2619 767 2663 et
776 2619 867 2663 Angl.,
875 2619 930 2663 "9.;

141 2655 306 2697 νηῃῖ›ν.-Α1ῡὶ
320 2665 345 2697 ει
360 2655 422 2687 editi
435 2661 582 2696 γεννητῶν.
598 2661 654 2697 Τῆς
665 2662 810 2697 seq.abest
819 2655 837 2690 ’ἐι
849 2655 927 2692 Gobl.

141 2696 166 2717 et
184 2691 329 2720 Felr-ka
351 2701 432 2722 anon.

175 2727 232 2768 (_b'_7)
244 2727 300 2768 lldp
314 2729 418 2768 abesta
432 2730 510 2768 Gobl.
527 2737 553 2758 et
565 2731 656 2760 Felck.
678 2732 690 2758 1
710 2739 754 2758 an.
772 2731 854 2760 Paulo
868 2740 929 2768 post

141 2759 232 2826 ξιῖιριςζ
253 2762 270 2789 5
286 2759 340 2791 ὀη.
359 2764 437 2798 τάξιν
455 2766 537 2794 habet
559 2775 566 2793 :
592 2768 636 2794 alii
651 2759 713 2794 cum
729 2768 818 2802 editis,
830 2759 925 2797 όιᾶταξ

159 2803 193 2822 ιν.

245 2831 406 2873 ¹ςῖοὶιιιξμει
418 2835 536 2873 Felclsin.
551 2837 562 2863 ί
580 2845 672 2870 auom,
688 2837 847 2873 ἁναρτίσας.

173 2866 307 2910 (διῆρες.
323 2869 400 2898 Gobl.
415 2877 442 2898 et
457 2871 568 2899 Fclck.i
584 2881 639 2906 an.,
654 2866 921 2910 r0610.'lidetnmox,

138 2907 304 2928 κοειιιιᾱται.

1007 955 1065 991 ipse
1079 956 1124 991 qui
1143 956 1189 983 Dei
1203 956 1290 984 virtus
1307 962 1335 984 et
1353 956 1487 991 sapientia
1504 961 1562 990 est,
1582 956 1678 984 cadum
1698 955 1792 990 volvit,

1006 1005 1162 1037 terramque
1181 1009 1342 1037 suspensam
1354 1010 1387 1030 ac
1405 1003 1476 1030 nulla
1497 1009 1526 1030 re
1536 1003 1668 1037 innixam,
1682 1003 1791 1038 proprio

1005 1055 1072 1076 nutu
1099 1049 1221 1076 fundavit
1235 1054 1262 1077 et
1288 1048 1417 1078 ﬁrmavit.
1444 1049 1486 1076 Ab
1513 1049 1557 1077 illo
1585 1049 1625 1077 sol
1654 1048 1791 1077 collucens

1004 1093 1160 1120 universum
1173 1094 1265 1122 orbem
1279 1094 1404 1128 illustrat,
1415 1099 1442 1123 et
1457 1095 1520 1122 luna
1532 1095 1622 1122 lumen
1637 1094 1790 1122 dimensum

1004 1138 1095 1166 habet.
1114 1138 1178 1174 Ejus
1193 1140 1302 1168 numine
1326 1147 1396 1176 aqua
1418 1140 1445 1168 in
1471 1140 1588 1168 nubibus
1603 1140 1789 1175 suspenditur,

1003 1184 1100 1219 pluvize
1116 1189 1217 1213 terram
1235 1186 1360 1221 irrigant,
1374 1193 1450 1214 mare
1462 1186 1592 1214 limitibus
1614 1186 1790 1214 circumscri-

1002 1231 1084 1265 bitur,
1100 1235 1173 1259 terra
1193 1231 1276 1260 variis
1290 1232 1391 1267 plantis
1404 1232 1552 1260 frondescit
1565 1236 1592 1260 et
1606 1232 1686 1260 viret.
1707 1231 1787 1260 Deni-

1001 1282 1054 1310 que
1072 1275 1095 1303 si
1107 1277 1168 1311 quis
1188 1276 1306 1304 infidelis
1325 1285 1357 1306 ea
1369 1286 1429 1313 qu:e
1440 1278 1558 1306 diximus
1572 1277 1598 1304 in
1610 1277 1784 1313 quaestionem

1001 1328 1098 1349 vocare
1112 1321 1237 1356 voluerit,
1256 1330 1290 1350 an
1304 1324 1415 1351 omnino
1429 1325 1465 1351 sit
1490 1323 1605 1352 Verbum
1633 1330 1680 1351 seu
1704 1322 1785 1351 Ratio

1000 1365 1058 1397 Dei.
1071 1366 1093 1394 is
1101 1371 1175 1394 certe
1183 1374 1247 1395 sana
1258 1374 1347 1396 mente
1361 1376 1413 1396 non
1431 1376 1492 1396 esse
1507 1369 1657 1397 censendus
1676 1368 1721 1400 sit.
1736 1368 1785 1405 qui

1000 1411 1035 1439 de
1049 1411 1097 1440 Dei
1116 1413 1202 1440 Verbo
1218 1421 1265 1440 seu
1280 1413 1395 1441 Ratione
1412 1416 1512 1442 audeat
1524 1415 1657 1442 dubitare.
1671 1415 1784 1442 Verum-

1001 1461 1091 1485 tamen
1103 1465 1137 1486 ex
1154 1459 1197 1486 his
1209 1460 1303 1492 rebus,
1314 1467 1374 1494 quae
1396 1460 1574 1495 aspectabiles
1589 1464 1663 1494 sunt,
1680 1460 1784 1489 discere

998 1503 1023 1531 ei
1044 1503 1107 1531 licet
1124 1505 1214 1532 omnia
1226 1505 1315 1533 Verbo
1326 1511 1353 1534 et
1366 1505 1504 1540 Sapientia
1528 1507 1574 1534 Dei
1599 1506 1668 1534 facta
1690 1507 1783 1541 fuisse,

999 1556 1050 1576 nec
1076 1557 1133 1577 rem
1161 1550 1242 1577 ullam
1269 1552 1419 1579 consistere
1447 1553 1588 1587 potuisse.
1616 1553 1667 1581 nisi
1694 1552 1784 1581 Verbo

958 1582 980 1612 (ἶ
996 1598 1022 1622 ει
1031 1595 1138 1629 quidem
1148 1595 1236 1624 Verbo
1248 1596 1348 1629 divino,
1359 1582 1496 1625 utdicthm
1511 1602 1563 1630 est,
1574 1582 1670 1626 fuisset
1684 1599 1766 1626 facta.

1031 1639 1077 1668 41.
1094 1640 1151 1670 Hoc
1162 1645 1251 1669 autem
1272 1641 1402 1675 Verbum,
1418 1650 1471 1670 non
1498 1647 1527 1670 ut
1553 1643 1694 1671 hominum
1719 1650 1783 1670 ver-

995 1687 1070 1721 bum,
1083 1688 1308 1722 quemadmodum
1322 1689 1392 1720 dixi,
1406 1696 1439 1715 ex
1463 1689 1574 1724 syllabis
1593 1694 1710 1723 constat,
1734 1689 1781 1717 sed

995 1731 1037 1759 sui
1056 1732 1141 1768 ipsius
1156 1732 1245 1762 Patris
1260 1742 1340 1769 quam
1356 1735 1492 1763 simillima
1509 1740 1550 1763 est
1566 1735 1663 1770 imago.
1685 1735 1780 1762 Homi-

995 1783 1045 1806 nes
1058 1778 1130 1806 enim
1145 1779 1207 1814 quia
1222 1787 1255 1807 ex
1279 1781 1402 1815 partibus
1425 1780 1567 1816 compositi
1590 1784 1617 1808 et
1636 1788 1670 1808 ex
1695 1781 1780 1808 nihilo

994 1830 1059 1854 sunt
1074 1827 1170 1859 creati,
1183 1828 1363 1862 compositum
1377 1837 1485 1864 quoque
1507 1834 1534 1856 et
1549 1828 1704 1867 dissipabile
1719 1836 1780 1856 ver-

996 1871 1061 1898 bum
1082 1871 1191 1898 habent.
1211 1871 1282 1899 Deus
1304 1878 1393 1900 autem
1412 1874 1473 1908 quia
1491 1881 1554 1900 vere
1570 1877 1622 1906 est,
1641 1880 1690 1901 nec
1703 1881 1778 1900 com-

993 1916 1100 1951 positus
1117 1921 1168 1949 est,
1189 1917 1248 1951 ejus
1273 1925 1380 1952 quoque
1403 1917 1519 1946 Verbum
1535 1925 1597 1945 vere
1610 1919 1668 1950 est‘,
1692 1925 1780 1954 neque

992 1961 1170 1996 compositum
1200 1966 1252 1995 est,
1269 1963 1317 1991 scd
1332 1971 1401 1991 unus
1415 1967 1443 1990 et
1466 1963 1619 1999 unigenitus
1644 1964 1715 1992 Deus
1725 1969 1777 1997 est,

992 2007 1038 2042 qui
1051 2013 1084 2034 ex
1101 2006 1182 2035 Patre
1196 2008 1268 2036 velut
1283 2016 1316 2036 ex
1334 2009 1404 2037 bono
1420 2009 1492 2037 fonte
1513 2010 1600 2038 bonus
1616 2011 1776 2046 procedens,

991 2053 1081 2081 omnia
1094 2058 1190 2086 ornat,
1208 2055 1324 2090 disponit
1337 2060 1364 2083 et
1379 2057 1510 2084 continet.
1526 2057 1611 2084 Causa
1635 2064 1715 2092 porro
1729 2064 1775 2084 cur

991 2098 1103 2126 verbum
1114 2119 1122 2131 ,
1138 2098 1267 2133 Verbum,
1295 2101 1418 2137 inquam,
1438 2102 1485 2129 Dei
1502 2102 1536 2130 ad
1552 2110 1595 2130 res
1609 2107 1714 2130 creatas
1731 2110 1776 2130 ve-

990 2145 1072 2179 nerit,
1087 2145 1256 2175 admirabilis
1273 2155 1338 2175 sane
1357 2153 1408 2179 est,
1425 2156 1510 2183 eaque
1525 2148 1597 2176 clare
1606 2149 1773 2176 ostenditres

990 2198 1043 2219 non
1069 2191 1158 2225 aliter,
1184 2201 1265 2228 quam
1290 2193 1328 2221 uti
1353 2202 1425 2221 nuttc
1449 2199 1522 2226 sunt,
1553 2194 1611 2221 ﬁeri
1639 2193 1771 2221 decuisse.

990 2237 1090 2272 Nempe
1105 2245 1195 2266 rerum
1213 2244 1364 2266 creataruut
1391 2242 1499 2273 natura',
1524 2244 1616 2273 utpote
1636 2246 1668 2266 ex
1688 2238 1773 2266 nihilo

988 2283 1071 2317 facta,
1086 2283 1171 2317 ﬂuxa,
1187 2285 1294 2312 inﬂrma
1308 2291 1336 2313 et
1352 2286 1474 2313 mortalis
1487 2293 1534 2321 per
1546 2293 1574 2313 se
1592 2289 1649 2312 est:
1668 2289 1697 2311 at
1713 2284 1773 2311 uni-

992 2337 1133 2358 versorum
1152 2330 1224 2359 Deus
1235 2337 1330 2359 natura
1347 2333 1443 2365 bonus,
1466 2332 1520 2359 imo
1534 2331 1652 2367 optimus
1665 2335 1717 2362 est.
1740 2336 1772 2357 ac

987 2378 1101 2413 proinde
1121 2379 1253 2414 benignus
1272 2385 1300 2406 et
1315 2380 1459 2409 humanus.
1478 2379 1567 2406 Bonus
1582 2379 1653 2405 enim
1669 2377 1770 2405 nemini

986 2424 1068 2451 ullam
1082 2431 1138 2451 rem
1152 2424 1263 2453 invidet.
1277 2426 1445 2460 Quapropter
1457 2431 1543 2460 neque
1551 2424 1632 2451 etiam
1641 2423 1686 2451 ulli
1698 2423 1770 2457 quod

987 2468 1023 2497 sit
1033 2469 1142 2503 invidet,
1157 2470 1204 2498 sed
1220 2476 1324 2504 contra,
1340 2479 1434 2499 omnes
1446 2470 1502 2498 vult
1513 2478 1573 2498 esse
1594 2474 1623 2497 ut
1646 2469 1769 2496 humani-

1020 2525 1082 2562 (79)
1109 2526 1242 2554 Particula
1271 2527 1329 2561 καί,
1350 2535 1409 2562 quze
1435 2527 1461 2554 in
1489 2526 1601 2561 Seguer.
1633 2523 1711 2562 Gobl.
1741 2529 1769 2552 et

992 2559 1112 2588 Felckm.
1129 2562 1142 2588 1
1161 2569 1205 2588 an.
1223 2562 1293 2589 nulla
1305 2559 1366 2596 est,‘
1379 2563 1405 2589 in
1428 2561 1488 2589 aliis
1501 2559 1621 2589 et'cditis
1643 2561 1688 2588 hic
1704 2559 1769 2594 legi-

985 2600 1038 2623 ῐυΓ.

1019 2631 1075 2666 (71)
1094 2630 1217 2668 Seguer.,
1232 2631 1312 2668 Λόγῳ
1334 2633 1382 2668 καὶ
1401 2631 1468 2658 Θεοῦ
1484 2631 1580 2668 Σοφίᾳ,
1605 2630 1688 2668 Paulo
1707 2633 1768 2663 post

981 2673 1032 2700 pro
1044 2667 1209 2702 γενομένων,
1223 2665 1327 2702 Anglic.
1339 2667 1447 2695 Goblcr.
1464 2673 1492 2694 et
1508 2665 1627 2694 F'elckm.
1640 2667 1653 2693 1
1669 2672 1766 2698 auom,

981 2701 1140 2737 γινομένων.
1152 2701 1277 2737 Ῠῖειοιςηιζ
1294 2702 1311 2729 5
1323 2710 1416 2736 anon.,
1436 2701 1599 2737 λεγομένων.

1018 2735 1075 2772 (72)
1088 2736 1133 2772 §ic
1149 2736 1306 2772 Segtier.At
1321 2737 1366 2764 alii
1378 2745 1438 2765 cum
1454 2735 1621 2772 editis,rtiiv.

1028 2770 1073 2806 73)
1087 2770 1207 2798 Felckni.
1219 2771 1237 2797 ‘2
1250 2777 1278 2799 et
1288 2772 1305 2799 5
1316 2780 1411 2804 auon.,
1424 2772 1484 2804 ὅλος
1503 2779 1553 2806 pro
1565 2771 1580 2797 6
1597 2770 1694 2806 Λόγος.

1029 2777 1073 2806 75)
1087 2777 1207 2798 r'elcxm.
1219 2777 1237 2797 ’τ
1250 2777 1278 2799 et
1288 2777 1305 2799 3
1316 2780 1411 2804 auon.,
1424 2777 1484 2804 ολος
1503 2779 1553 2806 pro
1565 2777 1580 2797 ο
1597 2777 1694 2832 Λοὲκ.

1027 2807 1070 2841 π)
1084 2805 1129 2847 Sic
1145 2805 1257 2847 seguer.
1270 2806 1466 2847 Ba_sil.Anglic.
1482 2807 1653 2847 GolilerLetJ
1665 2803 1763 2847 ellckm.

979 2841 992 2869 Ι
1013 2840 1094 2878 anon.
1112 2841 1280 2878 At_Feli-kin.
1294 2842 1311 2869 ὅ
1326 2840 1417 2875 anum,
1425 2841 1571 2878 γεννητῶν.
1584 2841 1672 2878 Editi_o
1680 2840 1763 2878 βοτη-

977 2876 1051 2917 I_nel.,
1061 2876 1192 2912 γενητῶν.
1207 2876 1274 2917 lbi;l_.
1287 2878 1361 2917 ἐστιν
1373 2875 1450 2917 abest
1464 2887 1477 2905 ιι
1485 2875 1593 2917 Golden.
1606 2881 1632 2917 et
1639 2875 1760 2917 eli-km.

978 2911 990 2938 1
1008 2919 1089 2940 anon.
1101 2911 1298 2942 υοεινενητῶν.
1313 2913 1341 2942 lit
1357 2913 1416 2943 aliis
1431 2920 1493 2942 vero
1510 2917 1539 2946 ct
1551 2911 1744 2944 cditisleg'nur.
