2037 3044
258 153 295 181 85

552 152 581 180 S.
601 151 787 181 ATHANASII
806 152 882 181 OPP.
903 153 992 182 PARS
1011 154 1030 182 Ι.
1051 170 1086 176 -—
1105 152 1291 182 HISTORICA
1310 152 1354 181 ET
1375 151 1586 180 DOGMATICA.

1841 151 1878 180 84

259 216 343 239 tatem
368 218 495 240 exercere
514 212 608 247 possit.
632 212 701 240 Hinc
716 219 780 248 ergo
795 220 857 241 cum
875 219 919 241 res
943 220 1038 242 omnes

1097 213 1192 245 πάντας
1203 211 1272 240 εἶναι
1287 212 1421 248 βούλεται,
1436 212 1479 239 ἵνα
1495 211 1541 239 καὶ
1553 210 1820 247 φιλανθρωπεύεσθαι
1832 211 1878 238 δὸ-

260 262 366 285 creatas
388 266 436 291 pro
451 265 499 286 sua
524 258 678 286 conditione
699 258 787 285 ﬂuxas
802 258 907 286 videret
928 265 989 287 esse
1012 263 1040 287 et

258 303 438 335 dissolubilcs,
457 311 492 331 ne
511 304 536 330 id
556 304 702 337 accideret,
719 304 870 338 iterumque
882 305 909 332 in
928 305 1039 332 nihilum

258 349 360 376 rediret
369 349 496 382 mundus.
514 349 558 376 ille
571 349 617 385 qui
635 357 684 377 suo
698 354 726 377 et
737 354 839 378 aeterno
851 349 939 377 Verbo
948 350 1041 377 omnia

257 393 333 427 fecit,
346 398 372 422 et
383 394 463 422 rebus
477 393 576 422 creatis
585 399 709 422 naturam
723 395 806 428 dedit,
819 403 865 423 eas
879 400 973 430 suapte
991 403 1041 423 na-

259 443 320 466 tura
332 439 396 466 ferri
410 444 438 466 et
449 439 544 474 agitari
561 441 652 468 sinere
665 440 761 474 noluit,
787 449 819 468 ne
833 441 902 469 forte
925 442 952 468 in
965 441 1037 469 nihi-

257 483 313 511 lum
329 489 528 511 reverterentur
546 494 553 512 :
568 485 616 512 sed
641 489 669 512 ut
690 485 775 513 bonus
789 493 838 513 suo
863 486 958 518 Verbo,
971 486 1042 521 quod

258 529 346 564 ipsum
361 537 468 564 quoque
487 531 558 558 Deus
568 535 620 562 est,
633 531 787 559 universam
801 537 925 559 naturam
941 533 1041 568 guber-

257 579 316 607 nat,
339 580 366 602 et
394 580 537 609 sustentat,
557 582 587 603 ut
616 577 697 605 Verbi
717 577 800 604 ductu
820 578 1043 614 providentiaque

257 625 286 649 et
305 621 544 649 administratione
570 622 731 655 illuminata,
756 623 832 650 llrma
850 624 1000 652 consistere
1016 630 1044 652 et

258 673 368 694 manere
380 667 472 700 possit,
488 668 586 703 quippe
604 675 664 702 qua:
678 667 758 695 Verbi
773 667 874 702 Putris,
891 670 963 704 quod
980 677 1044 697 vere

258 716 310 743 est.
326 711 373 739 ﬁat
387 713 444 748 ipsa
461 713 608 749 particeps,
618 718 645 741 et
655 713 690 740 ab
700 721 732 741 eo
747 718 776 741 ut
794 714 829 741 sit
841 715 991 750 adjuvetur,
1011 723 1044 744 ne

258 757 364 785 scilicet
380 766 439 786 esse
453 760 573 792 desinat,
583 760 654 795 quod
667 760 760 794 utique
773 759 859 793 ﬁeret,
884 760 937 796 33
959 761 1010 788 nisi
1028 769 1043 788 a

260 804 349 832 Verbo
363 810 582 837 conservaretur,
597 805 669 840 quod
683 805 770 840 ipsum
787 810 824 832 ut
840 806 926 841 imago
940 807 988 834 Dei
1004 807 1045 833 in-

259 851 380 883 visibilis,
399 852 588 886 primogenitus
612 852 697 879 omnis
716 857 845 880 creatum
861 853 883 868 “
897 861 904 879 :
917 853 1043 887 quoniam

1091 268 1179 295 νηται.
1208 259 1294 294 Ὁρῶν
1317 256 1365 285 οὖν
1385 258 1435 294 τὴν
1454 258 1570 293 γενητὴν
1587 259 1676 284 πᾶσαν
1701 257 1800 292 φύσιν,
1816 258 1877 285 ὅσον

1091 304 1160 331 κατὰ
1173 305 1236 336 τοὺς
1257 304 1338 336 ίδίους
1361 304 1447 338 αὐτῆς
1469 303 1579 338 λόγους,
1596 303 1709 339 ῥευστὴν
1725 301 1807 331 οὖσαν
1830 303 1878 330 καὶ

1090 350 1268 386 διαλυομένην
1278 358 1284 364 ·
1299 350 1343 376 ϊνα
1354 349 1392 385 μὴ
1406 349 1484 376 τοῦτο
1497 349 1580 386 πάθῃ,
1595 349 1642 376 καὶ
1655 349 1735 376 πάλιν
1746 350 1786 382 εἰς
1797 349 1827 375 τὸ
1841 349 1878 384 μὴ

1091 396 1160 424 εἶναι
1175 396 1294 431 ἀναλυθῇ
1308 396 1339 422 τὸ
1348 396 1417 428 ὅλον,
1432 395 1524 422 τούτου
1548 395 1640 422 ἕνεκεν
1661 395 1700 430 τῷ
1716 394 1812 422 ἑαυτοῦ
1830 395 1879 422 καὶ

1092 443 1170 478 ἀϊδίῳ
1185 443 1264 478 Λόγῳ
1287 443 1402 478 ποιήσας
1429 441 1464 468 τὰ
1485 442 1588 473 πάντα,
1614 441 1661 468 καὶ
1683 441 1816 473 οὺσιώσας
1829 441 1880 476 τὴν

1093 489 1190 521 κτίσιν,
1205 489 1254 515 οὐκ
1264 488 1370 523 ἀφῆκεν
1381 487 1464 523 αὐτὴν
1483 489 1516 523 τῇ
1531 487 1628 522 ἑαυτῆς
1646 486 1724 521 φύσει
1751 486 1880 522 φέρεσθαι

1093 536 1140 562 καὶ
1154 534 1341 570 χειμάζεσθαι,
1360 534 1404 560 ἵνα
1421 533 1458 569 μὴ
1472 532 1631 569 κινδυνεύσῃ
1644 533 1725 560 πάλιν
1738 534 1778 564 εἰς
1795 532 1826 559 τδ
1842 532 1880 568 μὴ

1093 579 1161 607 εἶναι
1174 590 1181 596 ι
1197 580 1252 607 ἀλλ’
1266 580 1303 612 ὡς
1316 579 1417 613 ἀγαθὸς
1438 579 1494 615 (75)
1509 579 1548 614 τῷ
1564 578 1660 605 ἑαυτοῦ
1677 579 1757 614 Λόγῳ
1774 579 1820 605 καὶ
1831 578 1880 604 αὐ-

1093 626 1132 661 τῷ
1144 626 1200 652 ὄντι
1216 625 1276 661 Θεῷ
1291 625 1340 660 τὴν
1357 625 1504 660 σύμπασαν
1518 623 1681 659 διακυϐερνᾷ
1697 624 1742 650 καὶ
1756 623 1882 658 καθίστη-

1095 680 1146 701 σιν,
1164 671 1217 702 ἵνα,
1235 672 1268 706 τῇ
1292 670 1339 696 τοῦ
1363 670 1450 703 Λόγου
1475 670 1610 704 ἡγεμονία
1633 669 1679 695 καὶ
1699 668 1810 704 προνοίᾳ
1835 669 1882 695 καὶ

1093 715 1272 750 διακοσμήσει
1298 714 1468 750 φωτιζομένη
1494 715 1510 750 ὴ
1541 714 1639 746 κτίσις,
1655 714 1770 749 βεϐαίως
1788 713 1885 748 διαμέ-

1093 770 1150 787 νειν
1167 760 1282 796 δυνηθῇ,
1309 761 1356 786 ἅτε
1379 760 1412 795 δὴ
1443 759 1490 786 τοῦ
1519 759 1602 792 ὅντως
1626 760 1701 790 ὖντος
1723 759 1757 785 ὲκ-
1776 758 1885 794 Πατρὸς

1094 807 1181 841 Λόγου
1205 806 1448 842 μεταλαμϐάνουσα
1472 805 1519 832 καὶ
1550 805 1717 840 βοηθουμένη
1741 804 1774 831 δι’
1800 803 1883 830 αὐτοῦ

1096 853 1135 883 είς
1163 851 1193 878 τὺ
1219 849 1305 878 εἶναι·
1331 851 1369 887 μὴ
1397 851 1451 886 ἄρα
1480 850 1554 887 πάθῃ
1582 850 1650 886 ὅπερ
1679 849 1734 884 (76)
1761 848 1795 876 ἂν
1818 849 1886 876 επα-

259 903 308 931 per
323 896 408 932 ipsum
419 901 447 924 et
465 897 492 924 iu
506 897 563 932 ipso
580 897 733 925 consistunt
752 898 843 925 omnia
864 905 924 925 cum
937 905 970 925 ea
983 905 1043 932 quae

1097 897 1156 929 θεν,
1175 899 1199 924 εί
1221 897 1258 933 μὴ
1281 898 1296 923 6
1318 898 1404 932 Λόγος
1430 897 1514 933 αὐτὴν
1538 897 1640 932 ἐτήρει,
1663 895 1786 931 λέγωιδὴ
1802 895 1832 922 τὺ
1846 895 1884 931 μὴ

260 942 397 975 videntur,
413 947 468 969 tum
486 950 546 978 quas
561 951 613 970 non
631 943 768 977 videntur,
792 943 917 978 idemque
932 948 975 972 est
993 951 1042 971 ca-

261 993 309 1023 put
322 988 458 1022 Ecclesim,
472 994 503 1017 ut
515 989 541 1017 in
559 990 659 1017 sanctis
671 989 769 1017 litteris
785 990 907 1018 veritatis
921 990 1043 1018 ministri

261 1034 360 1062 ducent
374 1035 408 1061 “.

1094 941 1173 976 εἶναι,
1191 943 1226 976 ὅς
1237 943 1322 970 ἐστιν
1336 943 1424 970 εἰκὼν
1436 942 1490 970 τοῦ
1506 942 1580 970 Θεοῦ
1596 942 1649 969 τοῦ
1662 941 1799 975 ἀοράτου,
1809 949 1887 975 πρω-

1097 990 1220 1022 τότοκος
1233 988 1334 1023 πάσης
1349 989 1475 1021 κτίσεως
1486 997 1493 1003 ·
1508 988 1549 1014 ὃτι
1561 988 1594 1014 δι’
1613 986 1693 1014 αὑτοῦ
1707 987 1754 1013 καὶ
1767 987 1796 1013 ὲν
1811 985 1887 1021 αὺτῷ

1100 1035 1248 1070 συνέστηκε
1263 1035 1297 1062 τὰ
1320 1035 1408 1061 πάντα
1424 1034 1458 1061 τά
1477 1042 1507 1060 τε
1532 1033 1618 1070 ὁρατὰ
1639 1034 1687 1060 καὶ
1709 1033 1743 1060 τὰ
1769 1032 1886 1068 ἀόρατα,

260 1082 307 1109 καὶ
321 1082 400 1114 αὑτός
412 1083 486 1108 ἐστιν
497 1083 514 1117 ἡ
526 1082 630 1118 κεφαλὴ
637 1082 870 1119 τῆςἙκκληο-ίας,
881 1083 918 1115 ὡς
934 1083 991 1120 (77)
1010 1083 1060 1119 τῆς
1072 1082 1199 1118 ἀληθείας
1212 1081 1329 1109 διάκονοι
1342 1081 1513 1108 διδάσκουσιν
1524 1081 1554 1107 ὲν
1564 1081 1651 1115 ἁγίοις
1663 1079 1835 1116 γράμμασιν.

296 1129 340 1156 42.
363 1129 418 1157 Ηοο
432 1137 496 1165 ergo
511 1130 682 1165 omnipotens
700 1135 727 1158 et
743 1131 943 1158 sanctissimum
957 1131 1044 1159 Patris

262 1176 382 1203 Verbum
392 1184 434 1204 res
445 1178 585 1204 universas
602 1176 761 1210 pervadens,
777 1184 808 1204 ac
825 1185 888 1204 suas
901 1177 971 1205 vires
986 1177 1045 1205 ubi-

261 1229 315 1256 que
329 1221 478 1257 explicans,
492 1221 636 1256 omniaque
648 1222 762 1249 visibilia
779 1227 807 1250 et
821 1222 965 1250 invisibilia
985 1222 1046 1250 illu-

262 1268 378 1300 minans,
397 1275 429 1295 ea
443 1267 470 1294 in
485 1267 574 1302 seipso
588 1267 706 1294 continet
724 1273 752 1294 et
767 1269 938 1304 coristringit,
953 1268 989 1296 ita
1016 1273 1045 1296 ut

261 1313 328 1341 nihil
349 1321 398 1341 sua
422 1313 540 1348 potentia
564 1320 677 1340 vacuum
696 1313 840 1348 relinquat,
861 1315 906 1342 sed
921 1314 1045 1342 omnibus

262 1364 291 1387 et
304 1367 351 1394 per
367 1360 469 1393 omnia,
491 1360 656 1395 singulisque
677 1360 829 1394 speciatim,
849 1365 878 1387 et
896 1361 1045 1395 generatim

262 1406 367 1433 cunctis
377 1405 460 1433 simul
481 1406 562 1433 vitam
577 1406 748 1439 impertiatur
769 1411 797 1433 et
810 1411 962 1434 conservet.
978 1407 1046 1435 Hinc

261 1456 367 1478 natura:
391 1459 528 1486 corporeae
553 1452 696 1487 principia,
718 1459 778 1486 quas
804 1457 867 1480 sunt
880 1451 995 1480 calidum
1019 1456 1047 1480 et

1130 1130 1173 1157 42.
1195 1129 1279 1161 Αὐτὸς
1303 1128 1368 1163 γοῦν
1395 1130 1410 1155 6
1434 1129 1637 1164 παντοδύναμος
1655 1127 1703 1155 καὶ
1730 1127 1888 1159 παντέλειος

1095 1177 1173 1211 ᾰγιος
1197 1177 1211 1203 6
1232 1175 1280 1202 τοῦ
1297 1175 1403 1212 Πατρδς
1426 1175 1529 1210 Λόγος,
1552 1174 1651 1206 ἐπιϐὰς
1665 1175 1722 1206 τοῖς
1747 1175 1814 1200 πᾶσι
1840 1173 1888 1200 καὶ

1095 1222 1233 1258 πανταχοῦ
1245 1223 1294 1254 τὰς
1309 1222 1405 1249 ἑαυτοῦ
1422 1221 1551 1257 δυνάμεις
1569 1221 1744 1256 ὲφαπλώσας,
1762 1221 1810 1247 καὶ
1828 1229 1887 1255 φωρ

1095 1270 1190 1302 τίσας,
1210 1270 1245 1297 τά
1266 1278 1295 1296 τε
1320 1268 1470 1304 φαινόμενα
1485 1268 1532 1295 καὶ
1551 1267 1587 1294 τὰ
1603 1268 1706 1304 ἀόρατα
1723 1267 1811 1294 πάντα
1822 1286 1829 1298 ,
1847 1267 1887 1298 είς

1095 1315 1191 1342 ἑαυτὸν
1209 1314 1315 1349 συνέχει
1341 1315 1388 1341 καὶ
1416 1314 1572 1349 συσφίγγει,
1599 1313 1682 1349 μηδὲν
1705 1313 1809 1349 ἔρημον
1835 1312 1888 1348 τῆς

1095 1361 1192 1389 ἑαυτοῦ
1209 1361 1349 1397 δυνάμεως
1363 1359 1560 1392 ἀπολελοιπὼς,
1581 1360 1648 1386 ἀλλὰ
1666 1359 1757 1387 πάντα
1773 1360 1820 1387 καὶ
1841 1358 1888 1386 διὰ

1096 1408 1214 1440 πάντων,
1231 1407 1278 1435 καὶ
1296 1407 1410 1434 ἕκαστον
1430 1407 1494 1443 ἰδίᾳ,
1512 1407 1559 1434 καὶ
1581 1406 1689 1442 ἀθρόως
1701 1405 1770 1441 ὁμοῦ
1789 1405 1825 1432 τὰ
1838 1405 1889 1432 ὅλα

1098 1454 1236 1486 {morsoer
1258 1454 1306 1481 καὶ
1328 1453 1531 1488 διαφυλάττων·
1550 1453 1599 1485 τάς
1624 1461 1655 1478 τε
1682 1451 1771 1488 ἀρχὰς
1797 1452 1889 1487 πάσης

262 1497 400 1534 frigidum,
426 1498 566 1526 humidum
591 1503 618 1526 et
641 1499 741 1526 siccum
769 1492 942 1531 elementum,
968 1497 1047 1526 simul

1099 1500 1230 1536 αὗσθητῆς
1250 1500 1356 1533 οὐσίας,
1379 1500 1461 1536 αἵπερ
1477 1499 1532 1526 sici.
1548 1498 1638 1535 Θερμὴ
1659 1499 1707 1526 καὶ
1725 1498 1817 1534 ψυχρὰ
1841 1499 1892 1525 καὶ

262 1543 431 1577 commiscet,
450 1549 499 1570 nec
516 1543 587 1570 inter
612 1550 641 1570 se
662 1543 793 1570 dissidere
813 1543 887 1575 sinil,
903 1541 953 1569 sed
966 1549 1047 1569 unam

261 1594 289 1616 et
304 1596 452 1617 consonam
473 1589 645 1616 harmoniam
668 1588 741 1624 cogit
761 1587 876 1616 ellicere.
892 1587 945 1615 Per
961 1587 1048 1622 ipsum

262 1635 372 1670 ejusque
383 1636 508 1663 virtutem
522 1641 609 1670 neque
623 1634 691 1670 ignis
702 1641 762 1661 cum
775 1634 873 1669 frigore
882 1638 991 1670 pugnat.
1001 1641 1050 1661 ne-

261 1688 314 1715 que
340 1680 479 1707 humidum
494 1680 655 1707 elementum
672 1686 733 1706 cum
749 1680 822 1706 sicco
842 1686 850 1705 :
868 1680 914 1706 sed
929 1686 973 1706 res
987 1678 1048 1712 illae,

262 1734 322 1761 quae
336 1733 383 1761 per
397 1725 501 1761 seipsas
516 1729 579 1752 sunt
593 1723 748 1757 contraria},
767 1723 844 1758 quasi
860 1724 954 1750 amicas
963 1727 991 1750 et
1004 1730 1051 1750 co-

263 1777 368 1807 gnatae,
390 1779 442 1798 una
466 1770 599 1803 coeundo,
624 1770 704 1797 rebus
729 1769 939 1804 aspeclabilibus
965 1769 1050 1796 vitam

264 1819 396 1850 tribuunt,
414 1822 441 1845 et
452 1817 610 1852 corporibus
625 1823 716 1844 causa
731 1820 794 1844 sunt
808 1816 965 1843 exsistendi.
982 1816 1051 1844 Huic

264 1862 349 1889 eidem
369 1861 423 1888 Deo
449 1861 537 1888 Verbo
550 1861 769 1894 obtemperantes
781 1868 826 1888 res
843 1865 958 1888 terrena:
970 1861 1050 1888 vitam

265 1904 375 1937 habent,
402 1909 429 1931 et
446 1903 570 1930 caelestes
597 1903 759 1930 consistunt.
788 1901 913 1936 Ejusdem
939 1902 1052 1936 imperio

267 1958 343 1978 mare
363 1950 518 1977 universum
537 1955 705 1983 magnusque
724 1955 843 1975 oceanus
867 1948 982 1984 propriis
995 1953 1051 1975 ter-

265 1996 346 2024 minis
366 2003 429 2022 suos
448 2000 536 2023 motus
549 1999 667 2027 coercet,
691 1998 719 2021 et
737 1999 808 2022 terra
828 1998 882 2022 tota
900 1995 992 2022 herbis
1012 1995 1052 2022 di-

265 2042 405 2076 versisque
424 2040 533 2076 plantis,
557 2041 656 2074 utjam
671 2040 736 2072 dixi,
751 2045 908 2067 exornatur.
932 2040 1053 2076 Denique

266 2093 296 2115 ut
312 2095 364 2115 non
379 2087 406 2113 in
418 2094 447 2113 re
458 2086 599 2113 manifesta
611 2085 722 2120 singulis
731 2086 904 2113 recensendis
917 2085 1051 2120 insistam,

267 2130 333 2159 nihil
348 2136 488 2158 estrerum
503 2130 622 2158 omnium
638 2137 697 2165 qua:
712 2135 775 2157 sunt
783 2135 809 2157 et
821 2130 897 2163 ﬁunt,
914 2132 984 2165 quod
999 2139 1051 2159 non

267 2177 293 2204 in
310 2177 366 2212 ipso
391 2183 417 2204 et
442 2184 490 2212 per
509 2176 597 2212 ipsum
619 2176 721 2204 factum
743 2176 778 2204 sit
797 2181 824 2204 et
846 2178 987 2211 consistat,
1011 2179 1050 2206 uti
1064 2174 1089 2204 D

267 2223 348 2250 etiam
363 2222 404 2249 vir
420 2222 557 2256 theologus
567 2228 578 2241 ο
589 2221 631 2250 bis
647 2222 737 2249 verbis
756 2223 833 2251 docet
852 2221 907 2250 ειη
921 2224 1050 2257 principio

268 2274 323 2295 erat
345 2268 467 2300 Verbum,
482 2273 505 2295 ει
532 2268 645 2295 Verbum
658 2273 714 2296 erat
734 2269 804 2302 apud
818 2269 910 2301 Deum,
936 2275 960 2296 et
982 2269 1050 2298 Deus

267 2319 321 2342 erat
344 2313 465 2342 Verbum.
483 2313 579 2342 Omnia
603 2323 648 2348 per
662 2314 746 2350 ipsum
770 2315 841 2350 facta
858 2320 964 2350 sunl,et
990 2317 1047 2343 sine

268 2362 323 2395 ipso
333 2361 431 2396 faclum
443 2366 480 2388 est
492 2361 557 2388 nihil
563 2361 595 2389 ’³.
609 2360 837 2394 Quemadmodum
847 2361 919 2389 enim
929 2362 1049 2390 musicus

268 2408 326 2443 lyra
338 2410 371 2435 ad
386 2413 544 2435 concentum
557 2408 768 2440 accommodata,
785 2409 965 2444 gravibusque
988 2417 1050 2436 cum

302 2468 324 2484 ¹¹
339 2467 442 2495 Coloss.
460 2474 480 2498 ι,
497 2466 540 2494 15.
578 2467 600 2482 ¹’
615 2466 679 2494 ibid.
696 2466 786 2494 16-18.
825 2466 848 2483 "
862 2466 940 2494 Joan.
961 2474 980 2499 ι,
999 2466 1022 2499 l,
1039 2467 1066 2494 5.

302 2523 359 2559 (75)
374 2523 426 2559 Pro
440 2523 478 2559 ᾡς
491 2521 607 2559 ἀγαθός,
618 2522 710 2549 Felck.
722 2523 739 2549 2
754 2529 796 2559 an.
808 2521 890 2549 habet
902 2522 940 2559 ᾡς
953 2522 983 2555 ἐξ
999 2523 1050 2559 ἁρ-

268 2560 318 2596 χῆς
386 2558 568 2596 αὑτοῦΑΛόγῳ.
588 2558 628 2596 Et
643 2557 877 2596 ιιιοκησύμπασαν
899 2557 1049 2596 διακοσμή-

268 2592 318 2626 ὂας
330 2592 417 2620 κτίσιν
431 2592 601 2628 καθίστησινἷ
610 2593 641 2619 Ει
655 2600 703 2627 pro
717 2592 893 2628 διακοσμήσει
903 2600 960 2628 seq.
978 2592 1048 2628 idem

269 2630 348 2657 habet
360 2627 576 2663 διακυϐερνήσει.
593 2627 631 2654 ld.
646 2628 732 2663 paulo
745 2632 804 2662 post
816 2635 864 2662 pro
883 2628 931 2654 ἅτε
947 2627 980 2662 δή
999 2627 1048 2654 ha-

268 2665 313 2693 bet
327 2664 398 2690 οὕτω
409 2663 466 2695 καί,
475 2662 512 2690 νει
526 2671 574 2698 pro
591 2662 770 2724 βοιὲθουμένη,
786 2663 960 2724 παρηγμένζ

304 2700 360 2724 (76)
376 2700 425 2724 'Av
442 2699 518 2724 abest
535 2706 548 2724 a
563 2698 625 2724 Fclc
647 2718 654 2724 .
668 2698 685 2724 5
696 2706 740 2724 an.
755 2698 836 2724 Paulo
857 2704 917 2724 nost
955 2707 960 2724 ‹

304 2700 360 2734 (76)
376 2700 425 2725 Ἀν
442 2699 518 2725 abest
535 2706 548 2724 a
563 2698 654 2726 Felck.
668 2698 685 2725 5
696 2706 740 2726 an.
755 2698 836 2725 Paulo
857 2704 917 2732 post
935 2698 1046 2732 Seguer.

1099 1547 1169 1583 ὑγρὰ
1188 1547 1234 1574 καὶ
1251 1546 1322 1583 ξηρὰ
1342 1547 1382 1578 είς
1403 1546 1432 1573 ἓν
1449 1545 1672 1582 ωγκεραννὺων,
1695 1547 1767 1571 ποιεῖ
1780 1545 1819 1581 μὴ
1840 1546 1889 1572 ἁν-

1098 1593 1243 1624 τιστατεῖν,
1261 1591 1328 1618 ἀλλὰ
1342 1586 1407 1626 μίαν
1423 1592 1470 1618 καὶ
1484 1591 1630 1627 σύμφωνον
1646 1591 1788 1618 ἀποτελεῖν
1802 1591 1890 1629 ἁρμο-

1099 1638 1169 1665 νίαν.
1185 1638 1224 1664 Δι’
1238 1637 1319 1664 αὑτὸν
1335 1638 1383 1664 καὶ
1398 1637 1448 1672 τὴν
1471 1636 1552 1664 αὐτοῦ
1572 1637 1686 1672 δύναμιν
1706 1635 1768 1663 οὗτε
1788 1636 1818 1663 τὸ
1832 1636 1889 1673 πῦρ

1098 1685 1139 1719 τῷ
1150 1683 1246 1720 ψυχρῷ
1260 1683 1386 1719 μάχεται,
1402 1683 1464 1710 οὒτε
1478 1683 1507 1710 τὸ
1523 1683 1607 1719 ὑγρὸν
1622 1682 1662 1718 τῷ
1677 1682 1765 1718 ξηρῷ·
1779 1682 1836 1709 ἀλλ’
1850 1683 1890 1714 ὡς

1100 1729 1165 1764 φίλα
1181 1729 1229 1756 καὶ
1247 1728 1347 1763 ἀδελφὰ
1368 1727 1404 1754 τὰ
1421 1727 1477 1764 (78)
1494 1727 1556 1755 καθ’
1581 1727 1666 1754 ἑαυτὰ
1686 1727 1751 1754 ὄντα
1769 1727 1889 1760 ἐναντία,

1101 1774 1260 1800 συνελθόντα
1275 1773 1342 1808 ὁμοῦ
1353 1793 1361 1804 ,
1376 1773 1410 1799 τά
1427 1781 1457 1799 τε
1481 1772 1632 1808 φαινόμενα
1649 1772 1821 1806 ζωγονοῦσι,
1842 1773 1890 1799 καὶ

1099 1818 1147 1845 τοῦ
1169 1815 1239 1844 εἶναι
1254 1819 1309 1849 τοῖς
1325 1816 1446 1852 σώμασιν
1465 1817 1549 1852 ἀρχαὶ
1566 1816 1686 1850 γίνονται
1703 1817 1770 1852 (79).
1795 1817 1890 1853 Τούτῳ

1101 1862 1139 1897 τῷ
1151 1863 1211 1898 Θεῷ
1221 1863 1299 1897 Λόγῳ
1313 1861 1460 1900 πειθόμενα
1470 1862 1504 1889 τὰ
1519 1862 1568 1898 μὲν
1583 1862 1628 1889 ἐπὶ
1639 1862 1691 1897 γῆς
1703 1861 1888 1896 ζωογονεῖται,

1101 1909 1134 1934 τὰ
1149 1909 1177 1935 δὲ
1194 1909 1222 1934 ὲν
1238 1910 1295 1940 τοῖς
1316 1909 1440 1944 οὐρανοῖς
1463 1908 1631 1934 συνίσταται.
1656 1908 1710 1934 Καὶ
1727 1908 1771 1934 διὰ
1794 1907 1890 1936 τοῦτον

1102 1951 1225 1979 θάλαττα
1235 1952 1284 1987 μὲν
1303 1953 1376 1978 πᾶσα
1398 1952 1445 1978 καὶ
1465 1953 1480 1978 6
1505 1952 1593 1988 μέγας
1611 1952 1731 1983 ὠκεανὸς
1745 1952 1818 1988 ὅροις
1833 1953 1891 1983 τοῖς

1104 1997 1178 2029 ίόἱοις
1202 1997 1292 2032 ἔχουσι
1312 1998 1361 2033 τὴν
1377 1997 1481 2024 ἑαυτῶν
1497 1997 1650 2033 κίνησιν¹ή
1675 1997 1703 2023 δὲ
1725 1996 1795 2033 ξηρὰ
1814 1998 1891 2025 πᾶσα.

1102 2043 1246 2079 χλοηφορεῖ
1259 2043 1306 2070 καὶ
1322 2044 1396 2078 κομᾷ
1416 2044 1554 2074 παντοίοις
1569 2043 1616 2069 καὶ
1631 2043 1768 2078 διαφόροις
1785 2045 1890 2078 φυτοῖς,

1101 2089 1139 2120 ὡς
1152 2089 1318 2125 προείρηται.
1332 2089 1388 2115 Καὶ
1405 2089 1447 2115 ἵνα
1466 2089 1504 2124 μὴ
1518 2089 1549 2115 τὸ
1565 2088 1731 2115 καθέκαστον
1745 2089 1791 2115 ἐπὶ
1808 2098 1890 2124 φανε-

1105 2135 1312 2171 ροῖς.ὸνομάζων
1327 2134 1496 2170 ὲνδιατρίϐω,
1510 2134 1665 2161 οὐδέν-ἐστο
1673 2134 1726 2161 τῶν
1746 2135 1829 2161 ὄντων
1843 2136 1892 2162 καὶ

1101 2181 1259 2216 γινομένων,
1279 2181 1293 2207 ὃ
1317 2181 1353 2217 μὴ
1370 2181 1399 2206 ὲν
1421 2180 1496 2216 αὐτῷ
1519 2181 1567 2207 καὶ
1581 2180 1615 2206 δι’
1632 2180 1714 2207 αὐτοῦ
1730 2181 1826 2215 γέγονε
1843 2182 1892 2208 καὶ

1101 2226 1226 2262 ἕστηκεν,
1274 2226 1328 2261 (80)
1345 2234 1410 2261 φησι
1420 2226 1467 2252 καὶ
1479 2227 1492 2253 ὀ
1503 2225 1626 2261 θεολόγας
1639 2226 1725 2262 ἀνήρ·
1746 2227 1797 2253 Ἐν
1811 2227 1900 2262 ἀρχῇ

1101 2270 1142 2307 ἦν·
1160 2273 1176 2299 ὁ
1194 2273 1298 2307 Λόγος,
1315 2272 1364 2299 καὶ
1384 2274 1400 2299 ό
1419 2273 1513 2308 Λόγος
1524 2271 1565 2308 ἦν
1579 2272 1653 2307 πρὸς
1667 2272 1820 2305 τὸν-Θεὸν,
1840 2273 1891 2300 καὶ

1102 2318 1174 2352 Θεὸς
1192 2317 1230 2353 ἦν
1248 2320 1264 2345 ὀ
1281 2319 1385 2353 Λόγος.
1404 2318 1505 2346 Πάντα
1526 2319 1564 2345 δι’
1581 2319 1674 2346 αὑτοῦ
1690 2319 1819 2354 ἐγένετο,
1841 2319 1891 2346 καὶ

1102 2363 1192 2398 χωρὶς
1206 2364 1298 2391 αὑτοῦ
1311 2362 1427 2398 ἐγένετο
1443 2363 1514 2390 οὐδὲ
1525 2363 1559 2390 ἓν
1573 2361 1717 2399 (81)]οἷον
1731 2363 1785 2399 γὰρ
1799 2363 1892 2396 εἴτις,

1102 2409 1186 2448 λύραν
1200 2411 1328 2446 μουσικὸς
1337 2410 1528 2446 ἁρμοσάμενος
1538 2409 1726 2444 καὶιτὰ-Βαοέα
1738 2411 1794 2442 τοῖς
1806 2410 1893 2446 ὀξέσι,

1138 2522 1193 2557 (78)
1204 2521 1245 2548 Τά
1262 2520 1375 2555 Seguer.
1390 2519 1492 2557 habet:
1516 2519 1636 2557 alii_cum
1649 2518 1730 2557 editis
1748 2518 1900 2557 omittunt.‘

1102 2552 1173 2584 Idem
1183 2552 1262 2591 paulo
1271 2552 1331 2590 po'st
1344 2561 1370 2582 et
1384 2555 1493 2591 Gobler.
1505 2562 1537 2591 ac
1557 2554 1646 2591 Eelck.
1662 2555 1686 2591 ιζ
1695 2561 1777 2581 anon.
1789 2552 1892 2587 ζωογο-

1102 2589 1306 2624 νοῦσιἸιςώθιίη
1323 2591 1437 2617 aliicum
1452 2589 1542 2622 editis,
1557 2589 1694 2623 ζωογονεῖ.

1138 2622 1360 2663 (79)__P:i_i'ticula
1389 2625 1436 2663 {at
1460 2632 1520 2659 quae
1551 2632 1603 2663 non
1618 2622 1669 2663 est
1693 2623 1720 2650 in
1749 2622 1816 2663 seg._

1102 2658 1170 2690 blér.
1186 2658 1287 2697 'Felck.
1302 2661 1326 2697 Al
1349 2666 1375 2688 et
1388 2660 1417 2697 _2
1435 2658 1527 2697 auom,
1558 2660 1583 2687 in
1610 2658 1671 2687 aliis
1695 2658 1832 2697 etIeduis
1847 2658 1892 2697 hic

1102 2697 1209 2732 legitur.
1239 2695 1357 2725 Felckm.
1384 2695 1397 2722 1
1427 2700 1455 2723 et
1474 2695 1492 2722 2
1514 2702 1594 2722 anon.
1619 2701 1670 2729 pro
1693 2692 1797 2727 τούτῳ,
1825 2692 1894 2719 ταῦ-

268 2741 331 2762 anle
346 2734 427 2760 εἰκών
441 2734 514 2769 addit
527 2733 592 2769 γάρ.
621 2767 637 2769 _
675 2767 691 2769 Α
724 2767 737 2769 _
761 2767 783 2769 η
889 2766 907 2769 _
927 2767 932 2769 _
951 2766 959 2769 _
1025 2767 1032 2769 _

1099 2741 1134 2759 τα
1151 2733 1240 2769 habet.

304 2770 359 2802 (Π)
376 2768 428 2796 Pro
438 2767 476 2799 ὡς
496 2761 607 2802 Segu'er.
621 2767 702 2794 Basil.
717 2767 828 2795 Gobler.
845 2772 873 2794 et
888 2766 1006 2794 Felckm.
1021 2767 1048 2800 ί,
1138 2768 1192 2802 (80)
1218 2766 1270 2793 Pro
1284 2762 1302 2802 ᾗ
1314 2765 1424 2802 Gobler:
1443 2768 1471 2792 et
1493 2763 1611 2802 felckm.
1629 2763 1764 2802 l‘anpn..6
1781 2761 1891 2802 habent.

269 2805 285 2831 '3
300 2797 442 2830 ιιιδίιιιοιι.
455 2797 478 2828 οἱ
498 2797 597 2830 habent
611 2811 618 2829 :
635 2802 791 2838 Anglicqr'h,
807 2802 871 2830 etin
888 2797 1047 2838 marg.fo_rlé

1102 2797 1332 2838 lbiil.il3asil._"et
1352 2799 1472 2838 Felckm.
1521 2806 1623 2838 liuor!"
1645 2797 1784 2838 (ζεολογίας
1798 2797 1878 2831 ἀνήρ.

269 2840 312 2873 ἧν.
342 2838 503 2870 lulcrpreles
525 2838 568 2873 ὡς
593 2833 723 2873 Ιομι-ιῖηι.
745 2833 819 2866 Μία.
848 2845 896 2873 pro
920 2833 1047 2873 ὰλῗηθείας

1139 2837 1195 2873 (81)
1207 2837 1240 2863 Ὃ
1256 2836 1366 2870 γέγονεν
1383 2836 1426 2862 hic
1441 2833 1638 2862 ndditFelt‘km.
1652 2833 1669 2859 5
1688 2840 1767 2859 anon.
1898 2846 1901 2850 -

271 2872 386 2902 Felckut.
400 2873 416 2899 5
433 2879 524 2905 anon.,
542 2872 712 2906 Ἐκκλησιας.
