2037 3044
136 183 171 211 85
723 179 853 208 ORATlO
873 177 1018 207 CONTRA
1037 177 1183 206 CENTES.
1731 179 1765 208 ιισ

137 241 183 267 καὶ
200 241 232 267 τὰ
254 241 324 275 μὲσα
339 242 396 272 τοῖς
417 240 507 273 ἄλλοις
531 240 585 277 (8‘2)
601 242 634 276 τῇ
649 240 733 276 τέχνῃ
755 238 921 273 συναγαγὼν,

982 237 1079 270 acutis,
1105 241 1133 265 et
1158 235 1253 264 mediis
1270 244 1331 264 cum
1343 237 1403 265 aliis
1417 242 1478 266 arte
1498 238 1663 273 temperatis,
1681 246 1764 266 unum

135 285 165 312 ἓν
180 286 209 312 τὸ
228 285 427 320 σημαινόμενον
443 284 523 320 μέλος
540 284 685 319 ἀποτελοίη
706 284 772 318 (85)·
793 283 864 310 οὓτω
881 282 929 310 καὶ

95 348 106 357 -
136 332 153 366 ἡ
166 330 212 358 τοῦ
231 330 298 357 Θεοῦ
315 331 406 366 σοφία,
423 331 453 357 τὸ
470 331 530 358 ὅλον
542 331 580 362 ὼς
595 330 679 366 λύραν
694 329 812 364 ἐπέχων,
830 329 876 356 καὶ
892 328 928 355 τὰ

134 378 164 404 ὲν
180 377 241 412 ἀέρι
257 379 313 409 τοῖς
329 377 375 404 ἐπὶ
392 377 443 412 γῆς
461 375 637 412 συναγαγὼν,
655 375 702 402 καὶ
719 375 753 402 τὰ
770 375 800 402 ὲν
819 373 928 411 οὐρανῷ

135 425 190 454 τοῖς
212 424 241 449 ὲν
259 423 329 459 ἀέρι,
345 423 392 449 καὶ
412 423 445 449 τὰ
461 422 510 448 ὅλα
523 423 580 454 τοῖς
598 421 667 449 κατὰ
685 422 767 458 μέρος
784 421 928 448 συνάπτων

136 469 183 495 καὶ
202 469 341 503 περιάγων
357 468 395 504 τῷ
408 467 505 494 ἑαυτοῦ
523 467 637 503 νεύματι
653 468 699 494 καὶ
715 466 865 503 θελήματι,
878 466 928 493 ἕνα

134 515 180 540 τὸν
196 515 297 549 κόσμον
313 514 360 540 καὶ
377 514 441 550 μίαν
459 514 510 550 τὴν
525 514 620 540 τούτου
642 513 719 548 τάξιν
733 514 861 540 ἀποτελεῖ
876 522 927 540 κα-

133 560 189 592 λῶς
208 561 255 587 καὶ
278 560 476 596 ἡρμοσμένως,
502 560 583 592 αὐτὸς
609 560 658 596 μὲν
679 560 808 595 ἀκίνητος
838 559 927 595 μένων

135 606 212 641 παρὰ
232 606 271 641 τῷ
289 606 392 642 Πατρὶ,
409 606 498 632 πάντα
511 605 539 632 δὲ
561 606 644 632 κινῶν
659 607 692 641 τῇ
711 605 808 633 ἑαυτοῦ
825 605 925 632 συστά-

135 662 187 685 σει,
201 653 238 685 ὡς
254 652 285 680 ἂν
302 653 419 680 ἕκαστον
441 652 480 688 τῷ
500 652 597 679 ἑαυτοῦ
619 653 707 689 Πατρὶ
721 652 796 688 δοκῇ.
813 651 850 678 Τὸ
871 651 926 687 γὰρ

135 698 285 735 παράδοξον
305 699 388 726 αὑτοῦ
411 699 460 735 τῆς
484 699 609 737 θεότητος
626 699 704 726 τοῦτό
721 700 805 731 ἐστιν,
823 699 864 725 ὅτι
887 699 927 726 ἑνὶ

134 746 236 782 καὶτῷ
258 745 333 781 αὺτῷ
350 746 407 780 (84)
424 737 537 780 νεύματι
561 746 649 772 πάντα
671 745 739 781 ὁμοῦ
761 745 806 772 καὶ
821 745 872 772 οὐκ
894 746 926 772 ὲκ

133 791 342 827 διαστημάτων,
365 791 423 818 ἀλλ’
438 791 543 828 ἀθρόως
559 792 607 818 ὅλα
630 792 665 820 τά
681 800 710 818 τε
734 791 812 827 ὀρθὰ,
830 792 877 818 καὶ
891 792 926 818 τά

133 838 283 874 περιφερῆ,
297 837 330 864 τὰ
343 837 409 870 ἄνω,
427 837 461 864 τὰ
477 837 547 873 μέσα
564 837 631 872 (85),
642 837 677 864 τὰ
690 837 775 869 κάτω,
790 837 824 864 τὰ
841 836 923 873 ὑγρὰ,

131 884 167 910 τὰ
182 883 284 920 ψυχρὰ,
303 884 337 910 τὰ
357 883 457 920 θερμὰ,
475 883 509 910 τὰ
532 883 682 918 φαινόμενα
701 883 748 910 καὶ
767 883 801 909 τὰ
820 883 925 918 ἀόρατα

133 919 259 965 περιάγει
284 931 331 956 καὶ
357 929 498 964 διακοσμεί
522 928 592 955 κατὰ
616 928 665 964 τὴν
692 928 808 955 ἑκάστου
831 928 922 962 φύσιν.
940 919 961 947 Β

136 974 222 1009 Ὁμοῦ
241 974 295 1010 γὰρ
309 974 347 1009 τῷ
361 974 436 1009 αὐτῷ
451 974 566 1009 νεύματι
578 973 671 1006 αὐτοῦ,
686 974 717 1000 τὸ
729 973 779 1009 μὲν
794 974 872 1010 ὀρθὴν
886 973 924 1006 ὡς

131 1020 229 1056 ὀρθὸν,
246 1020 277 1047 τὸ
297 1020 324 1047 δὲ
349 1020 496 1056 περιφερὲς
518 1020 696 1056 περιάγεται·
721 1019 751 1045 τὸ
773 1019 802 1046 δὲ
829 1019 922 1055 μέσον,

129 1066 169 1098 ὡς
184 1065 252 1097 ἔστι,
268 1067 384 1093 κινεῖται
394 1075 400 1081 ³
414 1066 444 1092 τὸ
457 1065 557 1101 θερμὸν
574 1065 759 1102 θερμαίνεται,
775 1065 822 1092 καὶ
834 1065 863 1091 τὸ
878 1063 924 1100 ξη-

133 1111 178 1147 ρὸν
200 1112 371 1149 ξηραίνεταιν
390 1112 438 1138 καὶ
458 1112 492 1138 τὰ
516 1111 565 1138 ὅλα
586 1111 624 1143 ὡς
649 1111 704 1147 ἔχει
728 1111 835 1146 φύσεως
857 1111 924 1143 ζωο-

130 1158 246 1182 ποιεῖται
265 1157 311 1183 καὶ
331 1156 488 1183 συνίσταται
510 1157 576 1192 παρ’
597 1157 694 1182 αὑτοῦ·
712 1156 759 1182 καὶ
780 1155 922 1191 θαυμαστή

129 1210 173 1234 τις
191 1203 236 1229 καὶ
256 1203 315 1229 θεία
331 1202 439 1239 ἀληθῶς
459 1202 576 1238 ἁρμονία
595 1202 767 1229 ἀποτελεῖται
781 1201 812 1228 δι’
828 1201 921 1229 αὐτοῦ.

166 1248 210 1275 43.
239 1249 294 1275 Kal.
321 1248 365 1275 ἵνα
393 1249 424 1274 ὲκ
457 1248 679 1283 παραδείγματος
703 1247 733 1274 τδ
762 1246 923 1282 τηλικοῦτον

129 1292 240 1329 νοηθείη
252 1314 259 1325 ,
275 1293 345 1321 ἔστω
358 1293 389 1320 τὸ
402 1293 547 1329 λεγόμενον
561 1293 599 1324 ὡς
619 1294 648 1320 ὲν
668 1293 751 1319 εικόνι
772 1292 853 1328 χοροῦ
875 1300 923 1328 με-

129 1339 224 1374 γάλου.
245 1338 288 1371 Ὠς
300 1339 389 1366 τοίνυν
402 1338 449 1365 τοῦ
466 1339 548 1375 χοροῦ
563 1339 729 1371 συνεστῶτος
742 1339 774 1366 ἐκ
787 1338 922 1374 διαφόρων

129 1385 280 1422 ἀνθρώπων
295 1385 361 1420 (86),
376 1385 488 1417 παίδων,
502 1386 640 1420 γυναικῶν
659 1383 693 1412 αὖ
711 1385 759 1412 καὶ
775 1384 920 1421 γερόντων,

128 1433 177 1459 καὶ
195 1432 248 1458 τῶν
264 1431 303 1458 ἔτι
325 1431 392 1458 νέων
405 1440 412 1447 ³
427 1432 474 1458 καὶ
486 1432 544 1464 ἐνὸς
560 1431 606 1458 τοῦ
621 1431 809 1468 καθηγεμόνος
823 1431 921 1466 σημαί-

129 1487 230 1510 νοντος,
248 1478 362 1510 ἕκαστος
387 1478 435 1513 μὲν
451 1477 521 1504 κατὰ
534 1478 584 1513 τὴν
601 1477 681 1513 φύσιν
700 1477 797 1504 ἑαυτοῦ
813 1477 859 1503 καὶ
873 1476 920 1503 δύ-

129 1534 211 1560 ναμιν
227 1525 320 1560 φωνεῖ,
335 1525 349 1550 ὁ
362 1525 411 1560 μὲν
425 1524 494 1560 ἀνὴρ
507 1525 545 1556 ὼς
558 1524 638 1560 ἀνὴρ,
653 1525 666 1551 ό
677 1524 705 1551 δὲ
718 1525 782 1556 παῖς
794 1524 831 1556 ὡς
845 1525 918 1555 παῖς,

129 1571 144 1597 ὁ
164 1570 193 1596 δὲ
205 1570 294 1606 γέρων
306 1570 344 1601 ὡς
360 1571 459 1606 γέρων,
474 1570 520 1597 καὶ
537 1570 551 1596 ὁ
566 1570 625 1602 νέος
644 1570 681 1601 ὡς
694 1570 879 1602 νέος,’πάντες
891 1569 919 1596 δὲ

131 1616 195 1651 μίαν
208 1615 383 1642 ἀποτελοῦσιν
400 1616 547 1651 ἁρμονίαν·
561 1615 577 1651 ἢ
596 1615 634 1647 ὡς
653 1616 672 1651 ἡ
685 1614 745 1642 καθ’
758 1615 832 1650 ἡμᾶς
845 1614 918 1651 ψυχὴ

129 1663 158 1688 ἐν
178 1661 268 1697 ταύτῷ
288 1662 337 1694 τὰς
356 1663 385 1689 ὲν
405 1663 470 1698 ἡμῖν
488 1661 627 1698 αἰσθήσεις
643 1660 713 1688 κατὰ
733 1661 783 1696 τὴν
801 1661 918 1696 ἑκάστης

128 1706 270 1743 ἐνέργειαν
284 1708 362 1740 κινεῖ,
382 1707 452 1733 ὥστε
473 1707 606 1742 παρόντος
621 1705 783 1741 πράγματος
798 1706 857 1737 ἑνὸς
869 1705 918 1738 τὰς

130 1753 219 1785 πάσας
236 1752 304 1788 ὁμοῦ
317 1752 460 1784 κινεῖσθαι,
481 1753 529 1779 καὶ
550 1752 596 1778 τὸν
612 1752 661 1787 μὲν
682 1751 820 1786 ὀφθαλμὸν
840 1752 917 1787 ὁρᾷν,

127 1799 178 1834 τὴν
190 1798 219 1825 δὲ
240 1799 324 1834 ἀκοὴν
341 1799 449 1826 ἀκούειν
460 1819 467 1831 ,
490 1797 539 1833 τὴν
556 1798 584 1824 δὲ
606 1799 683 1833 χεῖρα
701 1797 848 1829 ἆπτεσθαι,
871 1798 918 1824 καὶ

130 1845 181 1881 τὴν
213 1844 346 1881 ὄσφρησιν
380 1843 638 1880 ἀντιλαμϐάνεσθαι,
669 1844 716 1870 καὶ
745 1844 794 1879 τῆν
824 1842 918 1878 γεῦσιν

128 1890 274 1925 γεύεσθαι·
295 1890 425 1923 πολλάκις
443 1891 472 1918 δὲ
496 1891 543 1917 καὶ
561 1890 596 1917 τὰ
621 1890 687 1917 ἄλλα
708 1891 776 1926 μέλη
870 1890 917 1929 τοῦ

129 1937 264 1972 σώματος,
279 1937 349 1965 ὥστε
362 1937 409 1963 κα)⁹
420 1937 482 1968 τοὺς
495 1937 579 1968 πόδας
593 1937 754 1972 περιπατεῖν
764 1944 770 1950 '
783 1936 799 1970 ἦ
813 1936 856 1962 ἵνα
871 1935 918 1962 καὶ

128 1983 212 2019 τρίτῳ
233 1983 434 2018 παραδείγματι
448 1983 480 2010 τὸ
503 1983 649 2018 λεγόμενον
669 1981 805 2018 σημανθῇ,
831 1982 918 2009 ἔοικεν

128 2029 335 2065 οἰκοδομηθείσῃ
359 2030 475 2064 μάλιστα
502 2029 606 2065 μεγάλῃ
631 2029 722 2061 πόλει,
748 2029 794 2055 καὶ
816 2030 919 2056 οἰκονο-

130 2075 253 2112 μουμένῃ
271 2077 317 2102 ἐπὶ
333 2077 468 2112 παρουσίᾳ
482 2076 528 2103 τοῦ
544 2077 591 2102 καὶ
606 2076 708 2111 ταύτην
722 2075 917 2110 οἰκοδομήσαν-

128 2129 174 2153 τος
193 2122 322 2157 ἄρχοντος
341 2122 388 2148 καὶ
407 2121 547 2156 βασιλέως.
569 2121 689 2147 Ἐκείνου
704 2120 757 2155 γὰρ
774 2120 917 2156 παρόντος,

128 2168 176 2194 καὶ
197 2167 422 2202 προστάττοντος,
447 2167 495 2194 καὶ
515 2167 583 2202 πρὸς
605 2166 693 2193 πάντα
713 2166 758 2193 τὸν
781 2165 918 2200 ὀφθαλμὸν

129 2212 271 2246 τείνοντος,
284 2213 410 2248 ἑπόμενοι
423 2213 532 2244 πάντες,
548 2213 572 2238 οἱ
588 2213 636 2248 μὲν
649 2212 695 2238 ἐπὶ
710 2212 759 2248 τὴν
771 2211 917 2247 γεωργίαν,

129 2259 152 2286 οἱ
167 2259 195 2285 δὲ
212 2259 258 2285 ἐπὶ
272 2259 335 2291 τοὺς
352 2259 525 2294 ὑδραγωγοὺς
542 2259 732 2295 ὑδρευσόμενοι
747 2258 916 2285 σπεύδουσινο

129 2304 208 2336 ἄλλος
229 2305 257 2331 δὲ
274 2305 489 2341 ὲπισιτισόμενος
509 2305 689 2341 προέρχεται·
712 2306 759 2332 καὶ
775 2306 789 2332 ὁ
806 2305 856 2340 μὲν
872 2305 919 2331 ἐπὶ

128 2351 177 2385 τὴν
195 2351 292 2386 βουλὴν
309 2351 420 2386 βαδίζει,
436 2352 450 2377 ὁ
464 2351 492 2378 δὲ
507 2352 553 2378 ἐπὶ
570 2352 619 2386 τὴν
635 2351 782 2387 ἐκκλησίαν
796 2351 917 2387 εἰσέρχε-

132 2406 172 2424 ται
183 2406 190 2413 ο
203 2398 249 2424 καὶ
266 2399 280 2424 ό
301 2398 349 2432 μὲν
366 2397 493 2433 δικαστὴς
508 2398 554 2424 ἐπὶ
569 2398 597 2424 τὸ
612 2397 741 2429 δικάζειν,
761 2398 775 2423 ὁ
786 2397 815 2423 δὲ
827 2397 918 2432 ἄρχων

129 2444 175 2470 ἐπὶ
193 2443 223 2470 τὸ
247 2443 435 2479 θεσμοθετεῖν·
462 2443 624 2471 καθίσταται
648 2444 676 2470 δὲ
703 2443 802 2475 εὐθέως
825 2445 839 2471 ὁ
869 2443 918 2479 μὲν

131 2489 252 2524 τεχνίτης
267 2489 313 2516 ἐπὶ
325 2489 377 2525 τὴν
396 2489 536 2524 ἐργασίαν,
553 2489 567 2514 ὁ
584 2489 612 2515 δὲ
625 2489 725 2524 ναύτης
740 2489 786 2515 ἐπὶ
804 2488 852 2524 τὴν
869 2488 917 2515 θά-

129 2542 227 2561 Αατταν
245 2535 416 2570 κατέρχεται,
434 2536 448 2562 ὸ
467 2535 571 2561 τέκτων
587 2536 632 2561 ἐπὶ
650 2535 681 2561 τὸ
702 2535 881 2566 τεκτονεὺειν,
901 2536 916 2561 ό

129 2581 220 2616 ἰατρὸς
239 2582 285 2608 ἐπὶ
303 2581 352 2617 τὴν
365 2581 524 2616 θεραπείαν,
539 2581 553 2607 ὁ
569 2581 707 2615 οἰκοδόμος
724 2581 770 2607 ἐπὶ
782 2581 830 2616 τὴν
845 2582 917 2608 οἰκο-

129 2626 230 2662 δομήν·
251 2627 298 2654 καὶ
317 2627 334 2653 ὁ
354 2627 403 2662 μὲν
424 2627 463 2659 είς
477 2627 524 2653 τὸν
548 2627 632 2662 ἀγρὸν
649 2626 759 2662 βαδίζει,
779 2629 793 2653 ὁ
811 2627 839 2654 δὲ
862 2626 916 2654 ἀπὸ

131 2672 174 2699 τοῦ
200 2672 285 2707 ἀγροῦ
309 2673 469 2709 ἀνέρχεται·
491 2672 539 2699 καὶ
558 2674 581 2699 οἱ
606 2673 655 2708 μὲν
679 2673 743 2708 περὶ
766 2673 815 2707 τὴν
839 2672 917 2699 πόλιν

128 2719 351 2754 ἀναστρέφονται,
365 2721 390 2746 οἱ
405 2719 433 2746 δὲ
449 2719 502 2747 ἀπὸ
515 2719 565 2755 τῆς
575 2719 678 2751 πόλεως
691 2719 856 2754 ἐξέρχονται,
871 2719 918 2745 καί

164 2765 219 2801 (ξὲ)
233 2764 348 2801 [icit-lim.
361 2765 380 2792 '2
394 2773 487 2801 anon.,
500 2766 605 2801 ἄκροις.
618 2765 700 2799 Idem,
721 2765 914 2801 προσαγαγών.

164 2799 221 2836 (85)
236 2799 343 2827 Gubler.
356 2806 383 2828 et
395 2800 514 2829 Felckm.
524 2799 544 2827 l‘
555 2809 648 2832 anon.,
662 2799 822 2836 ἀποτελέσῃ.
833 2800 914 2828 lidcm

127 2835 207 2869 paulo
221 2840 280 2869 post
291 2842 339 2868 pro
353 2835 524 2870 συναγαγὼν,
541 2836 741 2863 ὲπισυνάπτων.
762 2835 825 2863 Item
837 2836 915 2870 paulo

127 2875 189 2904 post
205 2875 267 2897 ante
291 2870 416 2905 νεύματι,
440 2870 677 2905 Seguer.Gobler.
703 2877 731 2898 et
754 2871 873 2899 Felckm.
900 2872 911 2898 Ι

129 2912 210 2932 anon.
225 2905 306 2931 αὐτοῦ
324 2906 421 2932 habent
437 2914 484 2938 pro
499 2906 606 2932 ἑαυτοῦ.

166 2940 221 2975 (84)
240 2940 320 2968 Basil.
335 2940 488 2969 etE’clrkm.
501 2941 517 2968 5
531 2949 621 2976 auom,
638 2941 730 2969 αὑτοῦ.

981 281 1060 311 cilicii
1075 287 1235 310 concentum
1251 290 1258 309 :
1276 284 1313 309 tta
1328 290 1434 318 quoque
1448 283 1494 311 Dei
1509 283 1646 318 Sapientia
1659 284 1767 312 univer-

980 338 1039 357 sum
1065 329 1192 356 mundum
1209 329 1291 357 veluti
1312 329 1398 365 lyram
1421 334 1526 363 tenens,
1557 337 1653 364 resque
1678 330 1766 358 aerias

979 383 1040 403 cum
1069 376 1182 402 terrenis
1206 379 1233 402 et
1258 375 1383 402 cmlestes
1410 383 1470 402 cum
1485 375 1568 402 aeriis
1589 375 1764 410 coniungens,

978 421 1124 455 omniaque
1138 429 1198 448 cum
1220 420 1331 455 singulis
1343 425 1519 454 connectens,
1535 424 1563 447 et
1576 428 1626 448 suo
1644 423 1710 447 nutu
1734 427 1767 447 ac

977 467 1116 494 voluntate
1141 467 1357 499 circumducens,
1376 474 1459 493 unum
1479 467 1606 494 mundum
1628 474 1766 502 unumque

977 513 1070 540 mundi
1085 513 1208 540 ordinem
1223 511 1337 546 pulchre
1353 517 1380 539 et
1394 513 1527 540 concinne
1546 512 1691 540 admodum
1708 511 1766 539 cili-

978 558 1027 591 cit,
1051 558 1192 593 ipsumque
1219 557 1326 585 interim
1356 558 1404 585 Dei
1428 557 1547 586 Verbum
1567 559 1636 592 apud
1657 557 1766 586 Patrem

977 609 1070 632 manet
1083 604 1231 637 immobile,
1245 604 1308 632 dum
1323 603 1425 637 omnia,
1439 603 1599 639 proutPatri
1610 604 1695 630 visum
1711 604 1768 631 fue-

976 651 1023 683 rit,
1049 657 1104 678 suze
1132 656 1234 677 natura?
1259 649 1410 677 constantia
1438 653 1538 676 movet.
1559 648 1624 675 Illud
1646 649 1717 676 enim
1738 648 1766 676 in

976 696 1034 731 ejus
1050 697 1193 724 divinitate
1216 696 1376 724 admirabile
1392 701 1443 728 est,
1458 695 1528 731 quod
1550 703 1603 723 uno
1619 696 1768 730 eodemque

976 746 1043 770 nutu
1056 742 1146 769 omnia
1159 741 1249 774 simul,
1273 741 1355 768 nullis
1371 746 1523 776 temporum
1541 741 1702 773 intervallis,
1718 741 1766 768 sed

975 788 1076 821 omnia,
1092 788 1212 822 inquam,
1237 787 1326 819 simul,
1345 792 1418 814 recta
1436 792 1462 814 et
1475 787 1596 822 globosa,
1612 787 1765 821 superiora,

976 833 1063 861 media
1075 838 1103 860 et
1117 833 1219 866 inﬁma,
1236 833 1355 866 humida,
1370 826 1477 868 frigida,
1492 832 1590 865 calida,
1607 832 1723 860 visibilis
1738 837 1766 860 et

976 879 1122 907 invisibilia
1133 879 1330 912 circumducat,
1346 883 1374 906 et
1393 886 1441 914 pro
1457 879 1670 914 uniuscujusque
1685 884 1765 906 natu-

976 933 1004 952 ra
1014 925 1146 959 gubernct
1156 929 1183 952 et
1197 925 1379 952 administret.
1404 924 1471 952 Nam
1484 924 1563 952 simul
1576 926 1670 952 eodem
1691 925 1765 953 illius

975 978 1054 1005 nutu,
1081 978 1184 1000 rectum
1204 975 1288 1004 recte,
1304 977 1331 1000 et
1350 971 1495 1000 rotundum
1521 972 1634 999 rotunde
1659 971 1764 1005 fertur;

974 1019 1104 1051 medium,
1119 1019 1198 1046 sicuti
1215 1023 1268 1052 est,
1287 1023 1425 1051 movetur;
1439 1018 1554 1045 calidum
1571 1018 1691 1053 calescit,
1708 1018 1764 1047 sic-

974 1074 1034 1094 cum
1053 1066 1171 1098 arescit;
1195 1066 1287 1092 omnia
1314 1065 1430 1100 denique
1456 1073 1505 1100 pro
1531 1073 1579 1093 sua
1604 1064 1762 1092 naturaillo

974 1113 1055 1139 dante
1081 1102 1187 1139 vivunt;
1204 1116 1231 1139 et
1260 1112 1431 1145 consistunt,
1462 1111 1704 1146 admirabilemque
1732 1119 1766 1139 ac

974 1166 1037 1186 vere
1049 1158 1168 1186 divinum
1181 1163 1341 1186 concentum
1357 1165 1405 1194 per
1420 1158 1508 1193 ipsum
1521 1162 1697 1193 componunt.

1010 1250 1055 1278 45.
1076 1249 1112 1278 Ut
1120 1257 1185 1277 vero
1196 1257 1239 1277 res
1254 1253 1326 1277 tanta
1344 1249 1460 1284 imagine
1471 1248 1561 1283 aliqua
1574 1247 1688 1283 intelligi
1699 1255 1762 1282 pos—

972 1298 1017 1330 sit,
1039 1305 1107 1332 age:
1135 1297 1271 1324 numerosi
1287 1297 1401 1330 alicujus
1421 1295 1496 1324 chori
1515 1295 1666 1329 exemplum
1678 1294 1763 1321 addu-

972 1348 1075 1368 camus.
1101 1341 1193 1376 Itaque
1216 1341 1444 1375 quemadmodum
1469 1340 1496 1368 in
1521 1340 1605 1368 choro
1630 1347 1664 1367 ex
1680 1339 1763 1367 variis

972 1386 1136 1419 hominibus,
1169 1386 1270 1421 pueris,
1291 1386 1462 1419 mulieribus,
1487 1386 1596 1413 senibus
1620 1389 1647 1412 et
1675 1383 1766 1412 adole-

973 1433 1113 1461 scentibus
1136 1433 1296 1469 composito,
1323 1432 1377 1468 34
1392 1440 1444 1459 uno
1459 1431 1574 1467 praeside
1592 1430 1760 1462 moderante,

972 1478 1069 1514 singuli
1086 1486 1135 1514 pro
1150 1487 1197 1506 sua
1217 1484 1313 1506 natura
1329 1483 1353 1506 el
1373 1478 1501 1505 facultate
1524 1481 1645 1508 cantant,
1669 1476 1710 1503 vir
1734 1480 1765 1503 ut

970 1525 1022 1558 vir,
1050 1533 1117 1560 puer
1142 1529 1170 1552 ut
1193 1533 1270 1560 puer,
1298 1532 1379 1551 senex
1392 1528 1421 1550 ut
1440 1531 1536 1555 senex,
1554 1522 1711 1550 adulescens
1735 1526 1765 1549 ut

972 1571 1244 1602 adolescens,omnes
1258 1575 1347 1597 tamen
1358 1577 1438 1596 unum
1452 1573 1612 1596 coneentum
1627 1567 1763 1594 eﬂiciunt-

970 1616 1012 1644 vel
1040 1616 1266 1651 quemadmodum
1295 1621 1387 1642 nostra
1413 1615 1504 1642 anima
1531 1615 1624 1641 eodem
1641 1618 1763 1648 tempore

969 1666 1077 1689 nostros
1093 1669 1190 1689 sensus
1201 1670 1249 1697 pro
1266 1661 1396 1696 cujusque
1407 1660 1567 1688 eﬂicacitate
1579 1663 1679 1692 movet,
1690 1661 1759 1687 adeo

969 1715 997 1738 ut
1009 1714 1140 1745 praesente
1159 1717 1187 1737 re
1203 1709 1290 1744 aliqua
1300 1716 1395 1736 omnes
1414 1707 1494 1735 simul
1513 1713 1681 1739 moveantur,
1697 1714 1763 1734 ocu-

969 1755 1065 1790 lusque
1076 1755 1176 1787 videat,
1191 1755 1265 1782 auris
1282 1754 1384 1787 audiat,
1404 1761 1499 1780 manus
1515 1757 1617 1788 tangat,
1631 1752 1762 1781 odoratus

969 1801 1089 1834 olfaciat,
1113 1805 1204 1837 gustet
1224 1804 1360 1835 gustatus,
1375 1799 1481 1833 aliaque
1504 1798 1625 1833 corporis
1640 1797 1761 1825 membra

969 1857 1041 1885 sape
1060 1848 1142 1876 etiam
1156 1852 1248 1881 agant,
1264 1846 1337 1874 verbi
1353 1846 1450 1882 gratia,
1461 1845 1542 1881 pedes
1554 1843 1707 1872 ambulent:
1719 1844 1762 1872 vel

969 1899 999 1922 ut
1025 1894 1105 1921 tertio
1125 1892 1249 1928 exemplo
1273 1899 1330 1919 rem
1351 1891 1529 1922 illustremus,
1545 1889 1571 1917 id
1588 1889 1705 1917 maxime
1717 1890 1755 1916 si-

969 1939 1032 1967 mile
1046 1947 1106 1967 esse
1124 1939 1230 1966 videtur
1254 1946 1357 1974 magnae
1377 1936 1458 1964 alicui
1477 1936 1536 1964 urbi
1554 1935 1680 1969 conditae,
1702 1943 1762 1970 quae

968 1991 1101 2022 praesente
1122 1985 1244 2020 principe
1256 1988 1283 2011 et.
1306 1984 1478 2019 imperatore,
1494 1982 1539 2018 qui
1553 1990 1611 2010 eam
1626 1982 1759 2015 condidit,

969 2032 1184 2060 administretur.
1202 2031 1341 2065 Siquidem
1368 2030 1414 2057 illo
1434 2034 1567 2064 pra:sente
1585 2033 1612 2056 et
1637 2027 1761 2062 jubente,

969 2083 1050 2112 atque
1066 2077 1171 2104 oculmn
1188 2078 1220 2104 ad
1246 2076 1336 2104 omnia
1357 2076 1522 2107 intendente,
1539 2082 1634 2102 omnes
1651 2075 1758 2102 obtent—

968 2128 1076 2160 perant,
1087 2123 1112 2150 hi
1127 2127 1272 2158 properant
1286 2122 1318 2149 ad
1334 2121 1460 2149 colendos
1472 2128 1562 2156 agros,
1574 2120 1611 2147 illi
1628 2120 1660 2147 ad
1673 2127 1760 2155 aqua:-

969 2171 1066 2198 ductus
1084 2170 1117 2197 ad
1133 2168 1310 2197 hauriendam
1326 2175 1423 2204 aquam
1442 2168 1571 2195 festinant
1588 2176 1594 2195 :
1609 2166 1653 2194 hic
1665 2167 1698 2193 ad
1713 2166 1753 2193 ci-

969 2216 1032 2243 bum
1052 2213 1262 2250 comparandum
1285 2215 1466 2250 progreditur,
1478 2218 1601 2250 senatum
1625 2213 1690 2247 petit
1701 2211 1755 2244 ille,

971 2260 1041 2287 alter
1066 2260 1092 2287 in
1116 2259 1258 2287 ecclesiam
1284 2260 1367 2287 intrat
1387 2269 1393 2286 :
1417 2259 1500 2295 judex
1518 2259 1552 2285 ad
1571 2257 1758 2292 judicaudum,

969 2306 1096 2342 princeps
1110 2307 1143 2334 ad
1155 2306 1199 2342 ius
1212 2306 1354 2333 dicendum
1369 2313 1398 2333 se
1411 2310 1487 2340 parat
1501 2314 1509 2332 ε
1523 2303 1619 2330 artifex
1634 2302 1759 2330 similiter

971 2351 1063 2379 statim
1080 2351 1105 2378 in
1124 2359 1191 2385 opus
1213 2350 1353 2383 incumbit,
1379 2355 1457 2376 nauta
1481 2349 1513 2376 ad
1528 2356 1603 2376 mare
1627 2347 1758 2380 excurrit,

972 2396 1049 2424 faber
1062 2396 1095 2424 ad
1111 2396 1309 2428 fabricandum,
1324 2396 1443 2422 medicus
1455 2396 1486 2421 ad
1502 2394 1660 2426 curandum,
1673 2397 1700 2420 et
1715 2401 1759 2420 ar-

970 2442 1103 2470 chitectus
1116 2441 1148 2467 ad
1162 2441 1347 2468 aadilicandum
1360 2449 1388 2469 se
1405 2440 1508 2468 confert
1523 2449 1530 2468 :
1543 2440 1612 2468 alter
1626 2441 1652 2467 in
1662 2447 1756 2475 agrum

970 2489 1035 2520 exit,
1053 2495 1086 2514 ex
1107 2495 1171 2520 agro
1190 2487 1259 2513 redit
1274 2487 1343 2514 alter
1361 2496 1368 2514 :
1385 2487 1428 2514 alii
1452 2487 1554 2514 circum
1574 2485 1667 2513 urbem
1695 2493 1757 2513 ver—

971 2537 1074 2565 santur,
1094 2532 1138 2559 alii
1163 2540 1194 2559 ex
1210 2532 1275 2559 urbe
1295 2532 1479 2567 egrediuntur,
1493 2532 1644 2566 iterumque
1659 2531 1684 2558 in
1696 2538 1756 2558 eam

968 2582 1152 2606 revertuntur.
1173 2577 1235 2605 Haec
1249 2585 1331 2613 porro
1345 2577 1434 2604 omnia
1450 2577 1529 2604 unius
1543 2576 1671 2612 principis
1685 2584 1756 2612 prae-

968 2623 1055 2650 sentia
1072 2627 1099 2650 et
1114 2623 1228 2658 imperio
1241 2627 1370 2657 geruntur
1380 2626 1408 2649 et
1426 2621 1501 2649 fiunt.
1517 2621 1555 2649 ita
1567 2620 1686 2658 profecto
1698 2629 1753 2649 rem

969 2677 1077 2704 quoque
1101 2678 1130 2698 se
1147 2670 1246 2697 habere
1260 2670 1287 2697 in
1303 2670 1431 2698 universa
1447 2678 1536 2698 rerum
1560 2677 1666 2702 natura,
1689 2669 1753 2697 licet

971 2723 1051 2746 tenue
1072 2717 1214 2744 admodum
1229 2719 1264 2745 sit
1281 2718 1447 2753 exemplum,
1462 2717 1550 2745 altiori
1570 2721 1659 2744 tamen
1674 2717 1755 2744 intel-

1004 2764 1068 2805 (85)_
1090 2763 1184 2805 basil.,
1208 2764 1294 2800 μὲσω.
1321 2765 1393 2793 Idem
1424 2765 1504 2801 paulo
1529 2770 1600 2800 post,
1627 2764 1661 2792 τὰ
1689 2762 1754 2800 Θερ-

968 2800 1213 2872 μᾴᾶἓῖηὲζευειτ,
1233 2835 1348 2871 ἀνδρῶν.
1373 2835 1462 2872 Paulo
1490 2841 1567 2872 post,
1592 2836 1662 2872 ἀνήρ
1691 2838 1755 2871 post

988 2869 1036 2907 ἐν,
1056 2871 1119 2907 παῖς
1135 2869 1260 2907 ειγέρων
1279 2869 1340 2905 post
1368 2871 1397 2898 δέ
1422 2869 1519 2899 desunt
1548 2873 1574 2899 in
1599 2869 1707 2899 Go'bler.
1725 2875 1753 2899 et

978 2905 1084 2932 felt-km.
1102 2906 1114 2932 l
1132 2905 1225 2937 anonl,
1235 2907 1279 2940 qui
1290 2907 1369 2934 iidem
1382 2907 1446 2934 ibid.
1457 2908 1555 2934 habent
1567 2908 1582 2934 ὁ
1592 2908 1620 2935 δὲ
1633 2906 1672 2939 ὡς
1680 2906 1751 2939 νιος.

1002 2941 1057 2977 (87)
1072 2942 1116 2969 Sic
1128 2941 1301 2976 Seg-~er.Alii
1314 2950 1374 2970 cum
1386 2943 1476 2977 editis,
1493 2943 1573 2977 μέρη.
