2037 3044
155 147 191 174 89
725 146 855 175 ORATIO
874 146 1013 175 CONTRA
1033 149 1178 178 GENTES.
1742 155 1775 183 00

189 203 234 230 45.
256 203 360 239 Ὥσπερ
376 203 445 239 γὰρ,
461 203 664 239 ἀναϐλέψαντας
689 206 727 236 είς
751 205 796 231 τὸν
818 205 939 241 οὐρανὸν,

1028 208 1074 236 45.
1090 208 1124 236 Ut
1142 209 1213 236 enim
1229 209 1326 237 ratium
1353 210 1490 242 intuendo,
1515 208 1625 244 ejusque
1647 215 1774 239 ornatum

155 249 202 277 καὶ
226 249 326 281 Ιδόντας
345 250 390 277 τὸν
406 250 507 286 κόσμον
528 251 626 283 αὑτοῦ,
648 252 694 278 καὶ
713 251 744 278 rb
759 251 812 279 τῶν
836 252 942 287 ἄστρων

154 296 223 331 φῶς,
236 295 309 322 ἐστιν
325 295 497 331 ἐνθυμεῖσθαι
517 297 562 323 τὸν
575 297 661 324 ταῦτα
673 297 871 332 διακοσμοῦντα
891 298 942 324 Λό-

154 349 214 373 γον·
230 340 301 367 οὕτω
317 341 443 373 νοοῦντας
458 343 542 376 Λόγον
555 343 633 376 Θεοῦ,
648 344 717 369 νοεῖν
748 343 821 370 ἐστιν
835 343 940 380 ἀνάγκη

154 387 200 414 καὶ
216 387 261 414 τὸν
274 387 369 414 τούτου
390 388 496 424 πατέρα
512 388 588 421 Θεὸν,
608 389 637 422 ἐξ
653 386 683 416 οὗ
700 390 812 426 προῖὼν,
829 390 941 422 εἰκότως

152 432 200 459 τοῦ
217 432 313 459 ἑαυτοῦ
336 433 438 468 πατρὸς
461 434 596 469 ἑρμηνεὺς
618 435 664 461 καὶ
685 434 800 469 ἄγγελος
816 434 938 470 λέγεται·

153 479 201 505 καὶ
219 478 299 505 τοῦτο
311 479 343 505 ὲκ
354 479 408 505 τῶν
421 478 481 506 καθ’
500 480 573 514 ἡμᾶς
586 488 628 512 τις
646 480 678 507 ἂν
693 480 747 516 (97)
762 481 820 508 ἴδοι.
841 481 872 508 Ει
886 481 940 516 γὰρ

153 523 196 559 δὴ.
219 524 296 558 λόγου
315 524 454 560 προίόντος
473 525 548 561 παρὰ
567 525 732 561 ἀνθρώπων,
751 526 940 562 ἑνθυμούμεθα

153 570 202 606 τὴν
213 569 305 597 τούτου
316 571 406 606 πηγὴν
421 569 489 598 εἷναι
498 572 543 599 τὸν
554 572 625 605 νοῦν,
640 573 688 600 καὶ
698 572 737 608 τῷ
749 573 820 609 λόγῳ
834 574 942 600 ἐπιϐάλω

154 615 255 646 λοντες,
267 615 312 642 τὸν
328 615 389 642 νοῦν
407 617 606 652 σημαινόμενον
621 617 728 654 ὁρῶμεν
744 619 783 654 τῷ
800 618 938 654 λογισμῷ·

154 661 243 697 πολλῷ
257 662 336 689 πλέον
352 662 453 697 μείζονι
470 664 604 700 φαντασίᾳ.
620 665 667 691 καὶ
679 665 837 701 ἁσυγκρίτῳ
853 666 939 701 ὑπερ·-

152 708 202 743 οχῇ
225 706 272 734 τοῦ
288 708 376 742 Λόγου
400 709 449 745 τὴν
471 709 584 745 δύναμιν
601 710 732 745 ὁρῶντες,
750 710 853 738 ἔννοιαν
867 711 937 746 λαμ-

993 258 1020 281 ct
1030 259 1162 281 astrorum
1177 254 1266 282 lumen
1278 254 1493 290 contemplanda,
1508 255 1624 282 Verbum
1644 256 1714 290 quod
1731 255 1777 283 illa

993 304 1047 327 tam
1059 299 1128 326 miro
1140 299 1233 326 ordine
1248 299 1380 334 disposuit
1400 298 1549 334 intelligere
1564 299 1641 327 facile
1654 304 1696 328 est
1711 307 1719 326 :
1738 300 1776 328 ita

992 346 1037 380 qui
1049 344 1164 372 Verbum
1174 344 1220 371 Dei
1233 345 1381 380 cognoscit,
1392 343 1450 379 ejus
1458 351 1564 379 quoque
1578 351 1680 379 patrem
1694 346 1775 374 Deum

991 395 1137 426 cognoscat
1160 398 1270 418 necesse
1291 395 1343 424 est,
1370 398 1404 418 ex
1426 398 1480 426 quo
1503 391 1564 426 quia
1581 391 1694 424 oriatur,
1715 392 1776 424 jure

992 437 1089 465 merito
1120 437 1162 464 sui
1188 437 1281 465 Patris
1296 437 1429 471 interpres
1443 441 1470 463 ct
1484 437 1593 465 nuntius
1616 437 1775 472 appellatur,

991 483 1070 518 idque
1082 490 1115 510 ex
1127 483 1168 510 his
1180 490 1240 518 quae
1251 482 1278 510 in
1290 482 1368 510 nobis
1382 482 1450 509 ﬁunt
1465 481 1684 518 licetpercipere.
1699 482 1777 511 Nam-

989 536 1043 564 que
1063 528 1086 556 si
1108 532 1224 555 mentem
1240 528 1342 555 fontem
1355 535 1417 556 esse
1433 529 1604 563 intelligimus
1617 528 1692 556 verbi
1719 528 1777 556 sive

989 573 1124 602 sermonis
1141 574 1184 608 qui
1200 574 1234 601 ab
1248 574 1358 601 homine
1377 573 1499 608 proﬂuit,
1516 580 1721 608 sermonemque
1735 577 1776 600 at-

991 619 1140 652 tendentes,
1156 624 1339 653 mentemque
1355 619 1401 646 illo
1417 618 1595 653 signiﬁcatur,
1610 619 1774 654 cogitatione

993 665 1147 692 cernimus:
1164 664 1247 692 multo
1256 668 1329 692 certe
1344 665 1438 699 majori
1452 670 1479 693 et
1491 665 1595 692 inﬁnite
1607 666 1776 699 praestantio-

991 709 1013 737 ri
1028 709 1130 737 ratione
1143 717 1203 738 cum
1218 709 1296 737 Verbi
1311 709 1437 737 virtutem
1449 710 1596 742 intuemur,
1609 711 1707 738 bonum
1717 710 1775 744 ejus

154 753 270 789 ὂάνομεν
291 753 336 780 καὶ
353 753 399 781 τοῦ
422 755 524 789 ἀγαθοῦ
540 755 646 791 [ἰατρὸς
666 756 760 788 αὑτοῦ,
779 756 817 788 ὡς
831 756 911 788 αὐτὸς
926 758 939 784 ό

990 755 1097 784 Patrem
1114 757 1204 784 animo
1218 756 1361 791 concipere
1375 757 1514 790 debemus,
1528 761 1557 784 ut
1581 757 1638 792 ipse
1651 755 1776 784 Salvator

153 798 246 834 Σωτήρ
263 808 344 835 φησιν
353 809 360 815 ·
381 800 411 827 '0
421 800 473 836 ἐμὲ
485 801 619 835 ἑωρακὼς
634 802 744 835 ἑώρακε
757 802 810 829 τὸν
824 803 940 837 Πατέρα

151 852 210 878 μου
239 844 304 880 (98).
330 846 421 873 Ταῦτα
442 847 471 873 δὲ
488 847 534 873 καὶ
553 848 628 874 πᾶσα
650 848 826 880 θεόπνευστος
845 848 939 884 Γραφὴ

153 891 340 927 φανερώτερον
357 893 404 920 καὶ
419 893 489 920 κατὰ
508 893 598 929 μεῖζον
624 894 768 929 κηρύττει,
793 894 839 928 ἀφ’
856 891 893 921 ὧν
907 894 938 930 δὴ

153 937 200 963 καὶ
219 937 298 972 ἡμεῖς
319 937 517 974 τεθαρρηκότες
539 938 626 966 ταῦτὰ
646 948 687 966 σοι
710 939 868 975 γράφομεν,
893 941 939 967 καὶ

153 984 196 1015 σὺ,
223 983 336 1016 ταύταις
367 985 548 1020 ἐντυγχάνων,
577 984 679 1020 δυνήσῃ
707 986 760 1011 τῶν
785 985 939 1020 λεγομένων

152 1030 224 1065 ἔχειν
242 1030 291 1066 τὴν
313 1031 414 1058 πίστιν.
437 1031 522 1065 Λόγος
537 1031 591 1067 γὰρ
611 1033 643 1059 ὲκ
667 1031 798 1068 μειζόνων
815 1031 939 1067 βεϐαιού-

154 1084 242 1111 μενος,
265 1077 460 1112 ἀναντίρρητον
489 1076 546 1112 ἔχει
572 1077 621 1113 τὴν
647 1077 793 1110 ἀπόδειξιν.
819 1078 939 1104 Ἃνωθεν

151 1121 240 1148 τοίνυν
259 1122 323 1158 περὶ
338 1122 387 1158 τῆς
402 1122 457 1149 τῶν
473 1123 590 1150 εἰδώλων
610 1124 775 1160 ἀναιρέσεως
796 1132 939 1160 προησφα-

152 1166 240 1199 λίζετο
254 1167 298 1194 τὸν
322 1168 377 1203 (99)
398 1169 531 1196 Ἰουδαίων
547 1169 610 1197 λαὸν
621 1171 635 1197 ό
648 1170 718 1202 θεῖος
732 1170 817 1204 Λόγος
833 1171 919 1205 λέγων
928 1179 935 1186 ε

154 1213 196 1240 οὐ
228 1213 364 1247 ποιήσεις
395 1215 512 1248 σεαυτῷ
548 1215 690 1247 alacrior,
719 1216 791 1243 οὐδὲ
824 1217 938 1250 παντὸς

150 1257 294 1292 ὁμοίωμα,
306 1257 364 1285 ὅσα
377 1259 411 1286 ὲν
420 1259 461 1292 τῷ
474 1259 590 1294 οὐρανῷ
605 1259 676 1292 ἅνω,
690 1261 739 1287 καί
754 1261 802 1288 ἐπὶ
815 1260 868 1295 τῆς
880 1260 935 1296 τῆς

153 1304 242 1331 κάτω.
257 1304 313 1339 Τὴν
331 1304 359 1330 δὲ
378 1305 466 1332 αἰτίαν
483 1306 532 1340 τῆς
546 1306 648 1332 τούτων
668 1306 864 1342 καθαιρέσεως,
881 1307 938 1333 ἐτέ-

154 1358 210 1385 ρως
226 1351 353 1385 σημαίνει
366 1351 468 1386 λέγων·
487 1352 525 1378 Τὰ
537 1352 647 1379 εἴδωλα
663 1352 722 1379 τῶν
739 1352 834 1380 ἐθνῶν
846 1353 937 1388 ἀρτύ-

148 1405 218 1450 em
231 1397 278 1424 καὶ
292 1398 430 1450 χργσίον,
443 1398 514 1450 ἔργα
532 1398 937 1450 χειρῶνονοράκτωνΖΣτόμα
950 1421 972 1450 C

150 1441 270 1476 ἔχουσι,
289 1443 338 1470 καὶ
355 1444 391 1470 οὐ
404 1443 613 1478 λαλήσουσινο
629 1444 801 1478 ὀφθαλμοὺς
820 1444 936 1478 ἔχουσι,

153 1487 203 1513 καὶ
223 1487 278 1513 οὐκ
296 1487 429 1522 ὄψονται·
443 1486 504 1515 ὦτα
521 1488 639 1523 ἔχουσι,
659 1489 709 1516 καὶ
723 1490 778 1516 οὐκ
790 1489 938 1517 ἀκούσον-

154 1538 216 1557 ται·
231 1531 318 1564 ,ῥῖνας
333 1531 439 1566 ἔχουσι
454 1532 493 1568 (ι)
504 1553 512 1565 ,
530 1533 580 1560 καὶ
594 1535 649 1561 οὐκ
665 1534 938 1569 όσςρρανθήσονται.

153 1575 257 1610 Χεῖρας
282 1576 402 1610 ἔχουσι,
427 1577 476 1604 καὶ
509 1579 545 1605 οὺ
572 1579 810 1613 ψηλαφήσουσι·
844 1580 940 1613 πόδας

153 1622 270 1657 έχουσι,
285 1623 333 1649 καὶ
345 1624 380 1650 οὺ
397 1625 667 1659 περιπατήσουσιν.
688 1626 726 1652 Οὐ
742 1625 896 1661 σεσιώπηκε
911 1626 940 1651 δὲ

153 1668 203 1703 τὴν
214 1668 278 1703 περὶ
288 1668 338 1703 τῆς
350 1669 463 1700 κτίσεως
477 1669 648 1697 διδασκαλίαν
658 1679 665 1685 ·
679 1670 747 1697 ἀλλὰ
758 1671 805 1698 καὶ
818 1670 890 1706 μάλα
901 1671 939 1706 (2)

153 1712 232 1744 εἰδὼς
243 1712 331 1740 αὐτῶν
345 1713 374 1739 τὸ
390 1713 497 1746 κάλλος,
509 1714 553 1742 ἴνα
573 1715 609 1750 μή
630 1724 711 1747 τινες,
723 1714 761 1750 τῷ
773 1715 865 1742 κάλλει
878 1715 940 1742 τού-

154 1765 207 1783 των
220 1757 458 1793 ὲναποϐλέψαντες,
470 1759 518 1793 οὐχ
528 1759 565 1790 ὼς
576 1759 644 1794 ἔργα
655 1758 733 1791 Θεοῦ,
746 1758 802 1785 ἀλλ’
814 1759 851 1790 ὼς
861 1758 938 1791 θεοὺς

153 1801 358 1837 θρησκεύσωσι,
374 1802 605 1838 προασφαλίξεται
625 1804 688 1835 τοὺς
713 1803 872 1839 ἀνθρώπους
894 1803 938 1830 λέ-

154 1854 209 1879 γων
218 1853 225 1860 ·
246 1846 300 1874 Kal
311 1847 354 1881 μὴ
372 1847 547 1882 ἀναϐλέψας
562 1847 622 1881 τοῖς
634 1848 798 1883 ὀφθαλμοῖς
808 1848 857 1875 καὶ
869 1847 940 1876 ἰδὼν

153 1891 208 1918 τὸν
223 1892 310 1927 ἣλιον
321 1893 370 1920 καί
385 1893 443 1927 τὴν
456 1893 593 1927 σελήνην
603 1914 610 1927 ,
628 1894 678 1921 καί
699 1893 797 1920 πάντα
816 1894 870 1921 τὸν
890 1894 940 1921 κό-

150 1945 233 1972 σμον
248 1938 301 1965 τοῦ
324 1939 454 1973 οὐρανοῦ
472 1939 646 1973 πλανηθείς,
657 1939 875 1974 προσκυνήσῃς
886 1940 939 1967 αὺ-

153 1983 226 2015 τοῖς,
250 1982 270 2010 d
292 1983 431 2018 ἀπένειμε
453 1985 560 2019 Κύριος
582 1986 598 2011 ὁ
618 1985 689 2018 Θεός
709 1993 768 2012 σου
784 1985 858 2013 πᾶσι
876 1984 938 2018 τοῖς

151 2029 255 2056 ἔθνεσι
271 2029 334 2063 τοῖς
354 2030 494 2057 ὑποκάτω
514 2031 568 2058 τοῦ
586 2031 725 2065 οὐρανοῦ.
749 2031 891 2067 Ἀπένειμε
910 2031 938 2057 δὲ

152 2074 204 2101 οὐκ
220 2075 260 2107 είς
273 2075 304 2102 τὸ
317 2073 386 2102 εἶναι
402 2075 479 2108 θεοὺς
499 2077 589 2108 αὐτοῖς
603 2077 682 2109 αὐτὰ,
697 2077 754 2104 ἀλλ’
770 2078 813 2105 ἴνα
828 2079 860 2114 τῇ
877 2078 938 2105 τού-
953 2091 974 2119 ο

153 2127 207 2146 των
220 2121 345 2156 ἐνεργείᾳ
357 2121 527 2155 γινώσκωσιν
546 2123 569 2148 οξ
588 2122 643 2149 ἀπὸ
657 2123 710 2149 τῶν
724 2123 808 2150 ἐθνῶν
822 2124 868 2150 τὸν
884 2123 937 2150 τῶν

152 2166 262 2194 σάντων
272 2167 435 2203 δημιουργὸν
449 2168 514 2195 Θεὸν
531 2168 579 2204 (5),
590 2168 683 2205 ὥσπερ
700 2169 815 2205 εἴρηται.
840 2169 869 2196 Ὀ
884 2172 938 2205 γὰρ

160 2213 292 2240 Ἰουδαίων
305 2213 387 2241 πάλαι
402 2214 466 2246 λαὸς
477 2215 548 2241 κατὰ
563 2215 653 2242 πλεῖον
672 2213 728 2250 εἶχε
742 2215 792 2251 τὴν
811 2215 938 2242 διδασκα-

150 2259 224 2291 λίαν,
238 2259 277 2286 ὅτι
295 2259 332 2295 μὴ
347 2259 427 2295 μόνον
441 2261 473 2287 ὲκ
489 2261 543 2287 τῶν
556 2261 605 2296 τῆς
627 2261 741 2294 κτίσεως
757 2261 856 2298 ἔργων,
871 2261 938 2288 ἀλλὰ

152 2306 200 2333 καὶ
213 2306 245 2333 ὲκ
258 2305 313 2333 τῶν
328 2306 408 2333 Θείων
424 2307 538 2343 Γραφῶν
558 2305 630 2342 εἶχον
646 2307 695 2342 τὴν
708 2307 771 2343 περὶ
786 2307 852 2334 Θεοῦ
866 2307 937 2342 γνῶ-

154 2359 204 2378 σιν.
227 2351 282 2378 Καὶ
304 2351 417 2378 καθόλου
442 2352 470 2379 δὲ
492 2353 554 2385 τοὺς
575 2352 734 2388 ἀνθρώπους
753 2353 790 2389 (4)
814 2353 867 2380 ἀπὸ
889 2354 937 2389 τῆς

153 2398 217 2433 περὶ
230 2398 264 2425 τὰ
285 2398 381 2425 εἴδωλα
396 2398 498 2434 πλάνης
514 2398 561 2426 καὶ
577 2398 674 2433 ἀλόγου
691 2399 840 2434 φαντασίας
857 2399 938 2434 ἀφέλ-

152 2451 220 2475 κων,
242 2443 342 2479 φησίνο
359 2445 419 2471 οὐκ
435 2444 556 2472 ἔσονταί
581 2453 631 2472 σοι
655 2445 715 2472 θεοὶ
738 2445 832 2480 ἕτεροι
853 2446 937 2480 πλὴν

151 2489 235 2523 ἐμοῦ.
252 2490 308 2525 Οὐχ
326 2489 363 2522 ὡς
379 2489 461 2517 ὄντων
476 2490 504 2517 δὲ
524 2489 592 2517 Θεῶν
611 2490 697 2518 ἄλλων
712 2490 809 2517 κωλύει
827 2490 936 2522 τούτους

151 2535 250 2567 αὐτοὺς
260 2535 343 2571 ἔχειν,
357 2535 413 2563 ἀλλ’
427 2536 469 2563 ἵνα
484 2526 520 2572 μῆ
534 2545 586 2570 τις,
600 2536 646 2563 τὸν
659 2537 783 2572 ἀληθινὸν
801 2537 937 2572 ἀποστραο

990 802 1028 830 ait
1043 811 1050 828 :
1068 802 1121 835 Qui
1143 802 1210 829 videt
1222 810 1274 835 me,
1296 802 1364 830 uidet
1378 807 1402 829 et
1419 801 1528 830 Patrem
1542 803 1574 829 ".
1594 801 1694 830 Verum
1719 801 1776 830 haec

989 849 1081 876 eadem
1097 848 1194 876 clarius
1209 852 1236 876 et
1253 848 1362 876 uberius
1374 849 1470 876 docent
1490 847 1636 884 Scriptum
1650 848 1776 876 divinitus

989 894 1136 928 inspiratur,
1153 894 1250 929 quibus
1272 901 1321 921 nos
1347 893 1469 926 ﬁdentes,
1493 894 1544 922 ista
1559 894 1606 922 tibi
1621 893 1774 921 scribimus.

988 940 1029 967 Tu
1043 947 1106 967 vero
1120 940 1143 967 si
1157 939 1184 966 iu
1196 939 1303 966 illarum
1319 939 1460 967 lectionem
1482 940 1622 967 incumbes
1643 939 1700 967 hac
1716 946 1776 974 quae

988 984 1155 1020 disputamus
1180 991 1244 1012 vera
1257 991 1317 1012 esse
1331 985 1432 1019 poteris
1446 985 1609 1019 perspicere.
1634 984 1776 1019 Siquidem

988 1038 1077 1059 sermo
1094 1030 1224 1066 majorum
1245 1030 1407 1057 auctoritate
1416 1029 1592 1057 conﬁrmatus
1615 1037 1668 1056 non
1687 1034 1777 1064 potest

988 1076 1052 1110 quin
1066 1075 1145 1102 iidem
1159 1074 1250 1102 faciat.
1263 1074 1356 1109 Itaque
1369 1074 1424 1109 iam
1441 1074 1506 1101 olim
1520 1073 1637 1101 Verbum
1655 1074 1775 1101 divinum

988 1120 1140 1149 Iudaeorum
1154 1120 1280 1155 populum
1307 1120 1435 1147 adversus
1449 1119 1519 1147 idola
1542 1120 1585 1147 his
1599 1120 1690 1148 verbis
1707 1128 1776 1155 pra:-

988 1167 1125 1194 muniebat
1141 1174 1149 1192 :
1167 1166 1228 1193 Non
1245 1166 1326 1200 facies
1341 1166 1388 1192 tibi
1404 1165 1514 1198 idolum,
1545 1173 1624 1200 neque
1641 1165 1723 1193 ullius
1739 1167 1776 1194 rei

987 1213 1197 1245 similitudinem,
1215 1213 1268 1239 sive
1286 1219 1372 1239 rerum
1384 1220 1442 1246 qua
1461 1219 1565 1239 sursum
1583 1212 1610 1239 in
1629 1212 1691 1239 calo
1702 1217 1776 1244 sunt,

987 1259 1041 1286 siue
1053 1267 1112 1294 qua:
1122 1260 1243 1286 deorsum
1257 1259 1283 1284 in
1293 1263 1363 1284 terra
1371 1257 1404 1284 “.
1416 1257 1530 1285 Causam
1544 1261 1632 1284 autem
1648 1265 1696 1285 cur
1711 1257 1776 1291 reii-

987 1305 1083 1333 cienda
1099 1305 1154 1332 sint
1168 1304 1247 1331 aliter
1267 1305 1302 1331 ita
1313 1303 1434 1331 declarat
1458 1311 1465 1331 :
1490 1303 1640 1331 Simulacra
1661 1303 1776 1338 gentium

987 1355 1124 1386 argentum
1149 1354 1173 1378 et
1207 1357 1313 1382 aurum,
1334 1357 1411 1383 opera
1427 1356 1552 1376 manuum
1568 1349 1713 1377 hominum.
1739 1349 1776 1376 Os

988 1396 1094 1428 habent,
1108 1400 1131 1423 et
1150 1403 1202 1422 non
1217 1395 1370 1429 loquentur;
1381 1394 1468 1421 oculos
1481 1394 1588 1428 habent,
1604 1399 1628 1421 et
1643 1402 1694 1421 non
1706 1395 1777 1422 uide-

989 1443 1062 1469 bunt.
1079 1442 1163 1469 Aures
1177 1441 1283 1473 habent,
1294 1445 1318 1467 et
1332 1448 1384 1467 non
1395 1440 1502 1467 audient
1514 1448 1523 1472 ;
1537 1448 1613 1467 nares
1630 1440 1733 1473 habent,
1750 1443 1776 1466 et

988 1494 1040 1514 non
1051 1486 1208 1513 odorabunt.
1222 1485 1317 1511 Manus
1328 1483 1435 1516 habent,
1447 1489 1471 1510 et
1488 1491 1538 1510 non
1553 1483 1714 1518 palpabunt;
1730 1490 1776 1517 pe-

988 1532 1152 1564 des-lmbem,
1170 1536 1193 1558 et
1205 1538 1256 1558 non
1269 1530 1438 1557 ambulabunt
1452 1530 1485 1556 ‘7.
1501 1529 1556 1556 Nec
1568 1529 1650 1557 etiam
1665 1530 1729 1564 quid
1742 1530 1777 1558 de

988 1577 1069 1603 rebus
1087 1575 1184 1603 creatis
1198 1575 1299 1603 sentire
1315 1575 1470 1606 debeamus,
1485 1581 1534 1602 nos
1554 1574 1650 1602 docere
1665 1574 1774 1602 omisit:

988 1622 1036 1649 sed
1063 1629 1123 1649 cum
1140 1621 1245 1649 illarum
1259 1620 1432 1656 pulchritudo
1448 1620 1548 1655 optime
1565 1621 1614 1655 ipsi
1636 1625 1777 1656 perspecta

988 1669 1070 1697 esset,
1083 1672 1116 1692 ne
1128 1664 1209 1699 aliqui
1224 1672 1317 1692 earum
1329 1664 1445 1698 speciem
1461 1664 1600 1697 admirati,
1613 1671 1666 1691 non
1683 1670 1713 1692 ut
1728 1665 1776 1693 Dei
1815 1670 1818 1671 '

988 1717 1082 1745 opera,
1098 1710 1145 1738 sed
1157 1715 1186 1737 ut
1196 1710 1261 1738 deos
1279 1710 1410 1742 colerent,
1431 1710 1552 1738 homines
1569 1709 1603 1737 ab
1615 1710 1666 1738 hoc
1684 1718 1777 1738 errore

989 1756 1096 1787 avertit,
1110 1755 1204 1783 dicens
1220 1762 1227 1782 :
1243 1755 1336 1791 Neque
1351 1755 1434 1783 oculis
1448 1755 1588 1788 respiciens
1602 1760 1626 1781 et
1639 1755 1726 1783 videns
1737 1764 1778 1782 ιο-

989 1802 1038 1829 lem
1051 1807 1075 1829 et
1087 1801 1178 1828 lunam
1197 1806 1222 1828 et
1241 1809 1342 1828 onmem
1356 1806 1479 1828 ornatum
1500 1800 1568 1834 caeli,
1588 1800 1710 1835 deceptus
1729 1800 1776 1828 illa

989 1848 1153 1881 adoraveris,
1175 1855 1234 1883 qua:
1248 1847 1320 1873 dedit
1334 1846 1463 1874 Dominus
1479 1845 1550 1873 Deus
1568 1851 1628 1873 tuus
1656 1846 1776 1873 omnibus

988 1894 1107 1928 gentibus
1126 1901 1184 1929 qutz
1210 1893 1257 1920 sub
1275 1892 1339 1920 uelo
1361 1891 1463 1919 sunt".
1486 1891 1562 1919 Dedit
1579 1898 1660 1926 porro
1679 1899 1731 1918 non
1747 1896 1778 1918 ut

989 1939 1055 1973 ipsis
1070 1939 1106 1966 dii
1120 1943 1220 1971 essent,
1239 1938 1288 1966 sed
1307 1943 1335 1965 ut
1348 1941 1441 1972 gentes
1456 1937 1539 1965 Deum
1557 1937 1676 1964 omnium
1697 1937 1776 1972 opiﬁ-

989 1992 1047 2012 cem
1066 1992 1156 2012 rerum
1183 1984 1291 2011 illarum
1317 1983 1457 2011 eli‘ectibus
1485 1989 1672 2018 agnoscerent.
1690 1982 1776 2011 Judaei

988 2030 1059 2058 enim
1070 2030 1184 2065 pleniori
1195 2030 1319 2058 doctrina
1334 2029 1398 2057 olim
1419 2029 1515 2057 imbuti
1527 2029 1614 2062 luere,
1623 2029 1721 2064 quippe
1731 2029 1777 2064 qui

988 2083 1042 2103 non
1057 2076 1143 2104 solum
1152 2083 1185 2103 ex
1195 2083 1285 2104 rerum
1293 2081 1444 2104 creatarum
1453 2076 1591 2110 operibus,
1601 2076 1647 2103 sed
1653 2076 1733 2103 etiam
1743 2083 1778 2103 ex

988 2121 1086 2149 divinis
1100 2120 1250 2155 Scripturis
1263 2120 1310 2148 Dei
1321 2120 1501 2156 cognitionem
1515 2120 1657 2148 haberent.
1669 2120 1778 2147 Univer.

989 2167 1039 2194 sim
1056 2174 1163 2202 quoque
1180 2167 1303 2195 homines
1317 2167 1351 2195 ab
1366 2174 1459 2194 errore
1475 2172 1503 2194 et
1517 2166 1601 2194 stulta
1616 2166 1778 2202 cogitatione

989 2213 1147 2241 idololatriae
1159 2221 1300 2247 revocans,
1314 2214 1370 2241 ait:
1383 2212 1445 2240 Non
1453 2218 1530 2240 erunt
1543 2213 1590 2240 tibi
1600 2213 1637 2239 dii
1648 2213 1695 2239 alii
1707 2220 1778 2247 pra--

989 2265 1028 2287 ur
1043 2267 1083 2287 me
1095 2260 1130 2287 ι’.
1143 2259 1200 2288 Non
1220 2267 1300 2296 porro
1319 2259 1395 2294 quasi
1410 2259 1455 2287 alii
1470 2259 1507 2287 dii
1521 2265 1584 2287 vere
1599 2262 1699 2291 essent,
1717 2258 1778 2287 illos

989 2307 1113 2343 prohibet
1125 2307 1213 2336 colere
1231 2315 1239 2335 :
1258 2307 1305 2335 sed
1333 2314 1368 2335 ne
1389 2307 1450 2342 quis
1465 2313 1529 2334 vero
1544 2306 1599 2334 Deo
1624 2305 1776 2340 repudiato,

989 2362 1034 2382 res
1048 2361 1107 2388 quae
1122 2354 1201 2382 nulla:
1220 2359 1283 2382 sunt
1297 2354 1362 2381 deos
1375 2353 1425 2380 sibi
1441 2352 1541 2387 ﬁngere
1557 2351 1697 2386 inciperet,
1709 2358 1778 2386 qua-

989 2400 1029 2427 les
1043 2399 1147 2427 scilicet
1160 2400 1205 2434 qui
1219 2399 1288 2433 apud
1306 2404 1399 2433 poetas
1411 2403 1438 2426 et
1456 2398 1602 2433 scriptores
1625 2405 1777 2425 memoran—

990 2450 1044 2479 tur,
1058 2451 1178 2480 quosque
1199 2445 1263 2472 deos
1288 2452 1341 2472 non
1357 2451 1417 2472 esse
1434 2451 1449 2471 a
1467 2444 1544 2471 nobis
1568 2449 1706 2471 ostensum
1722 2447 1775 2470 est.

991 2491 1053 2518 Haec
1073 2495 1162 2518 autem
1176 2491 1269 2522 verba,
1282 2499 1333 2518 non
1348 2490 1403 2526 36
1416 2496 1491 2517 erunt
1515 2490 1562 2517 tibi
1579 2490 1617 2517 dii
1636 2489 1695 2522 alii,
1717 2489 1777 2516 illos

990 2538 1054 2565 deos
1070 2545 1122 2564 non
1140 2544 1200 2565 esse
1219 2537 1360 2564 manifeste
1373 2536 1498 2572 probant,
1527 2541 1659 2571 quatenus
1682 2542 1777 2570 nempe

186 2603 209 2618 ”
227 2602 303 2630 Joan.
318 2611 373 2636 ειν,
390 2602 416 2630 9.
453 2603 475 2619 "
488 2602 572 2630 Exod.
588 2612 634 2637 xx,
649 2609 676 2630 4.
713 2604 735 2620 ’⁷
751 2603 820 2631 Psal.
848 2612 924 2636 CXIII,
942 2603 1002 2631 4-7.
1040 2603 1063 2619 ’³
1080 2595 1188 2630 Deuler.
1212 2611 1248 2636 tv,
1268 2602 1312 2629 l9.
1349 2603 1370 2619 "
1380 2602 1463 2629 Exod.
1484 2610 1527 2633 xx,
1544 2603 1570 2629 5.

187 2658 254 2694 (97),
270 2659 317 2690 τὶς
343 2658 375 2686 ἄν
388 2660 463 2686 deest
477 2658 503 2694 in
520 2657 640 2694 _Seguer.
664 2658 772 2685 Gobler.
789 2658 906 2685 Felckm.
920 2660 932 2685 l

151 2692 231 2728 anon.
245 2693 327 2721 Paulo
345 2699 403 2728 post
419 2700 468 2728 pro
482 2692 642 2728 ἀνθρώπων,
662 2693 774 2728 Seguer.
794 2694 874 2720 habet
887 2695 935 2721 ἀν-

151 2701 231 2720 anon.
245 2701 327 2721 ramo
345 2701 403 2728 poet
419 2701 468 2728 pro
482 2701 642 2728 ανυρωπων,
662 2701 774 2755 aeger.
794 2701 874 2720 nanet
887 2703 935 2721 αν-

150 2727 652 2766 θράιπουίνΜοχνὶὺίιί.τὴνταύτουαερει
667 2729 694 2766 in
711 2728 936 2766 _asil_.et__Anglic.

187 2764 244 2798 (98)
258 2764 316 2799 Μου
334 2765 408 2790 deest
427 2763 455 2790 in
467 2763 579 2798 Seguer.
598 2771 646 2791 nec
666 2763 763 2798 legitur
777 2763 802 2790 in
816 2763 936 2799 Evange-

151 2799 186 2826 lio
195 2800 279 2824 sancti
294 2798 414 2825 Joannis.

187 2833 243 2867 (99)
259 2833 376 2860 Felckm.
393 2835 410 2861 5
426 2842 507 2862 anon.
522 2834 577 2860 τῶν
594 2834 637 2861 hic
657 2834 741 2862 addit.

1023 2659 1060 2695 (1)
1084 2660 1172 2695 ίΡῐνας
1189 2659 1288 2694 ἔχουσι,
1309 2660 1355 2686 καὶ
1365 2659 1416 2686 οὐκ
1425 2659 1538 2695 ὁσφρανἶ
1553 2667 1607 2686 om.
1627 2658 1688 2695 Sej.

1025 2693 1063 2730 (ἶ)
1082 2693 1237 2735 ιτα-[κωμιέὸ
1259 2702 1339 2735 an_on_.
1356 2695 1459 2735 et_editi
1472 2693 1587 2735 μαλλον,
1605 2695 1641 2721 id.
1654 2693 1774 2735 ﬁcit-km.

987 2730 1005 2757 5
1019 2728 1099 2756 anon.
1113 2730 1196 2756 Paulo
1212 2735 1270 2762 post
1290 2729 1369 2755 habet
1386 2728 1615 2763 ἐναποϐλέψαντες
1629 2738 1636 2757 :
1655 2728 1699 2756 alii
1712 2735 1776 2756 vero

988 2773 1048 2792 cum
1063 2766 1153 2795 editis,
1170 2764 1383 2798 ἀποϐλέψαντες.

1026 2799 1064 2834 (5)
1080 2800 1146 2825 Θεόν
1160 2800 1235 2826 devst
1249 2801 1274 2824 in
1292 2800 1406 2834 signa.

1024 2819 1064 2869 iii
1079 2819 1239 2867 teme;
1250 2819 1418 2870 ’ἆνόριῖέὖὶξ
