2037 3044
171 132 208 161 93
737 133 864 163 ORATIO
878 134 1018 163 CONTRA
1036 134 1182 163 GENTES.
1759 135 1794 162 9-l

167 189 225 225 γὰρ
237 187 281 226 ἧν,
296 190 353 217 ἀλλ’
369 190 464 225 ἔμελλε
478 190 617 225 γίγνεσθαι
628 201 634 207 ·
650 192 735 224 οὐδεὶς
751 193 780 220 δὲ
793 193 832 229 τῷ
849 193 886 228 μὴ
901 193 958 219 όντι

1009 197 1050 219 est
1067 193 1181 228 imperat
1197 197 1223 219 et
1241 192 1305 219 dicit
1320 196 1349 219 ut
1366 192 1420 218 ﬂat.
1439 191 1504 218 Nam
1521 192 1543 219 si
1562 191 1640 219 rebus
1652 199 1711 226 qua:
1727 192 1797 219 futu-

168 234 254 269 λα’λεϊ,
279 236 338 263 οὐδὲ
365 238 404 268 είς
421 237 452 263 τὸ
473 237 598 271 γενέσθαι
623 238 662 274 τῷ
687 239 799 274 μηδέπω
819 239 956 275 γενομένῳ

169 282 333 317 προστάττει
349 283 396 309 καὶ
414 283 498 310 λαλεῖ.
517 285 548 310 Εἰ
562 284 616 320 γὰρ
638 286 694 316 τοῖς
714 285 851 320 ἐσομένοις
871 294 957 321 προσ-

169 326 280 354 έταττεν
293 327 307 353 ὁ
320 327 396 360 Θεὸς,
409 327 462 354 ἔδει
477 328 566 363 λέγειν
579 329 670 356 αὐτόν·
682 328 773 362 Γενοῦ,
786 330 894 365 οὺρανέ,
912 332 958 357 καὶ

168 371 258 406 γενοῦ,
280 372 326 408 γῆ,
344 373 390 399 καὶ
407 373 515 406 ἔξελθε,
541 374 649 410 βοτάνη,
674 375 722 401 καὶ
749 375 886 411 ποιήθητι,
911 377 958 403 ἇν-

168 417 260 453 θρωπε
272 426 278 432 ·
294 417 341 444 νῦν
364 418 392 444 δὲ
412 419 492 445 τοῦτο
514 420 565 454 μὲν
581 421 630 447 οὐκ
645 421 756 455 ἐποίησε
768 429 774 436 ·
793 422 957 457 προστάττει

167 462 196 488 δὲ
222 463 325 498 λέγων·
351 464 528 500 Ποιήσωμεν
546 465 712 501 ἄνθρωπον,
740 467 788 494 καὶ
813 467 957 499 ἐξελθέτω

164 510 299 545 ,βοτάνη-
317 511 362 546 ἀφ’
380 508 416 537 ὧν
435 511 574 538 δείκνυται
593 513 608 538 ὁ
629 513 694 544 Θεὸς
715 513 770 548 (14)
792 513 829 545 ὡς
845 514 957 549 πλησίον

167 557 222 583 τινὶ
240 556 428 591 διαλεγόμενος
444 558 509 592 περὶ
527 557 639 584 τούτων.
656 558 761 585 Οὐκοῦν
775 559 882 595 ἀνάγκη
896 568 958 586 συν-

167 601 236 627 εῖναί
263 610 323 628 τινα
342 601 439 637 τούτῳ,
460 599 482 636 ᾦ
497 603 544 630 καὶ
562 603 662 638 ὁμιλῶν
677 604 764 631 ἐποίει
778 604 812 631 τὰ
833 605 890 632 ὅλα.
909 605 957 637 Τίς

155 636 213 674 ὀὖν
230 647 262 674 ἂν
281 647 324 682 εἴη
340 649 364 674 εἰ
389 636 425 683 pi;
441 649 455 674 ὁ
474 648 569 675 τούτου
580 636 688 683 -Λόγος;
711 650 763 677 τίνι
780 650 834 686 γὰρ
859 651 891 677 ἄν
915 636 957 684 τις

167 693 234 728 φαίη
253 693 319 720 Θεὸν
333 693 466 730 ὁμιλεῖνή
487 694 525 729 τῷ
537 695 633 722 ἑαυτοῦ
648 696 743 731 Λόγῳ;
763 697 798 723 Ἦ
814 696 855 729 τίς
871 697 957 734 τούτῳ

167 741 251 776 συνῆν
267 740 389 768 ποιοῦντι
407 741 456 776 τὴν
473 741 588 776 γενητὴν
604 742 658 778 (15)
677 743 765 769 πᾶσαν
785 744 878 771 οὐσίαν
897 744 913 780 ἢ
940 745 956 780 ἡ

165 787 262 814 τούτου
282 787 372 822 σοφία,
389 788 405 824 ἡ
423 788 551 822 λέγουσα·
571 788 674 816 Ἦνίκα
692 789 785 816 ἐποίει
799 790 853 816 τὸν
871 791 958 823 οὐρα-

165 833 221 861 νὸν
237 834 286 860 καὶ
300 834 356 867 τὴν
370 833 438 869 γῆν,
450 835 655 870 συμπαρήμην
667 835 757 868 αὐτῷ·
771 837 800 863 ὲν
811 836 839 862 δὲ
853 838 885 871 τῇ
901 836 957 872 (16)

166 879 282 915 οὐρανοῦ
296 880 343 906 καὶ
357 881 407 916 γῆς
422 881 565 916 ὀνομασίᾳ,
583 882 671 908 πάντα
684 881 719 908 τὰ
739 883 768 908 ἐν
787 882 894 918 οὐρανῷ
909 883 956 909 καὶ
974 873 993 899 Β

166 927 202 961 γῇ
225 925 328 961 γενητὰ
351 925 615 962 συμπεριλαμϐάνει.
643 927 733 953 Συνὼν
754 926 782 953 δὲ
805 927 842 959 ὡς
865 928 955 962 σοφία,

166 971 215 998 καὶ
229 971 266 1004 ὠς
285 971 371 1006 Λόγος
391 971 436 998 τὸν
460 971 568 1008 Πατέρα
586 971 712 1007 βλέπων,
735 972 910 1009 ἐδημιούργει
927 973 957 1000 τὸ

166 1018 221 1043 πᾶν
235 1017 281 1044 καὶ
298 1017 408 1053 συνίστη
425 1018 471 1044 καὶ
487 1017 642 1053 διεκόσμει·
667 1019 714 1045 καὶ
738 1018 852 1055 δύναμις
871 1019 900 1046 δὲ
920 1019 957 1046 ὼν

165 1063 212 1090 τοῦ
227 1063 342 1099 nam.
360 1064 395 1091 τὰ
404 1063 453 1091 ὅλα
470 1065 510 1096 είς
523 1064 553 1091 τὸ
566 1062 635 1091 εἶναι
652 1066 828 1100 ίσχυροποίει,
848 1063 864 1103 ᾖ
890 1075 957 1102 φησι

167 1109 214 1137 καὶ
229 1111 243 1136 ό
270 1111 383 1146 Σωτήρ·
411 1110 514 1138 Πάντα
547 1111 606 1138 ὅσα
634 1112 740 1144 βλέπω
767 1113 819 1139 τὸν
842 1113 957 1148 Πατέρα

167 1155 321 1187 ποιοῦντα,
338 1155 419 1190 κάγὼ
433 1157 540 1191 ὁμοίως
554 1156 638 1184 ποιῶ·
659 1157 707 1184 καὶ
724 1157 757 1184 δι’
768 1158 850 1185 αὐτοῦ
863 1159 955 1195 δὲ(17)

167 1200 216 1227 καὶ
224 1201 262 1233 είς
281 1201 361 1228 αὑτὸν
375 1202 409 1229 τὰ
423 1203 511 1229 πάντα
523 1203 662 1237 γεγονέναι
683 1205 707 1231 ot
727 1205 793 1239 ἱεροὶ
808 1204 902 1231 τούτου
918 1205 957 1232 δι-

167 1246 297 1274 δάσκουσι
315 1247 445 1283 μαθηταὶ,
460 1249 506 1275 καὶ
519 1249 559 1275 ὅτι
578 1249 680 1284 ἀγαθὸν
695 1250 725 1282 ἐξ
741 1250 843 1284 ἀγαθοῦ
861 1251 957 1286 γέννη-

169 1301 219 1328 μα,
237 1293 284 1320 καὶ
299 1294 423 1329 ἀληθινὸς
436 1295 499 1327 Υἱὸς
528 1295 669 1332 ὑπάρχων,
686 1296 800 1332 δύναμίς
829 1297 886 1324 ἐστι
910 1297 956 1324 τοῦ

167 1339 338 1374 Πατρὸς,καὶ
355 1341 445 1375 σοφία,
460 1341 506 1368 καὶ
521 1342 653 1376 Λόγος,οὺ
668 1342 737 1369 κατὰ
748 1343 862 1378 μετοχὴν
871 1343 957 1370 ταῦτα

167 1384 216 1418 ὣν,
232 1386 292 1413 οὐδὲ
305 1386 404 1420 ἔξωθεν
417 1387 614 1423 ἐπιγινομένων
632 1388 686 1423 (18)
701 1388 803 1415 τούτων
820 1389 893 1424 αὐτῷ
907 1398 956 1416 κα-

166 1431 202 1458 τὰ
215 1431 279 1464 τοὺς
293 1431 376 1460 αὐτοῦ
404 1433 565 1469 μετέχοντας
585 1433 632 1460 καὶ
647 1434 839 1469 σοφιζομένους
860 1434 893 1461 δι’
909 1435 957 1461 αὺ-

167 1478 225 1510 τοῦ,
239 1479 286 1506 καὶ
300 1479 428 1511 δυνατοὺς
443 1480 491 1506 καὶ
504 1479 628 1514 λογικοὺς
645 1481 674 1506 ἐν
699 1481 772 1517 αὐτῷ
788 1482 955 1517 γινομένους,

167 1524 225 1570 ἁλλ’
253 1525 412 1559 αὐτοσοφία,
447 1525 600 1560 αὑτολόγος,
631 1526 810 1562 αὑτοδύναμις
835 1528 886 1554 ίόία
900 1528 954 1564 (19)
969 1541 990 1570 C

167 1569 215 1597 τοῦ
242 1571 349 1606 Πατρός
374 1571 459 1602 ἐστιν,
485 1571 619 1606 αὐτοφῶς,
645 1572 833 1607 αὺτοαλήθεια,
849 1573 955 1600 αὐτοδι-

1008 246 1044 266 τεῖι
1056 243 1134 266 erant
1151 239 1299 274 imperabat
1315 238 1395 270 Deus,
1411 238 1485 265 illum
1503 242 1660 273 oportuerat
1685 239 1793 265 dicere:

1008 285 1071 312 Fias
1085 285 1193 317 malum,
1212 285 1260 312 fias
1280 289 1362 318 terra,
1380 284 1458 319 prodi
1476 283 1569 316 bcrba,
1591 284 1640 312 tias
1653 284 1743 311 homo.
1760 284 1796 311 At

1008 330 1044 358 ita
1059 339 1110 358 non
1122 331 1184 366 egit,
1206 332 1251 358 sed
1262 331 1374 366 jubetet
1391 331 1455 358 dicit
1470 339 1477 358 :
1494 329 1638 357 Faciamus
1652 330 1794 363 hominem,

1008 382 1045 410 et,
1060 377 1228 405 Praducatur
1242 378 1339 411 herba;
1367 377 1462 412 quibus
1482 377 1623 412 perspicue
1646 377 1795 404 ostenditur

1008 423 1091 451 Deum
1108 432 1170 452 cum
1187 424 1276 459 aliqtto
1291 424 1342 451 sibi
1357 423 1481 458 proximo
1502 423 1546 451 hic
1576 422 1659 458 loqui.
1680 422 1796 450 Necesse

1008 474 1050 497 cst
1068 470 1150 504 igitur
1164 470 1279 504 aliquem
1300 477 1360 496 cum
1374 469 1417 496 illo
1431 469 1514 496 fuisse
1529 469 1636 504 quicum
1657 469 1739 496 etiam
1756 468 1796 495 io.

1007 521 1094 549 quens
1109 515 1199 541 omnia
1215 514 1328 542 faceret.
1342 513 1408 547 Quis
1421 521 1485 548 ergo
1500 513 1543 540 ille
1553 514 1634 541 fuerit
1649 514 1699 540 nisi
1711 514 1795 547 ipsius

1008 560 1144 588 Verbum?
1159 568 1219 588 cum
1246 568 1300 596 quo
1325 561 1395 587 enim
1423 561 1494 587 Deus
1509 560 1594 587 videri
1617 560 1701 595 possit
1723 559 1794 594 loqui

1008 615 1087 643 quam
1098 616 1159 635 cum
1172 615 1222 634 suo
1239 607 1346 634 Verbo?
1360 607 1407 635 Vel
1421 607 1481 642 quis
1494 615 1554 634 cum
1571 607 1628 642 ipso
1641 608 1794 635 universam

1008 659 1125 682 creatam
1136 659 1257 681 naturam
1272 653 1388 681 faciente
1405 654 1507 687 aderat,
1524 661 1604 688 quam
1615 654 1734 688 ejusdem
1750 662 1795 682 sn-

1007 699 1119 734 pientia,
1145 707 1204 734 qua:
1232 699 1288 733 ipsa
1314 699 1352 726 ait
1368 707 1375 725 :
1391 698 1504 731 Quando
1525 698 1635 733 faciebat
1663 698 1753 726 coelum
1770 704 1795 726 et

1008 748 1116 774 terram,
1135 752 1192 771 cum
1209 752 1238 771 eo
1255 745 1362 771 aderam
1377 744 1409 772 ¹⁹.
1425 743 1491 771 Coeli
1512 751 1592 778 porro
1611 748 1638 772 et
1653 749 1729 772 terra:
1746 752 1796 772 no-

1008 791 1080 818 mine
1100 791 1189 817 omnia
1212 798 1271 825 qua':
1292 790 1318 818 in
1335 791 1404 818 ctelo
1418 795 1445 817 et
1462 795 1532 817 terra
1551 790 1621 818 facta
1639 796 1703 819 sunt
1719 799 1796 819 com-

1009 837 1143 871 plectitur.
1167 836 1302 864 Caeterum
1318 841 1346 864 ut
1362 837 1493 871 sapientia
1515 842 1542 865 et
1558 841 1587 864 ut
1602 837 1717 864 Verbum
1734 845 1795 865 cum

1008 883 1053 910 illo
1067 883 1170 914 aderat,
1187 883 1349 917 Patrequte
1366 884 1509 918 aspiciens,
1525 891 1570 911 res
1587 884 1727 911 Universas
1741 883 1796 919 37

1007 929 1412 965 procreabat,componebatqnc
1422 937 1452 956 ac
1462 929 1631 957 convenienti
1641 930 1734 957 ordine
1741 929 1797 957 dis-
1831 939 1834 962 ξ

1006 975 1132 1009 ponebat.
1158 975 1193 1003 Ut
1218 976 1334 1009 potentia
1355 975 1418 1003 item
1433 975 1533 1007 Patris,
1546 975 1598 1002 vim
1613 975 1646 1002 ad
1660 975 1796 1002 exsisten-

1007 1021 1068 1048 dum
1081 1025 1109 1048 et
1119 1022 1330 1055 permanendum
1340 1022 1393 1049 illis
1407 1022 1589 1056 impertiebat,
1605 1021 1644 1048 uti
1662 1021 1717 1055 ipse
1735 1020 1797 1047 Sal-
1825 1020 1828 1038 τ

1006 1071 1083 1094 valor
1097 1067 1135 1094 ait
1147 1076 1153 1094 :
1167 1066 1263 1094 Omnia
1277 1076 1437 1102 qua'cunque
1446 1068 1519 1094 video
1528 1067 1632 1094 Patrem
1644 1068 1795 1102 facientem,

1006 1116 1030 1139 et
1047 1121 1093 1148 ego
1109 1113 1231 1140 similiter
1243 1113 1312 1147 facio
1327 1113 1361 1139 ⁸⁸⁵.
1378 1112 1450 1140 Sane
1464 1120 1511 1148 per
1527 1113 1612 1147 ipsum
1640 1117 1666 1140 et
1695 1113 1721 1140 in
1737 1112 1795 1148 ipso

1006 1159 1096 1186 omnia
1119 1158 1190 1186 facta
1217 1158 1301 1186 fuisse
1330 1157 1400 1186 sacri
1423 1158 1482 1193 ejus
1505 1157 1627 1192 discipuli
1651 1158 1747 1184 docent
1759 1158 1793 1190 δ’,

1006 1211 1123 1239 eumque
1141 1204 1203 1238 quia
1221 1203 1291 1232 bona
1306 1203 1368 1231 boni
1389 1203 1479 1237 proles
1497 1211 1529 1230 ac
1543 1210 1621 1230 verus
1641 1203 1724 1230 Filius
1750 1203 1796 1234 sit,

1006 1249 1095 1277 Patris
1106 1249 1263 1284 potentiam,
1281 1249 1454 1284 sapientiam,
1471 1248 1588 1276 Verbum
1610 1253 1637 1275 et
1658 1249 1789 1276 rationein

1006 1303 1076 1328 esse,
1091 1301 1178 1329 neque
1201 1294 1448 1322 communicatione
1473 1293 1531 1321 haec
1558 1293 1631 1320 illum
1651 1300 1721 1326 esse,
1749 1298 1798 1321 aut

1006 1341 1176 1370 extrinsecus
1199 1340 1311 1373 habere,
1333 1345 1363 1367 ut
1391 1339 1444 1367 illis
1475 1339 1608 1374 contingit
1638 1339 1682 1374 qui
1711 1339 1798 1374 ipsius

1007 1387 1073 1415 ﬁunt
1088 1386 1231 1422 participes
1254 1391 1281 1413 et
1304 1386 1463 1420 sapientiam
1493 1393 1541 1420 per
1567 1393 1628 1412 eum
1648 1386 1795 1427 accipiunt,

1006 1434 1106 1469 quique
1122 1432 1268 1468 potentiam
1281 1437 1309 1460 et
1324 1433 1454 1459 rationem
1473 1432 1499 1458 in
1514 1431 1557 1458 illo
1573 1431 1685 1465 habent,
1701 1432 1748 1458 sed
1762 1431 1797 1458 il-

1008 1480 1062 1507 lum
1091 1480 1176 1515 ipsam
1191 1487 1238 1514 per
1256 1486 1286 1506 se
1304 1479 1473 1513 sapientiam,
1499 1479 1584 1512 ipsam
1600 1486 1647 1512 per
1666 1485 1696 1505 se
1715 1479 1797 1505 ratio-

1008 1533 1079 1559 nem,
1093 1527 1178 1560 ipsam
1192 1533 1239 1561 per
1250 1533 1279 1553 se
1290 1525 1435 1559 potentiam
1449 1524 1584 1559 propriam
1598 1524 1695 1557 Patris,
1709 1524 1795 1559 ipsqu

1008 1580 1055 1608 per
1065 1580 1094 1600 se
1112 1572 1214 1604 lumen,
1230 1572 1314 1607 ipsum
1335 1578 1383 1606 per
1399 1578 1428 1598 se
1439 1571 1591 1602 veritatem,
1605 1571 1688 1605 ipsam
1705 1578 1753 1605 per
1765 1578 1796 1598 se

168 1617 310 1653 καίοσύνη,
336 1617 499 1653 αὺτοαρετὴ,
517 1618 564 1645 καὶ
589 1617 638 1653 μὲν
664 1618 710 1645 καὶ
740 1619 882 1655 χαρακτὴρ
909 1620 956 1646 καὶ

1006 1619 1147 1654 iustitiam,
1167 1619 1252 1652 ipsam
1270 1625 1317 1653 per
1328 1624 1358 1644 se
1369 1617 1505 1649 virtutem,
1526 1623 1576 1643 nec
1592 1624 1644 1643 non
1657 1616 1795 1643 characte-

168 1663 338 1698 ἀπαύγασμα
353 1663 400 1690 καὶ
412 1663 504 1690 είκών.
520 1663 575 1690 Καὶ
591 1663 724 1691 συνελόντι
744 1664 845 1700 φράσαι
858 1684 865 1697 ,
885 1673 955 1700 καρ-

167 1708 219 1740 πὸς
231 1708 387 1740 παντέλειος
399 1708 446 1735 τοῦ
455 1709 561 1745 Πατρδς
579 1709 707 1745 ὑπάρχει,
724 1711 771 1736 καὶ
790 1710 867 1746 μόνος
882 1710 956 1737 ἐστὶν

169 1755 244 1787 Υίδς,
262 1754 345 1781 statth
357 1755 569 1791 ἀπαράλλακτος
585 1756 631 1782 τοῦ
644 1756 762 1790 Πατρός.

202 1801 247 1828 47.
263 1801 310 1832 Τίς
323 1798 370 1828 οὖν
384 1800 428 1833 ἂν,
443 1801 484 1832 τίς
507 1801 699 1836 ἐξαριθμήσειε
713 1801 757 1827 τὸν
772 1802 889 1837 Πατέρα,
913 1803 956 1830 ἵνα

168 1847 276 1874 καὶτοῦ
292 1847 379 1882 Λόγου
402 1846 498 1874 τούτου
519 1847 568 1879 τὰς
592 1847 719 1882 δυνάμεις
737 1847 860 1883 ἐξεύροις
879 1849 956 1876 Ἐστι

168 1893 223 1929 γὰρ
239 1893 333 1928 ὥσπερ
360 1892 407 1920 τοῦ
424 1893 532 1928 Πατρδς
554 1893 639 1927 Λόγος
657 1893 704 1919 καὶ
716 1893 807 1928 σοφία,
823 1893 894 1921 οὓτω
910 1895 957 1922 καὶ

168 1941 225 1971 τοῖς
240 1940 363 1974 γενητοῖς
379 1939 614 1973 συγκαταϐαίνων,
635 1939 739 1973 γίνεται
756 1939 824 1975 πρὸς
837 1940 885 1976 τὴν
907 1941 955 1968 τοῦ

168 1987 314 2022 γενήτορος
327 1986 429 2020 γνῶσιν
443 1986 490 2013 καὶ
506 1986 609 2013 ἔννοιαν
634 1986 893 2021 αὐτοαγιασμὸρκαὶ
907 1988 957 2014 αὺ-

168 2031 257 2068 τοζωὴ
271 2032 318 2058 καὶ
330 2031 385 2068 (-20)
401 2031 480 2067 θύρα,
498 2031 545 2058 καὶ
567 2031 678 2066 ποιμὴν,
696 2032 743 2059 καὶ
761 2032 829 2064 ὁδὸς,
846 2033 891 2059 καὶ
907 2033 956 2068 βα·-

169 2076 270 2108 σιλεὺς,
282 2076 328 2103 καὶ
342 2075 464 2112 ἡγεμὼν,
478 2075 524 2102 καὶ
547 2075 594 2101 ἐπὶ
617 2076 683 2102 πᾶσι
699 2075 801 2111 σωτὴρ,
817 2076 864 2102 καὶ
890 2076 958 2108 ζωο-

169 2121 244 2152 ποιὺς
259 2121 306 2148 καὶ
327 2121 396 2156 φῶς,
412 2120 459 2148 καὶ
485 2120 597 2156 πρόνοια
617 2121 670 2147 τῶν
693 2120 812 2148 πάντων.
831 2121 957 2148 Τοιοῦτον

167 2167 223 2203 ἄρα
236 2166 337 2201 ἀγαθὸν
362 2167 409 2194 καὶ
430 2166 595 2202 δημιουργὸν
613 2166 676 2193 Υἰὺν
701 2166 770 2202 ἔχων
789 2166 819 2200 ἐξ
833 2167 928 2194 ἑαυτοῦ
943 2168 957 2194 ὁ

1008 1673 1065 1693 rem
1077 1666 1134 1693 sive
1149 1664 1274 1700 ﬁguram,
1286 1663 1511 1698 splendoremque
1525 1666 1552 1689 et
1566 1662 1707 1696 imaginem
1722 1668 1795 1689 esse.»

1007 1711 1128 1746 Denique
1155 1715 1185 1738 ut
1203 1710 1321 1738 breviter
1345 1709 1444 1741 dicam,
1467 1707 1680 1743 perfectissimus
1707 1707 1796 1735 Patris

1007 1758 1123 1790 fructus,
1139 1757 1266 1791 solusque
1278 1756 1362 1784 Filius
1371 1759 1485 1790 etquam
1496 1754 1633 1781 simillima
1645 1755 1733 1789 imago
1742 1758 1793 1782 est.

1043 1804 1088 1832 Π.
1104 1804 1170 1837 Quis
1183 1803 1329 1838 ergo,quis
1337 1802 1428 1829 omnia
1442 1808 1502 1836 qua;
1516 1801 1542 1828 in
1556 1800 1638 1827 Patre
1652 1805 1715 1827 sunt
1728 1808 1796 1827 enu-

1008 1850 1164 1882 meraverit,
1178 1849 1274 1882 utejus
1281 1847 1361 1876 Verbi
1377 1848 1430 1874 vim
1448 1851 1475 1874 et
1487 1846 1634 1881 potentiam
1648 1845 1753 1880 assequi
1767 1849 1795 1873 et

1009 1896 1149 1931 percipere
1165 1895 1264 1930 queat?
1277 1893 1311 1922 Ut
1321 1893 1393 1921 enim
1402 1892 1492 1920 Patris
1511 1891 1627 1920 Verbum
1643 1896 1671 1919 et
1684 1891 1795 1926 sapien—

1009 1941 1044 1968 tia
1058 1946 1111 1973 est,
1124 1942 1159 1968 ita
1175 1947 1280 1974 quoque
1292 1946 1322 1966 se
1338 1939 1371 1966 ad
1387 1946 1429 1965 res
1443 1942 1547 1965 creatas
1560 1937 1672 1973 benigne
1686 1945 1794 1965 accom-

1009 1987 1122 2014 modans
1132 2006 1140 2019 ,
1154 1987 1182 2013 tit
1197 1986 1250 2013 illis
1267 1985 1301 2012 ad
1315 1984 1421 2011 Patrem
1442 1984 1657 2017 cognoscendum
1671 1988 1699 2011 et
1716 1983 1795 2011 intel-

1008 2032 1143 2068 ligendum
1157 2031 1216 2066 ipsa
1233 2037 1281 2064 per
1295 2037 1324 2057 se
1347 2029 1536 2062 sanctimonia,
1551 2029 1608 2064 ipsa
1621 2037 1668 2064 per
1687 2037 1717 2057 se
1729 2029 1794 2063 vita,

1009 2086 1059 2106 nec
1071 2085 1122 2105 non
1132 2077 1227 2112 janun,
1240 2080 1341 2111 pastor,
1355 2076 1409 2109 via,
1425 2075 1572 2111 imperator
1584 2095 1592 2109 ,
1606 2075 1672 2106 dux,
1690 2082 1722 2103 ac
1747 2075 1794 2102 de-

1009 2125 1090 2159 nique
1117 2128 1257 2156 servator,
1287 2122 1349 2149 vitae
1372 2127 1477 2156 auctor,
1510 2121 1556 2149 lux
1579 2126 1606 2149 et
1627 2121 1794 2156 providentia

1010 2170 1140 2198 omnium.
1155 2170 1246 2203 Itaque
1263 2168 1343 2196 talem
1364 2167 1466 2196 bonum
1481 2172 1508 2194 et
1519 2167 1642 2202 opificem
1651 2167 1747 2194 Filium
1760 2175 1793 2194 ex

169 2213 276 2248 Πατὴρ,
293 2213 343 2240 οὐκ
357 2211 448 2248 ἀφανῆ
466 2212 546 2239 αὐτὸν
567 2213 623 2244 τοῖς
642 2213 765 2248 γενητοῖς
780 2213 937 2249 ἀπέκρυψεν
950 2223 956 2228 ·

1010 2216 1099 2251 seipso
1112 2216 1215 2243 babens
1227 2214 1317 2246 Pater,
1330 2213 1411 2248 illum
1434 2213 1517 2241 rebus
1537 2214 1635 2240 creatis
1659 2213 1793 2241 occultum

169 2259 238 2287 ἀλλὰ
254 2259 302 2286 καὶ
317 2259 451 2295 ὁσημέραι
461 2258 553 2285 τοῦτον
564 2259 750 2286 ἀποκαλύπτει
763 2260 819 2291 τοῖς
833 2260 901 2286 πᾶσι
913 2260 959 2286 διὰ

169 2306 220 2342 τῆς
233 2305 288 2332 τῶν
306 2306 413 2333 πάντων
425 2305 458 2332 δι’
473 2305 555 2333 αὑτοῦ
571 2306 727 2338 συστάσεως
742 2307 789 2333 καὶ
813 2307 894 2342 ζωῆς.
915 2308 958 2334 Ἑν

170 2351 245 2386 αὐτῷ
260 2350 289 2377 δὲ
301 2351 347 2377 καὶ
362 2350 395 2376 δι’
412 2350 504 2382 αὑτοῦ,
520 2350 567 2377 καὶ
585 2351 680 2377 ἑαυτὸν
695 2351 830 2386 ἐμφαίνει,
842 2351 933 2383 καθὼς
944 2352 958 2378 ὀ

170 2397 267 2432 Σωτήρ
280 2404 375 2431 φησιν·
399 2395 472 2431 Ἐγὼ
497 2396 531 2423 ἐν
551 2396 591 2430 τῷ
607 2396 697 2431 Πατρί
712 2397 760 2424 καὶ
773 2399 789 2424 ὁ
804 2397 905 2432 Πατὴρ
923 2398 958 2424 ἐν

169 2443 248 2477 ἐμοί·
266 2441 335 2469 ὥστε
347 2440 376 2473 ἐξ
385 2441 508 2476 ἀνάγκης
519 2440 586 2468 εἶναι
602 2441 648 2468 τὸν
663 2442 749 2476 Λόγον
766 2443 795 2469 ἐν
812 2443 850 2479 τῷ
863 2443 958 2479 γεννή-

171 2496 258 2520 σαντι,
277 2487 379 2514 καὶτὸν
392 2487 554 2523 γεννηθέντα
570 2488 619 2514 σὺν
631 2487 669 2523 τῷ
681 2489 768 2524 Πατρὶ
784 2489 956 2521 διαιωνίζειν.

170 2533 278 2561 Τούτων
291 2534 319 2561 δὲ
339 2533 425 2565 οὕτως
436 2532 561 2569 ἐχόντων,
573 2534 620 2560 καὶ
631 2534 735 2566 οὐδενὸς
756 2533 853 2567 ἔξωθεν
874 2535 956 2562 αὐτοῦ

222 2581 245 2597 ³³
258 2580 325 2608 Gen.
342 2588 362 2613 t,
372 2579 399 2614 6,
415 2579 442 2612 9,
456 2580 501 2613 η,
514 2581 559 2608 20.
597 2581 620 2598 ³⁹
636 2581 714 2608 Prov.
730 2590 789 2615 Vill,
800 2582 845 2609 27.

169 2663 193 2690 ὦ
206 2629 388 2692 (ἑξὶξεεοοτ.
397 2628 498 2657 omittit
509 2630 523 2656 ό
533 2634 595 2657 ante
602 2629 678 2661 Θεός.
690 2629 762 2657 Idem
775 2631 838 2658 ibid.
855 2638 903 2665 pro
909 2630 960 2665 ὡς,

193 2672 208 2691 ν
238 2682 244 2689 .
301 2685 308 2692 .

170 2699 262 2762 degi?)
290 2699 408 2728 Fclcltm.
425 2700 443 2727 2
468 2708 561 2732 anon.,
577 2701 719 2736 γεννητὴν.
738 2700 766 2727 In
784 2700 845 2727 eod.
862 2701 879 2736 ἡ
898 2708 957 2736 seq.

207 2768 264 2810 (μϐ)
292 2769 403 2805 Seguer.
433 2775 494 2806 post
524 2769 553 2797 δέ
578 2770 653 2798 addit
677 2771 722 2807 τῇ,
738 2769 784 2797 alii
806 2777 868 2798 cum
880 2771 959 2799 editis

170 2810 404 2881 ῗιιίῗὲῗᾚέέξεοςι
419 2840 445 2867 in
468 2840 587 2881 περίοικοι
600 2841 618 2868 5
637 2848 723 2881 _""°“'
748 2840 822 2881 .MO‘n
836 2841 873 2881 ’δία
891 2841 958 2881 i390}

169 2874 266 2902 τούτου
293 2875 446 2902 διδάσκουσι
468 2875 597 2911 μαθηταί,
628 2877 725 2904 desunt
750 2878 776 2904 in
802 2874 922 2904 Felclutu
940 2877 957 2902 ‘2

1011 2269 1072 2290 esse
1095 2262 1192 2294 uoluit,
1208 2261 1254 2288 sed
1267 2267 1328 2288 eum
1349 2259 1468 2295 quotidie
1482 2266 1531 2294 per
1552 2267 1596 2286 res
1615 2266 1719 2292 omnes,
1735 2266 1796 2294 quae

1012 2315 1061 2342 per
1072 2307 1159 2342 ipsum
1173 2306 1326 2335 consistunt
1340 2311 1368 2333 et
1389 2306 1496 2342 vivunt,
1523 2305 1628 2332 cunctis
1656 2304 1793 2339 patefacit.

1011 2341 1040 2379 lu
1054 2341 1111 2387 ipso
1125 2356 1213 2379 autem
1230 2356 1257 2378 et
1274 2359 1321 2386 per
1337 2351 1423 2385 ipsttm
1440 2358 1469 2378 se
1481 2341 1587 2384 quoque
1596 2352 1650 2384 ipse
1664 2351 1793 2382 ostendit,

1012 2398 1090 2425 sicuti
1112 2397 1237 2425 Salvator
1253 2401 1368 2424 testatur
1382 2406 1389 2425 :
1414 2396 1469 2432 Ego
1485 2398 1512 2423 in
1532 2395 1621 2427 Patre,
1634 2400 1658 2422 et
1671 2395 1751 2423 Pater
1765 2397 1794 2423 in

1011 2451 1051 2471 me
1061 2443 1097 2476 δ’,
1112 2443 1180 2471 adeo
1204 2447 1234 2470 ut
1259 2449 1372 2470 necesse
1392 2442 1427 2470 sit
1439 2441 1556 2470 Verbum
1580 2441 1606 2468 in
1620 2441 1752 2476 genitore,
1766 2446 1794 2469 et

1011 2490 1131 2526 genitum
1144 2496 1205 2516 cum
1220 2488 1302 2517 Patre
1316 2493 1444 2524 perpetuo
1473 2495 1641 2523 permanere.
1654 2487 1719 2521 Quae
1732 2495 1793 2514 cum

1011 2536 1046 2562 ita
1060 2535 1124 2568 sint,
1137 2534 1256 2569 nihilque
1279 2538 1356 2562 extra
1379 2534 1466 2569 ipsum
1483 2533 1606 2566 exsistat,
1619 2533 1666 2560 sed
1694 2533 1794 2561 calum

899 2583 921 2599 ⁸⁸⁵
938 2582 1016 2611 Joan.
1027 2591 1055 2616 v,
1071 2583 1114 2610 19.
1157 2582 1179 2598 ⁸¹
1199 2582 1277 2609 Rom.
1295 2590 1332 2614 ιιι,
1347 2581 1392 2609 56.
1431 2581 1453 2597 δ’
1467 2580 1612 2613 Joan.xtv,
1629 2580 1672 2608 l0.

1011 2638 1092 2658 anon.
1107 2629 1171 2657 ltem
1189 2637 1237 2664 pro
1249 2630 1356 2662 τούτου,
1368 2628 1475 2664 Gobler,
1492 2626 1650 2664 et_Felcltm.
1666 2627 1678 2654 ί
1697 2634 1792 2664 anon,

1011 2665 1103 2692 αὐτοῦ.
1120 2662 1315 2699 1ὺίι1.’8ραιιοι·.
1330 2665 1408 2699 Angl.
1417 2669 1444 2691 et
1457 2662 1608 2699 Felckms2
1618 2670 1711 2699 anont,
1725 2662 1794 2697 ἁγα-

1011 2701 1066 2733 θός,
1080 2701 1124 2727 ubi
1142 2697 1548 2735 alii.dt~{a076v.rIteinrmox,pro
1562 2697 1627 2735 υἱός.
1644 2703 1672 2735 ιρι
1685 2698 1794 2735 degitur

1011 2736 1037 2763 in
1050 2736 1114 2770 ὃσα.
1129 2735 1206 2764 Gobl.
1221 2732 1248 2763 et
1261 2734 1378 2762 Felcltm.
1392 2734 1411 2770 _l
1428 2741 1472 2760 an.
1484 2734 1547 2770 alii,
1565 2732 1631 2770 636;
1641 2732 1756 2770 babent.

1047 2767 1105 2807 (ιε)
1116 2771 1241 2806 Seguer.,
1254 2768 1463 2807 ἐπιγενομένων.
1479 2768 1558 2796 Gobl.
1576 2767 1718 2795 Felcka
1733 2773 1761 2795 et
1776 2767 1795 2795 2

1010 2805 1103 2838 auum,
1117 2805 1311 2841 eutyevopévm,

1047 2842 1103 2874 (l9)
1122 2838 1185 2867 Ἰδίά
1200 2838 1275 2867 alliesi
1287 2838 1323 2866 ιιι)
1336 2839 1441 2875 Anglic.

1048 2876 1102 2912 ('20)
1121 2876 1173 2903 Καί
1190 2881 1250 2904 ante
1265 2875 1334 2910 θύρα
1348 2873 1454 2903 οιόιιιο
1472 2874 1598 2910 βασιλεὺς
1613 2879 1639 2901 et
1659 2879 1720 2901 ante
1737 2873 1794 2908 φῶς
