2037 3044
273 151 310 182 95
561 150 590 178 S.
611 149 798 178 ATHANASII
817 149 893 177 OPP.
912 148 1003 177 PARS
1020 148 1042 175 Ι.

1120 146 1308 176 HISTORICA
1325 146 1370 175 er
1382 131 1604 175 poenarias;
1871 147 1908 176 96

273 217 301 238 et
315 216 385 239 terra
408 215 489 246 atque
511 211 601 239 omnia
616 219 678 247 qute
702 211 745 240 his
772 211 945 239 continentur
957 219 990 239 ex
1014 210 1058 238 illo

1111 209 1300 244 τυγχάνοντος,
1321 208 1390 235 ἀλλὰ
1408 208 1454 235 καὶ
1468 207 1583 243 οὐρανοῦ
1601 206 1647 234 καὶ
1658 206 1720 242 γῆς,
1734 206 1781 233 καὶ
1797 206 1908 235 πάντων

272 257 432 292 pendeant:
448 256 624 284 nihilominus
646 256 721 284 stulti
740 256 864 285 homines
888 256 947 290 ejus
967 256 1062 291 cogni-

257 294 347 330 ~tione
362 305 389 328 et
417 301 490 328 cuitu
511 302 659 336 repudiatis
670 322 678 335 ,
696 309 727 330 ea
742 309 802 337 qua
817 309 871 330 non
884 302 1060 334 exsistebant,

273 348 307 376 iis
323 356 382 383 quae
392 347 558 376 exsistebant
572 347 761 383 pratulerunt,
775 353 804 375 et
831 347 890 376 loco
921 347 970 375 Dei
996 355 1061 375 vere

271 384 437 426 exsistentis,
454 400 497 421 res
511 400 571 428 qua
586 393 658 421 nullo
674 393 754 422 modo
764 399 842 421 erant
850 393 915 422 deos
927 393 1060 427 fecerunt,

272 439 473 475 Servieruntque
502 444 632 467 creatum
660 440 746 474 potius
766 447 846 475 quam
874 439 995 468 Creatori
1009 440 1060 467 “z

270 485 342 520 quod
357 489 431 513 certe
445 484 556 513 stultum
576 485 722 513 admodum
737 489 764 513 et
779 485 890 521 impium
912 485 973 512 fuit.
986 485 1061 512 Idem

269 531 342 559 enim
349 536 392 559 est
400 539 431 559 ac
444 533 467 559 si
481 531 542 567 quis
549 539 626 567 opus,
642 531 840 566 nonopiﬁcem,
853 531 963 566 dignum
975 531 1061 558 admi-

271 578 375 605 ratione
392 582 509 613 putaret,
525 581 552 605 et
563 577 676 605 aedilicia
696 577 815 605 civitatis
831 577 945 613 alicujus
973 577 1060 605 admi-

270 627 356 655 ratus,
372 622 550 650 architectum
564 627 724 657 sperneret:
741 623 785 650 vel
807 624 831 652 si
850 625 910 658 quis
927 624 1060 652 musicum

269 668 377 704 aliquod
393 668 604 696 instrumentum
622 668 786 696 laudandum
809 669 981 702 existimans,
1000 669 1061 705 eius

269 719 456 742 contemneret
467 714 608 743 artiﬁcem.
620 713 708 742 Insani
720 714 841 750 profecto
855 719 882 743 et
890 715 967 743 valde
977 716 1040 743 caeci
1051 715 1058 742 !

269 760 319 794 Qui
335 761 408 788 enim
421 768 533 796 prorsus
544 761 701 794 tedillcium,
716 762 759 789 vel
776 769 884 795 navem,
910 766 956 789 aut
972 761 1059 798 lyram

269 812 379 842 possent
392 814 568 842 cognoscere,
590 807 641 835 nisi
662 807 740 835 faber
753 814 866 841 navem,
894 812 922 835 et
945 807 1061 835 archite-

269 857 328 881 ctus
346 853 441 881 domos
464 853 636 887 aediﬁcasset,
647 858 674 882 et
690 853 776 890 lyram
790 853 909 881 musicus
931 859 1059 882 constru-

1112 254 1166 281 τῶν
1176 256 1204 282 ὲν
1221 255 1313 287 αὐτοῖς
1329 253 1522 291 ἐξηρτημένων
1547 252 1644 285 αὑτοῦ,
1662 253 1738 288 ὅμως
1766 252 1907 289 ἄνθρωποι

1112 301 1286 337 παράφρονες
1301 320 1309 333 ,
1333 299 1610 337 παραγκωνισάμενοι
1636 299 1687 336 τὴν
1713 298 1781 335 πρὸς
1811 298 1908 326 τοῦτον

1111 347 1211 382 γνῶσιν
1225 347 1272 374 καὶ
1289 346 1440 379 εὐσέϐειαν,
1459 346 1494 374 τὰ
1514 346 1563 373 οὐχ
1576 345 1641 372 ὄντα
1663 344 1717 381 πρὸ
1741 345 1795 372 τῶν
1821 344 1908 372 ὄντων

1111 393 1245 429 ἐτίμησαν
1254 402 1262 410 ν
1276 393 1326 420 καὶ
1339 393 1400 420 ἀντὶ
1411 392 1458 420 τοῦ
1470 392 1555 424 δντως
1567 391 1710 428 (Ξ1)δντος
1725 391 1804 424 Θεοῦ,
1821 391 1855 418 τὰ
1868 392 1907 428 μὴ

1111 440 1175 467 ὄντα
1188 439 1378 474 ὲθεοποίησαν,
1405 438 1446 474 Τῇ
1464 440 1561 466 κτίσει
1584 438 1665 474 παρὰ
1679 439 1733 466 τὸν
1758 438 1907 466 κτίσαντα

1110 485 1316 520 λατρεύοντες,
1334 485 1450 521 πρᾶγμα
1467 485 1617 521 πάσχοντες
1628 485 1742 521 ἀνόητον
1755 485 1802 512 καὶ
1815 485 1908 512 δυσσε-

1112 531 1168 563 ϐἐς.
1187 531 1300 567 Ὅμοιον
1326 531 1381 567 γὰρ
1401 531 1428 557 εί
1452 540 1494 562 τις
1508 531 1543 558 τὰ
1559 531 1626 566 ἔργα
1647 531 1701 567 πρὸ
1723 530 1770 557 τοῦ
1783 531 1906 566 τεχνίτου

1112 576 1271 613 θαυμάσειε,
1287 577 1335 604 καὶ
1350 577 1384 605 τὰ
1401 577 1430 605 ὲν
1443 578 1476 613 τῇ
1494 577 1570 604 πόλει
1581 576 1812 612 δημιουργήματα
1823 585 1907 604 κατα-

1111 623 1237 657 πλαγεὶς,
1257 623 1304 651 τὸν
1328 624 1431 651 τούτων
1457 623 1623 660 δημιουργὸν
1644 623 1814 659 καταπατοίη
1831 623 1905 658 ('22)’

1110 671 1128 707 ἢ
1146 671 1183 703 ὡς
1200 671 1228 697 εῐ
1240 680 1282 704 τις
1306 671 1337 698 τὺ
1364 671 1414 707 μὲν
1437 671 1567 707 μουσικὸν
1578 670 1694 706 ὄργανον
1712 669 1848 706 ἐπαινοίη,
1860 671 1908 698 τὺν

1110 717 1139 744 δὲ
1152 717 1282 745 συνθέντα
1297 718 1344 745 καὶ
1355 717 1546 753 ἁρμοσάμενον
1558 716 1695 744 ὲκὸάλλοι.
1711 716 1846 752 ’Ᾱφρονες
1858 717 1908 743 καὶ

1111 762 1178 790 πολὺ
1210 763 1256 790 τὸν
1281 763 1421 799 ὀφθαλμὸν
1449 762 1661 798 πεπηρωμένοιὶ
1688 761 1750 794 Πῶς
1781 762 1836 797 γὰρ
1869 761 1905 789 ἂν

1109 809 1232 844 ἔγνωσαν
1247 809 1334 841 ἄλλως
1347 809 1405 845 (25)
1421 808 1575 844 οἰκοδομὴν,
1591 808 1608 843 ἢ
1623 807 1699 839 ναῦν,
1716 807 1734 843 ἢ
1753 807 1848 843 λύραν,
1865 807 1905 843 μὴ

1109 856 1170 892 οὐχὶ
1195 856 1243 883 τοῦ
1272 855 1412 892 ναυπηγοῦ
1428 855 1628 892 ἐργασαμένου,
1656 854 1703 881 καὶ
1720 853 1774 889 ,τοῦ
1794 854 1904 890 ἀρχιτέ-

269 897 416 926 xisset‘lUt
427 906 493 934 ergo
511 898 566 932 ille,
581 899 627 934 qui
643 899 679 926 ita
693 898 817 931 sentiret,
839 899 1058 927 detnentissimus

1111 910 1204 934 κτονος
1219 901 1457 937 οἰκοδομήσαντος,
1473 901 1520 928 καὶ
1534 900 1581 927 τοῦ
1597 899 1727 936 μουσικοῦ
1743 899 1903 931 συνθέντοςς

269 946 417 973 haberetur
431 954 438 973 :
453 946 492 973 sic
507 946 573 973 mihi
589 953 656 974 sana
679 949 768 973 mente
780 953 841 973 esse
854 953 907 973 non
923 946 1058 979 videntur,

269 991 316 1027 qui
333 992 415 1019 Deum
430 992 569 1027 ignorant,
586 999 636 1019 nec
650 991 708 1027 ejus
723 992 853 1025 Verbum,
884 992 1059 1021 Servatorem

268 1037 401 1070 omnium,
414 1037 557 1065 Dominum
568 1042 691 1065 nostrum
704 1037 796 1066 Iesum
805 1038 941 1066 Christum
954 1039 1057 1072 colunt,

269 1090 318 1117 per
334 1090 412 1117 quem
428 1083 519 1110 omnia
537 1082 619 1110 Pater
635 1082 810 1111 administrat
825 1091 856 1111 ac
877 1083 1016 1116 continet,
1032 1087 1060 1112 et

269 1129 349 1157 rebus
361 1128 495 1156 universis
512 1129 636 1164 pravidet
651 1138 658 1157 :
678 1130 705 1157 in
732 1137 815 1165 quem
839 1130 1057 1165 quandoquidem

269 1177 298 1198 tu
314 1171 393 1199 [idem
407 1171 491 1199 habes
502 1177 530 1199 et
546 1171 606 1206 pius
620 1178 661 1204 es,
680 1179 697 1199 ο
710 1171 811 1200 Christi
833 1177 948 1205 amator,
971 1173 1059 1208 gaude

267 1223 296 1245 et
315 1223 390 1246 certo
409 1222 489 1254 spera
513 1223 565 1246 tua!
593 1218 702 1252 pietatis
726 1224 754 1246 et
769 1218 830 1246 ﬁdei
857 1218 975 1247 fructum
1000 1219 1059 1249 fore

268 1264 500 1292 immortalitatem
517 1269 545 1292 et
567 1272 679 1300 regnum
696 1264 839 1298 calorum,
853 1265 877 1293 si
906 1266 984 1294 modo
999 1267 1059 1294 ani-

269 1318 323 1345 ma,
354 1316 383 1338 ut
410 1310 468 1345 ejus
494 1311 565 1347 leges
587 1311 778 1346 praescribunt.
803 1313 934 1340 adornata
962 1312 1056 1342 fuerit.

269 1356 305 1385 Ut
327 1357 398 1385 cnim
412 1357 524 1390 illorum
540 1357 587 1393 qui
605 1358 755 1386 secundum
769 1359 828 1394 ejus
858 1364 992 1395 praecepta
1017 1360 1058 1388 vi-

267 1408 345 1437 vunt,
367 1410 470 1431 merces
486 1408 526 1432 est
550 1404 605 1432 vita
633 1408 734 1432 :eterna
751 1413 758 1431 :
775 1405 810 1432 ita
823 1405 868 1440 qui
891 1405 1057 1433 contrariam

267 1447 324 1484 38
336 1449 460 1476 semitam
474 1448 606 1484 elegerint
624 1457 676 1478 nec
692 1450 762 1477 viam
776 1451 883 1478 virtutis
901 1450 1004 1478 fuerint
1015 1459 1058 1479 se-

268 1495 334 1526 cuti,
351 1495 479 1530 probrum
495 1495 590 1530 ingens
619 1500 646 1523 et
673 1496 827 1525 inevitabile
852 1497 1003 1531 periculum
1029 1498 1056 1526 in

268 1541 311 1569 die
331 1541 427 1575 iudicii
457 1542 574 1570 subituri
601 1546 685 1575 sunt,
714 1543 777 1577 quia
802 1544 909 1571 etiamsi
934 1545 1057 1572 veritatis

267 1587 339 1614 viam
357 1595 410 1616 non
427 1588 632 1623 ignoraverint;
660 1588 704 1616 his
732 1594 822 1617 tamen
837 1596 898 1625 qua:
927 1596 1058 1618 noverant

262 1634 404 1674 contraria
417 1642 506 1669 egere.

273 1762 1777 1778 .—_——.—.—__________—__———____

1110 946 1285 984 Ὦσπερθὶά)
1301 945 1348 974 οὖν
1368 948 1383 974 ὁ
1405 946 1493 973 ταῦτα
1510 946 1684 981 λογιζόμενος
1708 946 1834 982 μαίνεται
1856 946 1905 972 καὶ

1109 993 1310 1029 ὑπερεπέκεινα
1321 993 1412 1029 πάσης
1429 993 1528 1029 μανίας
1544 993 1629 1027 ἐστὶν,
1644 993 1730 1025 οὕτως
1746 992 1777 1020 οὔ
1801 1002 1845 1028 μοι
1861 992 1907 1019 δοι-

1109 1039 1203 1066 κοῦσιν
1214 1039 1347 1074 ὑγιαίνειν
1358 1039 1407 1074 τὴν
1420 1039 1540 1066 διάνοιαν
1550 1039 1574 1065 οἱ
1585 1039 1629 1065 τὸν
1643 1038 1710 1065 Θεὸν
1722 1039 1759 1074 μὴ
1773 1038 1905 1073 ἐπιγινώ-

1110 1095 1231 1119 σκοντες,
1243 1087 1290 1113 καὶ
1305 1086 1350 1112 τὸν
1360 1085 1455 1112 τούτου
1473 1085 1560 1120 Λόγον
1578 1085 1615 1121 μὴ
1631 1085 1843 1121 θρησκεύοντες,
1857 1086 1906 1113 τὸν

1109 1133 1223 1168 Σωτῆρα
1240 1132 1294 1160 τῶν
1311 1132 1419 1160 πάντων
1428 1132 1474 1159 τὸν
1488 1131 1590 1167 Κύριον
1605 1131 1684 1167 ἡμῶν
1705 1131 1808 1166 Ἰησοῦν
1837 1133 1907 1168 Χριο

1109 1178 1181 1211 στὸν,
1197 1178 1230 1205 δι’
1243 1174 1273 1205 οὗ
1287 1178 1322 1205 τὰ
1339 1178 1429 1206 πάντα
1443 1178 1457 1204 ὁ
1469 1177 1564 1213 Πατὴρ
1591 1177 1750 1213 διακοσμεῖ,
1769 1178 1817 1204 καὶ
1843 1186 1908 1204 συν-

1108 1223 1176 1259 έχει,
1195 1224 1242 1251 καὶ
1255 1225 1410 1260 προνοεῖται
1427 1223 1481 1250 τῶν
1497 1223 1566 1250 ὅλων
1579 1231 1585 1237 ·
1597 1223 1637 1255 είς
1655 1222 1684 1249 ὃν
1697 1222 1730 1248 σὺ
1749 1222 1798 1257 τὴν
1812 1222 1906 1249 πίστιν

1109 1268 1178 1304 ἔχων
1194 1268 1242 1296 καὶ
1257 1269 1287 1296 τὸ
1299 1269 1426 1301 Θεοσεϐὲς
1441 1268 1510 1304 (25),
1523 1265 1546 1295 ὦ
1561 1266 1728 1303 φιλόχριστε,
1754 1269 1832 1303 χαῖρε
1856 1269 1906 1294 καὶ

1109 1315 1218 1347 εὕελπις
1228 1315 1315 1350 γίνου,
1327 1315 1366 1342 ὄτι
1379 1315 1428 1351 τῆς
1437 1315 1478 1347 εἰς
1493 1314 1575 1341 αὑτὸν
1582 1313 1700 1346 πίστεως
1709 1314 1756 1341 καὶ
1763 1314 1905 1346 εὐσεϐείας

1108 1359 1242 1387 ὰθανασία
1268 1360 1316 1387 καὶ
1351 1359 1474 1395 βασιλεία
1497 1359 1622 1395 οὺρανῶν
1646 1359 1720 1386 ἐστιν
1753 1360 1767 1386 ό
1786 1358 1903 1395 καρπὸς,

1109 1407 1190 1442 μόνον
1206 1407 1255 1433 ἐὰν
1272 1407 1342 1434 κατὰ
1351 1407 1413 1440 τοὺς
1426 1407 1509 1434 αὑτοῦ
1519 1407 1618 1443 νόμους
1630 1409 1647 1443 ἡ
1667 1407 1740 1443 ψυχὴ
1762 1416 1902 1444 κεκοσμη-

1109 1453 1177 1489 μένη
1205 1453 1328 1489 γένηται.
1357 1454 1462 1489 Ὥσπερ
1490 1453 1545 1490 γὰρ
1573 1455 1630 1485 τοῖς
1657 1454 1718 1481 κατ’
1731 1453 1812 1480 αὑτὸν
1826 1453 1898 1480 πολι-

1107 1499 1263 1534 τευομένοις
1278 1499 1337 1526 ἐστὶ
1355 1499 1387 1526 τὸ
1409 1499 1524 1527 ἔπαθλον
1541 1499 1599 1536 ζωὴ
1614 1499 1733 1532 αἰώνιος,
1747 1499 1818 1526 οὓτω
1845 1500 1904 1530 τοῖς

1108 1546 1158 1581 τὴν
1173 1545 1297 1573 ἐναντίαν
1309 1545 1355 1572 καὶ
1365 1545 1402 1581 μὴ
1414 1545 1463 1580 τὴν
1479 1545 1529 1581 τῆς
1539 1545 1642 1582 ἀρετῆς
1658 1545 1782 1580 ἀτραπὸν
1796 1545 1904 1572 ὁδεύουη

1113 1599 1156 1618 σιν
1167 1591 1281 1627 αἰσχύνη
1301 1591 1406 1627 μεγάλη
1432 1593 1480 1618 καὶ
1509 1592 1631 1624 κίνδυνος
1659 1591 1849 1626 ἁσὺγγνωστος
1872 1592 1903 1617 ὲν

1110 1636 1202 1672 ἡμέρᾳ
1218 1637 1345 1673 κρίσεως,
1358 1637 1410 1669 ὅτι,
1427 1637 1515 1664 καίτοι
1527 1637 1634 1671 γνόντες
1646 1636 1695 1673 τὴν
1704 1637 1753 1672 τῆς
1773 1636 1903 1671 ἀληθείας

1111 1681 1180 1713 ὁδὸν,
1196 1681 1306 1708 ἐναντία
1322 1678 1359 1708 ὧν
1371 1681 1493 1716 ἔγνωσαν
1503 1681 1634 1717 ἔπραξαν.

1790 1771 1898 1780 α...-

438 1828 553 1871 ΤΟΥ
588 1828 662 1871 EN
698 1827 881 1871 ΑΓΙΟΙΣ
919 1828 1136 1871 ΠΑΤΡΟΣ
1172 1828 1336 1871 ΗΜΩΝ
1373 1827 1694 1872 ΑΘΑΝΑΣΙΟΥ

803 1899 1088 1928 ΛΡΧΙΕΠΙΣΚΟΠΟΥ
1099 1899 1365 1926 ’ΔΛΕΞΔΝΔΡΕΙΑΣ

311 1973 435 2000 ΛΟΓΟΣ
453 1972 538 2000 ΠΕΡΙ
555 1974 624 2000 ΤΗΣ
643 1972 1281 2036 ΕΝΑΝΘΡΩΠΗΣΙΞἾἙΦἸᾸἫΕ
1299 1973 1368 1999 ΠΙΣ
1384 1973 1439 1999 AIA
1462 1973 1629 1999 ΣΩΜΑΤΟΣ
1647 1973 1742 2000 ΠΡΟΣ
1759 1972 1863 2000 ΗΜΑΣ

427 2085 690 2143 SANCTI
733 2086 992 2144 PATRIS
1034 2085 1303 2143 NOSTRI
1346 2083 1740 2142 ATHANASII

819 2186 1057 2221 .ALEXANDRIE
1076 2185 1342 2215 ARCHIEPlSCOPI

351 2260 488 2290 ORATIO
507 2259 558 2288 DE
577 2258 737 2286 HUHANA
758 2258 956 2322 NATURAA?)

1109 2259 1322 2324 aiﬁlyglUPTA,
1345 2258 1391 2287 ET
1412 2258 1460 2286 DE
1480 2258 1571 2287 EJUS
1592 2258 1664 2287 PER
1682 2258 1828 2287 CORPUS

303 2377 329 2404 1.
344 2375 565 2410 Quandoquidem
588 2374 720 2411 superiori
737 2374 869 2406 oratione,
888 2374 952 2403 licet
969 2382 1052 2409 pauca

1143 2375 1166 2401 1.
1180 2374 1329 2410 Αὑτάρχως
1344 2374 1373 2400 ἐν
1383 2374 1440 2405 τοῖς
1459 2373 1512 2409 πρὸ
1527 2373 1630 2400 τούτων
1646 2374 1678 2400 ἐκ
1695 2372 1800 2399 πολλῶν
1821 2374 1898 2407 ὀλίγα

267 2429 299 2449 ex
332 2421 423 2448 multis
442 2420 603 2452 delibantes,
620 2421 688 2448 satis
713 2424 803 2448 tamen
824 2419 930 2448 abunde
944 2420 976 2447 de
989 2427 1055 2455 gen-

268 2469 333 2494 tium
352 2467 378 2494 in
390 2466 469 2494 idolis
484 2466 605 2494 colendis
620 2473 714 2494 errore
729 2471 756 2493 et
776 2465 968 2501 superstitione
985 2466 1054 2493 dixi-

267 2521 458 2549 mus,qu:eque
465 2513 552 2548 prima
565 2513 696 2541 idolorum
708 2513 786 2549 origo
796 2513 924 2546 fuerit,et
937 2520 1054 2548 quonam

302 2571 325 2586 "
342 2571 420 2598 Rom.
432 2579 452 2603 t,
468 2570 514 2598 ‘25.

266 2626 392 2654 omittunt
411 2627 522 2655 Gobler.
539 2633 564 2655 et
577 2626 696 2655 Felcktn.
714 2627 727 2654 1
747 2633 829 2654 anon.
847 2625 916 2653 Ibid.
932 2624 1052 2652 Felcltm.

265 2662 283 2690 5
298 2670 376 2689 anon.
394 2671 441 2697 pro
460 2663 506 2690 καί
524 2668 585 2690 ante
603 2663 724 2698 πρόνοια,
739 2662 818 2698 Ιηὺὲ

301 2698 358 2734 (Ἢ)
374 2696 477 2730 Ὄντως
495 2699 574 2734 deest
592 2696 736 2734 in'Anglic.
750 2701 777 2725 et
797 2696 917 2734 Felckm.
936 2696 953 2734 ῼ
970 2703 1052 2734 anon.

266 2731 326 2761 Mox
349 2731 469 2768 'Seguer.
487 2733 596 2761 Gobler.
616 2738 644 2760 et
656 2731 774 2763 Folckm.
792 2733 805 2759 1
823 2740 916 2765 anon.,
940 2731 1053 2767 λατρεύ-

267 2776 371 2800 σαντες.
387 2769 432 2796 alii
444 2776 504 2795 cum
518 2768 608 2800 editis,
625 2768 811 2800 λατρεύοντες.

303 2804 547 2838 (22)Goblerianus
561 2809 588 2829 et
608 2803 792 2831 FelckmanJ
813 2811 906 2835 anon.,
927 2809 1053 2829 καταπα-

267 2839 337 2874 τείη,
350 2838 469 2874 elipaulo
487 2839 706 2874 ρρδμὲπαινείη.

303 2872 359 2908 (ἳό)
377 2872 607 2908 Segucr.Gobler.
622 2878 649 2901 et
662 2872 779 2901 Folckm.
798 2873 811 2900 1
829 2881 923 2907 anon.,
938 2873 1016 2905 ὅλως.

1106 2420 1276 2452 διαλαϐόντες
1292 2420 1347 2455 (27)
1359 2421 1422 2456 περὶ
1435 2420 1484 2454 τῆς
1500 2419 1555 2446 τῶν
1575 2419 1658 2447 ἐθνῶν
1672 2421 1734 2456 περὶ
1753 2420 1786 2446 τὰ
1802 2420 1898 2446 εἴδωλα

1108 2466 1212 2502 πλάνης
1226 2468 1271 2493 καὶ
1287 2467 1335 2501 τῆς
1351 2466 1452 2492 τούτων
1459 2465 1679 2501 δεισιδαιμονίας,
1691 2466 1748 2498 πῶς
1766 2466 1795 2498 ἐξ
1811 2467 1898 2501 ἀρχῆς

1108 2512 1209 2539 τούτων
1226 2512 1337 2546 γέγονεν
1353 2513 1370 2547 ἠ
1393 2511 1510 2547 εὕρεσις,
1528 2511 1568 2537 ὅτι
1581 2512 1614 2537 ἐκ
1625 2511 1723 2543 κακίας
1746 2512 1771 2537 οἱ
1795 2511 1898 2546 ἅνθρω-

1144 2625 1198 2661 (ει)
1217 2625 1328 2661 Seguer.
1348 2631 1372 2652 et
1389 2625 1508 2654 Frlrkm.
1522 2625 1541 2652 2
1554 2633 1646 2654 auom.
1661 2624 1834 2661 ὑπερέκεινα.

1145 2659 1201 2696 (25)
1216 2659 1325 2696 Segtter.
1342 2662 1449 2688 Gobler.
1476 2666 1501 2688 et
1518 2661 1610 2688 Fclck.
1632 2662 1644 2687 1
1663 2659 1824 2695 anonymus,
1836 2659 1899 2686 Θεο-

1127 2697 1191 2727 ιλές.

1214 2730 1367 2767 lnASeguer.
1383 2739 1434 2767 m_s.
1454 2731 1477 2758 is
1495 2736 1536 2758 est
1554 2731 1731 2767 liUIIUS,7TOt-l
1746 2729 1829 2767 αὑτοῦ
1845 2729 1899 2756 Λό-

1104 2759 1162 2800 γος,
1180 2759 1233 2793 etc.
1250 2759 1316 2794 Ibid.
1325 2772 1388 2794 ante
1402 2759 1490 2801 Ᾱόγου
1507 2768 1579 2795 solus
1596 2759 1781 2794 marcidum
1794 2765 1811 2792 2
1827 2772 1897 2791 ano-

1105 2809 1203 2836 nymus
1216 2801 1283 2828 Θεοῦ
1300 2802 1390 2829 habet.

1105 2833 1391 2898 λέἑὲἔὲτίέἑιιιιειῆοηυε
1405 2842 1432 2866 et
1449 2837 1605 2865 l-‘elckman.
1624 2838 1634 2864 1
1658 2842 1824 2872 anonymus,
1837 2833 1896 2864 Gtc-

1116 2880 1256 2907 έχων-τες.
