2037 3044
171 132 206 160 9'1
690 135 819 172 οῃΑτιο
838 136 884 164 DE
900 135 1154 164 lNCARNATlONE
1174 137 1288 166 VERBI.
1748 143 1785 173 {is

170 199 215 217 ποι
231 191 337 223 ἑαυτοῖς
348 191 396 227 τὴν
409 192 474 228 πρὸς
492 193 525 219 τὰ
533 194 628 220 εἴδωλα
639 193 786 232 Θρηρκείαν
795 195 951 232 ἐπενόησαν·

1007 196 1087 224 modo
1101 196 1223 225 homines
1238 198 1354 233 propriis
1367 198 1439 227 vitiis
1458 199 1561 234 impulsi
1576 207 1668 228 eorum
1684 202 1784 229 cultum

169 237 237 265 ἀλλὰ
250 238 304 272 γὰρ
321 239 411 273 χάριτι
439 238 507 265 Θεοῦ
526 241 695 275 σημάναντες
723 241 801 275 ὀλίγα
822 241 868 269 καὶ
892 243 955 278 περὶ

170 283 220 318 τῆς
234 283 371 319 Θειότητος
385 284 432 310 τοῦ
450 284 535 319 Λόγου
558 285 605 312 τοῦ
630 287 735 322 Πατρὸς
764 288 810 314 καὶ
840 288 889 324 τῆς
916 290 956 321 εις

169 329 258 356 πάντα
276 330 403 365 προνοίας
418 332 464 357 καὶ
479 331 619 366 δυνάμεως
633 333 714 360 αὑτοῦ
729 341 735 348 ·
753 335 799 361 καὶ
811 336 851 362 ὅτι
864 336 877 361 ὁ
888 336 955 370 ἀγα-

170 374 215 408 θδς
232 376 325 412 Πατὴρ
342 376 428 412 τούτῳ
440 376 474 403 τὰ
487 377 574 404 πάντα
586 379 737 415 διακοσμεῖ,
752 382 798 408 καὶ
813 382 846 409 τὰ
866 383 954 410 πάντα

170 421 215 447 ὑπ’
233 421 315 448 αὑτοῦ
330 423 456 455 κινεῖται,
472 423 520 449 καὶ
542 424 572 450 ἐν
591 424 664 460 αὑτῷ
681 425 867 457 ζωοποιεῖταιο
888 429 954 464 φέρε

169 465 240 492 κατὰ
254 465 423 498 ἀκολουθίαν,
437 467 555 503 μακάριε
569 468 615 494 καὶ
629 469 734 504 ἀληθῶς
747 471 911 507 φιλόχριστε,
920 474 952 508 τῇ

169 512 233 548 περὶ
247 512 295 547 τῆς
307 512 446 544 εὐσεϐείας
461 513 552 540 πίστει
563 516 609 540 κα)¹
621 515 655 542 τὰ
672 517 735 552 περὶ
751 519 801 553 τῆς
821 519 953 555 ἐνανθρω-

168 558 278 594 πήσεως
290 558 337 585 τοῦ
351 559 436 593 Λόγου
447 559 650 595 διηγησώμεθα,
663 562 708 588 καὶ
725 563 788 598 περὶ
806 563 855 599 τῆς
879 564 954 596 Θείας

168 604 251 631 αὺτοῦ
279 605 348 640 πρὸς
366 606 439 641 ἡμᾶς
465 606 625 640 ἐπιφανείας
641 607 804 644 δηλώσωμεν
820 610 891 646 (28)·
920 611 953 646 ἢν

174 651 295 678 Ἰουδαῖοι
314 652 363 687 μὲν
384 652 580 686 διαϐάλλουσιν,
598 653 727 689 ’Έλληνες
753 655 781 681 δὲ
809 656 953 690 χλευάζου-

167 705 220 730 σιν,
235 698 314 733 ἡμεῖς
327 698 355 725 δὲ
370 699 574 734 προσκυνοῦμεν
584 708 590 714 “
606 700 638 726 ἵν’
665 700 705 727 ἐτι
731 701 829 736 μᾶλλον
845 703 877 728 ὲκ
903 703 952 738 τῆς

166 744 296 779 δοκούσης
321 744 458 777 εὐτελείας
470 746 518 772 τοῦ
534 746 620 780 Λόγου
640 745 750 781 μείζονα
773 748 820 774 καὶ
843 748 953 776 πλείονα

166 790 216 825 τὴν
234 790 274 822 είς
291 789 373 816 αὐτὸν
388 790 527 817 εὐσέϐειαν
544 791 619 827 ἔχῃς.
632 791 706 826 Ὂσῳ
717 792 770 827 γὰρ
798 793 873 828 παρά
896 795 953 825 τοῖς

166 835 290 867 ἀπίστοις
305 835 464 871 χλευάζεται
480 836 547 871 (Ξθ),
559 836 676 872 τοσούτῳ
692 837 802 872 μείζονα
822 837 871 873 τὴν
888 838 952 874 περὶ

1004 241 1216 275 excogitaverint
1244 250 1249 267 :
1274 243 1400 277 quoniam
1423 244 1496 277 item,
1522 245 1567 272 Dei
1592 245 1690 281 gratia,
1718 254 1785 273 non-

1004 286 1077 314 nulla
1106 287 1138 314 de
1163 287 1242 315 Verbi
1277 288 1364 317 Patris
1390 290 1530 318 divinitate
1554 295 1581 319 et
1606 291 1663 325 ejus
1687 293 1713 320 in
1742 301 1785 321 res

1005 338 1100 360 omnes
1112 333 1278 367 providentia
1288 340 1314 362 et
1331 336 1448 370 potentia
1462 336 1649 370 indicavimus,
1664 339 1785 366 ostendi-

1004 384 1118 412 musque
1132 378 1230 405 bonum
1248 378 1355 407 Patrem
1382 382 1472 408 omnia
1496 389 1543 416 per
1570 382 1644 410 illum
1670 383 1783 410 admini-

1003 426 1104 454 strare,
1122 424 1264 459 omniaque
1278 425 1311 451 ab
1327 426 1384 459 ipso
1401 428 1519 460 moveri,
1534 432 1560 454 et
1587 429 1613 454 in
1628 428 1685 463 ipso
1703 429 1783 455 vitam

1003 467 1117 500 habere;
1132 476 1191 504 age,
1208 477 1225 496 o
1242 469 1284 496 vir
1311 471 1386 498 beate
1409 476 1436 498 et
1453 479 1514 499 vere
1544 473 1644 500 Christi
1668 481 1782 500 amans:

1000 513 1055 547 jam
1088 514 1224 550 deinceps,
1244 521 1272 542 ut
1295 517 1346 550 pia:
1374 523 1474 545 nostra;
1495 518 1555 546 fidei
1569 519 1636 546 ordo
1656 520 1783 554 postulat,

1003 559 1094 587 dicere
1110 568 1254 596 pergamus
1272 562 1305 590 de
1321 566 1438 590 humana
1456 569 1553 591 natura
1567 572 1647 599 quam
1665 565 1783 593 Verbum

1002 606 1160 640 assumpsit.
1191 615 1222 634 ac
1243 607 1275 635 de
1287 608 1378 636 divino
1392 608 1512 643 ejusdem
1541 610 1572 636 ad
1595 618 1643 637 nos
1655 611 1783 642 adventu,

1003 657 1081 684 quem
1097 650 1181 679 Judaei
1193 653 1300 687 quidem
1314 653 1456 681 calumniis
1475 655 1644 682 insectantur
1668 662 1695 682 et
1720 664 1785 690 geu-

1005 695 1065 723 tiles
1093 697 1217 730 irrident.
1243 706 1292 726 nos
1316 706 1380 726 vero
1410 707 1580 732 veneramur,
1605 709 1658 735 quo
1681 702 1785 729 scilicet

1002 742 1082 769 etiam
1101 750 1133 769 ex
1149 748 1260 771 externa
1273 744 1353 772 Verbi
1371 745 1520 773 humilitate
1535 751 1577 773 tua
1595 747 1621 774 in
1651 755 1712 774 eum
1729 748 1785 782 pie—

1003 791 1044 814 tas
1072 793 1186 815 crescat.
1202 789 1269 816 Nam
1294 797 1346 824 quo
1363 790 1446 826 magis
1467 792 1537 826 apud
1557 791 1784 820 inﬁdelesirride—

1004 839 1057 866 tur,
1076 842 1107 861 eo
1130 835 1216 870 majus
1236 843 1290 863 Suae
1304 836 1453 863 divinitatis
1470 838 1651 865 testimonium
1664 839 1783 866 exhibet.

167 881 216 916 τῆς
228 881 353 916 θεότητος
366 881 448 908 αὐτοῦ
466 882 618 918 μαρτυρίαν
633 882 746 918 παρέχει
756 891 762 897 ·
779 883 819 909 ὅτι
831 891 860 909 τε
874 883 892 909 ἃ
914 884 951 919 μὴ

1002 877 1066 911 Quae
1080 879 1151 906 enim
1164 880 1382 914 bomines,quasi
1397 888 1456 915 quze
1474 880 1530 908 lieri
1547 889 1600 908 non
1616 883 1719 913 possint
1738 883 1784 908 mi-

167 927 417 962 καταλαμϐάνουσιν
426 927 563 963 ἄνθρωποι
573 928 610 959 ὡς
625 928 753 960 ἀδύνατα,
768 929 853 955 ταῦτα
872 928 952 960 αὐτὸς

167 973 348 1000 ἐπιδείκνυται
362 973 476 1000 δυνατά·
494 973 539 1000 καὶ
556 973 574 1000 ὃ.
591 973 628 1006 ὡς
651 974 761 1010 ἀπρεπῆ
777 973 952 1009 χλευάζουσιν

165 1019 314 1055 ἄνθρωποι,
342 1019 430 1046 ταῦτα
453 1020 534 1052 αὐτὸς
548 1020 604 1054 (50)
621 1021 654 1055 τῇ
679 1019 774 1046 ἑαυτοῦ
805 1019 951 1055 ἀγαθότητι

165 1065 288 1101 εὖπρετιῆ
313 1065 527 1098 κατασκευάζει’
545 1066 592 1093 καὶ
617 1066 634 1093 ἃ
666 1066 836 1101 σοφιζόμενοι
857 1067 880 1093 οἱ
907 1067 952 1094 ἇν-

165 1110 266 1146 θρωποι
281 1111 335 1147 (51)
351 1112 388 1143 ὡς
410 1112 567 1147 ἀνθρώπινα
582 1112 690 1147 γελῶσι,
708 1112 792 1139 ταῦτα
818 1112 898 1144 αὐτὸς
917 1114 950 1148 τῇ

167 1157 262 1183 ἑαυτοῦ
274 1157 386 1193 δυνάμει
396 1157 454 1184 θεῖα
471 1158 665 1190 ἐπιδείκνυται,
680 1158 729 1194 τὴν
742 1158 791 1194 μὲν
803 1158 856 1185 τῶν
876 1158 952 1184 εἰδώ-

167 1202 221 1229 λων
238 1203 385 1238 φαντασίαν
408 1205 440 1239 τῇ
464 1203 627 1239 νομιζομένῃ
649 1203 745 1230 ἑαυτοῦ
762 1204 883 1240 εὐτελείᾳ
908 1204 951 1230 διὰ

168 1248 214 1275 τοῦ
231 1249 346 1284 σταυροῦ
357 1250 564 1286 καταστρέφων,
581 1251 643 1282 τοὺς
670 1251 699 1277 δὲ
714 1250 891 1286 χλευάζοντας
905 1251 952 1277 καὶ

166 1294 345 1327 ἀπιστοῦντας
363 1295 533 1331 μεταπείθων
548 1296 667 1330 ἀφανῶς,
679 1295 749 1322 ὥστε
762 1296 811 1331 τὴν
826 1296 952 1332 θειότητα

165 1340 249 1366 αὑτοῦ
267 1341 313 1367 καὶ
340 1341 453 1376 δύναμιν
467 1341 668 1376 ἐπιγινώσκειν.
695 1342 741 1374 Εἰς
758 1343 787 1368 δὲ
818 1342 867 1377 τὴν
889 1343 952 1378 περὶ

165 1386 267 1412 τούτων
282 1386 416 1422 διήγησιν,
428 1387 507 1422 χρεία
523 1388 572 1422 τῆς
590 1387 644 1413 τῶν
658 1387 862 1423 προειρημένων
885 1388 952 1424 μνή-

167 1440 236 1468 μης·
252 1432 294 1458 ἵνα.
311 1433 357 1459 καὶ
373 1433 422 1468 τὴν
433 1433 521 1459 αίτίαν
536 1433 586 1468 τῆς
597 1434 625 1459 ἐν
643 1433 749 1468 σώματι
773 1432 952 1469 φανερώσεὼς

165 1477 212 1504 τοῦ
227 1477 353 1504 τοσούτου
365 1479 411 1505 καὶ
437 1478 594 1513 τηλικούτου
615 1479 747 1515 πατρικοῦ
771 1479 856 1513 Λόγου
881 1481 951 1514 γνῶ-

166 1531 210 1549 ναι
224 1523 350 1558 δυνηθῇς,
368 1523 415 1550 καὶ
432 1523 469 1559 μὴ
488 1524 617 1559 νομίσῃς,
633 1525 673 1551 ὅτι
686 1525 792 1559 φύσεως
807 1526 951 1563 ἀκολουθίᾳ⁵

166 1569 246 1604 σῶμα
261 1570 411 1605 πεφόρεκεν
423 1570 437 1596 ὁ
451 1571 546 1606 Σωτήρ
557 1579 564 1585 ·
578 1570 637 1597 ἀλλ’
649 1572 700 1602 ὅτι,
713 1571 856 1607 ἀσώματος
867 1572 904 1599 ὦν
918 1574 951 1609 τῇ

167 1614 258 1648 φύσει,
274 1615 321 1642 καὶ
338 1615 423 1649 Λόγος
441 1615 581 1651 ὑπάρχων.
606 1616 680 1651 ὅμως
704 1617 775 1644 κατὰ
801 1617 952 1654 φιλανθρω-

159 1660 232 1687 ’πίαν
249 1661 295 1686 καὶ
309 1659 463 1696 ὰγαθότητα
476 1661 522 1688 τοῦ
536 1660 632 1688 ἑαυτοῦ
644 1662 749 1698 Πατρὺς
760 1663 803 1689 διὰ
816 1663 865 1698 τὴν
875 1664 953 1699 ήμῶν

169 1707 304 1743 σωτηρίαν
320 1707 349 1733 ἐν
364 1706 525 1743 ἀνθρωπίνῳ
539 1707 644 1742 σώματι
659 1709 724 1743 ἡμῖν
751 1709 951 1744 πεφανέρωται.

167 1752 270 1788 Πρέπει
284 1752 323 1785 δὲ,
338 1754 514 1788 ποιουμένους
524 1754 540 1789 ἡ
545 1754 597 1788 μᾶς
609 1754 658 1789 τὴν
674 1754 739 1790 περὶ
751 1754 844 1781 τούτου
858 1755 953 1791 διήγη-

168 1807 221 1831 σιν,
236 1800 367 1836 πρότερον
382 1799 447 1835 περὶ
459 1800 508 1835 τῆς
532 1800 586 1827 τῶν
603 1800 670 1827 ὅλων
686 1801 810 1834 κτίσεως,
832 1802 879 1828 καὶ
905 1801 951 1828 τοῦ

166 1845 266 1882 ταύτης
284 1846 449 1882 δημιουργοῦ
468 1846 535 1873 Θεοῦ
559 1848 657 1878 εἰπεῖν,
678 1847 721 1874 ἵνα
733 1847 819 1879 οὕτως
845 1848 889 1874 καὶ
903 1847 952 1883 τὴν

164 1893 265 1929 ταύτης
277 1893 446 1920 ὰνακαίνισιν
463 1893 514 1920 ὑπο
527 1893 574 1920 τοῦ
594 1894 665 1921 κατὰ
688 1894 738 1930 τὴν
759 1894 845 1931 ἀρχὴν
867 1895 951 1931 αὐτὴν

164 1937 414 1975 δημιουργήσαντος
421 1938 506 1972 Λόγου
514 1939 687 1974 γεγενῆσθαι,
699 1939 781 1972 ἀξίως
792 1939 824 1966 ἄν
832 1949 872 1972 τις
883 1940 951 1967 θεω-

166 1987 286 2023 ρήσειεν.
295 1987 377 2013 Οὐδὲν
388 1987 442 2022 γὰρ
452 1986 570 2013 ἐναντίον
585 1987 743 2022 φανήσεται,
756 1987 779 2013 εί
795 1987 828 2013 δι’
843 1996 872 2014 ου
884 1987 950 2013 ταύ-

163 2041 214 2068 την
227 2033 441 2069 ἐδημιούργησεν
454 2034 468 2060 ὁ
482 2033 576 2068 Πατὴρ
588 2052 596 2064 ,
612 2033 641 2059 ὲν
658 2032 732 2067 αὐτῷ
747 2033 793 2060 καὶ
810 2034 859 2068 τὴν
886 2033 951 2060 ταύ-

164 2086 214 2114 της
230 2079 364 2114 σωτηρίαν
378 2078 535 2114 εἰργάσατο.

188 2135 275 2170 2.Τὴν
286 2135 464 2171 δημιουργίαν
472 2135 526 2171 (5‘2)
535 2135 581 2162 τοῦ
590 2136 692 2171 κόσμου
701 2137 748 2163 κα)¹
760 2136 809 2172 τὴν
818 2136 871 2163 τῶν
883 2137 950 2164 πάν-

163 2189 218 2208 των
233 2181 331 2214 κτίσιν,
343 2181 434 2208 πολλοὶ
449 2182 583 2217 διαφόρως
597 2182 764 2218 ὲξειλήφασι,
776 2184 822 2209 καὶ
837 2182 875 2214 ὠς
887 2183 951 2209 ἕκα-

1002 925 1074 952 nime
1099 927 1337 960 comprehendunt,
1357 927 1414 953 haec
1438 927 1495 961 ipse
1525 927 1569 954 Dei
1594 927 1677 954 Filius
1705 935 1784 961 posse

1002 979 1061 998 esse
1077 972 1194 999 ostendit
1221 980 1227 999 :
1256 980 1315 1006 qua:
1334 972 1369 999 illi
1384 976 1412 999 ut
1429 973 1554 1000 indecora
1577 973 1700 1005 irrident,
1729 974 1784 1000 Ita-e

1001 1016 1059 1052 ipse
1085 1025 1141 1044 suae
1171 1017 1286 1045 bonitati
1311 1023 1491 1046 eortsentanea
1517 1017 1604 1046 effecit
1633 1028 1640 1045 :
1669 1019 1785 1053 denique

1001 1069 1060 1096 qua:
1073 1062 1119 1094 illi,
1134 1063 1358 1098 philosophando,
1380 1069 1507 1099 tauquam
1532 1065 1647 1091 humana
1666 1064 1784 1092 ludibrio

1001 1107 1110 1140 habent,
1124 1108 1180 1136 haec
1197 1109 1254 1144 ipse
1267 1117 1314 1137 sua
1329 1110 1428 1137 virtute
1438 1115 1465 1137 et
1478 1110 1597 1145 potentia
1612 1110 1702 1137 divina
1723 1118 1784 1138 esse

1002 1153 1180 1187 demonstrat,
1194 1159 1223 1182 ut
1237 1155 1318 1182 etiam
1332 1154 1464 1182 idolorum
1480 1155 1599 1190 speciem
1614 1161 1642 1183 et
1659 1163 1783 1190 pompam

1001 1208 1062 1234 sua,
1079 1206 1107 1228 ut
1118 1206 1222 1236 putant,
1236 1202 1384 1230 humilitate
1397 1206 1424 1230 et
1443 1202 1594 1238 abjectioue
1611 1210 1658 1237 per
1675 1210 1783 1230 crucem

1001 1251 1116 1279 evertat,
1143 1252 1170 1274 et
1191 1248 1318 1276 irrisores
1348 1253 1429 1283 atque
1458 1248 1609 1276 incredulos
1635 1248 1668 1276 ab
1692 1256 1786 1276 errore

1002 1293 1105 1320 occulte
1124 1293 1248 1327 abducat,
1264 1302 1396 1330 suamque
1409 1295 1575 1323 divinitatem
1593 1300 1619 1323 et
1635 1296 1783 1330 potentiam

1001 1343 1080 1372 cogat
1095 1345 1250 1373 agnoscere.
1271 1339 1369 1366 Verum
1383 1341 1416 1368 ad
1431 1340 1482 1368 ista
1499 1341 1656 1375 exponenda
1669 1361 1677 1374 ,
1695 1348 1786 1375 opera:

1001 1384 1116 1419 pretium
1132 1384 1213 1412 fuerit
1226 1393 1256 1413 ea
1271 1393 1331 1421 qua
1352 1394 1433 1422 supra
1454 1387 1570 1414 diximus
1592 1387 1721 1415 memoria
1741 1395 1785 1414 re-

1001 1434 1103 1464 petere,
1120 1435 1149 1457 ut
1172 1435 1199 1458 et
1221 1439 1331 1459 causam
1357 1439 1406 1459 cur
1429 1432 1482 1459 tale
1509 1440 1541 1460 ac
1571 1436 1674 1460 tantum
1697 1432 1786 1460 Patris

1002 1475 1118 1503 Verbum
1141 1476 1167 1503 in
1192 1484 1306 1511 corpore
1331 1478 1498 1512 apparuerit,
1529 1479 1614 1512 possis
1639 1486 1785 1513 cognosce—

1003 1527 1041 1553 re,
1060 1527 1109 1548 nec
1138 1522 1279 1550 arbitreris
1304 1528 1406 1550 natura:
1433 1523 1587 1551 conditione
1617 1523 1784 1551 Salvatorem

1004 1573 1102 1601 corpus
1127 1568 1263 1600 habuisse,
1281 1569 1328 1596 sed
1345 1576 1406 1596 eum
1425 1569 1470 1603 qui
1495 1577 1527 1597 ex
1555 1570 1664 1604 propria
1687 1576 1783 1596 natura

1003 1619 1101 1646 expers
1119 1617 1160 1641 est
1176 1615 1310 1648 corporis,
1325 1620 1353 1641 et
1374 1614 1489 1642 Verbum
1503 1619 1554 1648 est,
1569 1615 1658 1643 Patris
1671 1616 1711 1643 sui
1729 1617 1784 1643 ele-

1004 1657 1103 1684 mentia
1116 1662 1140 1685 et
1158 1659 1278 1686 bonitate
1293 1660 1426 1695 exigente,
1449 1666 1547 1687 nostra:
1574 1661 1668 1689 salutis
1691 1668 1783 1692 causa,

1003 1703 1081 1731 nobis
1098 1703 1124 1731 in
1138 1704 1254 1732 humano
1265 1713 1378 1740 corpore
1402 1707 1568 1741 apparuisse.
1586 1706 1671 1735 Porro
1685 1714 1785 1734 conve-

1002 1749 1043 1776 nit
1055 1757 1104 1777 nos
1117 1749 1158 1778 his
1171 1750 1204 1778 de
1225 1752 1305 1778 rebus
1327 1752 1509 1784 disserentes,
1528 1753 1603 1787 prius
1629 1753 1663 1780 de
1691 1754 1783 1780 mundi

1002 1796 1148 1829 creatione,
1164 1797 1276 1832 ejusque
1293 1798 1389 1832 opifice
1416 1798 1471 1826 Deo
1488 1799 1588 1832 dicere,
1605 1803 1635 1826 ut
1659 1799 1711 1826 hae
1739 1807 1783 1826 ra-

1003 1842 1085 1875 tione,
1100 1842 1159 1877 ejus
1173 1843 1372 1870 renovationem
1391 1851 1405 1870 a
1424 1843 1521 1876 Verbo,
1538 1852 1552 1870 a
1566 1851 1623 1878 quo
1637 1843 1707 1871 idem
1733 1845 1785 1871 ini-

1003 1888 1040 1916 tio
1054 1889 1178 1916 conditus
1191 1893 1243 1921 est,
1259 1889 1357 1916 factam
1377 1890 1470 1923 fuisse,
1482 1889 1562 1925 digne
1575 1895 1659 1925 queat
1684 1891 1785 1927 intelli-

1001 1933 1038 1969 gi.
1063 1933 1199 1969 Siquidem
1221 1935 1287 1963 nihil
1312 1936 1477 1963 contrarium
1501 1936 1653 1969 videbitur,
1685 1937 1709 1964 si
1736 1945 1785 1972 per

1002 1987 1080 2014 quem
1096 1985 1218 2008 naturam
1234 1981 1336 2009 ereavit
1350 1982 1440 2016 Pater,
1456 1983 1578 2011 eamdem
1592 1983 1618 2010 in
1633 1983 1690 2018 ipso
1705 1991 1784 2010 sana-

1002 2026 1081 2054 verit.

1036 2139 1062 2166 2.
1078 2139 1115 2166 De
1133 2139 1224 2167 mundi
1241 2139 1343 2167 fabrica
1365 2145 1392 2167 et
1407 2148 1495 2167 rerum
1513 2140 1632 2167 omnium
1645 2141 1784 2168 creatione

1001 2185 1077 2212 multi
1088 2185 1162 2213 varie
1174 2185 1353 2220 disputavere,
1370 2193 1402 2213 ac
1416 2185 1513 2220 singuli
1524 2206 1531 2218 ,
1548 2191 1626 2220 prout
1648 2185 1698 2212 sibi
1728 2185 1784 2219 pla-

165 2235 228 2259 στος
239 2227 468 2263 ὲθέλησεν,οὖτως
484 2228 530 2255 καὶ
538 2229 700 2264 ὡρίσατο.οἱ
710 2229 758 2264 μὲν
769 2230 822 2265 γὰρ
832 2229 950 2265 αὐτομά-

1003 2232 1069 2265 cuit,
1084 2239 1140 2259 rem
1152 2231 1291 2259 deﬂniere.
1307 2231 1444 2266 Siquidem
1460 2232 1504 2258 alii
1526 2236 1620 2265 sponte
1633 2235 1661 2257 et
1686 2230 1784 2257 fortui-

165 2280 231 2303 τως,
245 2272 292 2298 καὶ
299 2271 336 2304 ὼς
347 2272 435 2308 ἔτυχε,
446 2273 480 2300 τὰ
492 2273 581 2300 πάντα
590 2274 753 2308 γεγενῆσθαι
762 2274 895 2308 λέγουσιν,
910 2275 947 2307 ὼς

163 2319 188 2344 οἱ
204 2318 395 2354 Ἐπικούρειοι,
412 2319 436 2346 οἳ
450 2320 497 2346 καὶ
513 2321 563 2356 τὴν
581 2321 636 2347 τῶν
656 2320 723 2347 ὅλων
739 2321 866 2356 πρόνοιαν
887 2321 947 2348 καθ’

162 2363 265 2391 ἑαυτῶν
278 2365 328 2391 οὐκ
342 2362 410 2391 εἶναι
424 2365 614 2401 μυθολογοῦσιν
626 2366 681 2402 (55)
693 2366 822 2404 ἄντικρυς
829 2367 904 2404 παρὰ
913 2368 949 2394 τὰ

161 2407 265 2443 ὶναργῆ
282 2408 431 2444 φαινόμενα
457 2409 589 2444 λέγοντες.
605 2411 637 2437 Et
659 2411 713 2447 γὰρ
727 2412 888 2447 αὐτομάτως
915 2412 948 2439 τὰ

162 2454 251 2482 πάντα
267 2456 350 2491 χωρὶς
368 2455 495 2491 προνοίας
511 2458 570 2483 κατ’
585 2457 683 2490 αὐτοὺς
697 2458 818 2493 γέγονεν,
836 2458 889 2484 ἔδει
914 2458 949 2485 τὰ

161 2500 249 2527 πάντα
264 2500 357 2532 ἁπλῶς
364 2501 536 2538 γεγενῆσθαι,
548 2503 594 2529 καὶ
604 2504 684 2539 ὅμοια
693 2501 772 2535 εἶναι,
788 2504 835 2530 καὶ
846 2504 883 2539 μὴ
892 2504 949 2530 διὰ-

197 2615 251 2651 (28)
266 2615 311 2643 Sic
326 2615 452 2649 Seguer.,
473 2615 592 2650 Anglic,
610 2615 718 2644 Gohler.
739 2621 763 2643 et
782 2615 901 2643 Felckm.
927 2616 939 2642 i

160 2657 240 2677 anon.
258 2651 308 2677 Alii
325 2657 414 2678 autem
434 2659 494 2679 cum
514 2652 604 2683 editis,
617 2651 811 2685 δηλωσώμεθα.

195 2685 251 2721 (29)
267 2685 327 2726 ll-fc
344 2687 438 2726 verba,
455 2687 509 2726 γᾴρ
521 2687 596 2726 παρὰ
609 2686 802 2726 τοῖςηὰπίστοις
815 2685 943 2726 χλερᾲζε-

158 2728 215 2762 ται,
232 2720 468 2762 meeting-desunt
479 2720 647 2762 nissime,
661 2721 770 2748 Gobler.
783 2725 810 2748 et
820 2720 940 2762 Felckut.

159 2755 172 2795 ρ
189 2763 270 2783 anon.
287 2757 321 2782 At
336 2755 388 2783 alii
401 2764 462 2784 cum
478 2755 569 2783 editis’
579 2757 689 2789 habent,
713 2764 798 2791 eaque
819 2755 943 2790 legerunt

282 2798 331 2817 tes.

159 2795 331 2824 tuterpretes.

195 2826 251 2861 (30)
269 2826 350 2853 Ταῦτ’
361 2826 393 2853 ἄν
407 2826 546 2861 legebatur
564 2827 590 2854 in
607 2827 697 2860 editis,
714 2831 742 2854 at
765 2833 859 2854 omnes
876 2832 941 2853 mss.

159 2859 246 2888 ταῦτα
262 2865 363 2888 tantum
382 2859 489 2889 ltabénl.

319 2910 454 2941 ΡΑτιιοιη
477 2911 536 2941 (in.
557 2911 654 2941 XXV.

1001 2283 1029 2305 to
1042 2277 1132 2305 omnia
1146 2277 1214 2305 facta
1230 2277 1313 2305 fuisse
1328 2278 1414 2309 aiunt,
1439 2282 1468 2304 ut
1484 2277 1618 2311 Epicurei,
1633 2275 1678 2310 qui
1703 2277 1783 2302 etiam

1001 2322 1102 2350 nullam
1133 2330 1224 2349 rerum
1258 2323 1455 2357 providentiam
1490 2329 1549 2349 esse
1581 2321 1648 2347 false
1678 2324 1705 2348 et
1734 2321 1783 2347 ad-

1004 2373 1094 2392 versus
1108 2365 1210 2399 seipsos
1237 2366 1426 2398 contendunt,
1447 2366 1518 2400 quod
1541 2364 1663 2400 profecto
1688 2370 1783 2393 contra

1001 2411 1056 2446 39
1081 2417 1201 2446 apertam
1229 2417 1257 2438 et
1280 2411 1431 2438 evidentem
1465 2412 1606 2439 veritatem
1636 2411 1783 2439 aliirmant.

1002 2457 1068 2484 Nam
1081 2457 1154 2489 si,ut
1170 2457 1273 2488 volunt,
1292 2457 1380 2483 omnia
1394 2464 1440 2484 sua
1455 2462 1549 2492 sponte
1566 2457 1624 2484 sine
1640 2457 1784 2491 providet»

1003 2503 1039 2530 tia
1055 2508 1148 2530 exorta
1181 2507 1273 2530 essent
1289 2510 1295 2528 :
1310 2503 1400 2530 omnia
1425 2507 1526 2530 temere
1549 2503 1607 2530 ﬂeri
1627 2507 1655 2529 et
1675 2503 1783 2534 similia,

1032 2616 1087 2652 (³51)
1104 2615 1298 2652 Οίρνθρωποιγ
1327 2615 1444 2652 habent_
1454 2621 1549 2652 omnes
1579 2621 1645 2652 mss.
1668 2619 1694 2640 at
1720 2613 1784 2640 editi

996 2648 1133 2687 omittunt.
1147 2649 1176 2677 In
1192 2648 1356 2687 Gobleriano
1382 2648 1597 2687 etrEelthmanni
1618 2649 1627 2675 Ι
1645 2656 1782 2687 anonymo

996 2686 1131 2724 articulus
1144 2687 1168 2724 οἱ
1181 2687 1281 2724 __t_leest.
1300 2685 1363 2724 Mox
1390 2686 1453 2724 ibid.
1475 2684 1667 2724 S_eguerianus,
1699 2683 1784 2710 αὑτοῦ

997 2722 1088 2752 habet,
1106 2722 1149 2747 ubi
1164 2721 1206 2747 alii
1224 2729 1284 2747 eum
1301 2721 1390 2751 editis,
1403 2720 1510 2747 ἑαυτοῦ.

1030 2755 1085 2791 (52)
1101 2756 1155 2792 Ἰξὴν
1165 2755 1438 2792 δημιουργίανηριοη
1455 2761 1538 2792 usque
1551 2761 1583 2780 aa
1598 2761 1727 2789 ωρισατο,
1742 2752 1785 2780 do-

997 2789 1097 2819 suittiu
1112 2789 1275 2818 Gobleriano
1286 2789 1314 2819 et
1325 2790 1444 2818 Felekm.
1465 2789 1475 2816 l
1495 2797 1575 2816 anuu.

1034 2826 1089 2863 (55)
1111 2827 1303 2862 chueriauus,
1321 2824 1543 2862 μυθολογοῦντες.

1634 2903 1653 2933 ὢν
