2037 3044
286 118 319 146 99

569 117 597 145 S.
617 115 802 144 ATHANASII
821 114 897 144 OPP.
919 115 1008 143 PARS
1028 115 1048 143 Ι.
1068 129 1103 135 -
1120 112 1308 142 HlSTORlCA
1325 111 1369 140 ET
1390 111 1599 139 DOGMATlCA.

1856 110 1902 136 IOU

286 186 339 206 non
356 178 500 206 dissimilia
519 185 579 206 esse
599 178 756 206 debuissent
777 186 784 205 :
799 178 891 206 omnia
902 178 974 206 enim
992 182 1021 205 ut
1039 178 1056 204 il

1117 185 1196 212 φορα·
1210 177 1247 208 ὡς
1261 176 1316 211 7&9
1333 175 1378 203 ἐπὶ
1397 174 1521 209 σώματος
1543 172 1602 204 ἑνὸς
1622 172 1678 207 (54)
1695 172 1749 199 ἔδει
1762 172 1796 199 τὰ
1818 172 1904 199 πάντα

285 231 338 251 uno
347 231 458 258 corpore
468 223 508 250 vel
521 223 604 251 solem
618 223 662 251 vel
673 224 762 251 lunam
771 231 830 252 esse
836 231 947 252 necesse
956 224 1064 251 fuisset:

285 274 313 297 et
326 270 352 296 in
364 269 517 296 hominibus
533 273 617 296 totum
632 269 769 297 debuisset
783 277 843 298 esse
854 269 896 297 vel
914 276 1011 296 manus
1024 269 1065 296 vel

285 314 379 342 oculus
391 314 431 340 vel
446 321 501 348 pes.
515 314 596 349 Atqui
611 315 668 342 haec
680 315 717 342 ita
737 322 790 342 non
810 322 839 342 se
860 314 969 345 habent,
986 321 1064 341 nam-

282 367 334 394 que
349 359 471 386 videmus
489 359 561 388 aliud
589 360 697 395 quidem
718 360 802 388 solem
823 367 894 393 esse,
909 360 980 387 aliud
1001 368 1064 388 vero

283 406 383 438 lunam,
399 411 425 433 et
438 406 510 433 aliud
525 411 640 438 terram;
652 406 775 434 similiter
792 406 818 433 in
836 406 961 434 humanis
972 413 1065 441 corpo-

283 452 366 482 ribus.
377 452 449 479 aliud
461 460 507 487 pes
530 457 582 485 est,
598 452 670 479 aliud
693 459 798 484 manus,
816 451 888 479 aliud
904 456 994 487 caput.
1015 451 1063 479 Hic

280 502 368 525 autem
382 497 449 524 ordo
465 502 493 524 et
519 504 608 524 rerum
626 496 768 532 dispositio
790 501 894 524 certum
918 504 1062 532 argumen-

280 549 335 570 tum
349 548 390 572 est
406 544 458 572 ista
482 551 534 571 non
552 551 599 571 sua
621 548 716 578 sponte
733 542 807 570 facta
831 542 925 577 fuisse,
942 543 988 570 sed
1012 542 1062 569 ali-

279 598 359 626 quam
373 598 483 618 causam
500 591 552 619 illis
567 590 755 625 prteiuisse,ex
772 597 824 624 qua
839 589 987 624 Deum,qui
1004 596 1062 616 out-

278 638 323 664 nia
342 636 404 663 fecit
424 641 451 663 et
466 636 493 663 in
515 643 563 663 suo
576 636 694 671 quidque
712 635 807 662 ordine
826 634 977 668 collocavit,
994 634 1061 661 iicet

227 698 234 704 ›
278 682 435 717 intelligere.
467 681 535 714 Alii,
560 681 630 708 inter
656 688 722 716 quos
750 681 830 708 etiam
858 688 971 716 magnus
989 680 1059 715 apud

278 727 391 762 gentiles
405 727 481 755 Plato
496 732 664 762 numeratur,
685 732 842 755 asseverant
864 727 946 755 Deum
969 727 1058 755 omnia

275 774 374 801 fecisse
395 781 428 801 ex
454 775 564 801 materia
585 774 659 808 prius
681 773 828 801 exsistente
845 778 872 801 et
894 780 946 801 non
964 773 1056 800 facta:

278 825 364 853 neque
375 818 445 845 enim
461 818 544 845 Deum
562 817 662 852 aliqttid
675 816 764 845 facere
774 817 905 852 potuisse,
922 817 972 843 nisi
984 816 1058 851 prius

1119 220 1187 249 εἶναι
1207 222 1281 257 ἥλιον
1292 221 1308 256 ἢ
1320 220 1444 256 σελήνην·
1456 220 1503 246 καὶ
1520 219 1565 246 ἐπὶ
1577 217 1631 244 τῶν
1647 218 1797 253 ἀνθρώπων
1810 218 1862 244 ἔδει
1876 218 1904 244 τὸ

1118 269 1177 295 ὅλον
1197 266 1264 294 εῖναι
1283 268 1373 302 χεῖρα,
1397 266 1414 301 ἢ
1437 265 1586 300 ὀφθαλμὸν,
1600 264 1616 300 ἦ
1629 264 1706 291 πόδα.
1723 265 1780 291 Νῦν
1805 265 1834 291 δὲ
1855 265 1903 291 οὐκ

1118 314 1175 340 ἐστι
1191 314 1240 349 μὲν
1251 313 1347 345 οὕτως·
1369 313 1476 348 ὁρῶμεν
1492 313 1520 339 δὲ
1533 312 1564 338 τὸ
1584 311 1633 347 μὲν
1645 311 1731 346 ἥλιον,
1744 311 1775 337 τὸ
1789 310 1817 337 δὲ
1828 311 1904 347 σελή-

1117 369 1176 395 νην,
1197 360 1227 386 τὸ
1238 359 1266 386 δὲ
1277 359 1338 394 γῆν·
1352 359 1398 386 καὶ
1420 358 1501 385 πάλιν
1525 358 1570 384 ἐπὶ
1585 357 1639 384 τῶν
1664 357 1840 392 ἀνθρωπίνων
1853 365 1903 383 σω-

1119 406 1210 440 μάτων
1227 405 1257 432 τὸ
1271 405 1320 440 μὲν
1343 405 1421 437 πόδα,
1434 404 1464 431 τὸ
1484 405 1512 431 δὲ
1525 405 1612 439 χεῖρα,
1628 404 1659 430 τὸ
1670 404 1698 430 δὲ
1718 403 1848 439 κεφαλήν.
1871 404 1901 430 Ἦ

1116 451 1144 478 δὲ
1161 451 1272 486 τοιαύτη
1286 450 1406 483 διάταξις
1419 451 1468 478 οὐκ
1489 451 1649 485 αὐτομάτως
1664 449 1734 476 αὐτὰ
1742 450 1902 484 γεγενῆσθαι

1116 496 1252 532 γνωρίζει,
1269 496 1326 523 ἀλλ’
1342 497 1432 524 αἰτίαν
1449 496 1550 523 τούτων
1565 495 1744 532 προηγεῖσθαι
1757 496 1900 523 δείκνυσιν·

1115 543 1162 577 ἀφ’
1175 540 1209 578 ἦς
1228 543 1274 569 καὶ
1296 543 1341 570 τὸν
1359 542 1554 578 διαταξάμενον
1579 543 1625 569 καὶ
1648 543 1736 569 πάντα
1754 543 1900 577 ποιήσαντα

1115 589 1179 615 Θεὸν
1200 588 1256 615 ἔστι
1276 590 1356 616 νοεῖν.
1372 589 1463 615 Ἄλλοι
1479 589 1517 621 δὲ,
1536 590 1565 615 ὲν
1588 586 1629 620 οἷς
1643 590 1701 615 ἐστι
1717 588 1787 615 καὶὸ
1816 589 1900 624 μέγας

1114 636 1178 671 παρ’
1192 635 1303 670 Ἕλλησι
1316 635 1371 671 (55)
1390 635 1501 662 Πλάτων
1523 635 1590 671 (56),
1613 636 1645 662 ἐκ
1666 631 1900 671 προϋποκειμένης

1114 682 1161 708 καὶ
1171 681 1303 717 ἁγενὴτου
1318 681 1384 717 ὕλης
1402 681 1581 716 πεποιηκέναι
1603 681 1650 707 τὸν
1668 680 1733 707 Θεὸν
1749 681 1783 707 τὰ
1801 680 1849 707 ὅλα
1860 680 1899 707 δι-

1113 727 1252 762 ηγοῦνται·
1268 727 1305 762 μὴ
1319 727 1352 754 ἂν
1362 726 1416 762 7&9
1432 726 1561 754 δύνασθαί
1570 736 1596 754 τι
1611 727 1720 762 ποιῆσαι
1731 727 1775 753 τὸν
1782 726 1858 757 Θεὸν,
1874 727 1898 753 εἰ

1114 773 1150 808 μὴ
1169 773 1350 808 προῡπὲκειτο
1402 772 1462 807 ὕλη·
1479 772 1572 808 ὥσπερ
1597 772 1644 799 καὶ
1656 772 1694 807 τῷ
1714 772 1818 799 τέκτονι
1831 781 1900 808 προ-

1112 818 1270 845 υποκεῖσθαι
1286 819 1327 845 δεῖ
1338 818 1368 844 τὸ
1381 817 1468 851 ξύλον,
1485 818 1528 846 ἵνα
1541 819 1588 845 καὶ
1607 818 1774 854 ἐργάσασθαι
1787 818 1897 854 δυνηθῇ.

278 864 390 891 materia
404 863 570 895 exstitisset,
587 863 812 898 quemadmodum
836 870 904 898 opus
918 867 959 890 est
976 866 1005 889 ut
1027 862 1056 888 li-

1112 863 1167 890 οὺκ
1192 863 1264 890 ἴσασι
1285 863 1313 890 δὲ
1328 863 1407 889 τοῦτο
1428 863 1563 897 λέγοντες,
1581 863 1622 889 ὅτι
1638 863 1778 890 ἀσθένειαν
1794 870 1897 898 περιτι-

278 917 371 945 gnum,
389 916 442 943 quo
465 908 542 936 faber
569 909 663 940 utitur,
683 908 758 943 prius
774 908 898 940 exsistat,
915 912 944 935 ut
966 915 999 935 ex
1027 915 1059 935 eo

279 954 378 989 aliquid
395 953 483 981 facere
496 954 589 988 possit.
599 953 698 981 Verum
713 954 759 988 qui
774 954 810 981 ita
822 954 1059 989 philosophantur,

277 1008 330 1028 non
345 1000 437 1027 vident
449 1007 478 1027 se
493 999 702 1026 imbecillitatem
714 999 768 1026 Deo
788 999 933 1026 ascribere.
947 998 974 1026 Si
987 1000 1058 1027 enim

277 1047 335 1081 ipse
349 1048 401 1073 non
427 1049 469 1073 est
489 1044 608 1072 materiae
629 1044 750 1077 effector,
768 1045 814 1072 sed
828 1052 869 1072 res
887 1052 919 1072 ex
939 1045 1058 1080 subjecta

277 1091 387 1118 materia
407 1090 488 1122 iacit,
511 1089 653 1117 imbecillis
672 1097 738 1118 sane
756 1095 808 1122 est,
833 1098 894 1117 eum
917 1091 982 1117 nihil
1000 1091 1059 1118 sine

276 1138 390 1164 materia
417 1136 543 1163 fabricari
564 1141 655 1170 queat,
668 1136 893 1171 quemadmodum
910 1137 1000 1171 utique
1017 1137 1057 1164 fa-

275 1183 316 1210 bri
331 1182 540 1210 imbecillitatem
556 1181 666 1214 indicat,
677 1181 743 1209 nihil
757 1189 818 1208 eum
834 1183 890 1208 sine
899 1181 970 1216 ligno
981 1189 1058 1216 posse

276 1229 374 1256 facere.
385 1228 537 1262 Siquidem,
558 1232 587 1254 ut
609 1227 646 1254 illi
661 1227 790 1259 sentiunt,
802 1227 854 1255 nisi
868 1229 980 1255 materia
996 1228 1058 1255 fuis-

274 1279 326 1307 set,
340 1274 406 1302 nihil
419 1273 553 1301 effecisset
569 1273 648 1300 Deus.
664 1273 740 1307 Quod
757 1273 780 1300 si
805 1273 842 1300 ita
864 1279 905 1301 est
915 1294 922 1306 ,
934 1275 979 1308 qui
994 1274 1057 1301 επε-

273 1325 333 1347 ctor
349 1324 375 1347 et
393 1323 499 1347 creator
517 1318 570 1346 dici
585 1323 676 1353 queat,
691 1319 737 1353 qui
749 1326 781 1346 ex
796 1319 847 1346 alia
864 1327 903 1352 re,
918 1328 1013 1354 nempe
1024 1328 1056 1348 ex

274 1365 398 1398 materia,
411 1365 503 1392 habuit
515 1365 566 1392 hoc
579 1364 666 1399 ipsum
679 1364 749 1400 quod
763 1364 968 1393 iaceret?Certe
985 1366 1006 1392 si
1020 1366 1055 1392 ita

269 1419 303 1439 se
317 1418 360 1439 res
372 1411 462 1443 habet,
471 1410 547 1437 faber
559 1415 663 1437 tantum
678 1410 824 1438 secundum
839 1410 898 1438 illos
911 1411 1054 1444 erit'Deus,

274 1464 328 1484 non
343 1463 407 1484 vero
420 1461 449 1483 ut
459 1461 565 1484 creator
584 1456 664 1484 rebus
677 1456 751 1483 dabit
766 1460 795 1482 ut
813 1456 878 1489 sint,
891 1457 914 1483 si
929 1456 1055 1482 nimirum

271 1504 300 1530 in
313 1503 432 1538 subjecta
444 1502 555 1529 materia
566 1505 636 1536 agat,
647 1509 696 1528 nec
711 1502 767 1536 ipse
777 1501 812 1529 sit
820 1501 939 1528 materia:
949 1507 1053 1529 auctor.

272 1533 397 1581 Namﬁut
411 1554 464 1575 uno
481 1547 563 1575 verbo
579 1547 677 1579 dicam,
692 1551 798 1574 creator
820 1546 874 1574 dici
890 1553 941 1573 non
956 1551 1052 1581 potest,
1067 1533 1090 1564 ο

272 1595 324 1622 nisi
338 1594 480 1622 materiam
499 1598 583 1626 creet,
598 1601 630 1621 ex
644 1601 698 1628 qua
715 1602 758 1621 res
773 1599 869 1621 creatae
890 1593 967 1621 factae
980 1600 1052 1622 sunt.

273 1640 396 1668 liaeretici
413 1646 501 1668 autem
527 1639 608 1666 aliutn
633 1639 684 1667 sibi
701 1638 805 1674 ﬁngunt
825 1646 914 1666 rerum
931 1638 1054 1673 opiﬁcem

273 1691 368 1722 praeter
380 1686 487 1714 Patrem
502 1685 608 1713 Domini
624 1685 708 1713 nostri
730 1684 793 1712 Jesu
813 1684 913 1711 Christi
928 1692 935 1716 ;
955 1685 1000 1712 sed
1016 1685 1053 1712 illi

273 1741 404 1760 summam
418 1732 566 1760 caecitatem
577 1732 620 1759 vel
634 1731 661 1759 in
683 1731 725 1758 his
748 1730 815 1765 ipsis
829 1737 888 1765 quae
907 1730 1053 1765 loquuntur

272 1780 426 1807 ostendunt.
439 1778 507 1807 Cum
532 1779 604 1806 enim
630 1777 758 1805 Dominus
781 1777 813 1804 ad
833 1776 939 1804 Iudaeos
957 1776 1028 1804 dicat
1045 1785 1051 1804 :

275 1824 337 1852 Non
351 1825 450 1859 legistis
461 1824 580 1858 quiaqui
596 1824 628 1850 ab
647 1823 721 1850 initio
736 1822 844 1853 creavit.
865 1822 1010 1849 masculum
1028 1827 1053 1849 et

272 1872 396 1906 feminam
408 1870 470 1904 fecit
479 1877 532 1901 eos,
544 1875 567 1896 et
577 1869 645 1896 dixit
657 1877 665 1895 :
675 1868 786 1903 Propter
798 1869 846 1895 hoc
854 1869 966 1895 dimittet
976 1871 1052 1896 homo

271 1922 372 1950 patrem
389 1921 412 1942 et
432 1920 541 1942 matrem
558 1923 643 1948 suam,
655 1920 678 1941 et
694 1914 836 1941 adhambit
852 1915 929 1942 uxori
947 1922 1012 1946 sum,
1028 1919 1052 1941 et

271 1967 346 1989 erunt
362 1964 414 1988 duo
428 1961 457 1987 in
469 1968 547 1987 carne
565 1968 636 1992 una;
654 1965 680 1987 et
696 1960 791 1987 deinde
809 1960 966 1988 Creatorem
982 1960 1052 1987 indi-

272 2015 337 2034 cans
355 2014 362 2032 :
377 2006 452 2038 Quod
476 2014 538 2040 ergo
560 2005 627 2032 Deus
645 2005 792 2039 conjunxit,
810 2006 885 2033 homo
902 2015 954 2033 non
974 2014 1050 2040 sepa-

271 2058 308 2080 ret
320 2052 359 2086 “;
373 2051 508 2087 quomodo
527 2051 563 2077 illi
589 2051 754 2078 creationem
769 2050 842 2077 Patri
861 2055 998 2079 externam
1010 2050 1052 2078 in-

268 2100 369 2126 ducere
393 2096 520 2124 audent?
542 2096 618 2129 Quod
637 2096 660 2124 si
686 2095 831 2123 secundum
853 2095 983 2129 Joannem
1005 2096 1050 2130 qni

267 2144 359 2172 omnia
383 2143 461 2178 plane
487 2142 672 2176 complectitur
699 2142 818 2176 nihilque
832 2141 940 2176 excipit,
956 2140 1050 2168 Omnia

1111 908 1187 935 θέασι
1198 908 1237 944 τῷ
1253 909 1322 944 Θεῷ.
1334 909 1365 936 Ει
1380 909 1434 944 γὰρ
1447 909 1497 935 οὐκ
1507 909 1564 935 ἐστι
1576 909 1625 944 τῆς
1641 908 1706 944 ὕλης
1716 908 1796 940 αὐτὸς
1803 909 1897 941 αἴτιος,

1109 954 1166 980 ἀλλ’
1193 954 1261 986 ὅλως
1283 954 1338 990 (57)
1348 953 1385 986 -ὲξ
1402 955 1584 990 ὑποκειμένης
1598 953 1663 989 ὕλης
1681 955 1754 980 ποιεῖ
1769 954 1803 980 τὰ
1817 953 1895 985 ὄντα,

1109 1000 1223 1036 ἀσθενὴς
1238 1001 1404 1036 εὑρίσκεται,
1421 1001 1458 1036 μὴ
1471 1001 1618 1036 δυνάμενος
1631 1001 1694 1027 ἄνευ
1710 1001 1761 1036 τῆς
1776 1000 1841 1035 ὕλης
1853 1002 1896 1036 ἑρ-

1109 1047 1244 1081 γάσασθαί
1258 1056 1284 1073 τι
1308 1047 1362 1073 τῶν
1374 1047 1538 1082 γενομένων-
1553 1047 1647 1083 ὥσπερ
1665 1047 1760 1082 ἀμέλει
1774 1047 1820 1074 καὶ
1847 1046 1895 1074 τοῦ

1109 1094 1232 1125 τέκτονος
1257 1093 1383 1120 ἀσθένειά
1397 1094 1454 1120 ἐστι
1477 1094 1507 1120 τὸ
1525 1094 1561 1129 μὴ
1585 1093 1714 1120 δύνασθαι
1732 1095 1814 1130 χωρὶς
1841 1094 1896 1121 τῶν

1109 1139 1194 1172 ξύλων
1209 1140 1410 1175 ὲργάσασθαίτι
1419 1140 1473 1167 τῶν
1484 1141 1649 1174 ἀναγκαίων.
1664 1141 1718 1167 Καὶ
1730 1139 1789 1167 καθ’
1798 1140 1896 1167 ὑπόθε-

1109 1194 1150 1212 σιν
1165 1186 1219 1221 γὰρ
1232 1186 1296 1221 (38),
1314 1187 1338 1212 εἰ
1355 1186 1392 1222 μὴ
1406 1184 1439 1222 ἦν
1450 1187 1466 1222 ἡ
1478 1186 1537 1222 ὗλη,
1561 1186 1610 1213 οὐκ
1623 1186 1656 1213 ἂν
1671 1186 1815 1222 είργάσατό
1834 1195 1860 1212 τι
1881 1187 1896 1213 ό

1108 1232 1183 1264 Θεός.
1199 1233 1254 1259 Καὶ
1277 1232 1334 1264 πῶς
1351 1233 1390 1258 ἔτι
1408 1233 1522 1268 ποιητὴς
1542 1233 1588 1259 καὶ
1610 1232 1775 1269 δημιουργὸς
1793 1232 1825 1258 ἂν
1849 1232 1894 1258 λε-

1108 1277 1185 1312 χθείη
1206 1277 1235 1310 ἐξ
1252 1278 1345 1313 ἑτέρου
1371 1278 1401 1304 τὸ
1422 1279 1509 1304 ποιεῖν
1526 1277 1661 1313 ἐσχηκὼς,
1673 1278 1743 1312 λέγω
1757 1278 1785 1304 δὲ
1801 1279 1831 1304 ὲκ
1845 1278 1894 1313 τῆς

1108 1324 1192 1359 ὕλης;
1211 1324 1305 1351 Ἔσται
1316 1324 1356 1357 δὲ,
1373 1325 1397 1351 εί
1419 1324 1505 1356 οὓτως
1526 1324 1592 1359 ἔχει,
1611 1325 1670 1351 κατ’
1685 1324 1782 1355 αὐτοὺς
1794 1325 1809 1350 ὸ
1828 1323 1893 1355 Θεὶς

1106 1371 1230 1406 τεχνίτης
1246 1371 1325 1406 μόνον
1340 1371 1386 1397 καὶ
1395 1371 1426 1398 οὺ
1438 1371 1549 1406 κτίστης
1560 1372 1599 1402 εἰς
1606 1371 1636 1397 τὸ
1649 1368 1728 1403 εἶναι,
1742 1371 1823 1407 εῑτὴν
1837 1371 1893 1406 (39)

1106 1416 1288 1452 ὑποκειμένην
1300 1415 1365 1451 ὓλην
1394 1416 1549 1452 ἐργάζεται,
1565 1417 1613 1452 τῆς
1631 1417 1660 1443 δὲ
1678 1416 1744 1452 ὕλης
1759 1417 1809 1443 οὐκ
1819 1416 1894 1443 ἔστιν

1105 1462 1186 1493 αὐτος
1200 1463 1294 1493 αἴτιος.
1321 1462 1444 1489 Καθόλου
1463 1463 1517 1498 γὰρ
1530 1463 1590 1489 οὐδὲ
1604 1463 1716 1497 κτίστης
1731 1463 1764 1489 ἂν
1773 1462 1892 1498 λεχθείη,

1106 1509 1130 1534 εἰ
1153 1508 1189 1543 μὴ
1213 1507 1300 1540 κτίζει
1317 1509 1366 1544 τὴν
1382 1508 1458 1544 ὕλην,
1482 1510 1511 1542 ὲξ
1529 1507 1563 1545 ἦς
1584 1508 1676 1535 καὶτὰ
1688 1508 1829 1535 κτισθέντα
1847 1509 1894 1543 γέ-

1105 1561 1190 1587 γονεν.
1208 1554 1239 1580 Oi
1254 1553 1282 1579 δὲ
1297 1554 1351 1580 ἀπὸ
1366 1553 1420 1580 τῶν
1447 1554 1578 1590 αἱρέσεων
1605 1554 1682 1581 ἄλλον
1707 1555 1812 1586 ἑαυτοῖς
1825 1555 1892 1580 ἀνα-

1105 1599 1267 1628 πλάττονται
1274 1600 1439 1636 δημιουργὸν
1453 1601 1506 1628 τῶν
1517 1601 1624 1628 πάντων
1638 1600 1713 1637 παρὰ
1727 1601 1773 1627 τὸν
1783 1601 1892 1636 Πατέρα

1103 1645 1150 1673 τοῦ
1162 1646 1264 1682 Κυρίου
1279 1646 1356 1682 ἡμῶν
1376 1647 1462 1683 Ἰησοῦ
1483 1646 1613 1683 Χριστοῦ,
1626 1647 1826 1682 τυφλώττοντες
1844 1639 1897 1682 μέ-ι

1103 1700 1140 1726 γα
1153 1692 1200 1719 καὶ
1219 1693 1284 1728 περὶ
1293 1692 1311 1720 ἃ
1326 1693 1498 1727 φθέγγονται.
1510 1693 1563 1720 Τοῦ
1577 1694 1630 1729 γὰρ
1652 1694 1707 1729 (40)
1720 1694 1823 1729 Κυρίου
1846 1693 1890 1719 λέ-

1103 1747 1197 1772 γοντος
1221 1739 1288 1775 πρὸς
1312 1739 1374 1770 τοὺς
1396 1739 1547 1772 Ἰουδαίους·
1573 1741 1633 1767 Οὐκ
1658 1740 1816 1775 ἀνέγνωτε,
1844 1740 1889 1766 ὅτι

1103 1784 1152 1811 ἀπ’
1169 1785 1264 1819 ἀρχῆς
1274 1787 1290 1812 ὀ
1305 1785 1412 1818 κτίσας
1423 1785 1517 1819 ἄρσεν
1534 1786 1582 1812 καὶ
1596 1786 1673 1820 θῆλυ
1687 1786 1831 1819 ἐποίησεν
1838 1787 1889 1812 αὺ-

1102 1829 1184 1862 τοὺς,
1198 1831 1246 1856 καὶ
1262 1828 1361 1857 εἶπεν·
1381 1831 1504 1857 Ἕνεκεν
1518 1832 1623 1858 τούτου
1639 1831 1812 1865 καταλείψει
1839 1831 1889 1858 ἀνι-

1103 1877 1216 1908 θρωπος
1234 1875 1287 1902 τὸν
1308 1875 1419 1909 πατέρα
1441 1876 1490 1903 καὶ
1514 1877 1572 1910 τὴν
1586 1877 1699 1911 μητέρα
1719 1876 1812 1904 αὑτοῦ
1837 1876 1888 1903 καὶ

1102 1921 1402 1955 προσκολληθήσεται
1416 1922 1454 1956 τῇ
1464 1923 1582 1958 γυναικὶ
1594 1922 1697 1950 αὐτοῦ’
1708 1923 1757 1950 καὶ
1767 1923 1889 1950 ἔσονται

1101 1967 1128 1992 οι
1145 1966 1199 1993 δύο
1218 1967 1262 2000 εὶς
1270 1967 1368 2001 σάρκα
1378 1968 1460 2002 μίαν
1480 1967 1538 1995 εἶτα
1551 1969 1689 2004 σημαίνων
1714 1969 1760 1995 τὸν
1779 1969 1890 1996 κτίσαν,

1101 2011 1135 2038 τά
1149 2020 1240 2047 φησιν·
1269 2013 1299 2038 Ὃ
1315 2011 1372 2040 οὖν
1392 2015 1409 2040 ό
1439 2014 1510 2047 Θεὸς
1524 2013 1715 2047 συνέζευξεν,
1732 2014 1888 2048 ἅνθρωπος

1098 2057 1141 2092 μὴ
1155 2057 1305 2092 χωριζέτω·
1323 2059 1382 2091 πῶς
1396 2056 1467 2086 οὗτοι
1479 2059 1557 2096 ξένην
1571 2060 1617 2087 τοῦ
1635 2061 1740 2096 Πατρὸς
1756 2062 1806 2097 τὴν
1827 2062 1888 2088 κτί-

1102 2112 1143 2130 σιν
1159 2104 1330 2138 είσάγουσιν;
1346 2105 1376 2131 Ei
1389 2105 1417 2131 δὲ
1430 2106 1504 2133 κατὰ
1515 2106 1560 2133 τὸν
1573 2107 1698 2142 Ἰωάννην
1710 2106 1798 2134 πάντα
1811 2115 1889 2142 περι-

1100 2148 1215 2176 λαόόντα
1228 2150 1274 2176 καὶ
1289 2149 1409 2184 λέγοντα·
1425 2150 1526 2178 Πάντα
1539 2151 1576 2178 δι’
1591 2152 1685 2179 αὐτοῦ
1695 2152 1824 2187 ἐγένετο,
1835 2153 1886 2179 καί

268 2199 314 2225 per
327 2191 411 2225 ipsum
422 2189 493 2223 facta
505 2192 578 2221 sunt,
591 2193 614 2215 el
626 2188 681 2214 sine
696 2188 751 2220 ipso
773 2187 871 2221 factum
883 2191 921 2213 ert
936 2188 1001 2213 nillil
1016 2187 1047 2214 “:

1107 2194 1191 2228 χωρὶς
1203 2194 1297 2221 αὺτοῦ
1309 2195 1425 2229 ἐγένετο
1446 2195 1514 2222 οὐδὲ
1530 2196 1572 2222 ἐν·
1593 2196 1652 2227 πῶς
1663 2196 1695 2223 ἂν
1712 2196 1790 2228 ἄλλος
1802 2196 1846 2232 εἴη
1872 2197 1888 2222 ὁ

266 2237 339 2271 quis,
355 2243 456 2270 quaeso,
472 2236 540 2262 alius
558 2239 663 2262 creator
682 2240 741 2260 esse
759 2233 842 2268 possit
863 2238 960 2266 praeter
974 2234 1051 2261 Chri-

267 2284 301 2309 sti
315 2281 422 2308 Patrem
434 2280 446 2306 ?

303 2329 329 2354 5.
347 2326 388 2354 En
405 2333 470 2361 ergo
490 2333 554 2360 qua:
576 2324 613 2352 illi
634 2323 741 2359 quidem
763 2322 901 2350 eﬂ'utiunt.
915 2327 942 2349 at
959 2323 1047 2350 divma

300 2386 326 2402 ⁴⁵
340 2385 433 2412 Matth.
461 2391 518 2416 xxx,
538 2383 597 2410 ι-(ς.
636 2383 658 2398 ⁵⁵
673 2381 750 2409 Joan.
768 2389 787 2415 l,
805 2381 833 2410 5.

302 2453 401 2490 (34)rln
415 2453 497 2490 Basil.
515 2451 631 2490 ςτένός.
649 2451 748 2490 factum
773 2455 813 2477 est
831 2450 870 2476 ἓν.
899 2444 1048 2490 Utrumque

264 2485 386 2517 deest'in
402 2488 507 2524 Anglic.
524 2487 592 2524 Ibid.
603 2485 638 2512 τὰ
647 2486 735 2524 araxira
748 2485 1047 2524 omne§_ntss.-_habent:

265 2525 301 2551 τά
316 2526 341 2551 in
357 2524 437 2551 editis
447 2519 559 2549 'deerat.
578 2522 642 2548 Item
666 2521 730 2548 ibid.
747 2526 807 2554 post
825 2519 909 2553 ἥλιον,
922 2520 1045 2554 Segner.,

265 2560 374 2587 Gobler.
394 2564 422 2585 et
442 2557 618 2585 Felt'kmauni
639 2556 650 2582 1
679 2563 805 2590 anonym.
824 2555 840 2590 ἦ
859 2555 957 2582 habent
977 2554 1047 2582 :alii

264 2602 325 2620 cum
341 2594 431 2624 editis.
447 2593 506 2620 καὶ.

300 2629 356 2664 (55)
366 2628 405 2664 7'0
421 2628 505 2664 μέγας
519 2626 592 2664 mp:
603 2625 714 2664 Ἕλλησι
735 2625 830 2652 desunt
845 2624 876 2664 in_
888 2623 1041 2664 Goblerinn.

263 2670 291 2690 et
302 2658 427 2691 Ft-lcl‘rm:
444 2658 565 2690 i'aitonf
578 2661 660 2689 Panlu
674 2658 734 2694 post
753 2668 802 2694 pro
816 2659 926 2694 ποιῆσαι
939 2680 946 2691 ,
962 2660 1044 2694 iidem

265 2699 399 2726 ποιεῖσθαι
417 2699 533 2725 habent:
549 2693 694 2730 utrumque
713 2693 800 2721 autem
819 2693 893 2721 deest
913 2696 939 2721 in
960 2693 1044 2721 Basil.

265 2734 368 2767 Anglic.
387 2733 456 2760 lnl'ra
472 2733 488 2767 ἡ
503 2737 564 2759 ante
582 2730 631 2767 ’ύλη
647 2732 721 2757 abest
735 2731 768 2756 ab
781 2730 939 2767 Anglicani).

301 2763 356 2803 C56)
372 2768 410 2795 Ita
422 2763 499 2803 docet
517 2763 638 2803 P_latoih
660 2772 774 2799 utroque
793 2764 900 2796 Tima'o,
922 2763 968 2791 sed
989 2763 1042 2791 cla-

264 2801 320 2831 rius
333 2803 409 2829 initio
425 2802 517 2828 Timavi
532 2801 619 2828 Locri.

299 2836 354 2874 (δῖ)
370 2837 492 2872 Sogucr.,
506 2836 576 2863 Basil
591 2856 599 2868 ,
615 2835 730 2870 Anglic,
741 2834 848 2861 Gobler.
857 2839 884 2863 et
895 2833 1012 2862 Fclckm.
1031 2833 1040 2860 1

1102 2239 1266 2275 δημιουργὸς
1274 2240 1346 2275 παρὰ
1359 2241 1404 2268 τὸν
1418 2241 1526 2276 Πατέρα
1538 2241 1584 2268 τοῦ
1594 2241 1711 2276 Χριστοῦ
1718 2249 1726 2255 ⁴

1133 2329 1160 2355 5.
1179 2328 1269 2356 Ταῦτα
1289 2329 1338 2365 μὲν
1358 2326 1429 2356 οὗτοι
1449 2328 1681 2365 μυθολογοῦσιν-ὴ
1701 2329 1730 2356 δὲ
1745 2329 1834 2361 ἔνθεος
1847 2329 1888 2356 δι-

1097 2457 1178 2477 anon.
1198 2450 1265 2482 ὅλως
1279 2450 1398 2477 habent:
1419 2450 1464 2477 alii
1480 2458 1540 2478 cum
1556 2451 1636 2478 editis
1654 2450 1792 2477 omittunt.

1130 2485 1188 2520 (58)
1208 2485 1253 2512 Sic
1267 2485 1380 2520 Seguer.
1400 2485 1494 2518 Basi|.,
1507 2489 1534 2513 et
1547 2485 1624 2520 Augl.
1639 2486 1674 2512 At
1688 2485 1713 2511 in
1729 2484 1845 2520 Gobler.
1857 2490 1884 2512 et

1095 2519 1186 2548 Felck.
1201 2520 1227 2554 ll,
1243 2519 1324 2556 anon}
1340 2519 1394 2556 γάρ
1412 2521 1497 2553 deest,
1517 2525 1547 2547 ut
1565 2519 1676 2554 οίγοῦν
1692 2521 1763 2554 quod
1776 2520 1803 2547 in
1822 2519 1885 2547 aliis

1095 2560 1122 2581 et
1138 2555 1219 2590 editis
1233 2563 1282 2590 pro
1294 2554 1346 2590 γάρ
1367 2554 1474 2590 legitur.

1130 2589 1184 2625 (39)
1197 2589 1367 2624 δείξειεν-,νεῖ
1379 2599 1418 2617 τε.
1444 2589 1553 2618 Gohler.
1574 2595 1601 2617 et
1623 2590 1742 2618 Felckm.
1762 2590 1773 2617 Ι
1790 2597 1835 2617 an.
1857 2590 1885 2616 εἷ

1095 2632 1137 2661 γε,
1153 2626 1197 2659 qui
1210 2626 1290 2661 iidem
1305 2625 1416 2661 Seguer.
1438 2630 1465 2652 et
1477 2625 1588 2655 Gobler.
1602 2626 1680 2660 paulo
1694 2630 1755 2660 post
1771 2625 1881 2658 habent,

1097 2660 1123 2686 ετ
1133 2668 1165 2694 γε
1181 2661 1218 2695 μὴ
1236 2659 1334 2692 κτίζει.

1133 2694 1189 2730 (40)
1206 2695 1313 2722 Gobler.
1333 2700 1360 2722 et
1383 2695 1502 2722 Fcltknl.
1527 2695 1539 2722 1
1555 2703 1636 2723 anon.
1653 2694 1882 2730 particulamjtip

1096 2728 1147 2756 non
1168 2731 1276 2757 habent.
1289 2730 1350 2757 Mox
1365 2731 1429 2757 ibid.
1443 2731 1491 2757 ἀπ’
1504 2731 1590 2766 ἀρχῆς
1606 2728 1681 2766 abest
1692 2728 1881 2766 a_l_3:tsil.lletii

1096 2766 1178 2800 ἄρσεν
1192 2765 1292 2792 habent
1312 2773 1405 2793 omnes
1417 2773 1494 2799 mss.,
1512 2764 1578 2793 utci
1595 2765 1694 2800 legitur
1713 2764 1808 2792 Matth.
1823 2771 1880 2796 xix,

1098 2774 1179 2826 αρσεν
1192 2774 1292 2806 nauem
1312 2774 1350 2791 om

1098 2803 1108 2828 ί
1134 2820 1140 2826 .
1159 2800 1240 2833 hdttx,
1257 2800 1350 2835 ἄρρεν.
