2037 3044
295 153 345 181 105

577 150 604 178 S.
623 148 812 177 ATHANASII
831 148 908 176 OPl'.
930 147 1022 176 PARS
1038 147 1058 175 1.
1075 163 1110 168 -
1128 146 1312 175 HlSTORlCA
1328 145 1377 173 ‘ET
1398 144 1606 173 DOGMATICA.

1865 144 1912 170 104

329 210 355 236 4.
375 207 482 236 Miraris
496 207 620 240 fortasse,
634 206 698 241 quid
713 207 821 234 tandem
836 213 895 239 nos,
912 213 973 233 cum
987 207 1020 233 de
1031 206 1077 232 Int-

1168 205 1195 232 4.
1210 206 1290 236 ἰσως
1299 204 1353 240 (51)
1370 203 1518 239 θαυμάζεις
1530 203 1556 229 τί
1571 203 1679 238 δήποτε,
1695 202 1759 238 περὶ
1774 201 1823 236 τῆς
1839 203 1913 229 ἐναν-

294 261 373 280 umna
385 256 478 279 natura
491 258 506 277 a
523 251 611 278 Verbo
622 255 760 284 assumpta
769 250 859 278 dicere
872 250 1083 282 instituerimns,

295 305 366 324 nunc
378 297 410 324 de
424 297 510 331 prima
525 296 662 323 hominum
679 295 784 331 origine
805 295 984 331 disputemus.
1000 295 1082 331 Atqui

261 336 264 338 ’
294 344 320 370 id
336 352 350 369 a
364 344 416 370 line
430 348 528 369 nostrae
540 342 674 370 orationis
690 342 802 370 minime
817 341 935 369 alienum
948 346 1000 369 est.
1013 341 1084 375 Quia

292 390 364 417 enim
374 396 524 416 sermonem
535 389 668 417 habemus
678 389 712 416 de
723 389 873 417 Salvatoris
886 389 972 416 nostri
985 388 1018 416 ad
1033 395 1085 416 nos

292 435 420 466 adventu,
435 442 546 462 necesse
569 440 610 462 est
621 435 704 462 etiam
724 435 758 462 de
772 435 910 462 hominum
926 434 1082 469 primordiis

293 481 376 516 loqui,
395 488 447 515 quo
459 481 536 515 plane
548 481 693 515 perspicias
707 486 826 508 nostram
840 488 949 509 causam
966 480 1024 515 ejus
1038 481 1083 507 tul-

260 537 262 539 ’
291 533 387 555 ventus
401 527 484 554 fuisse
499 527 681 559 occasionem,
696 532 844 562 nostroque
865 532 977 562 peccato
997 526 1079 554 Verbi

291 573 483 607 benignitatem
502 573 646 600 excitatam
663 572 756 605 fuisse,
770 578 800 600 ut
819 573 852 600 ad
872 580 920 600 nos
938 572 1081 600 accederet

290 623 318 645 et
337 619 407 646 inter
434 619 557 646 homines
580 618 711 646 Dominus
743 623 896 653 appareret.
925 618 980 646 Nos
1006 618 1079 645 enim

290 671 370 692 causa
384 671 478 691 sumus
491 671 540 691 cur
553 671 652 700 corpus
665 664 854 699 assumpserit,
864 668 1037 699 nostramque
1045 663 1080 690 ob

290 710 403 738 salutem
417 711 443 736 in
458 709 574 737 humano
597 717 711 745 corpore
722 710 796 737 nasci
811 714 838 737 et
857 717 986 745 apparere
1001 709 1078 737 beni-

290 755 420 790 gnissime
446 755 541 783 voluit.
557 754 613 782 Hoc
638 756 722 790 igitur
745 756 824 783 modo
845 755 915 783 Deus
940 756 1078 784 hominem

290 801 355 829 fecit
377 806 458 835 atque
477 801 656 828 immortalem
674 808 781 828 manere
796 801 891 829 voluit.
907 801 941 828 At
956 801 1078 829 homines

290 847 412 881 neglecta
426 854 458 874 ac
468 846 566 881 rejecta
579 846 624 874 Dei
637 846 874 881 contemplatione,
884 847 937 874 sibi
947 846 1012 881 ipsis
1020 854 1078 872 ma-

1134 251 1300 287 θρωπήσεως
1322 249 1368 276 τοῦ
1383 250 1468 284 Λόγου
1488 248 1649 284 προθέμενοι
1666 247 1764 281 λέγειν,
1781 247 1828 274 νῦν
1853 248 1915 282 περὶ

1133 296 1183 331 τῆς
1208 296 1294 331 ἀρχῆς
1307 295 1361 321 τῶν
1382 294 1532 330 ἀνθρώπων
1556 292 1730 328 διηγούμεθα.
1762 291 1841 318 Ἀλλὰ
1870 293 1915 319 καὶ

1133 341 1212 368 τοῦτο
1227 341 1277 367 οὐκ
1287 340 1424 376 ἀλλότριόν
1441 341 1498 366 ἐστι
1516 339 1564 366 τοῦ
1579 339 1679 366 σκοποῦ
1695 338 1746 373 τῆς
1755 338 1913 374 διηγήσεως.

1140 387 1256 422 Ἀνάγκη
1270 386 1323 422 γὰρ
1339 386 1422 422 ἡμᾶς,
1433 385 1563 419 λέγοντας
1572 385 1635 420 περὶ
1649 384 1699 419 τῆς
1716 385 1755 416 είς
1768 385 1840 419 ἡμᾶς
1854 385 1914 410 ἐπι-

1133 433 1245 467 φανείας
1259 432 1307 458 τοῦ
1322 432 1458 467 Σωτῆρος,
1473 430 1561 464 λέγειν
1581 430 1628 457 καὶ
1654 430 1716 465 περ).
1729 429 1778 464 τῆς
1800 429 1853 455 τῶν
1868 430 1914 456 ἀν-

1134 479 1248 515 θρώπων
1266 479 1364 514 ἀρχῆς,
1376 479 1419 505 ἴνα
1429 478 1566 513 γινώσκῃς
1581 477 1648 511 (52),
1664 478 1704 504 ὃτι
1717 478 1733 512 ἡ
1750 476 1828 512 ἡμῶν
1844 476 1914 504 αἰτία

1132 526 1229 561 ἐκείνῳ
1252 526 1345 560 γέγονε
1361 525 1494 560 πρόφασις
1512 524 1561 559 τῆς
1583 523 1706 554 καθόδου,
1724 524 1770 550 καὶ
1795 523 1811 558 ἠ
1839 523 1914 558 ἡμῶν

1132 571 1287 607 παράϐασις
1297 570 1344 597 τοῦ
1356 570 1440 604 Λόγου
1451 569 1499 604 τὴν
1507 568 1710 604 φιλανθρωπίαν
1729 567 1913 600 ἐξεκαλέσατο.

1131 617 1201 644 ὥστε
1215 618 1262 644 καὶ
1277 618 1317 649 είς
1332 618 1404 652 ἡμᾶς
1419 615 1519 651 φθάσαι
1538 615 1586 642 καὶ
1615 617 1731 650 φανῆναι
1748 615 1793 641 τὸν
1815 614 1913 650 Κύριον

1131 664 1161 690 ὲν
1174 663 1337 699 ἀνθρώποις.
1354 663 1409 698 Τῆς
1422 662 1476 698 γὰρ
1490 662 1594 688 ἐκείνου
1605 661 1822 696 ὲνσωματώσεως
1836 661 1913 695 ἡμεῖς

1130 710 1281 744 γεγόναμεν
1307 708 1445 740 ὑπόθεσις,
1463 709 1509 734 καὶ
1526 707 1569 734 διὰ
1593 707 1641 742 τὴν
1661 707 1717 743 (53)
1736 706 1814 742 ἡμῶν
1830 715 1913 741 σωτη-

1132 756 1193 790 ρίαν
1209 753 1479 790 ἐφιλανθρωπεύσατο
1503 753 1549 780 καὶ
1565 753 1594 779 ὲν
1611 752 1772 788 ἀνθρωπίνῳ
1790 752 1914 786 γενέσθαι

1129 802 1176 828 καὶ
1194 801 1310 836 φανῆναι
1327 800 1442 835 σώματι.
1458 799 1550 831 Οὕτως
1570 799 1619 834 μὲν
1632 796 1679 825 οὖν
1694 800 1707 824 ὁ
1729 798 1793 829 Θεὸς
1809 797 1855 824 τὸν
1870 797 1916 824 ἄν·

1129 848 1238 883 θρωπον
1264 847 1397 883 πεποίηκε
1412 847 1477 882 (54),
1495 847 1542 872 καὶ
1569 845 1659 880 μένειν
1683 844 1814 879 ἠθέλησεν
1836 844 1865 870 ἐν
1884 845 1915 870 ἁ-

290 890 375 917 litiam
387 891 620 925 excogitaverunt,
632 892 669 918 uti
685 891 826 926 superiore
838 892 959 918 oratione
976 892 1077 918 dictum

1130 894 1263 930 φθαρσίᾳ.
1281 893 1436 929 ’Ἄνθρωποι
1450 893 1488 924 δὲ,
1506 892 1773 927 κατολιγωρήσαντες
1788 890 1835 917 καὶ
1849 891 1914 916 ἀπο-

290 941 343 967 est,
357 940 438 970 atque
462 935 499 962 ita
521 936 548 962 in
567 935 751 963 denuntiatam
769 937 864 964 mortis
876 936 1075 963 damnationem

291 981 388 1008 misere
408 981 570 1014 inctderunt,
582 988 633 1008 nec
650 988 715 1008 vero
731 985 791 1016 post
806 981 863 1009 [nec
883 981 976 1016 quales
991 981 1076 1008 creati

289 1032 368 1060 sunt,
383 1034 576 1062 permansere;
597 1027 644 1054 sed
663 1027 720 1054 suis
741 1027 948 1062 cogitationibus
965 1027 991 1054 in
1018 1028 1076 1055 dies

290 1072 512 1107 magiscorrupti,
522 1072 549 1099 in
562 1071 656 1099 mortis
667 1071 794 1098 ditionem
809 1076 836 1099 et
847 1077 1005 1106 potestatein
1014 1076 1077 1099 sunt

290 1119 404 1146 redacti.
416 1117 482 1145 Nam
497 1118 621 1153 praecepti
644 1118 822 1153 transgressio
838 1118 898 1145 illos
913 1118 946 1144 ad
960 1118 1077 1153 propriae

291 1169 393 1192 naturae
418 1165 600 1192 conditionem
625 1164 780 1197 revocavit;
796 1169 825 1191 ut
850 1164 1075 1199 quemadmodum

291 1218 351 1237 cum
371 1218 421 1237 nou
436 1214 537 1244 essent,
554 1210 618 1238 lacti
629 1215 701 1243 sunt,
713 1211 752 1238 sic
767 1212 794 1238 in
808 1210 902 1247 eoﬁl
917 1209 988 1246 quod
1001 1215 1074 1244 sunt,

291 1256 502 1290 corruptionem,
528 1256 634 1284 labente
661 1262 791 1291 tempore,
812 1262 979 1292 paterentur.
997 1258 1076 1293 idque

292 1303 474 1330 meritissimo.
492 1302 625 1338 Namque,
643 1303 666 1331 si
684 1303 762 1330 Verbi
778 1304 920 1338 praesentia
935 1310 963 1332 et
977 1304 1076 1332 bencli-

290 1349 377 1376 centia
392 1349 480 1376 vocati
491 1354 553 1376 sunt
571 1353 601 1376 ut
626 1353 726 1382 essent,
743 1349 789 1384 qui
805 1356 838 1376 ex
854 1354 956 1376 natura:
979 1349 1076 1377 condi-

292 1394 364 1421 tione
385 1394 528 1429 aliquando
549 1401 601 1422 non
617 1399 709 1427 erant,
734 1401 901 1428 consequens
918 1394 968 1422 fuit
980 1400 1008 1422 ut
1026 1395 1076 1422 ho-

293 1439 378 1467 mines
402 1439 449 1467 Dei
476 1439 705 1475 contemplatione
734 1439 830 1466 nudati
847 1444 875 1467 et
888 1439 922 1467 ad
945 1447 988 1468 res
1015 1447 1076 1474 quae

292 1486 365 1513 nullo
385 1487 463 1513 modo
488 1487 622 1514 exsistunt
638 1486 762 1514 conversi
777 1486 918 1522 (siquidem
937 1487 1006 1514 mala
1023 1496 1076 1515 non

291 1533 434 1565 exsistunt,
451 1533 519 1560 bona
542 1539 606 1560 vero
630 1533 773 1566 exsistunt,
787 1537 879 1567 utpote
904 1540 962 1567 qua:
983 1541 998 1560 ιι
1022 1533 1076 1562 Deo

291 1578 436 1605 exsislente
468 1578 538 1605 facta
572 1578 656 1614 sint),
678 1578 809 1606 beneﬁcio
840 1586 947 1614 quoque
971 1586 1078 1614 semper

291 1623 438 1650 exsistendi
467 1624 667 1658 spoliarentur,
685 1625 736 1652 hoc
763 1629 815 1657 est,
841 1629 870 1652 ut
894 1625 1025 1659 dissoluti,
1049 1626 1076 1653 in

291 1673 377 1696 morte
395 1673 421 1696 et
434 1670 606 1704 corruptione
621 1675 771 1698 manerent.
790 1670 876 1698 Homo
893 1671 964 1698 enim
981 1679 1014 1698 ex
1029 1679 1076 1698 sua

291 1719 386 1741 natura
402 1714 522 1743 mortalis
537 1719 588 1748 est,
601 1715 699 1751 quippe
711 1717 755 1751 qui
772 1724 805 1743 ex
828 1717 912 1745 nihilo
929 1717 1015 1745 factus
1029 1718 1075 1744 sit.

292 1760 417 1786 Attamen
435 1765 544 1796 propter
559 1768 635 1788 suam
649 1769 711 1789 cum
731 1761 777 1789 illo
792 1763 837 1797 qui
857 1767 898 1790 est
924 1763 1077 1791 similitudi-

292 1812 363 1837 nem,
375 1805 396 1832 si
411 1813 469 1832 cam
489 1806 624 1833 constanti
639 1805 697 1841 ejus
719 1806 946 1841 contemplatione
966 1815 1076 1835 conser-

291 1855 392 1883 vasset,
408 1851 560 1878 naturalem
578 1853 779 1886 corruptionem
802 1853 945 1881 retudisset
961 1854 1075 1881 mansis-

289 1901 385 1931 setque
403 1897 587 1931 incorruptus,
601 1897 682 1925 sicuti
697 1897 837 1933 Sapientia
849 1899 887 1925 ait
901 1907 908 1926 :
924 1898 1076 1926 Observatio

291 1941 388 1976 legum,
404 1943 566 1976 conﬁrmatio
581 1948 619 1970 est
636 1944 841 1978 incorruptionis
857 1945 890 1972 ⁵⁸.
910 1944 1008 1973 Factus
1029 1953 1077 1972 au-

291 1991 346 2014 tem
360 1988 542 2023 incorruptus,
557 1989 612 2023 jam
625 1994 654 2015 ut
666 1989 735 2016 Deus
752 1990 874 2023 vixisset,
885 1992 956 2025 quod
968 1991 1076 2025 quidem

292 2033 382 2060 divina
398 2033 539 2068 Scriptura
557 2034 654 2062 alicubi
669 2035 713 2062 his
736 2035 825 2063 verbis
849 2036 981 2071 signiﬁcat
995 2045 1003 2064 :
1020 2035 1076 2071 Ego

291 2078 346 2105 diei
361 2088 371 2106 :
382 2078 427 2105 Dii
443 2080 515 2112 estis,
538 2084 561 2106 et
586 2079 635 2113 ﬁlii
654 2079 781 2106 Altissimi
806 2088 892 2107 omnes
907 2088 916 2106 :
931 2089 973 2108 vos
990 2086 1076 2109 autem

290 2127 358 2153 sicut
372 2125 487 2152 homines
507 2126 650 2158 marimini,
661 2131 684 2152 et
701 2126 768 2154 sicut
783 2135 849 2153 unus
867 2127 899 2154 de
913 2128 1075 2164 principibus

291 2173 388 2200 caditis
404 2172 438 2199 ".

1089 1557 1110 1586 C

1129 941 1293 976 στραφέντες
1307 940 1355 975 τήν
1384 939 1452 975 πρὸς
1465 939 1511 966 τὸν
1531 938 1596 965 Θεὸν
1609 937 1782 973 κατανόησιν,
1808 937 1914 970 λογισά-

1129 995 1204 1023 μενοι
1217 987 1245 1014 δὲ
1257 986 1305 1013 καὶ
1319 987 1512 1021 ἐπινοήσαντες
1520 986 1625 1016 ἑαυτοῖς
1639 984 1689 1020 τὴν
1703 984 1811 1015 κακίαν,
1821 983 1912 1018 ὥσπερ

1127 1034 1157 1060 ὲν
1182 1034 1238 1064 τοῖς
1263 1032 1382 1067 πρώτοις
1396 1031 1490 1067 ἐλέχθη
1510 1031 1577 1067 (55),
1593 1030 1671 1066 ἔσχον
1689 1030 1738 1065 τὴν
1751 1029 1910 1065 προαπειλη-

1127 1078 1219 1105 θεῖσαν
1233 1077 1279 1104 τοῦ
1300 1077 1414 1105 θανάτου
1436 1077 1608 1112 κατάκρισιν,
1631 1077 1677 1102 καὶ
1691 1075 1782 1102 λοιπὸν
1797 1076 1847 1102 οὐκ
1863 1075 1912 1107 ἔτι,

1124 1123 1164 1155 ὡς
1189 1123 1326 1158 γεγόνασι,
1349 1122 1483 1157 διέμενον
1498 1122 1555 1149 ἀλλ’
1578 1122 1616 1154 ὡς
1629 1122 1788 1156 ἐλογίζοντο,
1802 1121 1915 1156 διεφθεί-

1126 1177 1214 1204 ροντο,
1234 1170 1281 1195 καὶ
1306 1170 1321 1195 ό
1335 1168 1448 1200 θάνατος
1468 1167 1556 1194 αὐτῶν
1568 1168 1677 1203 ἐκράτει
1693 1167 1852 1202 βασιλεύων.
1879 1167 1911 1194 Ἦ

1125 1214 1180 1249 γὰρ
1192 1213 1346 1250 παράϐασις
1373 1214 1421 1247 τῆς
1430 1213 1540 1248 ἐντολῆς
1550 1214 1588 1245 είς
1597 1212 1627 1239 τὸ
1639 1212 1710 1239 κατὰ
1725 1212 1804 1247 φύσιν
1815 1212 1914 1243 αὐτοὺς

1125 1260 1302 1295 ἐπέστρεφεν,
1317 1261 1371 1291 ἵνα,
1387 1258 1480 1295 ὥσπερ
1493 1260 1543 1286 οὐκ
1567 1259 1642 1290 ὄντες
1661 1259 1814 1293 γεγόνασιν,
1826 1258 1915 1290 οὕτως

1128 1306 1173 1333 καὶ
1200 1305 1249 1341 τὴν
1274 1306 1314 1337 είς
1341 1305 1372 1332 τὸ
1385 1304 1453 1332 εἶναι
1472 1305 1574 1340 φθορὰν
1591 1304 1757 1339 ὑπομείνωσι
1772 1303 1811 1338 τῷ
1825 1303 1914 1339 χρόνῳ

1125 1352 1248 1383 εἰκότως.
1263 1353 1294 1378 El
1308 1351 1371 1386 γὰρ,
1381 1351 1462 1386 φύσιν
1476 1351 1583 1386 ἔχοντες
1596 1351 1626 1378 τὸ
1656 1351 1692 1386 μὴ
1707 1348 1777 1377 εἷναί
1790 1359 1867 1382 ποτε,
1880 1350 1912 1384 τῇ

1124 1397 1173 1424 τοῦ
1198 1397 1283 1432 Λόγου
1301 1397 1438 1432 παρουσίᾳ
1453 1396 1498 1423 καὶ
1521 1395 1708 1432 φιλανθρωπίᾳ
1731 1396 1770 1427 είς
1795 1395 1824 1421 τὸ
1847 1392 1915 1421 εἶναι

1126 1444 1289 1480 ἐκλήθησαν,
1306 1442 1452 1470 ἀκόλουθον
1462 1440 1495 1478 ἦν
1503 1442 1670 1473 κενωθέντας
1677 1443 1739 1473 τοὺς
1756 1440 1916 1477 ἀνθρώπους

1126 1489 1174 1523 τῆς
1189 1489 1253 1524 περὶ
1273 1487 1339 1514 Θεοῦ
1349 1488 1454 1519 ἑννοίας
1479 1487 1524 1513 καὶ
1534 1488 1574 1518 είς
1586 1486 1620 1513 τὰ
1634 1487 1684 1513 οὐκ
1698 1486 1764 1513 ὅντα
1775 1487 1914 1521 ἀποστρα-

1127 1534 1226 1569 φέντας
1241 1534 1295 1569 (56)
1310 1534 1369 1568 (οὐκ
1384 1533 1448 1560 ὅντα
1463 1532 1517 1568 γὰρ
1531 1533 1588 1559 ἐστι
1601 1532 1636 1558 τὰ
1647 1531 1731 1563 κακὰ,
1747 1531 1811 1558 ὄντα
1826 1531 1857 1557 δὲ
1882 1530 1917 1557 τὰ

1128 1580 1207 1612 καλὰ,
1225 1580 1373 1615 ἐπειδήπερ
1395 1579 1506 1605 ἀπὸτοῦ
1529 1579 1604 1610 ὄντος
1621 1577 1688 1604 Θεοῦ
1701 1577 1853 1612 γεγόνασιε)
1871 1585 1917 1603 κε·

1127 1626 1243 1662 νωθῆναι
1255 1625 1302 1652 καὶ
1313 1625 1360 1652 τοῦ
1374 1623 1444 1651 εἶναι
1455 1624 1508 1651 ἀεί.
1523 1623 1608 1650 Τοῦτο
1621 1623 1650 1650 δέ
1664 1624 1722 1650 ἐστι
1735 1623 1765 1649 τὸ
1778 1622 1915 1650 διαλυθέν-

1126 1679 1175 1702 τας
1205 1670 1295 1706 μένειν
1321 1671 1350 1696 ὲν
1375 1669 1415 1704 τῷ
1445 1669 1553 1704 θανάτῳ
1582 1669 1629 1695 καὶ
1651 1669 1684 1704 τῇ
1711 1667 1807 1702 φθορᾷ.
1838 1667 1915 1693 Ἔστι

1128 1717 1177 1752 μὲν
1196 1716 1251 1752 (57)
1266 1715 1320 1752 γὰρ
1335 1715 1406 1742 κατὰ
1421 1715 1501 1749 φύσιν
1521 1714 1665 1750 ἄνθρωπος
1687 1713 1791 1749 θνητὸς.
1815 1713 1864 1739 ἆτε
1884 1712 1916 1747 δὴ

1127 1763 1157 1795 ἐξ
1167 1763 1216 1789 οὐκ
1230 1763 1314 1789 ὄντων
1331 1761 1462 1796 γεγονώς.
1483 1760 1533 1787 Διὰ
1547 1761 1574 1787 δὲ
1589 1760 1638 1796 τὴν
1648 1760 1715 1795 πρὸς
1727 1759 1772 1786 τὸν
1782 1758 1841 1794 (58)
1852 1759 1915 1784 ὂντα

1126 1809 1283 1845 ὁμοιότητα,
1305 1809 1338 1844 ἣν
1359 1809 1384 1834 εί
1397 1807 1528 1842 ἐφύλαττε
1542 1806 1585 1833 διὰ
1598 1806 1647 1841 τῆς
1660 1806 1727 1841 πρὸς
1743 1805 1825 1831 αὐτὸν
1838 1813 1915 1832 κατα-

1127 1855 1255 1890 νοήσεως,
1273 1854 1410 1890 ήμὸλυνεν
1425 1853 1458 1880 ἂν
1480 1852 1529 1888 τὴν
1550 1853 1620 1879 κατὰ
1643 1852 1722 1886 φύσιν
1734 1851 1849 1886 φθορὰν,
1869 1851 1916 1877 καὶ

1127 1900 1234 1936 ἔμεινεν
1250 1900 1398 1936 ἄφθαρτος,
1410 1899 1534 1935 καθάπερ
1547 1900 1563 1934 ἠ
1581 1898 1663 1933 Σοφία
1678 1897 1752 1933 φησί’
1773 1895 1914 1931 Προσοχὴ

1126 1946 1225 1980 νόμων
1232 1945 1394 1978 ,βεϐαίωσις
1407 1944 1585 1979 ἀφθαρσίας.
1597 1944 1751 1978 Ἀφθαρτος
1764 1943 1792 1969 δὲ
1809 1943 1858 1974 ὣν,
1867 1941 1914 1976 ὲζη

1126 1991 1218 2018 λοιπὸν
1228 1991 1266 2022 ὡς
1278 1991 1354 2023 Θεὸς,
1367 1990 1404 2022 ὥς
1419 1999 1470 2017 που
1488 1990 1561 2025 καὶὴ
1574 1989 1633 2016 θεία
1647 1988 1701 2024 (59)
1722 1988 1819 2023 Γραςρὴ
1837 1987 1916 2014 τοῦτο

1127 2036 1253 2072 σημαίνει
1271 2036 1396 2066 λέγουσα·
1415 2036 1488 2070 Ἐγὼ
1500 2034 1585 2065 εἶπα,
1601 2035 1662 2061 θεοί
1682 2034 1761 2064 ἐστε,
1779 2034 1830 2060 καὶ
1857 2032 1915 2059 vici.

1132 2082 1272 2116 Ὑψίστου
1297 2082 1417 2115 πάντες·
1440 2082 1524 2117 ὑμεῖς
1550 2081 1584 2108 δὲ
1611 2081 1651 2113 ὡς
1672 2079 1820 2113 ἂνθρωποι
1841 2079 1915 2105 ἀπο-

1126 2127 1272 2161 θνήσκετε
1289 2129 1338 2154 καὶ
1356 2128 1396 2160 ὡς
1408 2125 1452 2160 εἷς
1466 2127 1524 2153 τῶν
1545 2126 1697 2160 ἀρχόντων
1709 2125 1844 2151 πίπτετε.

1161 2174 1187 2201 5.
1212 2175 1241 2201 '0
1267 2174 1315 2209 μὲν
1334 2173 1387 2209 γὰρ
1404 2173 1469 2205 Θεὸς
1488 2173 1518 2199 οὐ
1541 2173 1619 2208 μόνον
1637 2171 1722 2204 sio-3x
1740 2170 1826 2196 ὸντων
1840 2170 1915 2206 ἡμᾶς

325 2219 352 2246 5.
373 2218 438 2245 Nam
454 2218 523 2246 Deus
538 2226 589 2245 non
604 2218 690 2246 solum
706 2225 756 2246 nos
778 2226 811 2246 ex
835 2219 919 2246 nihilo
937 2219 1011 2252 fecit,
1027 2222 1073 2249 sed

1128 2205 1285 2255 πεποίηκεν,
1303 2205 1429 2246 ἀλλὰίκαὶ
1440 2219 1469 2246 τὸ
1489 2205 1559 2245 κατά
1570 2218 1635 2244 Θεὸν
1645 2217 1693 2252 ζῇν
1707 2217 1773 2252 ἡμῖν
1783 2218 1916 2252 ὲχαρισα-
1931 2205 1967 2234 ἾΩ

291 2264 372 2291 etiam
391 2264 474 2291 divini
495 2263 573 2290 Verbi
595 2263 681 2298 gratia
707 2264 854 2291 secundum
879 2264 962 2292 Deum
985 2267 1076 2294 vivere

1128 2275 1157 2293 το
1170 2268 1203 2302 τῇ
1227 2265 1273 2293 τοῦ
1288 2266 1373 2300 Λόγου
1396 2266 1498 2301 χάριτι·
1523 2266 1548 2292 oi
1563 2265 1591 2291 δὲ
1612 2263 1760 2298 ἅνθρωποι,
1778 2263 1917 2296 ἀποστρα-

291 2310 435 2337 concessit.
445 2310 479 2336 At
493 2310 616 2337 homines
627 2309 661 2337 ab
678 2309 786 2336 aeternis
799 2309 879 2338 rebus
896 2311 982 2338 aversi
1002 2317 1030 2338 et
1041 2313 1074 2339 ad

292 2361 336 2381 res
353 2355 520 2389 corrupti0ni
537 2354 672 2389 subjectos
689 2355 802 2382 consilio
822 2354 920 2382 diaboli
940 2358 1075 2390 conversi,

329 2413 352 2428 '°
365 2413 428 2448 Sap.
446 2422 482 2447 vr,
499 2413 541 2440 19.
578 2414 600 2429 ⁸¹
617 2414 688 2440 Psal.
713 2421 805 2445 Lxxvt,
819 2413 845 2446 6,
863 2413 888 2440 7.

325 2460 381 2496 (51)
395 2460 464 2488 Gob.
478 2466 505 2488 et
523 2461 579 2488 Fel.
598 2462 609 2487 1
633 2469 725 2492 anon.,
746 2461 802 2487 ἀλλ’
821 2461 896 2492 ἴσως.
917 2460 968 2487 Alii
994 2461 1074 2492 Ἴσως

290 2500 395 2522 tantum
414 2495 524 2528 habent,
540 2501 567 2523 et
585 2497 621 2523 ita
642 2496 766 2531 legerunt
782 2496 950 2524 Omnibonus
969 2499 995 2522 et
1009 2496 1074 2522 Am-

290 2531 397 2557 brosius
408 2531 529 2558 Camald.

325 2565 381 2599 (52)
396 2566 505 2593 Gobler.
519 2571 546 2593 et
561 2566 680 2593 Felckm.
699 2567 710 2593 l
732 2574 825 2597 auom,
840 2565 993 2600 γινώσκεις.
1013 2564 1073 2592 Mox

290 2599 401 2636 chtter.
423 2600 519 2636 ἐκείνῳ
536 2602 631 2633 habet,
646 2601 689 2627 ltiti
708 2602 771 2628 editi
786 2599 897 2628 ἐκείνων
909 2601 1073 2636 ,νιηοηιίοςα

290 2634 353 2661 ltetn
375 2635 453 2669 paulo
462 2634 522 2672 post
539 2644 587 2670 pro
600 2637 766 2672 παράϐασις,
781 2636 860 2663 Gobl.
876 2641 903 2662 et
922 2635 1042 2663 Feltzkm.
1060 2637 1071 2662 1

289 2676 381 2705 auom,
401 2671 549 2705 παράδοσις
568 2671 760 2698 ιιιξιιείιιιιιοηι.

324 2704 380 2741 (ξᾷ)
396 2704 485 2741 ῌΛῐιίο
496 2706 627 2741 Continel,
642 2707 737 2741 αὑτήν.

323 2739 379 2776 (ζῇ)
393 2739 501 2776 (jobler.
518 2745 544 2768 et
556 2740 674 2769 Felcktn.
690 2739 709 2767 1⁷
720 2749 812 2776 auom,
828 2741 965 2776 ἐποίησεν.

323 2774 379 2811 (ᾅξ)
395 2774 515 2811 F_elclttn.
531 2775 549 2802 2
569 2783 662 2809 annm,
681 2775 809 2811 ὲλὲγχθη.

324 2809 510 2869 (056)060bler.
538 2815 564 2837 ct
584 2810 640 2838 Fel.
672 2812 684 2836 1
720 2809 813 2843 anon},
845 2811 1072 2846 ἀποστραφέντες,

342 2852 368 2869 ιι(
396 2852 434 2869 sc.

296 2850 434 2870 mendose.

1128 2312 1222 2346 φέντες
1243 2312 1297 2347 (60)
1317 2313 1351 2339 τὰ
1374 2312 1480 2345 αἰώνια,
1496 2311 1542 2338 καὶ
1559 2309 1709 2346 συμὸουλία
1729 2308 1775 2335 τοῦ
1790 2308 1916 2335 διαῦόλου

1129 2359 1169 2390 εἰς
1181 2358 1214 2385 τὰ
1226 2359 1275 2393 τῆς
1287 2358 1389 2395 φθορᾶς
1406 2357 1628 2394 ἐπιστραφέντες,
1648 2356 1753 2387 ἑαυτοῖς
1775 2354 1857 2382 αῐτιοι
1867 2354 1915 2389 τῆς

1163 2463 1220 2497 (57)
1238 2463 1296 2490 Μέν
1311 2464 1388 2491 abest
1402 2471 1416 2490 a
1437 2463 1517 2490 Basil.
1534 2467 1562 2489 et
1575 2462 1678 2496 Anglic.

1163 2497 1220 2532 (58)
1237 2498 1281 2525 Sic
1298 2498 1409 2533 Segner.
1424 2498 1549 2525 Ει1111τά.
1570 2497 1740 2533 Omnibonus
1761 2505 1871 2533 quoque
1888 2501 1915 2523 et

1126 2531 1251 2560 Ambros.
1271 2531 1395 2560 Catttitltl.
1413 2534 1534 2568 legerunt
1550 2533 1595 2559 τὸν
1621 2531 1697 2568 ὅντα,
1716 2531 1915 2560 ιιοειιοῆΝηη-

1127 2568 1188 2594 nius
1202 2569 1247 2602 qui
1267 2569 1336 2595 hanc
1351 2566 1539 2595 vocem—vertit
1556 2566 1699 2602 DeoaMox
1721 2568 1833 2600 ibidem,
1854 2572 1914 2601 pust

1125 2602 1169 2637 ἦν,
1180 2601 1305 2636 segnem,
1315 2604 1432 2638 Anglia,
1443 2603 1552 2631 Gobler.
1569 2609 1597 2630 et
1611 2601 1756 2631 Felckm.t
1773 2611 1868 2634 auom,
1879 2602 1914 2634 εἰ,

1126 2638 1190 2664 editi
1211 2637 1484 2666 omittttnt.Fe|cktn.
1503 2640 1520 2665 ‘3
1540 2646 1633 2670 anon.,
1648 2637 1821 2672 ﬂvmendose
1833 2638 1915 2664 habet
1936 2668 1937 2671 η

1127 2672 1229 2706 absque
1248 2673 1377 2707 particula
1393 2674 1427 2701 εί.
1626 2669 1629 2670 ν
1660 2669 1665 2672 ⁷
1804 2669 1808 2678 “

1162 2708 1218 2744 (59)
1237 2705 1291 2735 Καί
1311 2713 1339 2744 et
1353 2708 1412 2735 θεία
1432 2710 1527 2736 desunt
1543 2709 1569 2736 in
1588 2709 1697 2737 Gobler.
1721 2714 1748 2736 et
1764 2707 1884 2735 Felrktn.
1902 2705 1912 2732 l

1127 2749 1208 2769 anon.
1230 2743 1296 2771 Ιιιίιι.
1317 2743 1432 2778 Vulgata
1455 2744 1547 2776 habet.
1568 2745 1713 2772 moriemini
1729 2750 1757 2770 et
1774 2743 1884 2769 cadetis.

1166 2779 1220 2813 (υο)
1240 2778 1350 2806 Goltler.
1372 2785 1398 2806 et
1419 2779 1537 2808 Felckm.
1560 2779 1571 2806 1
1602 2788 1702 2812 anon.,
1728 2778 1914 2814 ἀποστρέφονο

1129 2821 1185 2844 τες.
