2037 3044
173 176 226 203 105

702 176 832 205 ORATIO
850 177 891 204 DE
913 176 1170 205 [NCARNATIONE
1191 175 1304 204 VERBL

1747 175 1797 203 106

171 236 201 262 ἐν
219 235 258 271 τῷ
283 235 390 271 θανάτῳ
417 236 522 272 φθορᾶς
553 238 706 271 γεγόνασιν,
733 237 810 270 ὄντες
832 239 891 273 μὲν,
918 238 954 270 ὡς

1006 238 1058 265 sibi
1072 238 1137 272 ipsis
1160 236 1344 272 corruptionis
1370 235 1466 262 mortis
1494 239 1620 263 auctores
1634 234 1699 262 facti
1711 242 1794 263 sunt:

171 282 311 316 προεῖπον,
325 280 396 308 κατὰ
412 281 494 315 φύσιν
504 281 628 317 φθαρτοὶ,
644 283 734 318 χάριτι
748 283 776 310 δὲ
783 283 832 318 τῆς
844 283 891 310 τοῦ
908 284 955 310 Λό-

170 335 218 361 γου
235 327 381 362 μετουσίας
403 327 449 353 τοῦ
465 327 534 354 κατὰ
553 328 632 362 φύσιν
647 329 819 363 ἐκφυγόντες,
833 331 859 356 εἰ
873 339 956 366 μεμε-

170 374 298 408 νήκεισαν
310 372 395 399 καλοί.
410 373 459 400 Διὰ
470 374 524 409 γὰρ
546 374 591 400 τὸν
611 375 723 401 συνόντα
741 376 845 407 τούτοις
869 377 955 410 Λόγον

171 420 217 446 καὶ
239 419 255 454 ἡ
281 419 350 445 κατὰ
372 419 452 454 φύσιν
477 419 565 454 φθορὰ
588 419 688 446 τούτων
713 421 761 446 οὑκ
776 421 871 456 ἤγγιζε
888 421 953 457 (61),

171 465 262 497 καθὼς
284 465 330 491 καὶ
347 466 364 499 ἡ
376 465 459 499 Σοφία
479 465 560 501 φησίν
570 473 576 479 ”
599 465 626 491 '0
643 465 714 498 Θεὸς
726 465 824 493 ἔκτισε
838 467 891 493 τὸν
904 467 956 494 ἆν-

171 513 287 545 θρωπον
302 511 348 537 ἐπ’
360 511 511 546 ἀφθαρσίᾳ
525 511 573 538 καὶ
586 513 686 538 εἰκόνα
708 511 762 547 τῆς
776 512 852 546 ιδίας
864 513 955 540 ἀΐδιό-

171 566 258 592 τητος
272 557 338 593 (62)·
350 558 449 591 φθόνῳ
463 556 497 583 δὲ
513 557 651 584 διαϐόλου
666 557 791 590 θάνατος
814 558 956 593 εἰσῆλθεν

170 605 214 636 εὶς
231 603 282 629 τὸν
299 603 422 637 κόσμον.
445 602 545 628 Τούτου
568 602 596 629 δὲ
613 603 769 638 γενομένου,
787 605 811 630 οι
842 604 892 639 μὲν
910 604 956 631 ἇν-

171 650 274 685 θρωποι
286 649 467 684 ἀπέθνησκον,
487 650 504 684 ἡ
528 648 557 675 δὲ
571 649 658 684 φθορὰ
673 649 765 676 λοιπὸν
787 651 846 676 κατ’
865 650 955 677 αὐτῶν

171 695 303 730 ἤκμασεν,
324 696 371 720 καὶ
384 693 473 720 πλεῖον
489 693 536 720 τοῦ
554 692 624 720 κατὰ
647 693 728 726 φύσιν
747 693 875 729 ίσχύουσα
895 693 955 720 καθ’

170 740 230 765 ὅλου
254 738 300 765 τοῦ
327 738 430 772 γένους,
448 739 502 773 ὅσῳ
514 737 561 764 καὶ
585 738 633 773 τὴν
662 738 774 774 ἀπειλὴν
804 738 850 765 τοῦ
877 739 955 765 Θείου

169 784 214 811 διὰ
234 784 284 818 τὴν
316 783 470 819 παράϐασιν
495 785 545 819 τῆς
564 783 673 819 ἐντολῆς
687 784 747 811 κατ’
764 785 853 811 αὐτῶν
868 794 956 821 προει-

170 830 259 865 λήφει.
272 830 326 856 Καὶ
336 830 389 866 γὰρ
406 831 452 857 καὶ
467 830 495 856 ὲν
510 831 566 862 τοῖς
578 830 630 865 πλη
635 830 723 866 μμελή
729 839 809 866 μασιν
819 832 842 857 οἱ
857 832 957 868 ἄνθρω-

171 885 217 903 ποι
236 877 286 903 οὐκ
313 877 390 912 ἄχρις
416 876 486 911 ὅρων
501 875 660 911 ὡρισμένων
684 877 865 912 είστήκεισαν’
888 877 955 905 ἀλλὰ

171 922 230 948 κατ’
244 921 332 955 ὀλίγον
360 921 584 956 ἐπεκτεινόμενοι,
609 921 699 948 λοιπὸν
713 922 759 948 καὶ
783 923 822 954 εὶς
839 923 956 958 ἄμετρον

170 966 329 1003 ἐληλύθασιν
352 966 418 1001 (63),
437 966 466 999 ἐξ
483 967 568 1003 ἀρχῆς
590 967 638 1002 μὲν
654 968 763 1002 εὑρεταὶ
778 968 828 1003 τῆς
857 969 956 1000 κακίας

170 1012 319 1048 γενόμενοι,
334 1012 381 1038 κα)⁸
399 1012 459 1038 καθ’
484 1012 587 1038 ἑαυτῶν
595 1013 640 1039 τὸν
656 1013 769 1040 θάνατον
788 1013 957 1048 προκαλεσά-

171 1067 246 1093 μενοι
261 1059 305 1084 καὶ
321 1057 371 1093 τὴν
386 1057 497 1093 φθοράν·
517 1057 629 1093 ὕστερον
639 1058 667 1085 δὲ
683 1059 723 1090 είς
735 1059 841 1086 ἀδικίαν
859 1060 956 1095 ἐκτρα-

171 1104 277 1137 πέντες,
298 1104 345 1130 καὶ
370 1103 542 1139 παρανομίαν
558 1105 647 1131 πᾶσαν
671 1105 894 1140 ὑπερϐάλλοντες,
908 1106 956 1133 καὶ

172 1151 210 1186 μὴ
230 1151 270 1177 ἐνὶ
296 1150 372 1186 κακῷ
389 1151 537 1186 ἱστάμενοι,
552 1151 620 1177 ἀλλὰ
649 1151 737 1178 πάντα
755 1151 835 1178 καινὰ
855 1154 956 1184 καινοῖς

172 1196 351 1227 ἐπινοοῦντες,
365 1196 504 1232 ἁκόρεστοι
518 1197 581 1232 περὶ
591 1197 621 1223 τὸ
638 1197 803 1233 ἁμαρτάνειν
816 1197 954 1231 γεγόνασι.

171 1243 296 1278 Μοιχείαι
317 1243 364 1277 μὲν
380 1242 433 1278 γὰρ
447 1252 517 1279 ησαν
536 1243 582 1270 καὶ
595 1243 693 1270 κλοπαὶ
707 1243 854 1278 πανταχοῦ,
868 1244 955 1278 φόνων

170 1288 199 1315 δὲ
211 1289 257 1315 καὶ
275 1288 404 1323 ἁρπαγῶν
414 1288 520 1325 πλήρης
530 1287 563 1324 ἦν
574 1289 590 1324 ή
604 1289 736 1324 σύμπασα
748 1289 793 1324 γῆ·
812 1290 859 1315 καὶ
873 1289 955 1324 νόμου

172 1333 224 1367 μὲν
239 1332 288 1359 οὐκ
297 1330 330 1368 ἦν
344 1333 452 1367 φροντὶς
476 1333 540 1368 περ)¹
555 1333 658 1369 φθορᾶς
675 1334 723 1360 καὶ
741 1334 855 1365 ἀδικίας·
867 1334 955 1360 πάντα

171 1377 199 1404 ει
211 1377 246 1404 τὰ
258 1377 330 1403 κακὰ
344 1377 404 1404 καθ’
414 1377 462 1404 ἕνα
473 1378 519 1405 καὶ
532 1379 606 1413 κοινῇ
619 1378 694 1414 παρὰ
706 1379 787 1405 πᾶσιν
798 1379 954 1414 ἐπράττετο.

171 1422 266 1454 Πόλεις
285 1422 335 1457 μὲν
350 1423 420 1450 κατὰ
437 1423 539 1450 πόλεων
553 1423 712 1459 ἐπολέμουν
728 1423 776 1451 καὶ
791 1424 853 1459 ἔθνη
886 1423 956 1451 κατὰ

170 1468 255 1495 ἐθνῶν
273 1469 398 1504 ἠγείρετο
426 1468 492 1505 (64)”
517 1468 627 1504 διῄρητο
644 1469 672 1496 δὲ
695 1470 769 1497 πᾶσα
782 1470 799 1505 ἡ
810 1470 957 1506 οἰκουμένη

171 1515 280 1542 στάσεσι
295 1515 341 1542 καὶ
359 1515 470 1550 μάχαις,
491 1515 605 1542 ἑκάστου
625 1516 838 1551 φιλονεικοῦντος
861 1519 889 1544 ἐν
916 1517 955 1552 τῷ

171 1563 346 1597 παρανομεῖν.
363 1562 419 1588 Οὐκ
434 1559 468 1597 ἦν
480 1561 508 1588 δὲ
523 1561 625 1589 τούτων
638 1563 746 1598 μακρὰν
761 1563 820 1590 οὐδὲ
830 1564 864 1591 τὰ
880 1565 956 1600 παρὰ

172 1607 262 1641 φύσιν,
273 1607 330 1634 ἀλλ’
345 1608 383 1640 ὡς
394 1605 470 1634 εἶπεν
485 1609 499 1634 ὁ
510 1607 557 1634 τοῦ
573 1608 691 1643 Χριστοῦ
702 1609 807 1645 μάρτυς
832 1609 956 1636 ’Δπόστο-

169 1653 225 1684 λος·
247 1653 284 1680 AZ
309 1662 341 1680 τε
354 1654 410 1689 γὰρ
439 1654 551 1687 θήλειαι
567 1654 665 1682 αὐτῶν
684 1655 878 1689 μετήλλαξαν
899 1656 956 1690 τὴν

171 1698 305 1733 φυσικὴν
318 1699 429 1734 χρῆσιν
438 1701 480 1733 εις
500 1700 557 1735 τὴν
570 1700 650 1735 παρὰ
674 1701 778 1735 φύσινο
795 1701 901 1735 ὁμοίως
921 1701 956 1727 δὲ

170 1745 220 1772 καὶ
235 1747 262 1771 οἱ
275 1744 406 1780 ἆρῤενες,
422 1745 548 1780 ἀφέντες
555 1746 612 1782 τὴν
622 1747 758 1782 φυσικὴν
774 1747 885 1782 χρῆσιν
901 1747 955 1782 τῆς

170 1791 303 1824 θηλείας,
326 1791 532 1826 ἐξεκαύθησαν
549 1792 583 1819 ἐν
608 1792 646 1827 τῇ
670 1792 764 1826 ὀρέξει
787 1792 885 1820 αὐτῶν
912 1794 955 1825 εἰς

169 1836 336 1870 ἀλλήλους,
357 1837 480 1871 ᾱρῤενες
497 1838 532 1865 ἐν
551 1838 654 1873 appeal
668 1839 725 1872 τὴν
737 1839 956 1874 ἀσχημοσύνην

171 1882 420 1917 κατεργαζόμενοι,
452 1883 498 1910 καὶ
528 1883 585 1917 τὴν
611 1885 800 1919 ἀντιμισθίαν
828 1884 868 1918 ἣν
895 1885 955 1912 ἔδει

171 1925 225 1961 τῆς
243 1927 362 1961 πλάνης
396 1927 505 1961 αὐτῶν,
532 1928 566 1955 ἐν
592 1928 709 1962 ἑαυτοῖς
730 1929 956 1965 ἀπολαμϐάνον-

170 1980 217 2004 τες
237 1971 303 2007 (65).

206 2016 231 2044 6.
249 2017 298 2044 Διὰ
308 2017 340 2053 δὴ
358 2017 444 2044 ταῦτα
461 2018 552 2045 πλεῖον
564 2018 611 2045 τοῦ
629 2018 743 2046 θανάτου
759 2020 953 2056 κρατήσαντος,

170 2064 218 2090 καὶ
231 2063 281 2098 τῆς
296 2063 399 2099 φθορᾶς
410 2064 620 2099 παραμενούσης
634 2065 705 2091 κατὰ
730 2065 782 2091 τῶν
793 2065 952 2102 ἀνθρώπιον,

170 2109 201 2136 τδ
218 2109 266 2144 μὲν
280 2109 334 2135 τῶν
356 2109 403 2136 ἀνθ
409 2109 506 2146 ρώπων
520 2110 597 2144 γένος
611 2110 758 2146 ἐφθείρετο·
775 2111 790 2137 ὁ
804 2111 832 2138 δὲ
848 2111 954 2146 λογικὸς

171 2156 217 2182 καὶ
239 2157 298 2181 κατ’
313 2156 404 2182 εἰκόνα
422 2156 565 2192 γενόμενος
579 2156 719 2191 ἄνθρωπος
738 2157 890 2192 ἠφανίζετο·
907 2159 953 2184 καὶ

170 2200 201 2229 τὺ
215 2200 266 2227 ὑπὸ
276 2200 323 2227 τοῦ
339 2201 406 2228 Θεοῦ
422 2202 566 2236 γενόμενον
577 2202 656 2238 ἔργον
671 2203 869 2239 παραπώλλυτο
886 2203 951 2238 (66).

969 1589 991 1620 C

1006 283 1062 318 qui,
1079 288 1108 310 ιιι
1121 283 1187 314 dixi,
1205 290 1239 309 ex
1257 287 1354 309 natura
1370 281 1480 316 quidem
1501 282 1628 308 mortales
1642 285 1729 314 erant,
1749 282 1795 309 sed

1004 329 1103 365 gratia,
1117 336 1169 363 qua
1191 328 1272 356 Verbi
1292 330 1374 355 erant
1394 327 1550 362 participes,
1568 332 1672 354 natura:
1700 328 1794 355 condi-

1008 376 1107 402 tionem
1124 375 1195 401 haud
1210 375 1290 402 dubie
1306 373 1478 408 elTugissenl,
1494 374 1515 400 si
1542 373 1605 400 boni
1624 373 1718 408 utique
1730 380 1794 408 per-

1006 421 1178 448 mansissent.
1202 420 1342 454 Siquidem
1365 423 1479 453 propter
1497 417 1627 450 Verbum,
1643 419 1713 452 quod
1732 425 1794 445 cum

1006 467 1058 493 illis
1082 466 1185 498 fuisset,
1204 466 1236 492 ad
1252 473 1298 492 eos
1314 464 1449 492 naturalis
1471 463 1608 498 corruptio
1628 471 1680 490 non
1703 470 1794 490 acces-

1005 513 1093 544 sisset,
1116 517 1143 538 ut
1164 516 1191 539 et
1213 511 1349 546 Sapientia
1375 511 1418 538 his
1444 510 1536 537 verbis
1562 514 1676 537 testatur
1696 517 1703 536 :
1724 509 1794 536 Deus

1005 559 1100 586 creavit
1117 558 1248 585 hominem
1273 562 1302 584 ut
1322 558 1494 591 incorruptus
1518 562 1594 590 esset,
1615 562 1637 583 et
1653 557 1793 591 imaginem

1005 604 1118 638 propria:
1134 604 1289 630 wternitatir
1304 611 1313 630 ε
1326 603 1429 630 invidia
1440 607 1530 629 autem.
1549 602 1649 628 diaboli
1666 609 1736 629 mors
1750 602 1793 629 in-

1006 649 1094 676 troiuit
1119 649 1146 676 in
1170 649 1297 675 mundum
1318 649 1352 676 ".
1368 647 1427 681 Quo
1444 646 1554 682 quidem
1580 646 1650 673 laeto
1671 646 1792 674 homines

1006 695 1073 722 mori
1087 700 1236 730 coeperunt,
1259 695 1438 729 deincepsque
1453 699 1547 720 contra
1563 693 1623 720 illos
1633 693 1716 727 viguit
1732 700 1793 720 cor-

1006 741 1105 775 ruptio,
1120 748 1180 775 quae
1194 748 1225 768 eo
1244 741 1360 776 majores
1379 740 1453 767 vires
1473 746 1555 774 quam
1574 740 1632 773 ipsa
1648 739 1730 766 etiam
1744 746 1792 766 na-

1007 792 1073 814 tura:
1102 787 1220 814 conditio
1244 787 1269 814 in
1291 786 1447 813 universum
1473 792 1560 820 genus
1590 784 1701 817 habuit,
1721 785 1791 819 quod

1005 833 1128 860 Numinis
1151 832 1387 860 eomminationem
1407 831 1442 859 ob
1456 831 1580 858 violatam
1606 830 1691 865 legem
1711 835 1791 858 antea

1006 884 1099 906 contra
1117 878 1239 905 homines
1255 883 1405 913 acceperat.
1426 877 1518 912 Neque
1537 877 1609 904 enim
1631 875 1668 903 illi
1686 876 1712 903 in
1729 883 1791 911 pec-

1006 925 1074 951 catis
1089 926 1159 951 intra
1175 929 1265 952 certos
1280 924 1409 951 terminos
1427 924 1582 954 constitere,
1596 922 1642 950 sed
1660 921 1788 957 paulatim

1006 970 1206 1005 progredientes
1219 990 1226 1002 ,
1243 977 1351 997 omnem
1366 970 1474 997 modum
1495 968 1697 996 transcendere.
1712 967 1791 994 Initio

1006 1016 1113 1050 quidem
1129 1015 1192 1042 l'acti
1210 1015 1319 1042 malitiae
1336 1014 1501 1047 inventores,
1518 1018 1631 1040 mortem
1647 1016 1675 1039 et
1696 1019 1790 1039 corru-

1006 1062 1126 1096 ptionem
1149 1060 1277 1088 adversus
1309 1061 1412 1094 seipsos
1435 1063 1674 1095 provooaverunt:
1691 1058 1789 1085 deinde

1005 1115 1070 1134 vero
1088 1107 1114 1134 in
1131 1106 1289 1141 injustitiam
1308 1106 1418 1139 delapsi,
1434 1112 1595 1140 omnemque
1618 1105 1788 1140 iniquitatem

1006 1152 1200 1188 praetergressi,
1216 1152 1288 1179 nullo
1310 1153 1337 1179 in
1358 1151 1429 1179 malo
1448 1156 1552 1178 stantes
1563 1151 1611 1178 sed
1628 1151 1706 1178 novis
1720 1157 1787 1177 nova

1006 1199 1097 1226 omnia
1124 1197 1269 1231 addentes,
1285 1197 1451 1224 insatiabiles
1474 1197 1507 1223 ad
1531 1195 1695 1231 peccandum
1723 1196 1787 1223 l'acli

1006 1249 1077 1272 sinit.
1092 1243 1159 1271 Hinc
1170 1244 1269 1279 ubique
1282 1249 1374 1278 stupra
1389 1247 1417 1270 et
1435 1242 1504 1270 l'urta
1520 1247 1598 1270 erant
1612 1251 1617 1268 :
1631 1242 1750 1270 caedibus
1761 1246 1789 1269 et

1007 1292 1106 1326 rapinis
1121 1290 1215 1326 plenus
1229 1296 1287 1318 erat
1303 1290 1445 1317 universus
1459 1294 1592 1316 terrarum
1604 1288 1688 1321 orbis,
1701 1288 1788 1315 nulla-

1006 1344 1058 1372 que
1084 1337 1125 1364 lex
1150 1336 1317 1370 corruptelas
1331 1339 1364 1363 et'
1379 1335 1539 1370 injustitiam
1559 1334 1721 1362 cohibebat:
1740 1334 1787 1361 sed

1005 1381 1095 1409 omnia
1109 1381 1178 1408 mala
1201 1381 1326 1415 privatim
1351 1384 1378 1408 et
1402 1380 1506 1415 publice
1529 1379 1617 1407 cuncti
1636 1378 1788 1406 committe-

1005 1426 1079 1454 bant.
1100 1427 1230 1454 Civitates
1256 1426 1385 1453 adversus
1409 1425 1533 1453 civitates
1549 1424 1617 1452 bella
1635 1424 1784 1459 gerebant;

1006 1478 1098 1508 gentes
1112 1477 1205 1500 contra
1224 1476 1318 1506 gentes
1334 1471 1521 1507 insurgebant,
1533 1475 1604 1498 totus
1617 1470 1731 1504 denique
1745 1476 1788 1496 or-

1005 1516 1046 1544 bis
1069 1517 1167 1556 pugnis
1180 1521 1206 1544 et
1222 1517 1399 1545 seditionibus
1419 1515 1635 1549 discindebatur,
1654 1516 1716 1542 dum
1733 1514 1788 1541 sin-

1006 1562 1059 1596 guli
1078 1564 1103 1590 in
1133 1563 1271 1597 patrandis
1287 1562 1396 1597 ﬂagitiis
1419 1563 1621 1589 contenderent.
1646 1560 1700 1588 Nec
1723 1567 1788 1586 vero

1007 1607 1051 1634 illa
1066 1608 1146 1634 etiam
1164 1615 1223 1641 qua:
1236 1611 1330 1634 contra
1350 1611 1472 1633 naturam
1488 1611 1552 1634 sunt
1574 1605 1676 1633 scelero
1693 1604 1788 1640 procul

1006 1652 1040 1680 ab
1057 1652 1098 1680 his
1111 1658 1199 1684 erant,
1211 1653 1269 1684 sed,
1286 1658 1315 1680 ut
1329 1653 1397 1679 dixit
1410 1653 1510 1680 Christi
1531 1652 1606 1680 testis
1622 1651 1765 1687 Apostolus
1778 1660 1785 1678 :

1007 1697 1124 1725 Femina:
1151 1706 1240 1725 eorum
1269 1698 1470 1725 immutaverunt
1490 1699 1638 1724 naturalem
1661 1705 1736 1724 urunt
1758 1697 1787 1724 in

1006 1752 1065 1771 eum
1080 1752 1155 1770 usum
1170 1744 1216 1778 qui
1236 1749 1274 1771 eu
1298 1749 1389 1771 contra
1409 1749 1540 1771 naturam.
1562 1743 1689 1771 Similiter
1700 1749 1788 1772 autem

1007 1792 1031 1815 et
1045 1789 1164 1820 marculi,
1185 1787 1275 1815 relicto
1297 1789 1412 1817 naturali
1431 1798 1481 1816 usu
1505 1790 1621 1823 feminea,
1634 1794 1787 1816 exarserunt

1005 1836 1033 1862 in
1043 1835 1180 1862 desiderii:
1204 1835 1258 1862 suis
1281 1837 1309 1862 in
1334 1835 1454 1867 invicem,
1481 1835 1591 1861 masculi
1609 1835 1636 1861 in
1656 1834 1785 1861 masculos

1005 1880 1192 1913 turpitudinem
1208 1883 1356 1912 operantes,
1368 1884 1392 1906 et
1408 1880 1643 1914 mercedem,quam
1660 1880 1785 1914 oportuit,

1004 1927 1101 1954 errari:
1117 1927 1159 1953 sui
1177 1927 1204 1954 in
1223 1928 1365 1962 semetipsis
1380 1928 1529 1962 recipientes
1547 1928 1578 1954 ⁸³.

1039 2023 1092 2059 42
1112 2024 1138 2054 6.
1148 2024 1213 2052 Eam
1230 2025 1265 2054 ob
1279 2034 1334 2054 rem
1349 2032 1437 2055 morte
1454 2028 1540 2062 magis
1558 2029 1695 2063 magisque
1711 2029 1786 2056 inva-

1005 2069 1131 2103 lescente,
1139 2076 1166 2099 et
1181 2073 1353 2107 corruptione
1364 2079 1457 2100 contra
1473 2073 1596 2101 homines
1612 2075 1784 2109 persistenle,

1005 2116 1110 2151 peribat
1127 2118 1264 2145 hominum
1279 2127 1372 2153 genus,
1389 2120 1498 2154 ipseque
1507 2119 1586 2147 homo
1599 2120 1711 2147 rationis
1727 2129 1788 2154 par-

1006 2162 1090 2197 ticeps
1107 2167 1133 2190 et
1153 2164 1187 2191 ad
1214 2165 1357 2200 imaginem
1375 2166 1462 2194 factus
1483 2166 1626 2198 interibat,
1641 2175 1673 2193 ac
1692 2174 1758 2199 opus
1772 2174 1786 2192 a

1005 2208 1059 2235 Deo
1075 2213 1261 2237 constructum
1275 2211 1472 2240 destruebatur.
1489 2211 1547 2240 Jem
1562 2213 1644 2244 enim,
1662 2217 1689 2238 ut
1707 2219 1786 2245 supra

170 2246 226 2273 Καὶ
245 2245 299 2282 γὰρ
320 2248 367 2274 καὶ
380 2248 394 2273 ὁ
416 2247 538 2281 θάνατος,
562 2248 599 2280 ὠς
620 2251 758 2284 προεῖπον,
772 2249 846 2284 νόμῳ
862 2249 952 2276 λοιπὸν

1006 2254 1093 2286 docui,
1111 2263 1185 2284 mors
1199 2257 1224 2283 vi
1244 2257 1309 2292 legis
1322 2263 1415 2284 contra
1426 2266 1475 2285 nos
1487 2259 1603 2285 maxime
1615 2258 1729 2290 valebat,
1740 2265 1788 2284 nec

171 2291 247 2327 ἴσχυε
258 2292 317 2318 καθ’
342 2292 429 2328 ἡμῶν·
452 2293 499 2319 καὶ
519 2293 568 2328 οὺχ
580 2291 635 2320 οἷόν
648 2303 677 2321 τε
689 2292 723 2330 ἦν
737 2295 783 2321 τὸν
804 2295 884 2330 νόμον
907 2296 953 2322 ἐκ·

131 2336 139 2346 “
170 2338 276 2370 φυγεῖν,
294 2336 338 2364 διὰ
354 2337 383 2364 τὸ
399 2337 452 2364 ὑπὸ
463 2337 529 2364 Θεοῦ
542 2339 677 2366 τεθεῖσθαι
693 2339 787 2366 τοῦτον
798 2340 848 2376 τῆς
863 2349 952 2376 παρα-

170 2384 275 2415 ὃάσεως
287 2384 376 2420 χάριν.
394 2385 448 2411 Καὶ
473 2382 506 2420 ἦν
523 2385 620 2412 ἄτοπον
633 2386 699 2421 ὁμοῦ
713 2387 760 2413 καὶ
781 2387 903 2422 ἀπρεπὲς
924 2388 954 2414 τὸ

170 2429 310 2464 γινόμενον
326 2428 443 2464 ἀληθῶς.
456 2430 571 2456 ’Ἄτοπον
587 2431 635 2465 μὲν
653 2431 708 2466 γὰρ
723 2429 756 2466 ἧν
771 2432 881 2459 εἰπόντα
897 2433 952 2468 (67)

169 2474 215 2500 τὸν
235 2474 301 2501 Θεὸν
323 2474 489 2509 ψεύσασθαι,
519 2474 589 2501 ὥστε
615 2477 845 2512 νομοθετήσαντος
870 2478 952 2505 αὐτοῦ

204 2534 228 2550 ⁵⁸
239 2534 302 2569 Sap.
315 2542 345 2566 ιι,
359 2534 404 2568 23,
418 2535 464 2562 24.
537 2535 560 2550 ⁸³
577 2534 655 2562 Rom.
670 2543 691 2568 ι,
705 2536 749 2569 9.6,
764 2536 810 2563 27.

216 2612 260 2649 61)
272 2612 479 2649 Βθείἰ.,ἦγγισε.

215 2648 381 2684 62)(ἰτιειιιιε
395 2649 540 2684 Scripturze
562 2652 652 2676 textus
674 2649 771 2682 habet,
792 2651 840 2676 καὶ
862 2651 954 2677 εἰκόνα

168 2684 220 2719 τῆς
236 2683 302 2714 ἰδίας
320 2683 449 2719 ἰδιότητος
475 2683 713 2719 ἐποίησενῗαὺτόν,
733 2685 872 2718 imaginem
893 2695 954 2718 pro-

171 2718 418 2755 prietrproprietatis
435 2719 495 2755 fecit
511 2727 580 2755 eum.
606 2718 735 2753 Vulgata,
758 2720 792 2746 ad
815 2720 952 2755 imaginem

171 2753 352 2788 similitudini:
366 2761 422 2780 suae
438 2753 499 2788 fecit
511 2754 597 2781 illum.

207 2787 450 2848 figi)..Anglicauus,
464 2787 669 2823 ἐξεληλύθασινι
682 2789 735 2815 Καί
750 2796 807 2823 seq.
824 2789 901 2816 abest.
923 2790 957 2816 ab

172 2830 276 2850 eouem.

210 2857 265 2893 (6})
280 2856 326 2893 §ic
336 2856 526 2893 _Seguer.AA|ii
545 2865 609 2885 vero
622 2866 681 2884 cum
698 2858 788 2886 editis.
807 2859 937 2893 ἐγείρετο.

207 2891 261 2927 (65)
278 2890 322 2918 Sic
335 2890 557 2927 Seg‘ucrqBasilq
568 2893 674 2920 Golxler.
689 2899 716 2921 cl
732 2890 848 2921 Eeicktn.
867 2890 878 2921 ἱ
900 2902 959 2927 au.,

1005 2299 1083 2327 vitari
1100 2305 1204 2334 poterat
1223 2301 1265 2329 lex
1282 2302 1443 2338 illa,quippe
1457 2311 1515 2338 qum
1528 2311 1543 2330 a
1557 2303 1611 2330 Deo
1628 2304 1788 2338 pracvarica-

1007 2345 1087 2373 tionis
1101 2355 1180 2374 causa
1199 2347 1287 2375 fuerat
1302 2350 1436 2383 imposita.
1455 2349 1519 2382 Quae
1535 2357 1577 2376 res
1592 2357 1655 2376 sane
1671 2348 1787 2376 absurda

1005 2392 1124 2420 simulet
1143 2393 1270 2420 indecora
1292 2394 1351 2422 luit.
1370 2394 1436 2422 Nam
1461 2395 1604 2422 absurdum
1629 2400 1687 2421 erat
1704 2394 1786 2422 Deum

1005 2437 1160 2471 loquentem
1173 2439 1293 2472 mentiri,
1306 2441 1327 2467 si
1346 2449 1441 2476 nempe
1453 2441 1507 2468 Deo
1522 2441 1656 2468 hominem
1672 2441 1694 2468 si
1710 2449 1786 2467 man-

1006 2482 1097 2510 datum
1113 2484 1227 2526 violaret
1241 2488 1309 2513 mori
1322 2490 1466 2518 statuente,
1483 2485 1582 2513 violato
1596 2486 1720 2513 mandato
1734 2494 1785 2513 non

1007 2621 1085 2652 atque
1098 2618 1132 2644 ita
1149 2618 1249 2653 legitur
1262 2619 1288 2645 in
1304 2618 1398 2645 Graeco
1421 2617 1450 2645 S.
1466 2618 1611 2653 Scriptura;
1627 2621 1701 2645 textu
1719 2626 1726 2644 :
1741 2616 1786 2643 alii

1006 2660 1071 2679 vero
1086 2660 1145 2679 cum
1158 2654 1247 2686 editis,
1261 2653 1452 2684 ἀπολαϐόντες.

1041 2686 1097 2721 (66)
1114 2688 1238 2722 Seguer.,
1252 2689 1360 2716 Gobler.
1380 2693 1407 2715 et
1431 2687 1548 2714 Felckm.
1567 2687 1579 2714 Ι
1605 2694 1698 2718 anon.,
1715 2695 1788 2721 παρ-

1006 2722 1155 2750 απώλλετο.
1171 2722 1356 2750 lbid.-Gob|er.
1379 2729 1406 2751 et
1425 2722 1543 2750 Felckm.
1563 2724 1574 2748 1
1603 2729 1683 2749 anon.
1708 2723 1788 2747 omit-

1007 2762 1066 2784 tunt
1083 2758 1130 2787 καὶ
1146 2757 1209 2793 γάρ,
1224 2765 1283 2792 quae
1301 2766 1349 2785 nec
1370 2758 1497 2792 exprimit
1516 2757 1638 2784 Nannius
1653 2756 1719 2793 :_alii
1737 2763 1786 2783 an-

1009 2797 1060 2819 tem
1079 2801 1139 2819 cum
1157 2791 1239 2820 editis
1260 2793 1375 2826 habent.
1396 2791 1422 2820 et
1441 2793 1562 2827 legerunt
1582 2791 1748 2820 Omnibonus
1760 2795 1789 2818 et

1008 2827 1166 2854 Ambrosius
1178 2827 1299 2855 Catuald.

1042 2862 1098 2898 (67)
1112 2863 1283 2898 Anglicanus,
1302 2864 1418 2891 ’Δτοπον
1431 2863 1484 2898 γὰρ
1497 2863 1529 2890 ἂν
1542 2862 1594 2897 εἴη.
