2037 3044
283 162 332 189 107

561 162 590 191 S.
612 162 795 190 ATHANASII
814 162 889 190 OPP.
910 161 999 189 PARS
1017 161 1038 188 I.
1059 176 1092 183 -—
1110 159 1292 189 HISTORICA
1310 160 1355 189 ΕΤ
1375 160 1583 189 DOGMATICA.

1846 162 1895 189 108

283 227 444 254 moreretur,
467 222 514 249 sed
541 222 633 249 irritus
648 222 725 250 fleret
738 222 796 257 ejus
814 229 913 250 sermo.
924 221 1062 257 Siquidem

1115 220 1220 255 θανάτῳ
1229 219 1410 256 ἀποθνήσκειν
1424 219 1468 248 τὸν
1486 219 1641 255 ἄνθρωπον,
1653 220 1677 246 εἰ
1689 219 1828 257 παραϐαίῃ
1849 220 1896 255 τὴν

282 276 363 296 verax
386 267 456 294 Deus
477 275 528 293 non
551 267 656 301 fuisset,
677 268 698 295 si
726 268 771 295 illo
794 275 843 295 nos
865 268 1012 295 morituros
1024 267 1064 295 di-

280 317 369 344 cente,
385 313 464 339 homo
487 321 538 340 non
567 318 729 341 moreretur.
748 314 807 340 Alia
827 320 915 342 autem
939 321 971 341 ex
987 318 1064 348 parte

280 358 437 387 indecorum
456 364 513 386 erat
535 367 578 386 res
597 360 709 387 rationis
727 366 865 394 compotes
880 366 906 387 et
924 360 1002 388 Verbi
1017 360 1062 387 Dei

279 404 364 431 semel
376 403 460 431 factas
478 405 625 440 participes
641 405 765 435 interire.
783 413 929 439 rursusque
951 406 976 433 in
994 406 1062 433 nihi-

280 452 334 480 lum
349 453 519 488 corruptione
538 453 647 481 reverti.
663 453 757 480 Divina
772 454 843 481 enim
858 453 976 481 bonitate
994 453 1062 480 indi-

279 506 361 534 gnum
373 506 485 533 prorsus
493 504 553 526 erat
566 507 609 527 res
619 508 633 526 a
651 500 705 527 Deo
717 499 811 531 factas,
822 499 857 526 ob
872 499 1061 533 fraudem,qua

279 544 401 572 homines
424 544 544 573 diabolus
571 546 759 578 circumvenit,
781 547 891 573 destrui.
919 545 947 574 In
969 547 1063 581 primis

279 598 343 618 vero
353 591 508 623 dedecebat,
522 591 568 620 Dei
584 597 668 619 artem
685 592 712 619 in
728 592 881 620 hominibus
898 593 938 619 vel
955 598 1063 627 propter

279 637 385 664 illorum
403 638 535 664 incuriam
553 638 593 665 vel
619 643 729 674 propter
741 639 894 667 daemonum
912 640 1000 666 dolum
1016 639 1063 666 de-

280 683 340 710 leri.
359 682 452 718 Itaque
468 683 622 711 hominibus
640 684 813 718 pereuntibus
833 684 982 718 talibusque
996 690 1062 717 ope-

279 729 354 756 ribus
378 729 404 756 in
419 728 529 756 exitium
540 729 708 763 labentibus,
721 729 785 764 quid
800 730 881 757 Deum
893 750 900 761 ,
915 730 960 764 qui
978 729 1063 756 bonus

279 777 330 807 est,
348 773 438 802 facere
453 775 617 809 oportebat?
632 775 671 802 An
694 775 784 802 sinere
804 779 833 802 ut
854 775 992 810 corruptio
1016 775 1063 804 ad-

278 827 377 847 versus
403 820 461 847 illos
477 821 578 848 valeret
601 825 628 848 et
646 829 718 848 mors
742 821 783 848 eis
799 821 1010 848 dominaretur?
1029 821 1064 848 At

279 865 344 901 quid
361 865 507 900 profuisset
532 866 593 893 illos
616 866 650 894 ab
670 866 748 894 initio
767 866 855 894 factos
869 874 929 894 esse
946 867 957 893 7
971 867 1062 894 Satius

1114 265 1232 301 ἐντολὴν,
1257 266 1326 301 μετὰ
1341 265 1389 301 τὴν
1403 265 1558 301 παράϐασιν
1571 265 1609 301 μὴ
1621 265 1809 301 ἀποθνήσκειν,
1831 265 1896 292 ἀλλά

1113 312 1224 339 λύεσθαι
1234 312 1279 339 τὸν
1289 312 1383 339 τούτου
1399 312 1486 346 λόγον.
1502 313 1558 339 Οὐκ
1571 312 1673 348 ἀληθὴς
1687 312 1742 348 γὰρ
1755 310 1811 348 ἦνὸ
1821 312 1895 343 Θεὸς.

1113 359 1148 391 εί,
1162 359 1283 390 είπόντος
1292 359 1374 389 αὑτοῦ
1385 359 1566 394 ἀποθνήσκειν
1579 359 1662 395 ἡμᾶς,
1678 359 1716 394 μὴ
1730 358 1896 394 ἀπέθνησκεν

1113 404 1128 430 ὁ
1142 404 1292 440 ἄνθρωπος.
1302 405 1436 441 ’Δπρεπὲς
1449 405 1478 431 δὲ
1493 402 1527 439 ἦν
1543 404 1623 431 πάλιν
1637 404 1671 431 τὰ
1685 403 1758 436 ἅπαξ
1767 404 1895 439 γενόμενα

1113 449 1208 484 λογικὰ
1219 450 1266 477 καὶ
1280 450 1328 477 τοῦ
1342 450 1428 485 Λόγου
1440 450 1521 478 αὺτοῦ
1540 450 1706 485 μετασχόντα
1722 450 1894 485 παραπόλλυ-

1114 496 1187 530 οθαι,
1209 496 1255 523 καὶ
1280 496 1360 524 πάλιν
1375 498 1414 530 είς
1433 497 1463 523 τὸ
1475 497 1513 532 μὴ
1527 495 1595 524 εἶναι
1611 497 1655 523 διὰ
1664 497 1713 532 τῆς
1723 496 1825 532 φθορᾶς
1839 498 1895 523 ἑπι-

1114 543 1249 578 στρέφειν.
1264 543 1320 569 Οὗκ
1335 542 1407 575 ἀξιον
1424 542 1478 578 γὰρ
1489 541 1522 578 ἦν
1543 543 1593 578 τῆς
1603 543 1767 578 ἀγαθότητος
1778 542 1824 569 τοῦ
1832 542 1895 569 Θεοῦ

1113 589 1146 616 τὰ
1163 589 1208 615 ὑπ’
1221 588 1304 616 αὑτοῦ
1326 589 1460 623 γενόμενα
1476 589 1677 625 διαφθείρεσθαι
1690 588 1734 615 διὰ
1749 589 1799 624 τὴν
1824 588 1895 624 παρὰ

1112 634 1160 662 τοῦ
1172 635 1294 662 διαϐόλου
1310 636 1458 672 γενομένην
1470 638 1525 668 τοῖς
1541 635 1694 670 ἀνθρώποις
1706 636 1823 671 ἀπάτην.
1837 635 1896 662 Ἀ).-

1113 681 1165 713 λως
1177 690 1206 708 τε
1220 682 1327 709 καὶτῶν
1341 682 1554 718 ἀπρεπεστάτων
1565 679 1599 717 ἦν
1611 683 1660 717 τὴν
1667 682 1712 708 τοῦ
1725 681 1791 708 Θεοῦ
1802 681 1896 717 τέχνην

1113 729 1142 754 ὲν
1169 729 1226 760 τοῖς
1254 728 1408 764 ἀνθρώποις
1429 728 1608 763 ἀφανίζεσθαι
1634 728 1652 764 ἢ
1676 728 1719 755 διὰ
1740 728 1788 763 τὴν
1809 727 1895 754 αὐτῶν

1112 774 1242 809 ἀμέλειαν
1252 775 1268 810 ἢ
1279 775 1323 802 διὰ
1338 774 1386 810 τὴν
1400 775 1454 801 τῶν
1466 775 1599 810 δαιμόνων
1619 774 1737 810 ἀπάτην.
1754 773 1895 810 Φθειρομέ-

1112 828 1165 847 νων
1185 819 1274 847 τοίνυν
1294 819 1348 846 τῶν
1362 819 1477 854 λογικῶν
1494 819 1541 846 καὶ
1571 818 1820 854 παραπολλυμένων
1844 817 1894 844 τῶν

1112 866 1240 894 τοιούτων
1251 865 1350 902 ἔργων,
1365 866 1391 893 τί
1407 867 1453 893 τὸν
1469 866 1535 893 Θεὸν
1547 865 1600 892 ἔδει
1614 867 1700 892 ποιεῖν
1709 865 1811 900 ἀγαθὸν
1821 865 1894 897 bna;

279 911 350 938 enim
377 915 437 938 erat
455 919 501 938 eos
518 912 629 940 omnino
652 920 704 939 non
725 912 798 945 fieri,
818 920 898 948 quam
915 912 1002 940 factos
1017 921 1064 940 ne-

1121 913 1239 946 Ἀφεῖναι
1263 913 1312 949 τὴν
1341 912 1444 948 φθορὰν
1459 913 1518 939 κατ’
1533 912 1623 938 αὐτῶν
1652 911 1763 946 ἰσχύειν,
1789 911 1896 938 καὶτὸν

279 957 342 993 gligi
360 963 387 984 et
409 958 531 986 interire.
548 959 687 993 Siquidem
716 958 869 992 hujusmodi
901 959 1063 994 negligentia

280 1002 448 1030 infirmitatis
473 1003 519 1030 Dei
545 1010 598 1030 non
624 1003 756 1031 bonitatis
770 1004 857 1038 maius
874 1004 970 1031 fuisset
986 1012 1065 1039 argu-

280 1048 445 1080 mentum,si
462 1048 588 1076 nimirum
601 1055 668 1084 opus
683 1049 754 1083 quod
767 1048 868 1076 fecerat
885 1049 988 1076 destrui
1003 1057 1065 1084 per-

280 1094 411 1126 misisset.
427 1101 508 1129 quam
529 1094 554 1122 si
574 1094 713 1122 hominem
732 1095 766 1122 ab
788 1095 867 1122 initio
886 1094 994 1130 penitus
1013 1102 1066 1122 non

280 1140 397 1168 fecisset.
415 1140 443 1168 Si
463 1141 534 1168 enim
558 1149 610 1169 non
626 1141 748 1170 fecisset.
765 1140 855 1168 nullus
873 1145 946 1168 esset
967 1141 1012 1176 qui
1029 1141 1061 1168 de

280 1186 436 1214 inﬁrmitate
450 1186 581 1221 cogitaret
596 1195 602 1214 :
622 1191 660 1219 at,
677 1192 820 1221 postquam
832 1186 906 1213 illum
923 1186 986 1214 fecit
997 1191 1024 1213 et
1036 1191 1066 1213 ut

279 1237 352 1260 esset
363 1233 476 1265 creavit,
492 1239 559 1267 opus
570 1233 658 1267 perire
669 1233 819 1267 praesertim
831 1232 858 1259 in
875 1232 960 1267 ipsius
971 1236 1066 1259 aucto-

279 1278 318 1306 ris
331 1283 476 1314 conspectu
488 1286 533 1306 res
548 1278 642 1306 fuisset
653 1278 829 1313 perabsurda.
846 1277 939 1312 Itaque
951 1285 1000 1312 par
1011 1278 1065 1305 Deo

280 1332 334 1352 non
347 1328 406 1352 erat
418 1324 508 1352 sinere
519 1325 644 1352 homines
662 1325 688 1351 in
701 1324 905 1358 corruptionem
924 1323 988 1356 labi,
1003 1324 1065 1358 quia

280 1371 307 1398 id
325 1371 482 1398 indecorum
497 1375 524 1399 et
544 1371 682 1405 indignum
701 1371 798 1397 divina;
815 1370 945 1397 bonitatis
959 1374 1027 1396 erat.

1113 958 1226 986 θάνατον
1238 959 1327 986 αὐτῶν
1337 960 1463 994 κρατεϊν;
1475 959 1529 986 Καὶ
1542 959 1584 991 τίς
1597 959 1614 994 ἡ
1629 959 1708 994 χρεία
1725 958 1780 994 (68)
1797 958 1843 984 τοῦ
1854 958 1896 984 καὶ

1114 1004 1142 1037 ἑξ
1155 1004 1241 1039 ἀρχῆς
1253 1003 1323 1030 αὖτά
1347 1004 1489 1038 γενέσθαι;
1508 1004 1583 1031 Ἔδει
1597 1005 1652 1041 γὰρ
1668 1005 1705 1040 μὴ
1720 1004 1855 1039 γενέσθαι,
1879 1003 1895 1039 ἢ

1113 1050 1245 1085 γενόμενα
1265 1050 1319 1085 (69)
1332 1050 1556 1086 παραμεληθῆναι
1574 1052 1620 1078 καὶ
1631 1051 1787 1078 ἀπολέσθαι.
1812 1050 1897 1077 Ἀσθέ-

1114 1104 1173 1122 νεια
1188 1096 1242 1131 γὰρ
1259 1096 1358 1131 μᾶλλον
1384 1097 1432 1123 καὶ
1447 1097 1496 1123 οὐκ
1509 1097 1644 1133 ἀγαθότης
1662 1098 1694 1124 ὲκ
1708 1097 1758 1133 τῆς
1773 1097 1896 1133 ἀμελείας

1115 1141 1276 1176 γινώσκεται
1292 1142 1338 1169 τοῦ
1361 1143 1439 1176 Θεοῦ,
1467 1144 1490 1170 si
1506 1145 1621 1179 ποιήσας
1637 1145 1745 1180 παρορᾷ
1764 1144 1896 1179 φθαρῆναι

1115 1187 1145 1214 τὸ
1156 1187 1252 1214 ἑαυτοῦ
1272 1187 1362 1223 ἔργον,
1379 1188 1450 1224 ἢπερ
1461 1188 1485 1214 εί
1498 1188 1535 1224 μὴ
1551 1189 1684 1224 πεποίηκε
1701 1188 1756 1223 (70)
1771 1189 1840 1215 κατά
1850 1188 1895 1223 τὴν

1115 1232 1201 1268 ἀρχὴν
1213 1233 1258 1259 τὸν
1273 1232 1424 1268 ἄνθρωπον.
1440 1233 1485 1269 Μὴ
1501 1234 1662 1268 ποιήσαντος
1683 1234 1731 1269 μὲν
1742 1233 1798 1269 γὰρ
1812 1235 1859 1260 οὐκ
1866 1231 1896 1269 ἦν

1114 1278 1128 1304 ὸ
1139 1278 1311 1314 λογιζόμενος
1327 1279 1376 1315 τὴν
1389 1279 1538 1306 ἀσθένειαν·
1566 1281 1728 1315 ποιήσαντος
1742 1279 1771 1307 δὲ
1793 1280 1838 1306 καὶ
1860 1280 1896 1311 εἰς

1114 1324 1145 1350 τὸ
1169 1322 1237 1351 εἶναι
1265 1325 1416 1357 κτίσαντος,
1436 1326 1610 1353 ἀτοπώτατον
1633 1324 1667 1362 ἦν
1679 1326 1844 1353 ἀπόλλοσθαι
1865 1326 1896 1353 τὰ

1115 1370 1193 1406 ἔργα,
1207 1371 1253 1398 καὶ
1269 1372 1386 1406 μάλιστα
1398 1373 1441 1399 ἐπ’
1456 1372 1514 1407 ὕψει
1531 1372 1578 1399 τοῦ
1592 1372 1781 1407 πεποιηκότος.
1798 1371 1895 1398 Οὐκοῦν

281 1417 334 1445 ἔδει
346 1419 408 1450 τοὺς
419 1417 578 1454 ἀνθρώπους
592 1418 629 1454 μὴ
651 1417 758 1452 ἀφιέναι
784 1416 913 1452 φέρεσθαι
923 1418 956 1452 τῇ
972 1417 1068 1453 φθορᾷ,
1087 1417 1130 1444 διὰ
1145 1418 1176 1444 τὸ
1189 1418 1311 1454 ἀπρεπὲς
1321 1419 1368 1446 καὶ
1390 1419 1496 1452 ἀνάξιον
1516 1417 1584 1446 εἶναι
1600 1418 1678 1445 τοῦτο
1697 1418 1749 1454 τῆς
1767 1417 1815 1445 τοῦ
1833 1416 1895 1444 θεοῦ

279 1467 455 1502 ᾀγαθότητος.

315 1513 340 1541 7.
360 1513 471 1548 Verum,
485 1515 710 1550 quemadmodum
726 1515 763 1542 ita
776 1521 833 1542 rem
845 1522 904 1542 esse
928 1514 1040 1542 decebat
1055 1523 1062 1541 :

1151 1513 1176 1540 ’1.
1195 1512 1264 1539 Ἀλλ’
1281 1512 1375 1547 ὥσπερ
1388 1512 1440 1538 ἔδει
1462 1512 1540 1539 τοῦτο
1552 1511 1687 1546 γενέσθαι,
1702 1511 1775 1539 οὕτω
1800 1511 1844 1538 καὶ
1866 1510 1895 1536 ἐκ

279 1560 320 1587 sic
337 1567 431 1588 rursus
444 1567 459 1588 e
475 1561 624 1593 contrario,
641 1560 698 1588 Deo
713 1568 820 1596 quoque
841 1561 1018 1588 conveniebat
1038 1561 1064 1588 in

280 1605 340 1642 lege
351 1613 432 1641 quam
449 1607 482 1633 de
497 1610 584 1634 morte
602 1606 700 1634 tulerat
716 1614 838 1634 veracem
855 1607 950 1634 videri.
964 1607 1065 1634 Absur-

281 1652 343 1679 dum
360 1652 433 1679 enim
457 1652 553 1680 fuisset
575 1652 658 1679 Deum
686 1653 810 1680 veritatis
834 1657 950 1688 patrem,
966 1656 1065 1679 nostra?

281 1698 407 1726 utilitatis
424 1704 449 1726 el
464 1699 678 1727 conservationis
693 1707 774 1727 causa
788 1699 948 1727 mendacem
968 1698 1064 1726 videri.

282 1746 352 1779 Quid
361 1746 445 1780 igitur
455 1746 540 1773 hacin
553 1753 582 1772 re
596 1745 653 1773 fieri
663 1745 792 1780 oportuit.
805 1745 847 1772 vel
861 1745 924 1780 quid
943 1745 987 1772 hic
1003 1751 1066 1779 age—

282 1799 311 1819 re
327 1792 397 1819 Deus
407 1791 521 1819 debuit?
534 1791 611 1826 Legis
624 1790 764 1826 perfractae
772 1790 958 1825 paenitentiam
971 1790 1004 1817 ab
1014 1791 1065 1818 ho-

281 1837 399 1865 minibus
409 1838 517 1872 exigere
531 1837 543 1864 ?
555 1837 582 1864 ld
595 1837 666 1864 enim
677 1837 732 1865 Deo
747 1836 858 1871 dignum
871 1844 932 1864 esse
947 1844 1000 1864 non
1016 1837 1067 1864 im-

283 1883 380 1910 merito
390 1883 451 1918 quis
461 1883 570 1915 dixerit,
580 1887 609 1910 ut
623 1883 850 1918 quemadmodum
865 1890 899 1910 ex
914 1887 1065 1917 transgres-

282 1929 360 1956 sione
377 1928 663 1964 corruptionisubjecti
679 1929 796 1962 fuerunt,
810 1929 849 1956 sic
859 1936 892 1956 ex
908 1929 1066 1963 pcenitentia

283 1973 430 2008 incorrupti
440 1974 535 2001 iterum
545 1974 651 2001 tierent.
663 1974 744 2009 Atqui
761 1982 849 2009 neque
866 1974 1023 2009 paenitentia
1040 1975 1065 2002 id

294 2018 366 2050 quod
382 2018 438 2046 Deo
458 2018 587 2046 decorum
605 2023 647 2046 est
659 2019 795 2053 servabat,
812 2020 1027 2056 quandoquidem
1044 2020 1066 2047 si

283 2068 398 2092 mortem
405 2063 700 2099 hominesell‘ugissenl,
710 2065 779 2092 Deus
787 2073 838 2092 non
846 2072 925 2092 verax
935 2065 1068 2092 nihilomi—

284 2118 335 2137 nmt
360 2110 518 2142 mansisset,
542 2117 631 2145 neque
664 2110 746 2137 etiam
774 2110 932 2145 ptenitentia
964 2115 1069 2138 natura:

284 2156 466 2184 conditionem
480 2156 570 2189 solvit,
603 2156 649 2183 sed
663 2160 768 2183 tantum
779 2164 793 2182 a
808 2157 926 2191 peccatis
948 2161 1066 2184 coercet.

1115 1560 1168 1587 τῶν
1182 1559 1309 1586 ἐναντίων
1324 1559 1403 1586 πάλιν
1423 1559 1571 1585 ἀντίκειται
1588 1558 1618 1585 τὸ
1633 1558 1702 1594 πρὸς
1713 1558 1760 1584 τὸν
1778 1557 1842 1584 Θεὸν
1853 1555 1895 1583 εὕ-

1114 1606 1202 1640 λογον,
1217 1605 1286 1632 ὥστε
1300 1605 1384 1641 ἀληθῆ
1400 1605 1518 1640 φανῆναι
1540 1605 1586 1631 τὸν
1600 1604 1665 1631 Θεὸν
1683 1604 1738 1640 (Π)
1753 1605 1782 1630 ὲν
1793 1605 1824 1639 τῇ
1839 1602 1895 1638 περὶ

1114 1652 1160 1679 τοῦ
1173 1652 1288 1679 θανάτου
1304 1651 1579 1687 νομοθεσίᾳ.”Ατοπον
1591 1651 1644 1686 γὰρ
1655 1648 1689 1686 ἦν
1702 1650 1746 1677 διὰ
1763 1651 1813 1686 τὴν
1823 1649 1895 1685 ἡμῶν

1114 1698 1246 1733 ὠφέλειαν
1255 1697 1302 1725 καὶ
1313 1698 1440 1733 διαμονὴν
1458 1697 1578 1733 ψεύστην
1593 1698 1708 1732 φανῆναι
1717 1698 1763 1724 τὸν
1774 1697 1824 1732 τῆς
1833 1696 1894 1730 ἀλη-

1116 1744 1190 1776 θείας
1208 1744 1313 1779 πατέρα
1324 1744 1399 1770 Θεόν.
1415 1743 1447 1770 Τί
1464 1740 1509 1770 οὖν
1526 1742 1578 1769 ἔδει
1594 1743 1640 1769 καὶ
1667 1743 1730 1778 περὶ
1745 1743 1840 1770 τούτου
1854 1749 1895 1776 γε-

1115 1789 1234 1825 νέσθαιῆ
1251 1790 1362 1824 ποιῆσαι
1373 1789 1418 1815 τὸν
1446 1788 1527 1820 Θεόν;
1542 1788 1692 1815 Μετάνοιαν
1706 1788 1752 1814 ἐπὶ
1767 1789 1800 1823 τῇ
1815 1795 1896 1823 παρα-

1116 1835 1194 1862 ϐάσει
1207 1836 1269 1867 τοὺς
1283 1835 1441 1871 ἀνθρώπους
1455 1835 1620 1870 ἀπαιτῆσαι;
1636 1834 1721 1860 Τοῦτο
1742 1834 1798 1869 γὰρ
1816 1833 1846 1860 ἄν
1858 1841 1895 1864 τις

1115 1881 1189 1915 ἄξιον
1202 1882 1297 1918 φήσειε
1319 1881 1396 1914 Θεοῦ,
1414 1881 1511 1915 λέγων,
1524 1881 1574 1913 ὅτι,
1590 1880 1684 1916 ὥσπερ
1698 1881 1730 1906 ὲκ
1745 1881 1796 1916 τῆς
1813 1887 1895 1914 παρα-

1117 1929 1221 1960 ϐάσεως
1235 1929 1274 1960 εἰς
1283 1928 1383 1964 φθορὰν
1393 1928 1546 1962 γεγόνασιν,
1556 1927 1642 1959 οὕτως
1651 1928 1683 1954 ὲκ
1691 1927 1740 1962 τῆς
1759 1925 1897 1962 μετανοίας

1116 1975 1236 2009 γένοιντο
1251 1975 1308 2008 (72)
1321 1975 1400 2002 πάλιν
1415 1974 1448 2002 ἂν
1461 1975 1501 2006 είς
1513 1974 1676 2010 ἀφθαρσίαν.
1693 1973 1763 1999 Ἀλλ’
1779 1974 1795 2008 ὴ
1822 1971 1898 2008 μετά-

1116 2029 1175 2048 νοια
1199 2021 1261 2048 οὔτε
1285 2021 1317 2048 τὸ
1333 2020 1440 2056 εὔλογον
1455 2021 1485 2047 τὸ
1513 2021 1580 2056 πρὸς
1602 2019 1648 2046 τὸν
1662 2019 1726 2046 Θεὸν
1741 2019 1892 2054 ἐφύλαττεν·

1116 2068 1195 2104 ἔμενε
1218 2068 1272 2104 γὰρ
1296 2067 1377 2095 πάλιν
1395 2068 1444 2094 οὑκ
1470 2067 1582 2103 ἀληθὴς,
1603 2067 1639 2103 μὴ
1659 2067 1849 2102 κρατουμένων
1871 2065 1897 2090 ὲν

1115 2113 1155 2149 τῷ
1170 2113 1276 2149 θανάτῳ
1299 2114 1353 2141 τῶν
1370 2113 1530 2150 ἀνθρώπων·
1550 2113 1610 2140 οὕτε
1637 2113 1665 2140 δὲ
1677 2114 1694 2148 ἡ
1709 2112 1836 2148 μετάνοια
1849 2110 1897 2137 ἀπὸ

1117 2161 1171 2187 τῶν
1180 2160 1250 2187 κατά
1267 2160 1347 2194 φύσιν
1358 2160 1542 2192 ἀνακαλεῖται,
1558 2159 1625 2186 ἀλλὰ
1650 2159 1729 2195 μόνον
1743 2158 1825 2185 παύει
1848 2156 1897 2183 τῶν

285 2202 370 2234 Unde.
387 2202 410 2230 si
421 2201 506 2229 solum
520 2201 616 2230 fuisset
633 2207 785 2237 peccatum,
797 2209 846 2229 nec
858 2203 995 2236 corruptio
1007 2203 1065 2231 sub-

1118 2193 1332 2241 ἁμαρτημάτων.
1347 2205 1379 2232 El
1392 2205 1440 2240 μὲν
1455 2202 1501 2232 οὖν
1517 2205 1596 2240 μόνον
1607 2202 1640 2240 ἦν
1651 2193 1843 2239 ’πλημμέλημα
1857 2201 1897 2228 καὶ

283 2253 376 2276 secuta
390 2247 496 2280 fuisset.
514 2252 587 2275 recte
608 2247 652 2275 hic
671 2247 758 2275 locuut
781 2248 920 2276 habuisset
931 2249 1066 2283 paeniten-

285 2295 338 2327 tia;
356 2294 403 2322 sed
424 2294 468 2322 ubi
494 2298 634 2329 praeeunte
657 2294 881 2328 transgressione,
899 2295 1023 2322 homines
1039 2295 1066 2322 in

283 2340 483 2374 corruptionem
502 2343 605 2366 natura:
621 2339 738 2367 debitam
760 2339 942 2371 incurrerunt,
955 2345 982 2367 et
998 2341 1067 2367 divi-

285 2394 325 2413 me
350 2385 537 2413 similitudinis
562 2385 649 2420 gratia
678 2385 783 2420 spoliati
807 2390 880 2419 sunt,
894 2385 958 2421 quid
983 2386 1067 2418 aliud,

283 2439 386 2466 quaeso,
404 2430 462 2458 fieri
478 2431 668 2466 oportuit?ch
680 2431 819 2466 cujusnam
835 2439 915 2466 opera
928 2432 960 2459 ad
975 2432 1068 2468 hujus-

284 2478 356 2505 modi
379 2478 495 2513 gratiam
518 2482 546 2505 et
572 2478 795 2506 instaurationem
818 2479 997 2514 praestandam
1022 2487 1070 2506 ne-

283 2523 401 2551 cessaria
415 2524 476 2557 fuit,
490 2525 541 2552 nisi
562 2524 608 2551 Dei
626 2524 718 2557 Verbi,
733 2532 746 2551 a
763 2532 816 2559 quo
829 2525 921 2552 omnia
935 2532 966 2552 ex
985 2526 1068 2553 nihilo

319 2579 376 2617 (68)
393 2580 439 2617 Sic
451 2588 546 2617 omnes
564 2588 628 2617 mss.
645 2581 715 2608 Editi
731 2586 831 2617 autem.
847 2581 952 2617 ήχρεία
964 2582 1016 2614 τίς.

319 2616 377 2650 (69)
389 2616 515 2650 Seguer.,
525 2615 678 2643 Goblerian.
694 2621 720 2643 et
732 2615 987 2648 Felckutjt'auou"
999 2617 1071 2651 γινό-

321 2659 363 2676 να.

392 2685 548 2722 δοκοίη-,ει
558 2686 673 2720 Anglic.,
687 2687 841 2722 πεποιήκει,

321 2721 378 2756 (Ἡ)
395 2721 478 2757 "Qus
487 2721 573 2756 ἀληθῆ
590 2723 706 2757 φανῆναι
721 2722 768 2748 τὸν
780 2722 845 2748 Θεόν
864 2721 960 2757 desunt
975 2722 1001 2749 in
1018 2721 1071 2750 Go-

287 2755 353 2782 lvter.
369 2755 396 2782 et
406 2755 555 2783 Felckut.'l
568 2755 661 2784 suo":
671 2765 720 2783 nec
735 2764 767 2783 ea
782 2757 915 2790 expressit
931 2756 1049 2784 Nannius
1062 2766 1068 2783 :

288 2791 332 2816 alii
345 2799 406 2817 cum
419 2792 499 2818 editis
517 2792 633 2822 habent.
653 2796 681 2818 et
701 2797 840 2819 verterunt
854 2791 1021 2820 Omnibonus
1042 2799 1069 2819 et

287 2825 444 2852 Ambrosius
458 2826 578 2852 Catuald.

324 2859 379 2892 t7‘z)
395 2859 430 2895 ita
443 2869 536 2895 omnes
549 2868 612 2888 mss.
624 2860 693 2887 Editi
707 2868 780 2890 vero.
797 2862 908 2895 γένοιτο.

324 2895 380 2930 (75)
395 2894 439 2921 διε
453 2894 576 2929 Seguer.,
593 2895 700 2923 Gobler.
714 2902 740 2923 ct
756 2896 874 2923 Felt'km.
892 2897 902 2924 i
917 2904 996 2925 anon.
1015 2897 1065 2924 Alii

1119 2250 1157 2285 μὴ
1176 2249 1277 2285 φθορᾶς
1291 2249 1514 2285 έπακολούθησις,
1529 2249 1618 2281 καλῶς
1632 2249 1664 2276 ἂν
1678 2246 1712 2284 ἦν
1729 2250 1745 2285 ἡ
1764 2248 1896 2285 μετάνοια¹

1117 2297 1141 2322 εἰ
1157 2296 1196 2328 δὲ,
1208 2296 1281 2328 ἃπαξ
1303 2296 1491 2332 προλαΰούσης
1507 2296 1557 2332 τῆς
1582 2295 1774 2332 παραϐάσεως,
1793 2296 1832 2327 εἰς
1853 2293 1896 2328 τὴν

1117 2342 1188 2369 κατά
1201 2342 1281 2377 φύσιν
1298 2341 1354 2378 (⁵15)
1370 2342 1472 2378 φθορὰν
1482 2342 1645 2378 ἐκρατοῦντο
1658 2343 1682 2369 οἱ
1698 2342 1844 2378 ἄνθρωποι,
1854 2339 1897 2366 καὶ

1117 2388 1166 2423 τὴν
1178 2388 1225 2414 τοῦ
1242 2388 1301 2415 κατ’
1313 2388 1405 2415 εἰκόνα
1419 2389 1499 2424 χάριν
1513 2388 1706 2424 ἀφαιρεθέντες
1714 2386 1794 2423 ἦσαν,
1805 2387 1831 2413 τί
1840 2385 1898 2413 ἄλλο

1121 2434 1174 2460 ἔδει
1187 2435 1329 2469 γενέσθαι;
1344 2435 1360 2470 ἢ
1377 2435 1449 2466 τίνος
1464 2433 1498 2470 ἢν
1525 2434 1604 2470 χρεία
1625 2433 1693 2469 πρὸς
1712 2434 1761 2470 τὴν
1778 2431 1897 2465 τοιαύτην

1121 2481 1200 2516 χάριν
1220 2482 1266 2508 καὶ
1286 2481 1434 2516 ἀνάκλησιν
1450 2480 1467 2516 ἢ
1483 2480 1530 2507 τοῦ
1545 2480 1592 2507 καὶ
1604 2479 1660 2515 (74)
1678 2479 1748 2506 κατά
1756 2479 1804 2515 τὴν
1818 2476 1896 2514 ἀρχὴν

1122 2527 1154 2554 ἐκ
1167 2527 1213 2554 τοῦ
1228 2527 1264 2563 μὴ
1277 2527 1352 2559 ὄντος
1368 2527 1546 2562 πεποιηκότος
1555 2527 1588 2554 τὰ
1597 2527 1646 2554 ὅλα
1658 2527 1705 2553 τοῦ
1720 2526 1787 2553 Θεοῦ
1801 2526 1895 2558 Λόγου;

1123 2591 1183 2610 cum
1194 2585 1283 2617 editis,
1293 2585 1367 2620 παρά
1381 2584 1472 2619 φύσιν.
1486 2590 1567 2620 atque
1582 2585 1617 2612 ita
1631 2585 1696 2620 legit
1707 2584 1833 2611 Nannius.
1842 2583 1897 2611 0m—

1124 2619 1239 2647 nibonus
1253 2625 1280 2646 et
1295 2619 1451 2647 Anibrosius
1461 2619 1580 2648 Cunt'ald.
1597 2619 1668 2647 κατᾶ
1679 2620 1758 2654 φύσιν
1773 2620 1894 2654 legerunt,

1123 2654 1205 2689 idque
1217 2655 1312 2683 melius
1326 2659 1352 2682 et
1369 2662 1403 2682 ex
1424 2660 1515 2683 mente
1527 2656 1613 2683 sancti
1635 2655 1793 2688 Athanasii,
1811 2659 1838 2680 ut
1852 2660 1895 2687 pa-

1122 2694 1169 2716 tet.

1154 2725 1219 2764 $74)»
1229 2723 1340 2764 Seguer.
1350 2745 1357 2758 ,
1369 2725 1452 2764 Basil.
1465 2730 1493 2764 et
1513 2725 1632 2764 Felckm.
1649 2724 1667 2751 2
1678 2732 1770 2764 auom,
1787 2723 1830 2751 καί
1843 2725 1895 2764 post

1121 2760 1168 2796 tm}
1187 2762 1287 2796 addunt
1302 2765 1328 2788 et
1344 2766 1404 2794 post
1421 2761 1508 2796 ἀρχήν
1521 2761 1616 2788 tollunt
1633 2769 1640 2786 :
1657 2760 1719 2796 editi
1732 2764 1823 2786 contra
1843 2761 1895 2791 post

1122 2794 1168 2833 τοῦ
1184 2795 1311 2833 omittunt
1325 2801 1421 2833 etpost
1432 2794 1526 2833 ἀρχήν.
1536 2796 1637 2822 addunt
1649 2804 1655 2821 :
1674 2795 1719 2833 alii
1730 2801 1815 2833 _mss._
1828 2798 1895 2833 utru-

1121 2829 1201 2889 illique
1214 2831 1351 2863 omittunt.
1362 2827 1423 2859 Mox
1436 2827 1563 2867 pausia,
1583 2835 1634 2858 art.
1657 2828 1703 2856 τοῦ
1721 2828 1795 2857 deest
1810 2828 1834 2855 in
1846 2827 1894 2855 Λιι-

1121 2872 1135 2889 Π
1149 2873 1180 2889 lf‘.

1121 2872 1180 2899 guc.

1909 2359 1933 2407 ><
