2037 3044
183 169 234 198 Hi9

691 167 819 196 ORATIO
839 166 883 194 DE
901 161 1161 194 INCARNAT'IONE
1178 161 1290 191 VERBI.

1758 157 1809 184 ΗΟ

181 227 268 256 Αὐτοῦ
281 227 337 263 γὰρ
349 223 384 263 ἧν
412 226 493 254 πάλιν
508 225 555 253 καὶ
575 225 606 252 τὸ
627 225 744 262 φθαρτὸν
756 225 796 257 εις
819 223 973 260 ἀφθαρσίαν

1027 220 1104 249 initio
1113 220 1183 248 facta
1198 218 1281 247 sunt?
1297 217 1350 254 53
1369 217 1456 253 Ipsius
1472 216 1604 252 siquidem
1621 219 1680 243 erat
1696 215 1721 242 id
1736 215 1808 250 quod

181 274 314 307 ἐνεγκεῖν,
330 272 377 298 καὶ
386 271 417 298 τὸ
430 271 502 306 ὑπὲρ
514 270 624 298 πάντων
631 270 742 305 εὔλογον
749 269 890 298 ἀποσῶσαι
905 269 973 304 πρὸς

181 313 227 346 τὸν
236 318 354 353 Πατέρα.
369 317 455 351 Λόγος
466 316 520 352 γὰρ
529 316 567 344 ὢν
581 316 628 343 τοῦ
643 316 750 352 Πατρδς
763 316 810 343 καὶ
822 315 893 351 ὑπὲρ
907 316 974 342 πάν·

181 373 231 396 τας
241 364 290 394 ὢν.
306 362 460 393 ἀκολούθως
475 363 521 388 καὶ
541 360 730 388 ἀνακτίσαιτά
753 360 802 388 ὅλα
818 360 874 396 (75)
895 360 974 395 μόνος

181 410 216 447 ἦν
225 410 348 442 δυνατὸς,
362 409 409 436 καὶ
423 408 494 444 ὑπὲρ
504 408 613 435 πάντων
623 407 730 439 παθεῖν,
744 407 792 434 καὶ
804 407 973 443 πρεσϐεῦσαι

183 458 247 494 περὶ
258 457 366 484 πάντων
377 456 470 488 ἱκανὸς
495 455 566 490 πρὸς
581 455 626 482 τὸν
641 454 762 490 Πατέρα.

219 545 247 572 8.
266 544 367 572 Τούτου
390 544 423 580 δὴ
439 544 532 571 ἕνεκεν
553 544 567 571 ὁ
591 543 734 580 ἀσώματος
761 544 809 571 καὶ
836 544 975 579 ἄφθαρτος

183 590 231 618 καὶ
245 590 326 622 ἀΰ).ος
338 590 385 617 τοῦ
401 590 468 617 Θεοῦ
487 591 573 624 Λόγος
590 591 772 626 παραγίνεται
784 591 824 622 είς
840 591 890 626 τὴν
906 591 974 625 ἡμε-

183 636 266 671 τέραν
285 635 386 671 χώραν,
407 634 466 662 οὔτι
488 643 520 670 γε
545 635 652 670 μακρὰν
673 634 712 673 ᾣν
731 635 878 671 πρότερον·
900 635 975 662 οὐδὲν

183 681 238 718 γὰρ
261 681 346 709 αὑτοῦ
362 681 439 708 κενὸν
458 681 648 708 ὑπολέλειπται
668 681 718 716 τῆς
733 682 847 714 κτίσεως
874 682 974 717 μέρος,

185 726 274 754 πάντα
289 727 318 754 δὲ
336 726 380 753 διά
397 727 506 754 πάντων
531 726 712 762 πεπλήρωκεν
731 726 812 758 αὐτὸς
837 726 923 753 συνὼν
936 727 975 762 τῷ

184 771 280 800 ἑαυτοῦ
296 772 397 808 Πατρί-
411 771 479 799 ἀλλὰ
497 771 676 807 παραγίνεται
701 771 926 805 συγκαταϐαίνων
942 773 975 807 τῇ

184 819 224 850 είς
247 818 320 854 ἡμᾶς
343 817 426 844 αὐτοῦ
450 816 641 852 φιλανθρωπίᾳ
668 817 716 844 καὶ
741 812 906 859 ἐπιφανείὲι
921 818 976 845 Καὶ

186 864 248 891 ιδὼν
263 864 295 890 τὸ
310 863 416 898 λογικὸν
437 863 622 899 ἀπολλύμενον
637 863 724 897 γένος,
741 865 787 891 καὶ
801 864 847 890 τὸν
861 864 975 892 θάνατον

185 911 246 937 κατ’
265 909 353 937 αὐτῶν
381 909 556 944 βασιλεύοντα
584 910 618 945 τῇ
647 909 750 945 φθορᾷ’
778 909 850 945 όρῶν
874 910 903 937 δὲ
929 911 975 937 καὶ
991 904 1012 931 Β

184 956 233 991 τὴν
249 955 362 990 ἀπειλὴν
376 955 425 991 τῆς
438 954 619 991 παραϐάσεως
634 955 834 991 διακρατοῦσαν
850 956 899 990 τὴν
914 956 973 982 καθ’

185 1002 264 1043 ἡμῶν
280 1002 399 1038 φθορὰν,
424 1003 471 1030 καὶ
487 1003 527 1029 ὅτι
551 1002 653 1030 ἄτοπον
668 1001 702 1039 ἦν
728 1004 781 1039 πρὸ
798 1004 845 1031 τοῦ
866 1004 975 1040 πληρω-

185 1048 263 1083 θῆναι
277 1047 323 1074 τὸν
339 1048 420 1082 νόμον
432 1046 558 1083 λυθῆναι·
573 1048 644 1084 ὁρῶν
659 1048 688 1074 δὲ
703 1049 749 1075 καὶ
767 1048 797 1075 τὺ
809 1049 932 1084 ἀπρεπὲς
945 1049 975 1076 ὲν

183 1093 224 1129 τῷ
241 1093 434 1129 συμϐεϐηκότι,
449 1094 490 1120 ὅτι
507 1090 544 1121 ὧν
557 1094 639 1126 αὐτὸς
651 1092 685 1130 ἦν
700 1094 874 1131 δημιουργὸς,
889 1095 976 1123 ταῦτα

186 1139 405 1176 παρηφανίζετο·
437 1140 508 1176 ὀρῶν
535 1141 564 1167 δὲ
593 1141 640 1168 καὶ
664 1141 713 1177 τὴν
736 1141 790 1168 τῶν
821 1142 976 1178 ἀνθρώπων

185 1186 407 1222 ὑπερϐάλλουσαν
422 1187 531 1218 κακίαν,
547 1188 588 1214 ὃτι
605 1189 664 1214 κατ’
674 1188 764 1223 ὀλίγον
777 1189 825 1216 καὶ
840 1189 975 1225 ἀφόρητον

184 1232 270 1267 αὐτὴν
282 1231 404 1268 ηὔξησαν
422 1232 483 1259 καθ’
495 1232 614 1259 ἑαυτῶν·
631 1233 702 1268 ὀρῶν
719 1234 747 1260 δὲ
770 1235 815 1261 καὶ
836 1235 867 1261 τὸ
890 1235 975 1262 ὑπεύ-

185 1277 265 1304 θυνον
281 1277 389 1304 πάντων
411 1277 463 1304 τῶν
483 1277 540 1313 (76)
560 1278 712 1314 ἀνθρώπων
735 1279 804 1315 πρὸς
819 1279 865 1306 τὸν
891 1279 974 1307 θάνα-

185 1331 245 1349 τον’
264 1322 378 1358 ἐλεήσας
401 1323 432 1350 τὸ
458 1323 535 1358 γένος
563 1324 652 1359 ἡμῶν.
683 1325 730 1351 καὶ
760 1324 808 1360 ἰὴν
835 1325 975 1353 ἀσθένειαν

185 1366 265 1402 ἡμῶν
278 1368 462 1403 οξκτειρήσας,
477 1369 524 1395 καὶ
536 1370 569 1404 τῇ
587 1368 676 1405 φθορᾷ
693 1370 772 1405 ἡμῶν
790 1371 974 1405 συγκαταϐὰς,

184 1414 232 1440 καὶ
246 1413 294 1450 τὴν
307 1414 355 1441 τοῦ
374 1414 488 1442 θανάτου
503 1411 635 1451 κράτησιν
651 1416 701 1443 οὐκ
718 1417 832 1450 ἐνέγκας
847 1418 915 1453 (77),
933 1419 976 1445 ἵνα

187 1460 268 1496 μὴτὸ
291 1461 437 1496 γενόμενον
459 1461 603 1497 ἀπόληται,
627 1462 675 1489 καὶ
691 1463 730 1494 είς
751 1463 835 1498 ἀργὸν
849 1464 896 1490 τοῦ
917 1464 974 1491 Πα-

185 1506 250 1541 τρὺς
264 1506 295 1533 τὸ
319 1507 359 1538 εἰς
375 1506 535 1542 ἀνθρώπους
549 1507 629 1544 ἔργον
654 1507 736 1534 αὑτοῦ
762 1509 890 1544 γένηται,
907 1508 976 1545 λαμ-

185 1551 263 1578 ϐάνει
286 1552 375 1587 έαυτῷ
401 1552 491 1588 σῶμα,
510 1553 558 1580 καὶ
587 1553 667 1580 τοῦτο
693 1554 742 1580 οὐκ
770 1553 909 1590 ἀλλότριον
927 1555 977 1581 τοῦ

185 1598 330 1634 ἡμετέρου.
352 1599 390 1625 Οὐ
406 1599 460 1635 γὰρ
483 1600 577 1632 ἁπλῶς
597 1600 729 1636 ἠθέλησεν
751 1602 780 1628 ὲν
801 1601 907 1637 σώματι
928 1611 975 1636 γε-

186 1644 290 1676 νέσθαι,
309 1644 370 1670 οὐδὲ
389 1645 468 1680 μόνον
489 1645 569 1680 ἡθελε
584 1646 719 1681 φανῆναι·
738 1646 850 1674 ἐδύνατο
864 1648 929 1684 γὰρ,
952 1649 976 1674 εί

188 1689 268 1724 μόνον
289 1689 370 1725 ἡθελε
385 1691 513 1726 φανῆναι,
528 1691 576 1718 καὶ
590 1691 623 1717 δι’
638 1691 732 1727 ἑτέρου
754 1693 908 1728 κρείττονος
928 1693 977 1728 τὴν

186 1735 346 1771 θεοφάνειαν
375 1737 459 1764 αὑτοῦ
486 1737 668 1773 ποιήσασθαι·
695 1738 764 1766 ἀλλά
788 1739 921 1775 λαμϐάνει
947 1739 977 1766 τὺ

186 1780 331 1817 ἡμέτερον,
349 1781 396 1808 καὶ
420 1781 499 1808 τοῦτο
525 1783 574 1818 οὐχ
599 1783 710 1815 ἁπλῶς,
736 1784 794 1810 ἀλλ’
819 1783 849 1816 ἐξ
873 1785 977 1820 ἀκράν-

185 1835 232 1853 του
253 1827 308 1861 (78)
329 1828 376 1855 καὶ
398 1828 543 1863 ἀμιάντου,
568 1829 664 1865 ἀνδρὸς
686 1829 800 1865 ἀπείρου
826 1830 975 1866 Παρθένου,

186 1871 307 1907 καθαρὸν
323 1873 370 1899 καὶ
397 1873 482 1905 ὅντως
496 1874 594 1909 ἀμιγὲς
617 1875 667 1909 τῆς
692 1874 797 1910 ἀνδρῶν
824 1876 976 1909 συνουσίας.

185 1918 271 1950 Αὐτὸς
284 1919 337 1954 γὰρ
351 1919 463 1950 δυνατὸς
482 1919 519 1946 ὢν
541 1920 589 1946 καὶ
601 1920 765 1956 δημιουργὸς
781 1920 835 1947 τῶν
850 1921 928 1954 ὅλων,
949 1923 977 1948 ὲν

185 1965 219 1999 τῇ
236 1964 367 2000 Παρθένῳ
383 1965 583 1997 κατασκευάζει
597 1965 687 2001 ἐαυτῷ
699 1966 761 1993 ναὸν
780 1966 811 1993 τὸ
826 1966 914 2002 σῶμα,
931 1967 978 1994 καὶ

187 2010 355 2037 ιδιοωιείται
376 2010 456 2037 τοῦτο
478 2011 574 2047 ὥσπερ
588 2011 714 2048 ὄργανον,
737 2013 766 2040 έν
786 2013 860 2049 αὺτῷ
877 2022 976 2049 γνωρι-

186 2055 299 2091 ζόμενος
313 2056 361 2083 καὶ
379 2056 507 2084 ὲνοικῶν·
525 2058 572 2084 καὶ
587 2057 674 2090 οὕτως
687 2058 742 2085 ἀπὸ
761 2058 816 2085 τῶν
836 2059 978 2094 ἡμετέρων

185 2101 217 2128 τὸ
233 2101 325 2137 ὅμοιον
348 2102 448 2134 λαϐὼν,
473 2102 518 2129 διά
534 2103 565 2130 τὸ
589 2103 693 2136 πάντας
715 2103 882 2136 ὑπευθύνους
908 2103 978 2131 εῐναι

186 2148 220 2182 τῇ
239 2147 285 2174 τοῦ
304 2147 420 2176 θανάτου
444 2149 541 2185 φθορᾷ,
567 2149 628 2176 ἀντὶ
653 2150 761 2177 πάντων
781 2151 847 2177 αὐτὸ
870 2150 978 2187 θανάτῳ

187 2194 360 2229 παραδιδοὺς,
382 2195 504 2231 προσῆγε
527 2194 567 2230 τῷ
591 2195 692 2231 Πατρὶ,
714 2195 762 2222 καὶ
777 2196 856 2223 τοῦτο
881 2196 977 2230 φιλαν-

187 2238 306 2274 θρώπως
321 2240 416 2271 ποιῶν,
435 2240 489 2272 ἶνα,
503 2240 548 2271 ὼςι
557 2240 607 2275 μὲν
624 2240 732 2267 πάντων
746 2240 933 2267 ἀποθανόντων
948 2241 977 2267 ὲν

187 2283 272 2319 αὐτῷ,
289 2284 355 2320 λυθῇ
373 2286 388 2312 ὁ
402 2286 473 2312 κατὰ
493 2286 543 2321 τῆς
565 2286 669 2322 φθορᾶς
691 2286 745 2313 τῶν
765 2286 916 2322 ἀνθρώπων
936 2287 980 2314 νό-

189 2338 254 2366 μος,
273 2331 322 2358 ἂτε
345 2331 378 2367 δὴ
399 2331 591 2369 πληρωθείσης
613 2334 664 2371 τῆς
687 2333 812 2365 ἐξουσίας
829 2334 858 2360 ὲν
877 2333 916 2369 τῷ
932 2343 979 2360 κυ-

188 2376 277 2412 ριακῷ
293 2376 409 2413 σώματι,
428 2379 475 2405 καὶ
491 2379 588 2414 μηκέτι
601 2378 693 2415 χώραν
708 2379 814 2414 ἔχοντος
834 2380 905 2406 κατὰ
925 2380 979 2406 τῶν

187 2423 288 2459 ὁμοίων
298 2423 466 2460 ἀνθρώπων·
485 2425 522 2457 ὡς
541 2425 569 2451 δὲ
583 2426 622 2457 εις
636 2425 739 2461 φθορὰν
755 2426 979 2461 ἀναστρέψαντας

186 2471 250 2502 τοὺς
266 2470 425 2506 ἀνθρώπους
440 2472 521 2499 πάλιν
533 2473 574 2503 εἰς
584 2472 633 2508 τὴν
644 2472 799 2509 ἀφθαρσίαν
811 2473 975 2508 ἐπιστρέψῃ,

187 2516 235 2543 καὶ
251 2515 408 2553 ζωοποιήσῃ
432 2517 545 2550 τούτους
571 2517 625 2544 ἀπὸ
648 2517 696 2545 τοῦ
724 2518 851 2550 θανάτου,
873 2519 906 2553 τῇ
928 2518 975 2545 τοῦ

189 2561 315 2598 σώματος
329 2563 487 2599 ῑδιοποιήσει
504 2563 553 2590 καὶ
568 2565 601 2599 τῇ
620 2563 671 2599 τῆς
689 2563 864 2596 ἀναστάσεως
886 2564 976 2600 χάριτι

1024 271 1180 302 corruptum
1198 270 1269 298 erat,
1284 266 1466 299 incorruptum
1484 263 1579 290 iterum
1595 262 1707 290 reddere
1716 266 1743 289 et
1761 269 1809 295 pro

1023 313 1151 340 omnibus
1167 312 1192 340 id
1205 311 1276 348 quod
1289 311 1396 339 Patrem
1407 309 1519 337 decebat
1534 308 1725 336 servare.Cttm
1736 307 1808 335 enim

1026 358 1115 387 Patris
1127 359 1164 386 sit
1174 357 1304 390 Verbum,
1314 363 1342 385 et
1351 357 1474 384 omnibus
1486 356 1563 390 longe
1575 354 1727 386 antecellat,
1737 355 1810 381 solus

1023 411 1130 440 quoque
1150 403 1208 440 ipse
1235 403 1338 431 idcirco
1363 403 1488 430 universa
1510 402 1664 429 instaurare
1681 404 1808 435 poterat:

1023 450 1097 479 solus
1115 450 1229 486 idoneus
1241 449 1290 476 fuit
1304 449 1349 484 qui
1362 455 1410 483 pro
1423 447 1550 474 omnibus
1567 450 1716 482 pateretur,
1727 450 1811 480 etpro

1024 497 1131 524 cunctis
1143 496 1214 530 apud
1225 495 1332 523 Patrem
1345 493 1536 521 intercederet.

1059 544 1086 570 8.
1106 543 1199 578 Itaque
1226 542 1306 576 hujus
1325 541 1364 568 rei
1389 541 1475 576 gratia
1494 541 1683 574 incorporeum
1708 543 1735 566 et
1749 546 1810 566 cor-

1024 588 1158 624 ruptionis
1169 595 1200 615 ac
1212 587 1333 615 materiae
1348 593 1445 621 expers
1459 585 1505 612 Dei
1514 584 1676 614 Verbum.in
1689 587 1810 610 nostram

1025 634 1162 670 regionem
1181 632 1301 664 advenit,
1322 637 1475 666 quanquam
1491 634 1569 656 antea
1589 636 1642 655 non
1658 627 1749 663 procul
1763 627 1811 654 ab-

1024 686 1084 708 erat
1103 690 1110 708 :
1129 680 1201 707 nulla
1225 679 1298 707 enim
1318 685 1380 713 pars
1404 677 1494 704 mundi
1517 676 1563 704 illo
1584 683 1701 710 unquam
1727 682 1810 701 vacua

1025 728 1086 760 fuit,
1101 729 1148 756 sed
1165 735 1216 754 una
1229 734 1290 754 cum
1304 734 1354 754 suo
1370 725 1450 753 Patre
1460 725 1594 752 exsistens
1607 723 1696 750 omnia
1712 722 1810 756 ubique

1026 775 1163 810 implebat.
1184 773 1262 801 Venit
1280 780 1343 799 vero
1363 779 1410 799 sua
1430 779 1492 806 erga
1510 778 1559 798 nos
1582 769 1760 810 benignitate,
1785 773 1812 796 et

1025 808 1157 856 quatenus
1176 826 1236 847 sese
1253 818 1340 853 palam
1362 817 1439 845 nobis
1463 808 1724 853 exhibuiﬁiNempe,
1748 823 1810 842 cum

1027 867 1164 894 hominum
1185 872 1270 900 genus
1295 864 1416 896 interire,
1443 868 1470 890 et
1496 868 1610 890 mortem
1634 866 1727 890 contra
1753 861 1813 888 illos

1027 913 1200 948 corruptione
1216 911 1348 938 dominari
1367 915 1516 943 cerneret;
1537 917 1599 937 cum
1624 909 1671 937 Dei
1697 910 1811 937 commi-

1025 959 1136 987 natione
1150 963 1177 985 et
1191 957 1326 985 sententia
1345 957 1372 984 in
1387 957 1630 991 transgressionem
1645 955 1711 987 lata.
1726 955 1810 983 nostri

1026 1005 1228 1040 corruptionem
1264 1004 1436 1032 corroborari
1463 1003 1579 1036 videret,
1609 1003 1813 1036 absurdumque

1025 1058 1085 1078 esse
1104 1051 1189 1086 legem
1207 1050 1273 1078 solvi
1297 1055 1442 1085 antequam
1467 1049 1626 1084 impleretur
1643 1058 1649 1076 :
1667 1056 1727 1076 emn
1749 1047 1812 1075 item

1025 1096 1175 1123 attenderet
1190 1103 1242 1123 non
1257 1095 1353 1123 decere
1373 1102 1404 1122 ea
1421 1093 1504 1121 deleri
1522 1101 1636 1128 quorum
1652 1093 1709 1128 ipse
1723 1092 1814 1128 opifex

1025 1147 1097 1170 esset
1112 1152 1119 1170 :
1136 1149 1252 1177 cumque
1267 1141 1375 1169 aliunde
1389 1141 1559 1176 conspiceret
1575 1141 1714 1168 hominum
1734 1139 1812 1166 mali-

1026 1188 1089 1215 tiam
1101 1195 1182 1222 supra
1196 1187 1305 1214 modum
1319 1193 1454 1226 crpscere,
1467 1186 1594 1221 illamque
1605 1186 1733 1221 paulatim
1747 1193 1812 1213 con-

1027 1238 1068 1261 tra
1089 1234 1192 1268 seipsos
1216 1233 1284 1261 adeo
1303 1233 1422 1265 auxisse,
1439 1236 1468 1259 ut
1487 1233 1542 1266 jam
1564 1231 1680 1266 amplius
1705 1231 1812 1259 tolerari

1027 1288 1079 1308 non
1105 1286 1215 1315 posset:
1234 1287 1301 1308 cum
1314 1280 1430 1314 denique
1449 1286 1543 1308 omnes
1567 1278 1692 1306 homines
1719 1278 1814 1305 mortis

1027 1334 1087 1354 reos
1102 1334 1163 1354 esse
1178 1325 1293 1358 videret,
1310 1325 1395 1353 nostri
1409 1325 1467 1360 ipse
1479 1324 1587 1360 generis
1601 1329 1629 1352 et
1648 1323 1814 1351 infirmitatis

1027 1372 1163 1404 misertus,
1184 1377 1330 1406 nostraque
1347 1375 1436 1398 motus
1455 1370 1642 1404 corruptione,
1661 1376 1712 1396 nec
1736 1376 1811 1396 mor-

1027 1422 1082 1444 tem
1103 1417 1131 1444 in
1146 1416 1225 1444 nobis
1241 1415 1373 1444 dominari
1392 1415 1494 1448 ferens,
1513 1422 1548 1441 ne
1562 1414 1666 1441 scilicet
1684 1413 1754 1448 quod
1772 1413 1813 1440 fa-

1026 1468 1097 1490 ctum
1116 1463 1203 1490 fuerat
1221 1462 1333 1496 periret,
1357 1462 1454 1496 suique
1477 1459 1565 1487 Patris
1589 1459 1615 1486 in
1633 1459 1743 1487 homine
1761 1458 1815 1486 for-

1027 1508 1125 1536 mando
1142 1515 1210 1543 opus
1226 1515 1324 1535 vanum
1343 1507 1430 1539 ﬂeret,
1447 1506 1499 1534 sibi
1516 1505 1565 1541 ipsi
1585 1513 1683 1541 corpus
1698 1505 1813 1540 accepit,

1028 1556 1109 1590 idque
1131 1554 1215 1582 nostri
1238 1562 1291 1581 non
1307 1553 1453 1586 dissimile;
1470 1559 1519 1579 nec
1535 1552 1607 1580 enim
1629 1559 1690 1580 esse
1711 1556 1814 1578 tantum

1030 1604 1055 1631 in
1074 1610 1197 1637 corpore,
1212 1602 1253 1629 vel
1269 1602 1358 1629 solum
1373 1607 1503 1636 apparere
1517 1599 1612 1628 voluit.
1628 1599 1706 1630 Nam,
1716 1599 1737 1625 si
1754 1603 1814 1624 tan-

1031 1654 1085 1676 tum
1109 1655 1240 1683 apparere
1255 1647 1396 1678 voluisset,
1413 1645 1545 1680 potuisset
1559 1651 1626 1672 sane
1651 1643 1722 1671 aliud
1745 1651 1813 1678 prte-

1030 1695 1146 1722 stantius
1161 1701 1260 1729 corpus
1276 1700 1431 1726 assumere;
1448 1700 1542 1719 verum
1567 1695 1690 1719 nostrum
1716 1698 1816 1727 corpus

1030 1740 1145 1776 accepit,
1171 1740 1252 1776 idque
1274 1747 1327 1767 non
1348 1739 1548 1774 quoquomodo,
1573 1738 1620 1766 sed
1638 1745 1672 1765 ex
1687 1736 1816 1764 inviolata

1030 1791 1057 1813 et
1071 1786 1230 1821 incorrupta
1247 1793 1279 1813 ac
1296 1785 1346 1813 viri
1363 1790 1488 1820 exsperte
1501 1783 1611 1818 Virgine
1628 1791 1724 1818 purum
1739 1790 1816 1810 vere-

1030 1837 1083 1865 que
1106 1829 1204 1857 nullius
1219 1829 1272 1856 viri
1289 1828 1481 1862 conjunctione
1505 1827 1676 1862 inquinatum
1701 1826 1815 1860 accepit.

1030 1875 1096 1902 Nam
1112 1883 1174 1902 cuin
1187 1875 1246 1910 ipse
1262 1878 1358 1910 potens
1369 1879 1396 1901 et
1409 1880 1499 1901 rerum
1512 1873 1633 1900 omnium
1646 1872 1682 1900 sit
1693 1871 1815 1905 eﬁ'ector,

1030 1920 1081 1948 sibi
1100 1921 1126 1947 in
1140 1919 1247 1955 Virgine
1263 1919 1404 1954 templum,
1421 1926 1520 1954 corpus
1536 1917 1651 1950 scilicet,
1669 1917 1815 1950 exstruxit,

1030 1966 1149 2001 illudque
1160 1970 1288 2000 tanquam
1303 1965 1512 1993 instrumentum
1524 1963 1574 1992 sibi
1586 1964 1724 1998 proprium
1737 1964 1817 1995 fecit.

1031 2011 1058 2039 in
1074 2019 1128 2047 quo
1143 2019 1173 2039 se
1188 2016 1281 2039 notum
1298 2011 1400 2039 faceret
1415 2015 1442 2038 et
1462 2010 1619 2038 habitaret:
1639 2010 1680 2038 sic
1694 2017 1761 2044 ergo
1779 2009 1819 2037 si-

1030 2058 1087 2085 mili
1106 2064 1220 2092 corpore
1234 2064 1250 2084 e
1271 2057 1372 2085 nostris
1389 2062 1511 2091 accepto,
1527 2057 1590 2091 quia
1610 2063 1705 2083 omnes
1721 2055 1817 2083 mortis

1031 2104 1197 2139 corruptioni
1214 2103 1327 2138 subjecti
1343 2108 1432 2136 erant,
1449 2103 1514 2130 illud
1532 2110 1580 2138 pro
1594 2102 1720 2130 omnibus
1737 2102 1817 2129 morti

1032 2150 1159 2177 traditum
1173 2149 1246 2177 Patri
1257 2157 1364 2177 summa
1377 2157 1439 2177 cum
1451 2148 1617 2184 benignitate
1631 2147 1739 2180 obtulit,
1756 2154 1817 2174 cum

1031 2201 1061 2224 ut
1075 2197 1201 2224 omnibus
1219 2196 1246 2223 in
1264 2196 1321 2230 ipso
1340 2195 1516 2223 morientibus
1531 2195 1575 2222 lex
1596 2194 1629 2221 de
1643 2194 1818 2227 corruptione

993 2254 1017 2285 υ
1031 2248 1124 2270 contra
1146 2242 1271 2270 homines
1286 2242 1340 2269 lata
1358 2242 1519 2274 solveretur,
1539 2246 1632 2276 utpote
1645 2247 1705 2275 qua:
1718 2240 1745 2267 in
1763 2239 1817 2267 Do-

1030 2288 1130 2315 minico
1144 2294 1257 2321 corpore
1272 2295 1348 2314 suam
1363 2288 1415 2314 vim
1431 2286 1629 2320 complevisset,
1643 2293 1693 2313 nec
1705 2285 1817 2320 proinde

1029 2332 1118 2360 locum
1134 2332 1249 2368 amplius
1274 2332 1403 2359 adversus
1422 2332 1524 2360 similes
1546 2331 1670 2360 homines
1685 2332 1815 2363 haberet;

1031 2384 1086 2406 tum
1110 2384 1139 2406 ut
1159 2379 1283 2406 homines
1303 2379 1329 2405 in
1347 2378 1549 2412 corruptionem
1568 2384 1702 2410 reversos,
1720 2377 1816 2404 iterum

1030 2425 1201 2459 incorruptos
1216 2424 1351 2456 redderet,
1370 2429 1451 2460 atque
1465 2431 1480 2450 a
1495 2428 1582 2451 morte
1594 2424 1627 2450 ad
1642 2423 1723 2450 vitam
1740 2430 1818 2450 revo-

1030 2476 1114 2503 caret,
1139 2477 1254 2505 corpore
1277 2471 1348 2505 quod
1364 2470 1414 2498 sibi
1437 2474 1623 2504 assumpserat
1643 2475 1671 2496 et
1693 2476 1816 2496 resurre-

1029 2517 1131 2544 ctionis
1147 2517 1235 2551 gratia
1254 2521 1368 2544 mortem
1385 2515 1419 2544 ab
1434 2516 1484 2549 eis,
1504 2523 1557 2544 non
1575 2523 1653 2543 secus
1669 2523 1700 2543 ac
1717 2515 1814 2550 stipula

1031 2564 1065 2591 ab
1082 2564 1142 2597 igne
1155 2564 1334 2596 consumitur,
1350 2563 1458 2598 penitus
1473 2570 1611 2593 amovens.

188 2608 236 2636 τὸν,
250 2608 362 2641 θάνατον
375 2610 422 2636 ἀπ’
440 2609 531 2636 αὐτῶν
547 2609 603 2645 (79)
618 2609 656 2641 ὡς
679 2609 805 2646 καλάμην
823 2611 876 2638 ἀπὸ
890 2611 976 2646 πυρὸς
996 2609 1175 2644 ἐξαφανίζων.

224 2654 282 2690 (75)
300 2655 345 2682 Sic
357 2663 453 2682 utnues
466 2663 531 2683 mss.
549 2660 632 2689 atque
651 2655 687 2690 ita
706 2663 801 2683 omnes
817 2657 978 2688 interpretes

190 2689 321 2723 legerunt.
335 2690 423 2717 Editio
438 2690 581 2724 Commel.,
595 2690 666 2722 ὅλος.
679 2689 778 2717 Ibidem
803 2699 851 2725 pro
871 2691 978 2718 ἀνακτί-

190 2732 246 2756 σαι,
268 2725 599 2761 Ambrosius'Camaidttl.
618 2732 645 2753 et
669 2725 789 2753 Nannius
819 2726 917 2761 legisse
939 2728 978 2754 vi-

190 2761 288 2796 tientur
301 2760 464 2796 ἀνακτήσαι.
478 2760 544 2787 Nam
563 2761 605 2788 hic
618 2766 725 2788 vertunt
742 2760 905 2796 recuperare.

225 2793 282 2829 (76)
300 2796 359 2830 Art.
371 2793 427 2822 τῶν
435 2797 511 2822 deest
523 2796 547 2822 in
561 2796 672 2830 Seguer.
693 2793 808 2823 Gobleri
819 2801 846 2823 et
858 2795 976 2824 Felckm.

192 2829 216 2890 ili.
231 2829 412 2891 :nmi’aulo
430 2836 508 2865 post.
533 2829 611 2866 ἡμῶν
631 2837 695 2859 ante
708 2832 882 2868 οἰκτειρήσας
903 2833 978 2860 deest

192 2872 216 2890 ιιι
231 2871 336 2898 angue.

227 2899 282 2934 (77)
297 2900 488 2935 Seguerianus,
511 2900 688 2930 Goblcrianus
715 2908 741 2931 et
769 2902 943 2931 Felckmanui
964 2903 975 2930 1

1031 2663 1192 2691 annnynlus,
1208 2655 1338 2690 ἐνεγκὼν.

1067 2690 1256 2728 (7§)_Eelclun.
1275 2691 1298 2718 2·
1309 2699 1405 2728 isnon.
1421 2695 1447 2720 et
1463 2692 1546 2718 editio
1557 2691 1699 2724 Commel.,
1715 2693 1817 2728 ἀρῤάν-

1030 2725 1088 2762 του.
1102 2725 1168 2753 Ibid.
1188 2726 1384 2762 ιιιιιονάνδρός,
1404 2728 1562 2760 particulam
1591 2727 1637 2753 καί
1663 2725 1818 2761 expriumut

1030 2760 1150 2798 Nannius
1166 2765 1193 2798 et
1204 2760 1363 2798 Ambrosius
1374 2762 1494 2798 (iamald.
1505 2762 1569 2798 Item
1581 2763 1646 2789 ibid.
1664 2760 1711 2797 pro
1722 2763 1817 2798 ἀνδρὸς

1031 2796 1156 2833 ἀπείρου,
1173 2797 1279 2833 Anglic.
1300 2797 1405 2832 μητρός
1419 2798 1511 2824 habet.
1523 2797 1595 2824 Idem
1609 2796 1674 2825 ibid.
1688 2805 1738 2833 pro
1750 2796 1817 2833 ἀμι-

1030 2832 1088 2866 γὲς.
1104 2831 1167 2859 ἀνευ
1182 2831 1274 2861 habet.

1066 2867 1121 2900 (79)
1134 2867 1245 2902 Seguer.
1265 2868 1312 2894 ἀπ’
1328 2867 1416 2894 αὐτῶν
1442 2873 1501 2902 post
1520 2868 1632 2895 θάνατον
1656 2869 1753 2902 habet;
1775 2870 1819 2896 alii

1031 2911 1092 2931 enm
1105 2903 1184 2931 editis
1198 2908 1259 2937 post
1270 2903 1374 2939 τυρός.
1391 2904 1418 2931 lu
1430 2903 1536 2939 Anglic.
1560 2905 1703 2940 utrobique
1715 2906 1801 2932 deest.
