2037 3044
532 153 561 182 S.
580 154 765 182 ATllANASIl
784 153 859 182 OPP.
880 153 970 181 PARS
988 154 1007 181 l.
1030 168 1063 172 —
1080 153 1266 182 HISTORICA
1285 153 1330 180 ΕΤ
1349 152 1559 180 DOGMATICA.

1816 151 1869 180 112

292 211 319 238 9.
339 209 405 238 Nam
423 218 484 239 cum
503 212 618 241 Verbum
643 213 804 248 intelligeret
822 221 874 241 non
891 221 971 248 posse
985 214 1036 242 sli-

1121 215 1147 242 9.
1169 214 1285 241 Συνιδὼν
1300 214 1354 250 γὰρ
1369 215 1384 241 ὁ
1398 214 1484 248 Λόγος
1503 213 1568 249 (80),
1586 214 1628 239 ὅτι
1642 212 1728 245 ἄλλως
1747 213 1796 240 οὐκ
1814 213 1867 248 (8i)

259 262 300 284 ter
314 257 451 285 hominum
466 260 664 293 corruptionem
681 260 765 293 solvi,
783 261 833 288 nisi
853 262 965 289 omnino
981 270 1037 289 mo-

260 308 385 330 rerentur
402 310 409 329 :
426 310 486 330 cum
505 305 567 331 item
587 305 644 332 ﬁeri
667 313 720 333 non
739 311 843 340 poterat
857 311 886 333 ut
907 306 1035 339 Verbum,

259 352 350 382 utpote
371 348 520 376 immortale
532 354 560 377 et
576 350 664 378 Patris
687 351 782 384 Filius,
806 357 978 379 moreretur:
998 353 1038 380 id-

260 393 333 420 circo
350 400 447 428 corpus
463 395 534 429 quod
554 397 621 424 mori
642 403 733 432 posset
754 398 807 425 sibi
831 399 987 433 assumpsit,
1009 404 1038 426 ut

260 437 323 464 illud
349 437 430 466 Verbi
460 441 579 468 omnium
608 443 730 476 praesidis
756 443 856 470 factum
883 445 1036 479 particeps,

261 485 338 510 morti
353 492 401 518 pro
416 487 543 514 omnibus
557 489 623 515 satis
637 494 720 521 esset.
740 494 822 524 atque
846 496 955 525 propter
970 491 1037 519 Ver-

258 528 321 554 bum
345 529 372 556 in
394 537 424 557 se
445 530 579 565 habitans,
604 533 786 568 incorruptum
802 541 981 569 permaneret.
1006 544 1038 564 ac

259 573 374 609 denique
397 576 423 602 in
444 582 580 611 posterum
600 578 654 615 44
671 581 808 614 corruptio
833 582 1039 609 resurrectionis

259 620 344 652 gratia
365 621 400 648 ab
422 623 547 650 oumibus
571 624 733 652 discederet.
756 625 825 653 llinc
848 634 946 662 corpus
966 629 1038 662 quod

259 665 310 692 sibi
326 666 383 701 ipse
398 668 512 702 accepit,
529 669 601 697 velut
622 670 738 698 hostiam
757 677 783 699 et
809 672 947 700 victimam
964 675 1038 702 oluni

259 719 352 744 puram
373 714 476 741 macula
493 716 572 743 mortl
596 716 744 751 oilerendo,
763 723 876 746 mortem
891 721 983 748 statim
1005 722 1040 749 ab

258 758 385 786 omnibus
399 759 544 793 similibus,
563 769 612 789 suo
632 770 681 798 pro
696 764 756 791 aliis
775 765 877 798 oblato,
899 767 1040 802 propulsa-

257 802 305 830 vit.
321 803 367 830 Sic
384 805 457 832 enim
479 806 526 834 Dei
546 807 662 835 Verbum
678 811 803 843 superius
821 812 945 840 omnibus
966 814 1039 840 exsi-

257 852 340 880 stens,
359 856 437 876 suum
458 852 586 886 templum
607 858 634 880 et
652 861 811 888 corporeum
828 856 1037 885 instrumentum

257 901 306 928 pro
326 895 460 928 omnibus,
475 897 514 924 uti
530 897 652 931 decebat,
668 900 822 928 devovendo
838 906 866 929 et
886 901 1037 936 otl‘ereudo,

257 939 284 967 id
295 943 366 974 quod
380 942 527 971 debebatur
538 944 565 971 in
577 951 664 973 morte
675 946 766 980 solvit,
776 951 857 981 atque
868 948 905 975 ita
913 949 1039 977 omnibus

257 993 305 1019 per
321 987 409 1015 simile
431 996 529 1026 corpus
550 991 712 1026 conjunctus
735 993 908 1029 incorruptus
925 995 972 1023 Dei
992 996 1038 1023 Fi-

258 1030 319 1062 lius,
335 1039 430 1060 omnes
447 1036 654 1064 resurrectionis
673 1038 853 1072 promissione
869 1040 1040 1075 incorruptos

256 1076 318 1110 jure
336 1083 364 1105 et
383 1079 480 1107 merito
496 1081 623 1108 reddidit.
639 1083 697 1118 Ipsa
719 1084 851 1119 siquidem
868 1086 960 1114 mortis
978 1095 1039 1114 cor-

258 1124 347 1158 ruptio
362 1125 462 1153 nullam
474 1126 531 1161 jam
548 1128 601 1155 vim
617 1130 747 1158 adversus
765 1131 889 1159 homines
905 1133 987 1160 habet
1005 1135 1040 1161 ob

259 1169 377 1198 Verbum
403 1174 474 1207 quod
499 1174 525 1202 in
549 1175 603 1202 illis
628 1183 675 1211 per
698 1185 781 1205 unum
803 1186 901 1213 corpus
924 1179 1038 1209 habitat.

259 1216 374 1251 Nempe,
384 1219 610 1253 quemadmodum
624 1222 646 1250 si
660 1230 774 1258 magnus
786 1224 884 1259 aliquis
893 1225 1041 1260 imperator

259 1262 286 1288 in
304 1263 436 1299 insignem
453 1265 571 1301 aliquam
588 1268 682 1296 urbem
703 1270 852 1304 ingressus.
869 1271 896 1298 in
912 1280 966 1300 una
982 1273 1041 1308 ejus

259 1308 338 1336 domo
351 1315 488 1345 maneret,
504 1313 530 1340 id
545 1315 663 1343 maximo
677 1315 773 1344 honori
789 1317 826 1344 illi
844 1318 945 1346 civitati
957 1325 1039 1353 esset,

259 1362 310 1383 nec
321 1364 381 1384 eam
397 1361 458 1386 tunc
471 1359 513 1386 vel
528 1360 614 1388 hostis
628 1362 670 1388 vel
683 1362 753 1390 latro
766 1363 878 1392 auderet
892 1365 1019 1394 divexare
1032 1376 1038 1395 :

260 1402 307 1429 sed
323 1404 410 1437 potius
423 1405 457 1432 ob
471 1405 663 1441 imperatorem
681 1409 708 1436 in
732 1417 783 1436 una
801 1410 859 1446 ejus
874 1412 954 1439 domo
967 1419 1040 1439 com-

263 1454 414 1477 morautem
429 1451 635 1487 diligentissime
651 1456 836 1484 custodiretur
856 1466 863 1485 :
885 1458 920 1485 ita
935 1467 1042 1494 quoque

262 1494 332 1521 idem
355 1496 381 1523 in
396 1498 515 1525 omnium
532 1500 703 1528 moderatore
719 1501 783 1529 licet
804 1503 957 1532 observare.
973 1504 1040 1533 Nam

1086 260 1119 288 ἄν
1140 261 1232 297 λυθείη
1246 261 1301 287 τῶν
1329 260 1481 297 ἀνθρώπων
1498 261 1514 295 ἡ
1537 259 1634 295 φθορὰ,
1655 261 1679 286 ει
1704 259 1741 295 μὴ
1762 259 1806 286 διὰ
1820 260 1869 286 τοῦ

1087 308 1194 339 πάντως
1207 307 1367 334 ἀποθανεῖν’
1383 307 1432 342 οὐχ
1446 303 1500 332 οἷόν
1515 314 1545 332 τε
1562 305 1589 331 δὲ
1600 304 1634 341 ἦν
1648 305 1694 332 τὸν
1702 306 1787 339 Λόγον
1802 306 1871 332 ἀπο-

1087 353 1176 379 θανεῖν
1198 352 1330 379 άθάνατον
1355 351 1418 378 ὅντα
1433 351 1480 378 καὶ
1497 351 1544 378 τοῦ
1556 351 1662 386 Πατρδς
1678 351 1755 377 Υἰόν·
1775 351 1870 377 τούτου

1086 398 1180 425 ἕνεκεν
1207 399 1237 425 τὸ
1267 398 1414 433 δυνάμενον
1443 397 1588 424 ἀποθανεῖν
1618 396 1706 431 ἑαυτῷ
1737 396 1870 430 λαμϐάνει

1088 443 1178 478 σῶμα,
1197 444 1240 470 ἵνα
1257 443 1335 470 τοῦτο
1352 443 1407 478 (82)
1430 442 1477 469 τοῦ
1494 443 1540 469 ἐπὶ
1554 445 1662 469 πάντων
1678 442 1765 476 Λόγου
1787 450 1870 476 μετα-

1087 489 1178 520 λαδὸν,
1200 488 1260 515 ἀντὶ
1275 488 1380 515 πάντων
1397 488 1487 515 ἱκανὸν
1501 487 1611 522 γένηται
1627 487 1666 523 τῷ
1686 487 1801 522 θανάτῳ,
1825 488 1871 514 καὶ

1087 534 1131 561 διὰ
1145 535 1189 560 τὸν
1204 535 1381 569 ένοικήσαντα
1399 534 1484 567 Λόγον
1500 533 1636 569 ἄφθαρτον
1659 533 1800 569 διαμείνῃ,
1823 533 1872 559 καὶ

1088 580 1180 607 λοιπὸν
1202 580 1256 607 ἀπὸ
1271 581 1407 615 πάντωνή
1424 579 1510 614 φθορὰ
1532 580 1667 614 παύσηται
1681 581 1715 614 τῇ
1736 579 1785 614 τῆς
1807 579 1872 606 ἀνα-

1089 626 1209 657 στάσεως
1225 626 1324 661 χάριτι.
1339 625 1420 652 Ὅθεν
1441 626 1479 656 ὡς
1502 626 1598 660 ἱερεῖον
1621 625 1667 652 καὶ
1682 624 1755 660 θῦμα
1774 625 1873 656 παντὸς

1089 670 1229 706 ἐλεύθερον
1244 671 1350 703 σπίλον,
1364 671 1378 697 ὃ
1399 671 1479 702 αὐτὸς
1493 670 1580 705 ἑαυτῷ
1595 670 1673 697 ἔλασε
1695 669 1772 705 σῶμα
1792 677 1875 704 προσ-

1089 716 1163 750 άγων
1176 717 1216 748 είς
1239 717 1362 748 θάνατον,
1386 717 1441 744 άπὸ
1463 717 1570 743 πάντων
1593 716 1674 748 εὐθὺς
1697 716 1751 742 τῶν
1772 715 1874 750 ὁμοίων

1089 762 1203 797 ἠφάνιζε
1228 763 1273 790 τὸν
1301 763 1413 791 θάνατον
1436 765 1469 798 τῇ
1495 763 1637 800 προσφορᾷ
1665 763 1712 790 τοῦ
1736 763 1873 798 καταλλή-

1089 808 1135 834 λου
1152 809 1216 844 (85).
1235 809 1320 845 Ὑπὲρ
1339 810 1442 840 πάντας
1456 809 1509 844 γὰρ
1528 809 1566 836 ὣν
1584 810 1598 836 ό
1621 809 1705 844 Λόγος
1725 809 1773 836 τοῦ
1793 809 1873 841 Θεοῦ,

1091 855 1212 888 εἰκότως,
1229 855 1274 882 τὸν
1288 855 1383 882 ἑαυτοῦ
1398 855 1460 883 ναὸν
1475 856 1521 882 καὶ
1538 856 1569 882 τὸ
1592 857 1746 891 σωματικὸν
1759 856 1875 892 ὄργανον

1089 901 1234 936 προσάγων
1247 901 1390 936 άντίψυχον
1404 901 1474 937 ὑπὲρ
1491 902 1611 933 πάντων,
1625 901 1743 937 ἐπλήρου
1756 901 1787 928 τὸ
1799 902 1876 935 ὀφει-

1089 947 1200 982 λόμενον
1223 947 1253 973 ὲν
1276 947 1331 982 (84)
1348 947 1387 982 τῷ
1410 947 1533 983 θανάτῳ·
1550 948 1598 974 καὶ
1616 947 1703 979 οὕτως
1726 947 1812 974 συνὼν
1831 947 1876 974 διὰ

1088 992 1135 1019 τοῦ
1155 993 1248 1027 ὁμοίου
1271 995 1327 1025 τοῖς
1349 993 1431 1020 πᾶσιν
1449 995 1464 1020 ὁ
1483 993 1620 1029 ἄφθαρτος
1643 993 1689 1020 τοῦ
1710 994 1777 1020 Θεοῦ
1799 993 1874 1026 Υἱὸς,

1089 1038 1199 1070 είκότως
1214 1039 1277 1071 τοὺς
1294 1039 1396 1071 πάντας
1413 1039 1535 1066 ἐνέδυσεν
1556 1039 1707 1074 ἀφθαρσίαν
1725 1040 1779 1076 (85)
1799 1040 1828 1066 ἐν
1842 1042 1876 1075 τῇ

1090 1085 1154 1121 περὶ
1175 1086 1224 1121 τῆς
1245 1085 1419 1118 ἀναστάσεως
1437 1086 1598 1122 ἐπαγγελίᾳ.
1621 1087 1675 1114 Καὶ
1695 1087 1761 1122 αὑτὴ
1782 1087 1836 1122 γάρ
1860 1088 1878 1119 ὴ

1090 1131 1118 1157 ὲν
1139 1130 1178 1166 τῷ
1201 1130 1308 1165 θανάτῳ
1330 1131 1417 1167 φθορὰ
1442 1131 1511 1158 κατά
1534 1131 1588 1158 τῶν
1608 1131 1758 1167 ἀνθρώπων
1782 1131 1877 1158 οὐκέτι

1091 1175 1183 1211 χώραν
1206 1176 1263 1212 ἔχει
1285 1176 1328 1204 διὰ
1352 1177 1396 1203 τὸν
1418 1178 1593 1212 ὲνοικήσαντα
1616 1178 1702 1211 Λόγον
1721 1178 1749 1204 ὲν
1772 1177 1879 1209 τούτοις

1090 1221 1134 1247 διὰ
1157 1221 1203 1248 τοῦ
1228 1222 1286 1253 ἑνὸς
1305 1222 1447 1257 σώματος·
1466 1223 1513 1250 καὶ
1535 1223 1629 1259 ὥσπερ
1656 1223 1773 1259 μεγάλου
1797 1223 1878 1258 βασι-

1090 1266 1157 1298 λέως
1171 1267 1335 1299 εἰσελθόντος
1352 1267 1392 1299 εἷς
1411 1276 1472 1295 τινα
1492 1268 1568 1295 πόλιν
1589 1268 1720 1304 μεγάλην.
1734 1269 1781 1295 καὶ
1800 1269 1879 1304 οίκή-

1092 1319 1186 1343 σαντος
1203 1313 1243 1344 εἰς
1263 1312 1327 1348 μίαν
1339 1313 1393 1340 τῶν
1408 1314 1437 1340 ὲν
1456 1314 1524 1349 αὐτῇ
1541 1313 1643 1345 οἰκιῶν,
1665 1314 1802 1349 πάντωςή
1823 1323 1880 1340 τοι-

1090 1357 1158 1393 αύτη
1183 1358 1259 1390 πόλις
1283 1359 1364 1394 τιμῆς
1389 1359 1490 1394 πολλῆς
1508 1359 1758 1392 καταξιοῦται,·καὶ
1784 1361 1877 1386 οὐκέτι

1090 1412 1130 1434 τις
1150 1403 1245 1439 ἐχθρὸς
1263 1404 1347 1439 αὐτὴν
1366 1404 1427 1431 οὔτε
1444 1405 1544 1441 λῃστὴς
1564 1405 1710 1434 ὲπιὸαίνων
1727 1406 1880 1441 καταστρὲ-

1091 1457 1146 1483 φει,
1164 1448 1254 1484 πάσης
1274 1449 1303 1476 δὲ
1324 1449 1423 1485 μᾶλλον
1448 1450 1606 1485 ἐπιμελείας
1628 1450 1748 1482 ἀξιοῦται
1766 1450 1810 1476 διὰ
1832 1450 1879 1476 τὸν

1091 1495 1132 1525 είς
1147 1495 1211 1530 μίαν
1223 1495 1309 1530 αὐτῆς
1323 1495 1411 1523 οἰκίαν
1425 1497 1573 1531 οἰκήσαντα
1592 1496 1717 1531 βασιλέα·
1730 1495 1816 1527 οὓτως
1831 1496 1880 1522 καὶ

262 1540 307 1567 ubi
323 1540 369 1568 ille
384 1542 411 1570 in
435 1547 555 1572 nostram
579 1546 716 1581 regionem
731 1548 864 1582 introivit,
882 1554 910 1576 et
925 1551 977 1578 sibi
994 1551 1043 1579 do-

1094 1541 1140 1567 ὲπὶ
1163 1540 1210 1568 τοῦ
1236 1541 1344 1568 πάντων
1368 1542 1499 1577 βασιλέως
1523 1543 1643 1577 γέγονεν.
1668 1541 1805 1573 Ἐλθόντος
1823 1541 1880 1576 γάρ

263 1586 392 1614 micilium
419 1588 446 1615 in
470 1597 523 1617 uno
547 1598 661 1627 corpore
683 1599 716 1620 ex
742 1594 841 1622 nostris
864 1595 956 1630 elegit,
981 1605 1042 1624 mox

262 1639 356 1660 omnes
371 1633 487 1662 hostium
501 1636 631 1665 adversus
643 1639 767 1667 homines
783 1641 886 1669 insidit:
902 1643 981 1670 linem
995 1644 1044 1670 lia-

262 1678 356 1712 huere,
380 1685 408 1707 et
424 1683 518 1710 mortis
540 1685 688 1719 corruptio,
712 1686 789 1720 cujus
816 1687 889 1715 vires
915 1689 1044 1717 adversus

265 1724 324 1752 illos
339 1729 420 1754 tantae
435 1732 514 1756 antea
529 1734 616 1760 erant.
640 1732 747 1765 penitus
770 1733 891 1760 evanuit.
916 1733 1044 1762 Periisset

264 1771 337 1798 enim
360 1771 500 1801 hominum
526 1783 620 1809 genus,
644 1777 696 1804 nisi
720 1778 840 1805 omnium
866 1779 995 1807 Dominus
1018 1786 1045 1808 et

265 1821 386 1845 servator
408 1818 456 1846 Dei
480 1819 566 1848 Filius
589 1826 703 1849 mortem
727 1829 937 1859 consumpturus
965 1826 1046 1854 adve-

265 1863 359 1890 uisset.

300 1909 344 1935 to.
366 1909 497 1938 Caeterum
517 1919 582 1940 vere
602 1921 729 1948 magnum
745 1915 796 1943 hoc
807 1923 874 1951 opus
888 1917 984 1945 divinae
1000 1919 1047 1945 bo—

264 1956 345 1983 nitati
363 1957 391 1984 in
407 1957 500 1991 primis
516 1959 692 1993 congruebat.
714 1960 845 1997 Namque,
859 1963 881 1990 si
901 1963 1048 1998 imperator

265 2000 376 2029 domum
394 2002 452 2031 sive
466 2005 560 2032 urbem
575 2013 590 2032 a
610 2013 640 2034 se
661 2007 834 2040 :edilicatam,
852 2016 883 2036 ac
898 2009 995 2038 deinde
1009 2010 1048 2037 ci-

266 2047 340 2074 vium
360 2047 464 2075 incuria
482 2057 497 2076 a
511 2050 662 2079 latronibus
683 2053 866 2088 impugnatam
879 2061 1046 2090 nequaquam

266 2093 377 2126 deserit,
399 2095 447 2121 sed
469 2099 500 2122 ut
520 2097 657 2131 proprium
673 2105 741 2132 opus
763 2098 881 2126 defendit
897 2104 924 2127 et
947 2105 1046 2133 tuetur,

266 2146 353 2174 neque
372 2140 404 2167 ad
420 2140 519 2168 civium
535 2142 672 2176 inertiam,
687 2144 734 2171 sed
750 2145 784 2172 ad
803 2145 829 2172 id
845 2146 917 2180 quod
934 2146 986 2174 sibi
1000 2147 1048 2174 de-

265 2192 359 2212 corum
373 2190 414 2213 est
425 2187 555 2222 respicit:
571 2188 655 2215 multo
670 2190 755 2224 magis
767 2191 862 2225 optimi
876 2191 965 2219 Patris
978 2192 1048 2220 Deus

267 2229 384 2257 Verbum
408 2230 437 2258 in
458 2232 659 2266 corruptionem
678 2221 822 2260 abeuntem
843 2234 982 2262 hominum
1001 2243 1049 2262 na-
1064 2221 1086 2251 θ

265 2280 352 2303 turam
376 2284 430 2304 non
450 2277 593 2312 dereliquit
614 2287 622 2305 :
640 2279 686 2306 sed
708 2283 834 2312 mortem,
860 2280 886 2306 iu
909 2287 989 2314 quam
1010 2281 1047 2309 illi

267 2321 449 2356 incurrerant,
469 2323 580 2358 proprio
601 2323 690 2351 oblato
706 2331 831 2359 corpore,
853 2324 961 2358 delevit,
986 2325 1047 2354 illo-

265 2374 380 2402 rumque
402 2368 594 2403 negligentiam
615 2377 662 2397 sua
687 2370 808 2397 doctrina
833 2371 997 2404 emendavit,
1020 2375 1048 2399 et

267 2411 370 2443 omnia,
383 2417 443 2445 quae
455 2412 591 2439 hominum
606 2419 692 2445 erant.
706 2422 754 2442 sua
770 2415 870 2442 virtute
880 2423 912 2442 ac
927 2416 1045 2450 potentia

302 2495 359 2530 (80)
378 2495 425 2523 Hic
440 2495 514 2524 locus
532 2497 566 2524 ab
582 2498 631 2524 hac
645 2506 711 2526 voce
728 2498 841 2526 συνιδών
864 2498 897 2526 ad
915 2499 972 2526 haec
990 2507 1049 2529 ver-

266 2531 297 2557 ba
309 2531 414 2568 διάτοῦ
427 2532 485 2563 ἑνὸς
499 2531 624 2568 σώματος
638 2533 742 2568 integer
756 2534 871 2560 refertur
885 2542 900 2560 a
917 2533 1050 2562 Theodo—

269 2566 456 2602 relo,7dialogo
471 2568 498 2599 5,
513 2566 558 2602 qui
572 2568 689 2601 ἀπαθής
696 2566 872 2596 inscribitur.

303 2601 358 2631 t8!)
378 2601 424 2628 Sic
438 2610 502 2629 mss.
516 2601 543 2629 et
555 2602 657 2631 Theod.
673 2604 761 2631 Editio
770 2609 859 2631 autem
869 2604 1049 2636 Commel.,ob

268 2636 396 2673 516._Mu;
413 2644 461 2671 pro
475 2638 578 2669 πάντας
588 2643 617 2665 ιιι
628 2639 692 2666 editi
708 2639 816 2670 habent,
826 2639 1050 2673 Seguer.,Gobl.,

268 2671 357 2710 Felclc.
375 2672 483 2710 lanon.
505 2677 532 2700 et
554 2673 657 2710 Theod.
676 2674 784 2704 πάντως
806 2671 923 2707 habent;
945 2671 1050 2710 Anglic.

268 2707 367 2743 παντός
382 2708 515 2743 mendose
534 2716 582 2743 pro
597 2708 714 2740 πάντως.

303 2742 359 2777 {89)
380 2741 425 2777 Si}:
445 2741 569 2777 Seguei'.,
589 2743 670 2771 Basil.
685 2749 711 2770 et
738 2744 841 2772 Theod.
868 2744 902 2772 At
922 2744 967 2771 alii
989 2751 1049 2772 cum

268 2777 347 2813 editis
370 2776 448 2804 τοῦτο
473 2776 610 2805 omittunt.
638 2779 706 2806 Ibid.
730 2787 780 2813 pro
803 2780 922 2811 πάντων,
948 2778 1049 2805 Theod.

269 2812 371 2843 πάντας
386 2813 475 2838 habet.

306 2847 361 2883 is?)
376 2846 623 2883 Gol_i_ler.,Felckm.
640 2847 650 2873 ί
667 2855 748 2874 anon.
764 2854 791 2875 et
806 2848 920 2879 Theod,
935 2850 968 2883 τῇ
987 2857 1051 2874 κατ-

270 2881 386 2917 αλλὴλῳ.
399 2880 449 2908 Alii
458 2889 517 2909 cum
526 2882 613 2916 editis,
630 2882 808 2919 καταλλήλου,
818 2888 846 2911 ut
858 2889 884 2911 et
893 2880 1050 2918 interpretes

1093 1586 1175 1614 αὑτοῦ
1196 1587 1243 1614 ἐπὶ
1264 1588 1314 1622 τὴν
1327 1588 1464 1623 ἡμετέραν
1479 1588 1579 1624 χώραν,
1600 1589 1647 1615 καὶ
1665 1589 1824 1623 οἰκήσαντος
1841 1588 1881 1618 εἰς

1093 1633 1122 1659 ἓν
1138 1632 1191 1659 τῶν
1205 1633 1306 1668 ὁμοίων
1328 1633 1417 1668 σῶμα,
1437 1633 1528 1660 λοιπὸν
1543 1634 1617 1660 πᾶσα
1640 1635 1656 1668 ὴ
1674 1632 1743 1659 κατὰ
1757 1631 1810 1658 τῶν
1832 1632 1880 1657 dv-

1094 1677 1209 1714 θρώπων
1222 1679 1297 1714 παρὰ
1313 1678 1367 1705 τῶν
1389 1679 1494 1714 ἐχθρῶν
1516 1678 1646 1714 ἐπιϐουλὴ
1661 1678 1807 1708 πέπαυται.
1832 1677 1880 1704 καὶ

1094 1725 1111 1760 ἡ
1127 1724 1174 1750 τοῦ
1197 1723 1311 1752 θανάτου
1330 1725 1476 1760 ἠφάνισται
1499 1724 1586 1761 φθορά
1607 1725 1624 1761 ἡ
1642 1724 1727 1751 πάλαι
1749 1723 1807 1750 κατ’
1830 1723 1881 1750 αὑ-

1094 1767 1148 1794 τῶν
1163 1767 1301 1803 ίσχύουσα.
1323 1768 1527 1803 Παραπωλώλει
1542 1769 1596 1805 γὰρ
1609 1769 1643 1796 ἂν
1661 1768 1693 1794 τὸ
1703 1768 1758 1794 τῶν
1776 1767 1882 1804 ἀνθρώ-

1095 1824 1153 1842 πων
1171 1816 1264 1850 γένος,
1288 1816 1312 1842 εί
1333 1816 1370 1851 μὴ
1389 1816 1404 1841 ὁ
1427 1815 1535 1843 πάντων
1553 1815 1685 1850 δεσπότης
1709 1815 1757 1841 καὶ
1784 1815 1883 1850 Σωτὴρ

1095 1861 1142 1888 τοῦ
1166 1861 1233 1888 Θεοῦ
1259 1862 1322 1894 Υἱὸς
1348 1862 1526 1897 παρεγεγόνει
1553 1862 1622 1897 προς
1642 1861 1673 1887 τὸ
1690 1861 1736 1888 τοῦ
1765 1861 1882 1888 θανάτου

1096 1908 1182 1939 τέλος.

1133 1953 1175 1980 10.
1196 1952 1303 1990 Πρέπον
1316 1952 1371 1988 (86)
1389 1953 1418 1980 δὲ
1430 1953 1476 1980 καὶ
1494 1953 1609 1988 μάλιστα
1623 1954 1655 1988 τῇ
1671 1952 1818 1987 άγαθότητι
1837 1951 1883 1978 τοῦ

1097 1998 1162 2025 Θεοῦ
1177 1998 1283 2036 άληθῶς
1296 1998 1327 2024 τὸ
1345 1999 1416 2033 μέγα
1428 1998 1506 2025 τοῦτο
1520 1998 1608 2034 ἔργον.
1625 1998 1656 2024 El
1672 1998 1725 2033 γὰρ
1743 1997 1882 2032 βασιλεὺς,

1098 2044 1303 2077 κατασκευάσας
1321 2045 1408 2071 οἰκίαν
1432 2044 1449 2079 ἢ
1469 2044 1556 2076 πόλιν,
1578 2044 1626 2070 καὶ
1644 2044 1744 2079 ταύτην
1764 2043 1794 2076 ἐξ
1814 2044 1884 2079 ἀμε-

1098 2091 1173 2122 λείας
1197 2090 1251 2117 τῶν
1270 2090 1446 2118 ἐνοικούντων
1467 2090 1672 2125 πολεμουμένην
1696 2089 1748 2116 ὑπὸ
1764 2089 1883 2125 λῃστῶν,

1097 2138 1128 2165 τὸ
1145 2138 1253 2165 σύνολον
1269 2139 1299 2165 οὐ
1321 2139 1439 2174 παρορᾷ,
1465 2138 1522 2165 ἀλλ’
1539 2138 1577 2170 ὡς
1594 2138 1658 2165 [διον
1680 2137 1760 2173 ἔργον
1783 2137 1886 2164 tuetur

1099 2185 1146 2211 καὶ
1161 2184 1318 2220 περισώζει,
1340 2185 1390 2211 οὐκ
1406 2186 1446 2216 είς
1466 2184 1516 2219 τὴν
1539 2184 1593 2210 τῶν
1614 2183 1790 2210 ἐνοικούντων
1813 2183 1884 2218 ἀμέ-

1100 2229 1174 2256 λειαν
1197 2231 1315 2266 ἀφορῶν,
1339 2229 1396 2257 ἀλλ’
1417 2231 1457 2261 εις
1481 2229 1633 2257 τὺιὲαυτοῦ
1657 2229 1776 2265 πρέπονο
1794 2228 1885 2263 πολλῷ

1102 2275 1181 2302 πλέον
1193 2277 1207 2302 ό
1220 2275 1267 2302 τοῦ
1285 2275 1441 2310 παναγάθου
1456 2275 1521 2307 Θεὸς
1536 2275 1622 2309 Λόγος
1642 2275 1746 2310 [ἰατρὸς
1764 2275 1804 2306 εις
1819 2273 1885 2309 φθο-

1101 2320 1151 2355 ρὰν
1174 2321 1370 2356 κατερχόμενον
1386 2321 1417 2347 τὸ
1438 2320 1471 2347 δι’
1489 2319 1572 2346 αὐτοῦ
1595 2320 1737 2355 γενόμενον
1757 2319 1812 2346 τῶν
1835 2320 1883 2345 ἀν-

1101 2365 1217 2401 θρώπων
1231 2366 1308 2400 γένος
1329 2367 1360 2393 οὐ
1377 2366 1518 2402 παρεῖδεν·
1536 2365 1605 2393 ἀλλὰ
1617 2366 1663 2392 τὸν
1679 2365 1729 2399 μὲν
1749 2364 1884 2400 0x31162611-

1101 2413 1167 2445 xdta
1184 2412 1297 2446 θάνατον
1310 2413 1442 2449 ἀπήλειψε
1457 2413 1501 2440 διὰ
1517 2413 1566 2448 τῆς
1581 2414 1738 2449 προσφορᾶς
1754 2412 1802 2439 τοῦ
1818 2411 1882 2438 ῑδίου

1100 2506 1252 2571 κῆῗςῗῗίὲν
1267 2537 1343 2564 abest
1355 2544 1369 2563 a
1384 2536 1485 2564 Themi.
1499 2535 1532 2563 At
1545 2535 1844 2571 is.‘etedit._habent,
1855 2538 1883 2561 et

1101 2569 1223 2605 legerunt
1237 2571 1405 2599 Omnihonus
1419 2576 1445 2598 et
1458 2571 1584 2597 Ambros.
1600 2569 1720 2597 Camald.
1735 2569 1801 2598 Ibid.
1823 2573 1882 2601 post

1102 2604 1219 2640 θανάτῳ,
1235 2606 1368 2633 Theodor.
1380 2607 1460 2633 habet
1473 2606 1520 2632 καὶ
1531 2604 1617 2636 οὕτως
1633 2605 1729 2640 συνών.
1740 2605 1818 2639 Angl.
1835 2612 1880 2630 ve-

1103 2649 1145 2672 ro.
1157 2637 1202 2668 καί
1221 2641 1258 2673 ὡς
1270 2641 1366 2670 συνών.
1382 2641 1434 2668 Alii
1451 2649 1511 2668 cum
1530 2641 1621 2672 editis,
1691 2637 1746 2677 οἷόν
1757 2637 1801 2677 τέ.
1821 2639 1882 2677 Ain—

1104 2677 1212 2703 hrosius
1223 2677 1342 2703 Camald.
1359 2676 1574 2703 videturleaisse
1593 2681 1621 2702 ut
1634 2675 1738 2702 Theod.
1757 2673 1822 2700 Nam
1840 2674 1882 2699 hic

1102 2696 1473 2745 Jéiﬁ't:"e34}i££;mmEécio.
1488 2696 1655 2749 fheodoreli
1674 2710 1816 2749 lectionem
1839 2715 1881 2734 se-

1101 2747 1146 2780 qui
1161 2747 1245 2773 visum
1260 2751 1312 2778 est,
1327 2751 1424 2780 utqua:
1443 2746 1581 2772 meliorem
1600 2752 1708 2772 sensum
1723 2744 1828 2772 ellieiat.

1137 2781 1193 2815 (85)
1213 2776 1392 2808 Gobleriauus
1408 2786 1433 2807 et
1449 2779 1620 2807 Felckmanni
1639 2779 1650 2806 l
1669 2786 1826 2814 anonymus,
1849 2776 1881 2805 ὰ-

1123 2815 1230 2842 θαοσίσ..

1102 2824 1230 2850 φοαρσιᾳ.

1137 2850 1193 2886 (86)
1214 2851 1300 2882 Editio
1317 2850 1458 2883 Commel.,
1479 2849 1588 2885 πρέποι.
