2037 3044
194 169 246 197 “'5
704 169 834 199 OIUJIO
851 170 895 198 DE
916 171 1175 200 INCABNATIONE
1196 171 1307 200 VERBI.
1761 174 1812 202 114

193 227 327 263 σώματος,
352 227 401 263 τὴν
418 228 447 254 δὲ
474 227 605 263 ἀμέλειαν
632 227 721 255 αὐτῶν
747 228 920 265 διωρθώσατο
945 231 968 265 τῇ

1032 230 1205 259 instauravit.
1225 230 1287 257 llaec
1301 234 1390 258 autem
1408 230 1592 266 theologorum
1611 230 1812 259 Salvatorisdi-

190 272 288 300 ἑαυτοῦ
303 272 472 309 διδασκαλίᾳ,
486 274 575 300 πάντα
589 274 625 301 τὰ
637 274 692 301 τῶν
707 274 858 311 ἀνθρώπων
870 275 913 302 διὰ
930 276 980 311 τῆς

189 318 287 347 ιαυτοῦ
301 318 444 354 δυνάμεως
459 318 646 355 κατορθώσας.
668 319 762 347 Ταῦτα
780 320 810 347 δὲ
831 321 879 348 καὶ
903 321 979 357 παρὰ

189 364 243 392 τῶν
258 363 341 391 αὑτοῦ
356 363 404 391 τοῦ
420 365 545 401 Σωτῆρος
556 365 687 400 θεολόγων
700 365 805 402 ἀνδρῶν
818 366 979 394 πιστοῦσθαι

189 421 231 445 τις
250 412 360 439 δύναται
380 412 550 447 ἐντυγχάνων
571 413 628 445 τοῖς
642 413 753 440 ἐκείνων
774 413 945 449 γράμμασιν,
960 410 978 450 ᾖ

190 458 246 493 (87)
263 467 357 493 φασιν·
380 458 417 486 Ἦ
432 458 488 493 τὰρ
504 458 604 493 ἀγάπη
627 458 680 486 τοῦ
698 459 827 494 Χριστοῦ
852 460 978 495 συνέχει

189 502 268 538 ἡμᾶς
286 503 446 538 κρίναντας
459 504 558 537 τοῦτο,
578 503 634 536 ὅτι,
655 505 682 531 εὶ
697 503 741 538 εἷς
765 504 842 539 ὑπὲρ
857 504 978 533 πάντων

189 550 347 582 ἀπέθανεν,
373 550 429 584 ἄρα
447 552 474 578 οι
501 550 612 583 πάντες
637 551 803 578 ἀπέθανον·
828 551 876 578 καὶ
901 551 977 585 ὑπὲρ

190 596 310 622 πάντων
325 596 481 629 ἀπέθανεν,
501 597 551 623 ἵνα
565 596 650 630 ἡμεῖς
663 596 768 631 μηκέτι
791 597 906 629 ἑαυτοῖς
925 596 976 626 ζῶ-

187 650 253 675 μεν,
276 642 357 668 ἀλλὰ
375 641 415 674 τῷ
434 641 509 676 ὑπὲρ
532 642 616 676 ἡμῶν
631 642 812 668 ἀποθανόντι
831 642 879 668 καὶ
902 642 975 669 ἀνα-

188 688 294 714 στάντι
310 689 345 714 ἐκ
366 687 490 722 νεκρῶν,
511 687 551 719 τῷ
569 687 666 721 Κυρίῳ
688 687 772 721 ἡμῶν
794 687 891 720 Ἰησοῦ
911 688 976 720 Χρι-

188 732 265 765 στῷ·
282 733 329 759 καὶ
345 733 440 759 πάλιν·
464 732 520 759 Τὸν
534 732 567 759 δὲ
585 733 686 766 ,ϐραχύ
707 741 734 759 τι
750 733 817 766 παρ’
830 732 976 767 ἀγγέλους

188 777 397 812 ἠλαττωμένον
413 777 469 811 (88)
487 778 642 813 βλέπομεν
666 778 782 811 Ἰησοῦν
801 778 849 805 διὰ
870 778 902 805 τὸ
919 778 975 805 πά-

187 827 265 858 υημα
277 823 330 850 τοῦ
343 823 471 850 θανάτου
483 823 558 857 δόξῃ
573 824 620 850 καὶ
636 823 704 858 τιμῇ
717 824 973 859 ἐστεφανωμένον,

188 870 267 903 ὅπως
288 869 384 904 χάριτι
401 870 474 896 Θεοῦ
488 869 565 903 ὑπὲρ
585 869 697 902 παντὸς
716 870 859 904 γεύσηται
886 870 975 897 θανά-

1032 275 1199 310 scipulorurn
1213 276 1374 303 auctoritate
1394 276 1557 304 conﬁrmare
1571 277 1672 311 poterit
1692 277 1814 312 quisquis

1031 319 1137 347 illorum
1156 320 1257 355 scripta
1278 320 1382 355 legerit,
1405 321 1449 348 ubi
1476 322 1552 348 aiunt
1570 330 1578 349 :
1606 322 1728 349 Charitas
1745 323 1814 350 enim

1030 365 1130 394 Christi
1149 371 1223 402 urget
1241 374 1299 398 nos,
1315 368 1476 395 mtimantes
1493 369 1553 399 hoc,
1567 368 1691 403 quoniam
1706 369 1729 395 si
1746 376 1813 404 unus

1028 419 1076 446 pro
1092 412 1213 438 omnibus
1227 417 1347 438 mortuus
1360 416 1410 444 est,
1428 421 1489 447 ergo
1510 421 1599 440 omnes
1614 414 1709 440 mortui
1729 418 1789 440 sunt
1802 422 1813 441 :

1028 462 1053 484 et
1068 465 1116 491 pro
1129 458 1249 484 omnibus
1267 463 1385 484 mortuus
1397 463 1445 490 est,
1460 463 1488 485 ut
1505 467 1553 486 nos
1570 467 1621 485 non
1636 459 1749 492 amplius
1765 468 1813 486 no-

1028 504 1067 530 bis
1085 503 1212 535 vivamus,
1228 504 1274 530 sed
1298 504 1322 530 ei
1339 504 1385 538 qui
1407 513 1455 538 pro
1470 505 1544 532 nobis
1569 510 1687 531 mortuus
1707 510 1744 532 est
1761 510 1784 532 et
1799 513 1813 532 α

1027 550 1136 576 mortuis
1163 551 1314 582 resurrexit,
1336 550 1447 578 Domino
1475 555 1565 577 nortro
1581 551 1645 578 Jesu
1661 551 1764 579 Christo
1777 551 1811 580 ⁸⁸.

1028 595 1060 621 Et
1079 603 1205 622 rursum:
1226 595 1294 622 Eum
1314 601 1411 629 autem,
1436 597 1480 630 qui
1507 597 1607 624 modico
1626 606 1702 632 quant
1727 599 1813 632 angeli

1027 642 1172 668 minoratus
1192 647 1240 674 est,
1266 643 1383 670 videmus
1407 643 1509 674 Jesum,
1534 649 1641 677 propter
1664 644 1811 677 passionem

1026 688 1128 719 mortis,
1144 688 1229 722 gloria
1242 693 1265 715 et
1279 688 1378 715 honore
1391 694 1555 722 coronatum,
1566 694 1592 715 ut
1607 690 1690 723 gratia
1704 689 1753 716 Dei
1765 698 1811 722 pro

1026 733 1145 760 omnibus
1167 738 1283 769 gustaret
1303 739 1411 760 mortem
1431 734 1463 760 ".
1478 734 1573 762 Postea
1594 735 1662 762 idem
1679 735 1810 763 rationem

1025 777 1103 805 ail'ert
1116 786 1165 805 cur
1179 787 1230 806 non
1251 779 1401 813 oportuerit
1424 779 1518 811 alium,
1536 788 1616 814 quam
1639 780 1722 807 Deum
1744 781 1811 808 Ver-

1025 823 1099 856 bum,
1131 823 1267 852 hdminem
1289 824 1369 852 ﬁeri:
1399 824 1511 851 Decebat
1531 825 1599 852 enim
1619 833 1688 858 eum,
1714 826 1808 860 inquit,

1024 874 1129 904 propter
1143 878 1218 903 quem
1235 870 1334 902 omnia.
1350 875 1373 896 et
1387 879 1433 904 per
1447 878 1522 905 quem
1539 871 1638 902 omnia,
1652 871 1697 906 qui
1711 871 1809 898 multos

187 924 249 941 του.
267 913 332 941 Εἶτα
347 915 394 941 καὶ
409 915 458 950 τὴν
476 914 565 941 αἰτίαν
580 913 624 940 τοῦ
643 914 679 949 μὴ
699 914 777 940 ἄλλον
790 915 843 941 δεῖν
861 915 876 949 ἣ
893 914 968 942 αὑτὸν

1023 914 1095 947 ﬁlios
1114 915 1141 941 in
1155 915 1266 949 gloriam
1287 916 1446 948 adduxerat,
1466 921 1597 942 auctorem
1612 917 1704 943 salutis
1719 925 1808 944 eorum

186 960 232 986 τὸν
259 959 324 986 Θεὸν
350 959 436 993 Λόγον
469 960 676 995 ἐνανθρωπῆσαι
708 960 833 995 σημαίνει
865 960 969 994 λέγων·

189 1006 315 1039 Ἐπρεπε
334 1005 388 1040 γὰρ
407 1005 497 1038 αὐτῷ.
516 1005 553 1032 δι’
574 1005 609 1032 ὃν
624 1006 660 1032 τὰ
676 1006 787 1040 πάντα,
807 1006 856 1032 καὶ
881 1006 917 1032 δι’
934 1005 970 1034 οὗ

186 1051 226 1079 τὰ,
237 1051 343 1082 πάντα,
361 1051 495 1084 πολλοὺς
515 1051 601 1084 υίοὺς
622 1053 664 1084 εὶς
687 1051 781 1083 δόξαν
807 1052 969 1086 ἀγαγόντα,

185 1095 238 1122 τόν
255 1096 388 1132 ᾴρχηγὸν
407 1096 462 1130 τῆς
482 1097 629 1130 σωτηρίας
650 1097 748 1124 αὐτῶν
768 1097 816 1124 διὰ
836 1097 969 1131 παθημάε

186 1150 243 1168 των
261 1141 423 1169 τελειῶσαι.
448 1142 533 1169 Τοῦτο
551 1142 579 1169 δὲ
603 1143 729 1178 σημαίνει
746 1143 843 1176 λέγων,
867 1144 905 1175 ὼς
920 1144 970 1170 οὐκ

185 1187 263 1214 ἄλλου
277 1185 310 1222 ἦν
324 1188 378 1215 ἀπὸ
394 1189 443 1223 τῆς
460 1188 607 1223 γενομένης
621 1189 723 1224 φθορᾶς
737 1190 799 1220 τοὺς
812 1189 969 1224 ἀνθρώπους

185 1232 338 1266 ἀνενεγκεῖν
351 1232 367 1268 ἢ
383 1232 429 1258 τοῦ
446 1232 512 1259 Θεοῦ
527 1233 613 1267 Λόγου
630 1233 677 1259 τοῦ
696 1234 743 1259 καὶ
758 1233 814 1268 (89)
832 1234 903 1260 κατὰ
918 1234 968 1271 τὴν

184 1277 271 1312 ἀρχὴν
288 1278 464 1314 πεποιηκότος
478 1277 586 1308 αὐτούς.
601 1278 661 1304 ’Ὁτι
677 1278 705 1304 δὲ
719 1278 762 1304 διὰ
776 1278 824 1313 τὴν
838 1279 902 1314 περὶ
914 1279 968 1305 τῶν

183 1323 282 1357 ὁμοίων
303 1323 434 1358 σωμάτων
460 1323 553 1350 Θυσίαν
580 1323 660 1359 σῶμα
682 1325 729 1351 καὶ
748 1325 829 1354 αὐτὸς
849 1326 863 1351 ό
882 1325 967 1359 Λόγος

183 1368 278 1395 ἐλαϐεν
294 1369 390 1404 ἐαυτῷ,
407 1370 453 1396 καὶ
468 1369 547 1396 τοῦτο
563 1370 724 1405 σημαίνουσι
737 1370 874 1404 λέγοντες’
890 1371 968 1398 Ἐπεὶ

183 1413 239 1442 οὖν
254 1416 290 1442 τὰ
314 1416 415 1442 παιδία
439 1415 653 1450 κεκοινώνηκεν
675 1417 798 1451 αἵματος
821 1418 868 1444 καὶ
895 1426 967 1451 σαρ-

183 1461 244 1493 κὸς,
261 1461 310 1487 καὶ
331 1461 423 1493 αὐτὸς
444 1461 662 1494 παραπλησίως
682 1460 811 1495 μετέσχε
833 1460 891 1488 τῶν
913 1462 967 1489 αὺ-

182 1505 249 1537 τῶν,
274 1507 323 1533 ἵνα
341 1505 390 1533 διὰ
413 1503 465 1533 τοῦ
490 1505 619 1532 θανάτου
649 1506 823 1541 καταργήσῃ
854 1507 908 1534 τὸν
932 1507 966 1534 τό

182 1549 288 1583 κράτος
307 1549 414 1583 ἔχοντα
431 1549 483 1576 τοῦ
505 1549 644 1583 θανάτου,
667 1550 804 1577 τουτέστι
825 1551 878 1578 τὸν
900 1550 964 1577 διά-

182 1596 281 1627 ϐολον,
295 1596 343 1622 καὶ
358 1595 519 1630 ἀπαλλάξῃ
541 1596 676 1628 τούτους,
692 1596 758 1623 ὅσοι
777 1596 857 1630 φόϐῳ
877 1597 965 1624 θανά-

181 1649 233 1667 του
248 1641 296 1668 ὃιὰ
311 1641 423 1674 παντὸς
445 1641 498 1668 τοῦ
511 1641 564 1675 ζῇν
584 1641 685 1676 ἔνοχοι
708 1640 790 1676 ἦσαν
814 1642 962 1675 δουλείας.

180 1686 219 1721 Τῇ
235 1686 288 1722 γὰρ
306 1686 352 1712 τοῦ
370 1686 434 1713 ἰδίου
449 1686 574 1722 σώματος
589 1687 679 1722 θυσίᾳ,
693 1688 740 1714 καὶ
753 1687 827 1720 τέλος
848 1688 964 1723 ἐπέθηκε

179 1732 218 1767 τῷ
231 1733 290 1760 καθ’
303 1733 377 1768 ἡμᾶς
393 1733 476 1768 νόμῳ,
490 1733 536 1759 καὶ
551 1734 636 1769 ἀρχὴν
650 1733 722 1768 ζωῆς
736 1735 802 1769 ἡμῖν
818 1734 963 1766 ὲκαίνισεν,

179 1779 273 1805 ἐλπίδα
300 1779 350 1815 τῆς
371 1779 545 1811 ἀναστάσεως
572 1779 704 1811 δεδωκώς.
731 1780 838 1814 Ἐπειδὴ
857 1780 911 1816 γὰρ
934 1779 964 1812 ἐξ

178 1824 328 1860 ἀνθρώπων
351 1826 390 1856 είς
409 1824 567 1861 ἀνθρώπους
587 1826 601 1851 ὁ
624 1825 737 1857 θάνατος
758 1826 903 1860 ἐκράτησε,
920 1825 964 1852 διὰ

177 1869 255 1895 τοῦτο
271 1869 351 1896 πάλιν
366 1869 410 1896 διὰ
421 1870 470 1904 τῆς
482 1869 713 1905 ὲνανθρωπήσεως
725 1870 771 1897 τοῦ
789 1870 857 1897 Θεοῦ
874 1870 962 1904 Λόγου

178 1915 257 1950 ὴτοῦ
280 1915 394 1942 θανάτου
419 1916 564 1947 κατάλυσις
586 1916 692 1949 γέγονε⁷
718 1916 764 1942 καὶ
784 1916 867 1952 ήτῆς
890 1916 962 1952 ζωῆς

176 1961 333 1994 ἀνάστασις,
346 1961 470 1996 λέγοντος
481 1961 527 1988 τοῦ
540 1961 717 1997 χριστοφόρου
726 1961 820 1996 ἀνδρός
830 1970 836 1977 ·
846 1961 962 1996 Ἐπειδὴ

178 2007 232 2041 γὰρ
260 2007 296 2034 δι’
319 2008 475 2042 ἀνθρώπου
500 2008 643 2040 θάνατος,
665 2008 714 2035 καὶ
743 2007 779 2034 δι’
806 2008 962 2042 ἀνθρώπου

176 2053 345 2086 ἀνάστασις
373 2054 498 2088 νεκρῶν.
524 2054 635 2088 Ὥσπερ
665 2053 720 2088 τὰρ
749 2054 784 2080 ἐν
812 2053 852 2086 τῷ
877 2054 964 2090 Ἀδὰμ

176 2101 287 2133 πάντες
300 2101 558 2135 ἀποθνήσκουσιν,
571 2101 665 2133 οὓτως
678 2100 728 2127 καὶ
744 2100 779 2126 ἐν
794 2099 834 2132 τῷ
849 2100 963 2134 Χριστῷ

175 2146 286 2179 πάντες
302 2145 568 2181 ζωοποιηθήσονται
577 2155 584 2161 ·
597 2147 643 2173 καὶ
659 2146 693 2173 τὰ
704 2146 807 2178 τούτοις
818 2147 960 2175 ἀκόλουθα.

1022 966 1068 992 per
1083 960 1230 992 passionem
1241 967 1421 986 consummare
1432 961 1465 986 ⁸⁸.
1477 960 1578 993 Quibus
1593 961 1700 995 quidem
1719 961 1809 990 verbis

1021 1004 1154 1038 signiﬁcat
1175 1012 1227 1032 non
1253 1004 1362 1031 alterius
1385 1004 1468 1032 fuisse
1498 1005 1620 1032 homines
1656 1007 1690 1032 ab
1714 1011 1806 1034 exorta

1021 1052 1194 1085 corruptione
1219 1059 1357 1083 revocare,
1375 1059 1455 1086 quam
1481 1051 1528 1078 Dei
1547 1051 1639 1084 Verbi,
1663 1062 1678 1080 a
1696 1061 1749 1089 quo
1773 1055 1807 1081 ab

1021 1097 1097 1124 initio
1111 1098 1194 1125 creati
1208 1103 1296 1125 erant.
1312 1098 1388 1132 Quod
1407 1103 1497 1126 autem
1515 1099 1616 1127 idcirco
1632 1099 1717 1135 ipsum
1738 1099 1803 1128 Ver-

1020 1143 1081 1169 bum
1102 1143 1152 1170 sibi
1177 1151 1275 1178 corpus
1291 1144 1405 1178 accepit,
1423 1149 1452 1171 ut
1471 1145 1580 1172 victima
1603 1153 1652 1180 pro
1670 1147 1804 1174 similibus

1019 1189 1177 1223 corporibus
1189 1189 1276 1221 ﬁeret,
1291 1189 1370 1216 iidem
1382 1197 1487 1225 quoque
1499 1191 1549 1218 hoc
1562 1193 1640 1218 modo
1649 1192 1785 1219 declarant
1797 1202 1804 1220 :

1020 1233 1088 1265 Quia
1101 1242 1162 1267 ergo
1176 1235 1250 1267 pueri
1269 1236 1525 1262 communicaverunt
1537 1237 1611 1263 carni
1632 1243 1655 1263 et
1671 1238 1803 1272 sanguini,

1017 1283 1041 1304 et
1053 1279 1105 1312 ipse
1116 1279 1238 1305 similiter
1251 1278 1305 1314 45
1330 1280 1494 1314 participavit
1510 1281 1617 1314 eisdem,
1633 1286 1662 1308 ut
1678 1289 1723 1315 per
1736 1290 1805 1309 mor-

1017 1329 1068 1351 tem
1083 1325 1226 1352 destrueret
1243 1333 1302 1352 eum
1315 1326 1359 1359 qui
1374 1326 1484 1352 habebat
1500 1327 1591 1353 mortis
1606 1327 1742 1360 imperium
1753 1346 1762 1360 ,
1775 1327 1805 1353 id

1016 1376 1054 1397 est
1083 1370 1226 1402 diabolum,
1245 1376 1268 1398 et
1283 1371 1402 1398 liberaret
1419 1380 1474 1403 eos,
1495 1373 1539 1406 qui
1555 1372 1647 1399 timore
1659 1375 1748 1400 mortis
1758 1381 1805 1407 per

1018 1422 1098 1443 totout
1111 1416 1190 1442 vitam
1202 1417 1307 1443 obnoxii
1319 1421 1393 1443 erant
1409 1418 1527 1444 servituti
1540 1418 1573 1444 ⁸⁷.
1589 1417 1726 1452 Siquidem
1741 1425 1804 1452 pro-

1016 1461 1104 1496 prium
1119 1468 1217 1496 corpus
1245 1461 1419 1493 immolando.
1437 1462 1486 1497 legi
1508 1463 1652 1490 adversum
1676 1471 1724 1490 nos
1738 1464 1800 1491 lata:

1016 1506 1096 1534 ﬁnem
1113 1506 1250 1540 imposuit,
1264 1511 1292 1533 et
1309 1506 1368 1533 vita:
1387 1507 1560 1542 principium,
1577 1515 1624 1542 spe
1640 1509 1798 1543 resurgendi

1016 1552 1087 1585 data,
1105 1552 1181 1580 nobis
1195 1552 1341 1579 innovavit.
1356 1552 1423 1586 Quia
1436 1554 1507 1580 enim
1524 1561 1596 1581 mors
1609 1562 1640 1581 ex
1651 1555 1803 1582 hominibus

1018 1598 1088 1625 vires
1105 1598 1130 1624 in
1146 1598 1267 1625 hondnes
1288 1603 1440 1633 acceperat,
1456 1599 1517 1626 hinc
1530 1607 1577 1634 per
1589 1600 1671 1626 Deum
1686 1599 1801 1628 Verbum

1020 1645 1171 1672 hominibus
1190 1644 1288 1671 factum
1300 1665 1308 1677 ,
1328 1645 1423 1672 mortis
1441 1646 1537 1673 solutio
1549 1651 1577 1673 et
1598 1647 1658 1674 vita:
1681 1655 1802 1675 resurrec

1017 1691 1071 1717 ctio
1090 1690 1160 1717 facta
1178 1695 1228 1724 est,
1248 1691 1286 1719 uti
1301 1691 1342 1719 vir
1360 1691 1468 1719 Christo
1489 1692 1583 1726 plenus
1599 1693 1636 1719 ait
1652 1703 1657 1720 :
1671 1693 1800 1726 Quoniam

1021 1737 1088 1763 enim
1102 1745 1147 1770 per
1163 1737 1291 1763 hominem
1307 1746 1387 1770 mors,
1402 1743 1425 1765 et
1440 1746 1486 1772 per
1507 1738 1637 1765 hominem
1647 1740 1800 1766 resurrectio

1014 1787 1186 1810 mortuorum.
1206 1783 1362 1815 Nam,sicut
1380 1784 1407 1810 in
1422 1784 1506 1810 Adam
1526 1792 1614 1811 omnes
1639 1786 1798 1816 moriuntur.

1013 1826 1049 1853 ita
1060 1832 1083 1854 et
1095 1827 1122 1854 in
1131 1827 1233 1854 Christo
1243 1836 1331 1855 omnes
1341 1829 1542 1862 vivificabuntur
1552 1829 1586 1862 ⁸⁸,
1597 1834 1727 1857 etczetera
1739 1838 1800 1865 quas

1012 1878 1168 1907 sequuntur.
1186 1873 1244 1901 Non
1263 1874 1334 1902 enim
1349 1873 1404 1908 jam
1427 1879 1455 1902 ut
1472 1875 1615 1903 damnandi
1641 1876 1770 1903 morimur
1789 1884 1798 1904 :

1011 1919 1058 1946 sed
1071 1924 1194 1954 tanquam
1203 1927 1216 1946 a
1229 1921 1342 1948 mortuis
1350 1921 1484 1948 excitandi
1498 1928 1666 1949 communem
1678 1922 1797 1950 omnium

1013 1966 1237 1993 resurrectionem
1247 1972 1445 2002 exspectamus.
1457 1975 1536 2002 quam
1546 1968 1670 1996 nimirum
1683 1969 1798 2004 propriis

1014 2011 1179 2045 temporibus
1191 2011 1250 2046 ejus
1265 2017 1359 2040 auctor
1371 2018 1399 2040 ct
1413 2013 1525 2048 largitor
1541 2013 1610 2041 Deus
1631 2014 1797 2043 ealiibiturus

1012 2061 1065 2083 est.
1083 2056 1175 2092 Itaque
1191 2058 1247 2085 hac
1260 2058 1345 2093 prima
1358 2064 1398 2086 est
1415 2067 1506 2092 causa,
1522 2068 1570 2087 cur
1585 2060 1707 2088 Salvator
1719 2061 1797 2088 homo

1011 2102 1098 2130 factus
1109 2108 1159 2130 est.
1169 2103 1300 2132 Praeterea
1322 2112 1381 2132 eum
1396 2106 1586 2133 convenienter
1603 2106 1745 2134 admodum
1759 2107 1792 2133 ad

1012 2155 1062 2175 nos
1074 2149 1227 2182 advenisse,
1243 2156 1275 2177 ex
1288 2149 1330 2177 bis
1343 2157 1448 2185 quoque
1464 2150 1526 2178 licet
1539 2152 1685 2185 percipere.

174 2193 272 2220 Οὐκέτι
294 2193 346 2229 γὰρ
362 2194 410 2221 νῦν
429 2195 467 2226 ὡς
492 2194 717 2230 κατακρινόμενοι
739 2194 958 2229 ἀποθνήσκομεν,
978 2195 1035 2221 ἀλλ’
1053 2196 1091 2228 ὡς
1117 2197 1285 2232 ἐγειρόμενοι
1305 2198 1486 2233 περιμένομεν
1513 2199 1562 2232 τὴν
1581 2199 1672 2234 κοινὴν
1688 2197 1795 2224 πάντων

174 2238 333 2270 ἀνάστασιν,
346 2239 379 2274 ῆν
390 2241 494 2275 καιροῖς
513 2241 587 2271 ἰδίοις
601 2240 683 2273 δείξει
696 2241 710 2266 ό
719 2240 765 2267 καὶ
774 2240 874 2275 ταύτην
887 2241 1074 2282 ἐργασάμενος
1088 2243 1134 2268 καὶ
1150 2243 1414 2281 χαρισάμἏΘεός.
1425 2244 1502 2270 Αίτία
1519 2244 1567 2278 μὲν
1582 2244 1614 2278 δὴ
1628 2242 1722 2279 πρώτη
1739 2244 1794 2278 (90)

174 2285 223 2319 τῆς
243 2285 471 2321 ὲνανθρωπήσεως
484 2286 530 2313 τοῦ
554 2285 678 2322 Σωτῆρος
700 2287 780 2322 αὕτη.
805 2287 884 2322 Γνοὶη
903 2287 925 2313 δ’
941 2287 973 2314 ἄν
991 2296 1032 2320 τις
1052 2289 1135 2315 αὐτοῦ
1153 2290 1202 2325 τὴν
1216 2289 1321 2325 ἀγαθὴν
1340 2290 1380 2321 εὶς
1415 2290 1487 2324 ἡμᾶς
1506 2289 1656 2325 παρουσίαν
1673 2288 1792 2322 εὐλόγως

174 2329 337 2365 γεγενῆσθαι
352 2331 400 2357 καὶ
415 2332 448 2357 ὲκ
463 2331 576 2359 τούτων.

210 2376 253 2402 Η.
281 2376 310 2403 '0
329 2377 394 2408 Θεὸς
417 2379 432 2404 ό
451 2378 558 2405 πάντων
577 2379 646 2413 ἔχων
665 2379 696 2405 τὸ
720 2380 834 2415 κράτος,
857 2380 900 2406 ὅτε
927 2380 957 2406 τὸ

1044 2379 1088 2406 Η.
1110 2379 1188 2412 Deus,
1206 2379 1252 2414 qui
1270 2387 1359 2406 rerum
1375 2380 1493 2406 omnium
1509 2380 1637 2408 Dominus
1656 2385 1706 2411 est,
1731 2389 1791 2408 cum

173 2420 227 2447 τῶν
252 2421 402 2457 ἀνθρώπων
424 2424 500 2457 γένος
520 2424 563 2450 διὰ
588 2424 634 2451 τοῦ
658 2424 722 2451 ἰδίου
742 2426 827 2459 Λόγου
855 2426 960 2458 ἐποίει,

173 2466 288 2493 κατιδὼν
304 2467 384 2494 πάλιν
396 2467 445 2503 τὴν
459 2468 601 2496 ἀσθένειαν
620 2469 670 2504 τῆς
685 2469 792 2504 φύσεως
807 2471 905 2503 αὐτῶν,
923 2471 960 2503 ὠς

171 2512 220 2546 οὐχ
235 2512 313 2548 ἱκανὴ
327 2512 369 2548 εἴη
385 2513 413 2546 ἐξ
428 2514 525 2549 εαυτῆς
540 2514 639 2549 γνῶναι
652 2516 697 2542 τὸν
712 2516 891 2551 Δημιουργδν,
907 2516 960 2542 οὐδ’

171 2557 239 2589 ὂλως
260 2558 364 2587 ἔννοιαν
383 2559 473 2587 λαϐεῖν
493 2560 577 2593 Θεοῦ,
601 2561 640 2596 τῷ
662 2562 708 2588 τὸν
729 2561 777 2596 μὲν
802 2559 870 2588 εἶναι
891 2562 959 2597 (9i)

172 2603 313 2638 ἀγένητον,
335 2605 369 2632 τὰ
384 2605 413 2631 δὲ
428 2605 458 2637 ἐξ
472 2606 522 2632 οὐκ
546 2606 630 2633 ὅντων
654 2607 828 2642 γεγενῆσθαι,
847 2607 894 2634 καὶ
914 2608 958 2634 τὸν

207 2651 230 2666 ⁸⁸
249 2650 270 2677 ll
284 2650 346 2678 Cor.
359 2659 384 2684 ν,
399 2652 443 2684 Η,
466 2652 509 2681 l5.
547 2653 571 2669 "
592 2653 672 2680 Hebr.
698 2661 728 2684 ιι.
741 2653 767 2680 9.
805 2653 828 2669 “
842 2654 904 2680 ibid.
928 2654 970 2682 i0.

208 2706 263 2743 (87)
277 2708 428 2745 (ξοωει-,ρι
452 2701 570 2738 Felckm.
581 2710 594 2737 1
621 2718 715 2742 anon..
732 2707 783 2741 οἷς.
800 2709 883 2738 Paulo
895 2717 955 2745 post

171 2743 195 2769 εί
213 2747 272 2776 post
282 2743 333 2775 ὅτι,
347 2744 476 2772 omittunt
491 2746 568 2777 editi,
581 2746 682 2773 habent
692 2752 755 2772 vero
767 2753 832 2772 mss.

207 2777 262 2812 (88)
274 2777 475 2814 ᾟλαττωμένον
494 2780 571 2808 abest
591 2789 606 2807 a
626 2779 734 2807 Goliler.
757 2784 784 2806 et
801 2780 918 2809 Felckm.
941 2781 957 2807 5

172 2819 258 2849 anon.»
275 2812 357 2849 [idem
373 2812 557 2849 ρὸςιἾησοῦν,
575 2816 676 2842 addunt
689 2815 814 2849 Χριστόν.

208 2847 263 2916 (89)
279 2848 331 2873 Καί
347 2849 423 2875 deest
442 2847 596 2877 in'Gobler.
616 2855 643 2876 ct
658 2847 776 2877 Felckm.
792 2851 802 2878 l
818 2858 900 2878 anon.

208 2882 252 2916 (υι)
284 2882 380 2916 Πρώτη
401 2884 476 2912 abest
493 2892 505 2911 a
521 2885 598 2912 Gobl.
615 2890 640 2911 et
657 2884 745 2913 Felt-k.
773 2884 783 2911 Ι
807 2892 849 2912 an.
873 2884 900 2913 lit

208 2882 263 2917 (00)
284 2882 380 2918 Πρώτη
401 2884 476 2912 abest
493 2892 505 2911 a
521 2885 598 2912 Gobl.
615 2890 640 2911 et
657 2884 745 2913 Felt-k.
773 2884 783 2911 Ι
807 2892 849 2912 an.
873 2884 953 2914 iidem

1012 2425 1151 2453 hominum
1163 2432 1248 2459 genus
1261 2433 1309 2459 per
1323 2427 1462 2460 proprium
1478 2426 1593 2453 Verbum
1605 2427 1718 2458 creavit,
1733 2426 1791 2460 ejus

1011 2476 1113 2498 natura:
1135 2471 1319 2498 imbecillitate
1336 2477 1488 2506 perspecta,
1512 2480 1572 2507 qua:
1593 2472 1696 2500 scilicet
1718 2477 1790 2500 tanta

1009 2522 1049 2544 est
1068 2521 1097 2543 ut
1111 2525 1143 2543 ex
1159 2517 1245 2551 seipsa
1267 2524 1317 2544 nec
1337 2518 1494 2545 Creatorem
1510 2525 1672 2554 cognoscere
1694 2525 1743 2545 nec
1756 2518 1791 2546 do

1010 2563 1062 2589 Deo
1079 2562 1198 2597 cogitare
1223 2564 1318 2598 possit,
1336 2564 1406 2598 quod
1430 2563 1473 2590 ille
1492 2564 1599 2598 quidem
1619 2571 1671 2590 non
1689 2563 1788 2596 factus.

1008 2608 1064 2635 lucc
1079 2613 1167 2635 autem
1181 2615 1214 2636 ex
1229 2609 1312 2636 nihilo
1326 2609 1438 2636 sitiacta
1457 2618 1464 2636 :
1490 2609 1533 2637 ille
1558 2609 1677 2644 corporis
1691 2617 1789 2644 expers

1008 2655 1030 2669 “
1046 2654 1110 2681 ibid.
1122 2654 1166 2685 14,
1180 2654 1224 2681 l5.
1260 2654 1283 2670 ³⁸
1302 2653 1388 2682 lCor.
1409 2662 1453 2686 xv,
1467 2654 1513 2687 2i,
1532 2654 1576 2681 22.

1008 2715 1072 2748 ante
1087 2711 1156 2748 αρτη
1182 2712 1301 2748 addunt,
1321 2711 1368 2738 τοῦ
1389 2711 1513 2748 Σωτῇρος
1529 2711 1606 2746 ήμῶν
1620 2711 1707 2746 Ἰησοῦ
1720 2711 1787 2748 Χρι-

1008 2746 1160 2783 στοῦχδεε.
1185 2747 1261 2783 addit
1286 2746 1457 2783 tantnmﬁoﬁ
1482 2747 1615 2782 Σωτῆρος,
1635 2752 1706 2775 utet
1724 2746 1787 2783 legit

1007 2782 1183 2809 Omnibonus.
1196 2781 1247 2807 Alii
1264 2789 1325 2807 CIIII)
1343 2781 1423 2808 editis
1438 2782 1486 2808 bas
1496 2781 1574 2809 voces
1584 2783 1720 2809 omittunt.

1043 2816 1099 2851 (9|)
1119 2816 1268 2852 Gobler._et
1280 2815 1397 2852 Fclrkm.
1412 2816 1422 2842 l
1437 2817 1532 2848 an.,-.b
1550 2817 1599 2852 μὲν
1615 2814 1784 2844 εἶναι.ιίι1ειιι

1007 2856 1034 2877 et
1054 2850 1325 2887 Anglicadvévnrov.
1338 2851 1392 2878 Alii
1408 2859 1470 2878 vero
1481 2850 1654 2884 cum'cditis.
1671 2852 1785 2887 ἀγέννη-

1006 2894 1061 2919 τον,
1074 2887 1164 2914 minus
1176 2886 1254 2912 bene.
