2037 3044
261 161 317 188 115

550 159 579 186 S.
602 157 788 186 ATHANASII
809 157 883 184 OPP.
903 156 995 183 PARS
1013 155 1032 183 Ι.
1052 169 1085 174 --
1105 150 1291 180 HISTORICA
1313 149 1357 176 ΕΤ
1377 147 1583 176 DOGMATICA.

1838 145 1887 172 “6

259 226 305 254 ιιιῐ,
321 220 443 247 homines
459 226 523 246 vero
537 219 660 253 corporei
677 218 732 246 sint
747 217 831 244 creati
848 226 854 244 :
875 224 907 243 ac
929 216 1045 250 denique

1101 213 1147 247 μὲν
1174 210 1319 246 ἀσώματον
1349 207 1436 238 εἶναι,
1469 208 1530 238 τοὺς
1558 206 1587 233 δὲ
1618 204 1777 240 ἀνθρώπους
1812 205 1888 231 κάτω

259 266 330 301 quod
345 266 423 293 valde
440 265 524 292 multa
538 265 620 292 rebus
636 264 737 292 creatis
751 263 841 290 desint
856 263 890 290 ad
907 262 1045 290 Creatoris

258 311 438 348 cognitionem
454 311 668 345 assequendam;
692 310 794 337 idcirco
811 309 923 337 humani
938 307 1045 341 generis

259 358 315 391 ille,
331 361 424 391 utpote
446 357 543 388 bonus.
561 357 700 389 misertus,
718 356 758 383 sui
777 356 932 390 cognitione
946 361 1046 381 vacuos

258 411 307 431 eos
321 402 407 430 noluit
420 402 569 434 dimittere,
581 407 610 428 ut
623 409 657 429 ne
668 401 769 428 frustra
785 401 960 429 exsisterent.
976 400 1045 433 Quid

259 449 330 475 enim
345 448 471 475 utilitatis
489 448 569 475 rebus
583 447 662 475 factis
672 453 764 482 posset
776 455 847 480 esse,
859 447 882 473 si
897 453 974 473 suum
988 446 1046 480 opi-

260 496 337 522 ﬁcem
364 494 539 529 ignorarent?
561 493 609 521 Vel
632 494 768 528 quomodo
792 493 916 520 homines
933 492 1046 519 rationis

258 540 526 575 eSsent'participes,
542 540 563 567 si
581 540 670 567 Patris
686 540 829 567 Rationem
855 540 912 566 sive
926 538 1045 566 Verbum

259 589 286 614 in
301 595 354 622 quo
368 586 431 614 facti
447 592 509 614 sunt
524 586 680 614 nescirent?
694 586 775 613 Certe
786 585 858 613 nulla
871 586 898 613 in
915 593 944 612 re
955 584 1047 612 dill‘er-

261 638 320 661 rcnt
335 641 349 660 a
366 633 452 661 brutis
475 633 710 665 animantibus,'si
735 632 802 660 nillil
820 638 920 667 praeter
937 637 1044 659 terrena

263 684 466 713 cognoscerent.
482 678 515 705 Et
530 686 595 706 vero
606 678 671 714 quid
687 678 757 706 Deus
772 678 832 705 illos
847 678 1006 709 creavisset,
1023 678 1045 704 si

260 727 293 752 ab
309 726 362 752 illis
376 725 509 752 noluisset
524 725 672 760 cognosci?
691 724 874 759 Quapropter,
889 731 950 751 cum
959 723 1046 750 bonus

260 773 305 804 sit,
319 780 354 800 ne
367 772 392 800 id
405 772 491 806 ﬁeret,
504 772 619 807 propriae
629 772 754 806 imaginis
768 771 871 798 Domini
884 770 969 798 nostri
984 769 1045 797 .icsu

260 819 359 847 Christi
376 819 438 846 illos
451 819 598 853 participes
612 818 740 849 reddidit.
758 822 785 844 et
800 817 832 844 ad
852 824 928 844 suam
952 815 1047 850 imagi-

261 874 322 893 nem
344 873 376 893 ac
396 865 602 893 similitudinem
625 864 700 896 fecit,
724 868 753 890 ut
774 863 926 898 bnjusmodi
952 862 1046 896 gratiae

261 919 311 946 ope
327 911 483 947 imaginem,
499 911 586 938 Patris
600 910 724 938 videlicet
738 909 866 942 Verbum,
878 909 968 936 animo
982 917 1044 936 con-
1061 898 1080 926 Β

261 958 403 992 cipientes,
427 957 516 989 Patris
537 957 719 992 cognitionem
748 964 796 991 per
822 956 910 991 ipsum
937 957 1043 990 assequi

261 1008 383 1038 possent,
396 1009 422 1031 et
434 1003 589 1031 Creatorem
603 1004 800 1037 cognoscendo,
815 1002 920 1030 felicem
936 1010 968 1029 ac
982 1010 1045 1029 vere

262 1051 368 1076 beatam
391 1049 475 1075 vitam
494 1049 627 1075 viverent.
645 1047 745 1075 Verum
768 1047 857 1074 insani
879 1054 974 1074 rursus
995 1047 1046 1074 h0-

263 1096 349 1122 mines
371 1095 440 1122 hanc
464 1095 546 1121 etiam
570 1094 621 1121 sibi
646 1093 810 1128 impertitam
831 1093 946 1129 gratiam
971 1094 1044 1128 parvi

262 1141 419 1175 pendentes,
434 1141 469 1168 ita
484 1148 542 1168 sese
561 1148 575 1167 a
593 1140 647 1167 Deo
661 1143 817 1167 averterunt
830 1144 857 1167 et
870 1140 988 1166 animum
1002 1139 1047 1166 in-

261 1188 454 1222 quinaverunt,
475 1192 505 1214 ut
517 1194 571 1214 non
589 1187 676 1214 solum
694 1186 740 1213 Dei
759 1186 895 1213 notionem
911 1185 1046 1213 oblivione

262 1233 421 1266 ileleverint,
442 1234 489 1261 sed
505 1234 587 1261 etiam
609 1232 661 1259 alia
681 1240 731 1267 pro
745 1232 804 1259 aliis
818 1232 869 1259 sibi
883 1231 1045 1259 efﬂuxerint.

263 1278 363 1314 Nempe
381 1279 523 1306 simulacra
539 1286 588 1313 pro
605 1280 717 1305 veritate
730 1279 780 1306 sibi
797 1278 958 1310 formavere,
973 1283 1000 1305 et
1014 1286 1045 1305 ea

262 1330 323 1357 qua:
342 1323 407 1350 nihil
419 1328 498 1350 erant
515 1323 569 1350 Deo
583 1323 627 1357 qui
641 1331 703 1351 vere
720 1328 761 1351 est
777 1323 928 1358 praatulere,
944 1325 1045 1357 potius-

262 1377 317 1404 que
344 1374 476 1397 creatum
490 1377 570 1405 quam
583 1369 705 1397 Creatori
723 1370 887 1397 servierunt.
907 1369 961 1397 Sed
976 1369 1046 1404 quod

264 1415 460 1449 nequissimum
473 1420 524 1446 est.
540 1417 622 1443 etiam
637 1415 671 1442 ad
689 1415 772 1450 ligna,
788 1416 822 1443 ad
846 1415 948 1450 lapides
968 1420 995 1443 et
1013 1416 1047 1442 ad

264 1468 373 1488 omnem
396 1461 537 1488 materiam
559 1466 640 1497 atque
659 1462 693 1489 ad
713 1462 836 1490 homines
855 1461 902 1489 Dei
918 1462 1046 1489 honorem

266 1509 452 1539 traduxerunt,
475 1508 572 1543 hisque
594 1509 682 1543 plura,
708 1509 746 1536 uti
768 1516 849 1543 supra
872 1509 972 1536 dictum
995 1514 1046 1541 est,

265 1558 415 1588 patravere.
432 1553 571 1588 Siquidem
592 1559 665 1581 tanta
681 1555 786 1581 illorum
804 1555 853 1582 fuit
869 1554 1003 1589 impietas,
1020 1559 1048 1581 ut

265 1600 346 1626 etiam
367 1599 502 1627 daemones
519 1601 642 1628 venerari
666 1606 695 1628 et
719 1601 785 1628 deos
802 1600 950 1636 appellare,
969 1606 1049 1636 atque

267 1645 373 1672 illorum
393 1653 492 1680 parere
513 1646 655 1681 cupiditati
671 1654 703 1674 ac
719 1646 823 1674 libidini
842 1653 894 1672 non
910 1646 1050 1673 dubitave-

267 1691 331 1719 rint.
346 1691 468 1726 Namque
486 1691 551 1724 illis,
572 1692 798 1727 quemadmodum
813 1692 940 1724 diximus,
955 1696 982 1718 et
996 1691 1051 1719 bel-

267 1738 325 1766 luas
338 1743 364 1765 ct
373 1738 505 1773 homines,
520 1744 549 1766 ut
563 1747 609 1767 eos
622 1740 753 1772 colerent,
767 1739 954 1771 immolabant,
969 1747 1052 1774 seqne

267 1785 294 1811 in
315 1785 383 1817 dies,
404 1786 499 1813 iisdem
524 1785 734 1818 stimulantibus,
757 1785 915 1813 fortioribus
936 1785 1051 1813 vinculis

266 1829 323 1866 46
335 1831 530 1867 astringebant.
545 1830 614 1858 Hinc
627 1839 692 1867 ergo
706 1836 778 1858 artes
797 1831 909 1866 magicae
921 1831 991 1866 apud
1005 1839 1051 1859 eos

268 1876 461 1910 edocebantur,
473 1881 500 1904 et
513 1877 621 1904 oracula
640 1877 723 1905 variis
737 1877 764 1904 in
779 1877 845 1904 locis
856 1878 927 1904 edita
939 1878 1052 1905 miseros

269 1922 392 1949 homines
409 1923 590 1958 decipiebant,
607 1924 753 1958 cunctique
768 1923 820 1951 sibi
838 1928 866 1951 et
880 1924 1006 1951 nascendi
1025 1928 1053 1951 et

269 1968 415 1995 exsistendi
432 1976 527 1995 causas
548 1974 618 1996 astra
634 1973 661 1995 ct
675 1974 773 1996 caetera
796 1977 909 2004 corpora
931 1969 1051 1997 cmlestia

268 2020 329 2039 esse
349 2013 562 2045 arbitrabantur,
584 2013 705 2048 nihilque
722 2019 820 2048 praeter
835 2021 877 2046 ea,
903 2021 962 2048 quae
979 2014 1051 2041 vide-

269 2059 344 2090 bant,
358 2057 521 2092 cogitabant.
536 2058 564 2085 lu
577 2066 692 2091 summa,
708 2059 797 2086 omnia
812 2060 948 2094 impietate
961 2064 987 2086 et
1004 2067 1052 2086 ne-

270 2104 355 2138 quitia
375 2109 452 2131 erant
473 2104 561 2139 plena,
581 2104 708 2139 solusque
728 2105 798 2132 Dcus
813 2110 840 2132 et
861 2105 919 2139 ejus
935 2104 1051 2132 Verbum

270 2149 458 2183 ignorabatur,
478 2149 603 2184 quamvis
627 2150 748 2184 seipsum
768 2149 923 2176 hominibus
945 2149 1054 2176 minime

270 2197 456 2228 occultaverit,
485 2203 535 2223 nec
558 2196 706 2231 simplicem
732 2196 772 2223 sui
797 2195 977 2230 cognitionem
1003 2195 1053 2222 illis

271 2243 462 2277 impertiverit,
487 2243 536 2271 sed
556 2242 641 2270 variis
663 2241 808 2277 multisque
833 2241 919 2269 modis
940 2248 998 2268 eam
1017 2241 1057 2269 eis
1071 2245 1094 2273 ι)

272 2289 458 2326 cxplicaverit.

308 2457 352 2484 l2.
374 2455 529 2483 Snfliciebat
540 2455 664 2488 equidem
678 2454 774 2488 gratia,
792 2460 843 2488 qua
864 2453 897 2480 ad
912 2452 1055 2487 imaginem

272 2502 318 2529 Dei
339 2501 403 2529 facti
424 2509 527 2534 sumus,
549 2501 581 2527 ad
599 2500 681 2527 Deum
699 2498 816 2526 Verbum
840 2503 867 2525 et
881 2497 987 2525 Patrem
1009 2505 1056 2532 pcr

274 2550 360 2583 ipsum
387 2548 505 2575 Verbum
529 2546 753 2582 cognoscendum.
784 2545 882 2572 Verum
908 2544 988 2577 Dens,
1013 2545 1056 2571 cui

309 2636 366 2669 (9%)
380 2636 425 2663 Sic
441 2636 566 2671 Segtler.,
584 2635 668 2663 Basil.
680 2640 707 2662 et
721 2633 830 2671 Anglic:
844 2633 901 2671 >Al_ii
918 2641 978 2660 cum
1001 2633 1059 2671 elli-

274 2667 347 2699 Iione
361 2667 491 2700 Comunel‘.
504 2667 704 2698 πουόιιιὶιιιιιιι.
721 2667 782 2696 Moti
796 2668 995 2702 ibid.Seguer.,
1005 2667 1058 2694 Go-

275 2708 341 2733 bler.
360 2711 386 2732 et
404 2706 524 2734 Felclim.
551 2707 562 2733 1
589 2714 669 2733 anon.
691 2705 790 2732 habent
815 2704 901 2737 ὅλως,
917 2708 982 2731 utet
998 2703 1061 2738 legit

275 2741 442 2769 Omnibonus
455 2751 462 2770 :
476 2742 521 2768 alii
538 2750 599 2769 cum
611 2740 700 2772 editis,
716 2740 793 2775 ὃλην.

312 2776 368 2811 (95)
380 2777 416 2803 Τό
438 2778 481 2804 hic
498 2777 597 2804 habent
615 2777 692 2810 Seg.,
709 2773 804 2807 Bas’il.,
817 2774 886 2802 Gob.
900 2779 927 2801 et
939 2773 1029 2800 Felck.
1047 2773 1057 2800 l

277 2819 322 2838 an.
336 2812 386 2838 Alii
400 2819 460 2838 cum
480 2813 523 2839 ed.
535 2811 672 2837 omittunt.

312 2846 368 2880 (94)
381 2845 503 2880 Seguer.,
522 2846 592 2873 οὐδέ.
602 2846 706 2880 Anglic.
722 2844 876 2880 pauloposl,
901 2843 1056 2877 ἐγίνωσκον.

314 2881 370 2916 (95)
384 2879 462 2908 Go’bl.
477 2886 502 2908 ct
518 2880 608 2908 Felrk.
628 2879 741 2908 latum.
753 2884 778 2906 ct
795 2879 856 2914 Srg.
870 2880 969 2907 habent
992 2887 1056 2913 μαν-

1099 270 1150 287 που
1168 259 1225 294 (9‘2)
1249 257 1355 293 σώματι
1373 255 1538 285 πεπλάσθαι,
1553 253 1600 281 καὶ
1616 253 1685 285 ὅλως
1699 252 1797 287 πολλὴν
1816 251 1886 278 εἶναι

1098 307 1147 342 τὴν
1160 305 1214 332 τῶν
1232 303 1354 339 γενητῶν
1367 301 1483 337 ἔλλειψιν
1498 300 1566 337 πρὸς
1583 299 1632 335 τὴν
1647 298 1693 325 τοῦ
1708 297 1888 333 πεποιηκότος

1100 349 1251 384 κατάληψιν
1273 349 1321 375 καὶ
1341 347 1460 382 γνῶσιν
1480 346 1598 384 ehem;
1615 345 1694 371 πάλιν
1714 344 1744 370 τὸ
1758 344 1889 384 Ειοῇὸ

1099 394 1278 431 ἀνθρώπινον,
1299 394 1347 420 ἆτε
1362 393 1393 428 δὴ
1416 391 1518 426 ἀγαθὸς
1534 391 1583 431 ῶν,
1604 391 1653 417 οὐκ

1099 429 1222 477 ἑέήίῖᾶδέ
1231 434 1280 475 τῆζ
1298 438 1392 477 ἑαυτοῦ
1406 438 1541 472 γνώσεως,
1667 437 1792 471 ἀνόνητον
1807 435 1888 470 ἕ-ίωσι

1099 469 1682 521 κὸέέᾲὼὲᾇεῖιιαιξΠοῆῨᾶῖόνηᾶἷῖὸῖς
1695 469 1888 515 πεποιτγμέᾷδις

1101 534 1137 568 μὴ
1151 532 1314 566 γινώσκουσι
1327 531 1373 557 τὸν
1385 529 1491 556 ἑαυτῶν
1511 530 1641 564 ποιητὴν;
1656 528 1699 561 Ἢ,
1707 524 1887 565 nagivia:

1099 577 1201 611 λογικοὶ
1223 577 1259 612 μὴ
1281 576 1461 616 γινώσκοντες
1479 575 1526 601 τὸν
1544 574 1590 612 τοῦ
1618 572 1896 616 [1W

1098 620 1120 657 ᾧ
1135 622 1181 650 καὶ
1202 615 1361 657 γεγόνασινς
1383 622 1465 648 Οὐδὲν
1484 620 1540 655 (94)
1560 620 1615 655 γάρ
1632 619 1693 646 οὐδὲ
1707 615 1811 652 ἀλόγων
1832 617 1889 644 δια-

1099 671 1193 705 φέρειν
1211 669 1333 704 εμελλον,
1355 669 1378 694 εί
1402 667 1483 695 πλέον
1505 667 1581 693 οὐδὲν
1597 666 1652 693 τῶν
1671 664 1816 700 περιγείων
1839 665 1890 690 ἑπ-

1099 716 1257 750 εγίνωσκον.
1277 715 1310 742 Τί
1326 715 1354 741 δὲ
1373 715 1420 741 καὶ
1435 715 1449 741 ὁ
1464 713 1530 745 Θεὸς
1548 713 1633 739 ἐποίει
1652 711 1772 742 τούτους,
1789 710 1836 745 ἀφ’
1851 707 1890 736 ὧν

1162 741 1279 796 ἧθέλησε
1307 760 1503 795 γινώσκεσθαι;
1520 741 1609 785 ἱΌθεν
1624 758 1667 784 ἵνα
1692 757 1728 792 μὴ
1846 756 1891 790 γέ·

1099 815 1186 843 νηται,
1203 806 1305 843 anates;
1323 805 1371 837 ῶν,
1384 806 1434 840 τῆς
1456 804 1524 835 ιδίας
1545 803 1648 834 εἰκόνος
1662 803 1754 833 αὐτοῖς
1768 801 1814 827 τοῦ
1835 801 1891 827 Κυ-

1101 854 1159 889 ρίου
1182 844 1367 888 ﬁm
1394 850 1514 886 Χριστοῦ
1544 849 1721 885 μεταδίδωσι,
1746 848 1792 874 καὶ
1816 848 1890 873 ποιεῖ

1094 898 1205 930 τούτους
1224 897 1293 924 κατὰ
1313 897 1362 932 τὴν
1375 895 1472 923 ἑαυτοῦ
1488 895 1579 922 εἰκόνα
1599 894 1646 921 καὶ
1659 894 1720 921 καθ’
1739 893 1870 928 ὁμοίωσιν
1881 901 1887 906 '

1098 945 1141 971 ἵνα
1160 944 1204 970 διὰ
1222 944 1272 978 τῆς
1293 943 1420 978 τοιαύτης
1438 942 1550 977 χάριτος
1568 940 1617 976 τὴν
1636 940 1728 966 εἰκόνα
1746 939 1888 970 νοοῦντες,

1097 991 1169 1025 λέγω
1180 990 1213 1025 δὴ
1233 990 1278 1016 τὸν
1300 989 1348 1016 τοῦ
1370 989 1474 1024 Πατρὸς
1495 987 1591 1022 Λόγον,
1614 986 1763 1021 δυνηθῶσιν
1784 986 1889 1011 ἔννοιαν

1099 1034 1133 1060 δι’
1146 1033 1227 1061 αὐτοῦ
1248 1033 1295 1060 τοῦ
1318 1034 1424 1069 Πατρὸς
1447 1032 1549 1064 λαϐεῖν,
1572 1031 1620 1059 καὶ
1642 1031 1821 1066 γινώσκοντες
1845 1030 1891 1056 τὸν

1099 1078 1212 1114 ποιητὴν
1235 1078 1301 1110 ζῶσι
1326 1079 1372 1105 τὸν
1401 1078 1548 1113 εὐδαίμονα
1578 1077 1625 1103 καὶ
1653 1077 1785 1113 μακάριον
1804 1076 1891 1107 ὅντως

1100 1124 1165 1160 βίον.
1186 1124 1255 1151 Ἀλλ’
1273 1124 1414 1160 ἄνθρωποι
1434 1124 1516 1151 πάλιν
1532 1124 1720 1160 παράφρονες,
1743 1122 1892 1156 κατολιγω-

1100 1171 1230 1205 ρήσαντες
1253 1172 1301 1198 καὶ
1322 1170 1393 1197 οὕτω
1419 1171 1469 1206 τῆς
1495 1170 1741 1206 Μέσηςῗαύτοῖς
1767 1170 1890 1205 χάριτος,

1099 1216 1223 1243 τοσοῦτον
1243 1216 1457 1252 ἀπεστράφησαν
1476 1217 1521 1243 τὸν
1534 1216 1610 1249 Θεὸν,
1626 1205 1893 1243 xm

1099 1261 1187 1288 λωσαν
1202 1262 1307 1289 ἑαυτῶν
1326 1262 1375 1297 τὴν
1390 1261 1488 1297 ψυχὴν,
1503 1262 1541 1294 ὡς
1557 1262 1593 1297 μὴ
1612 1261 1691 1296 μόνον
1714 1260 1892 1287 ἐπιλαθέσθαι

1098 1308 1148 1343 τῆς
1162 1308 1226 1344 περὶ
1242 1308 1310 1334 Θεοῦ
1325 1308 1439 1339 ἑννοίας,
1455 1307 1522 1334 ἀλλὰ
1542 1307 1590 1334 καὶ
1609 1307 1691 1343 ἔτερα
1712 1305 1770 1332 ἀνθ’
1787 1305 1892 1341 ἑτέρων

1100 1355 1206 1385 ἑαυτοῖς
1224 1353 1440 1381 άναπλάσασθαι.
1455 1353 1559 1379 Εἴδωλά
1577 1361 1607 1379 τε
1621 1352 1674 1388 γὰρ
1689 1352 1750 1379 ἀντὶ
1764 1352 1813 1386 τῆς
1829 1351 1892 1385 ἀλη-

1100 1399 1174 1431 θείας
1182 1401 1287 1431 ἑαυτοῖς
1295 1399 1514 1431 άνετυπώσαντο,
1522 1399 1569 1425 καὶ
1583 1398 1616 1425 τὰ
1626 1399 1675 1425 οὐκ
1683 1398 1748 1424 ὄντα
1755 1396 1802 1424 τοῦ
1815 1397 1893 1429 ὄντος

1100 1445 1167 1472 Θεοῦ
1181 1445 1377 1481 προετίμησαν,
1391 1446 1423 1480 τῇ
1436 1444 1524 1471 κτίσει
1542 1443 1617 1480 παρὰ
1636 1444 1681 1470 τὸν
1702 1443 1836 1469 κτίσαντα
1846 1443 1893 1470 λα-

1099 1491 1250 1528 τρεύοντες,
1269 1491 1316 1517 καὶ
1332 1490 1363 1517 τό
1386 1498 1418 1524 γε
1435 1490 1582 1525 χείριστον,
1593 1489 1690 1515 eum
1698 1489 1737 1519 ei;
1747 1488 1825 1521 ξύλα,
1848 1489 1894 1514 καὶ

1101 1539 1141 1570 είς
1158 1537 1258 1568 λίθους,
1276 1537 1324 1563 καὶ
1343 1537 1383 1568 εἰς
1404 1537 1494 1562 πᾶσαν
1512 1535 1577 1570 ὓλην
1598 1535 1643 1562 καὶ
1665 1533 1826 1569 ἀνθρώπους
1845 1534 1895 1568 τὴν

1062 1576 1083 1604 (ἶ
1099 1584 1146 1610 τοῦ
1163 1583 1231 1610 Θεοῦ
1245 1583 1329 1618 τιμὴν
1345 1582 1511 1618 μετετίθουν,
1530 1581 1578 1608 καὶ
1592 1581 1702 1607 πλείονα
1715 1580 1819 1606 τούτων
1836 1588 1895 1606 ποι-

1100 1629 1202 1662 οῦντες,
1222 1629 1314 1664 ὥσπερ
1335 1630 1363 1655 ὲν
1380 1630 1435 1660 τοῖς
1451 1627 1605 1663 ἔμπροσθεν
1619 1627 1735 1662 εἴρηται.
1757 1625 1894 1652 Τοσοῦτον

1099 1676 1128 1702 δὲ
1143 1676 1269 1711 ἠσέϐουν,
1283 1676 1324 1702 ὅτι
1341 1675 1387 1701 καὶ
1411 1674 1540 1709 δαίμονας
1557 1673 1722 1708 ἐθρήσκευον
1740 1671 1835 1698 λοιπὸν
1848 1672 1895 1698 καὶ

1100 1721 1177 1753 θεοὺς
1204 1721 1378 1757 ἀνηγόρευον,
1402 1720 1451 1751 τὰς
1474 1719 1621 1754 ἐπιθυμίας
1648 1717 1740 1745 αὐτῶν
1770 1717 1897 1753 ἀποπλη-

1101 1767 1221 1803 ροῦντες.
1234 1767 1334 1798 Θυσίας
1347 1775 1377 1793 τε
1394 1766 1448 1801 γὰρ
1461 1765 1537 1797 ζώων
1551 1764 1657 1799 ἀλόγων
1673 1764 1721 1791 καὶ
1741 1763 1896 1798 ἀνθρώπων

1102 1812 1219 1847 σφαγὰς,
1242 1811 1337 1846 ὥσπερ
1364 1811 1469 1846 εἴρηται
1499 1809 1642 1845 πρότερον,
1667 1809 1708 1838 εἰς
1728 1806 1759 1833 τὸ
1781 1807 1897 1833 ἐκείνων

1101 1857 1220 1892 καθῆκον
1235 1855 1387 1886 ἐπετέλουν,
1411 1854 1501 1880 πλεῖον
1524 1853 1637 1884 ἑαυτοὺς
1651 1852 1708 1882 τοῖς
1723 1850 1839 1877 ἐκείνων
1856 1850 1895 1876 oi-

1103 1903 1240 1939 στρήμασι
1261 1900 1516 1936 καταδεομεύοντες.
1536 1898 1586 1925 Διά
1605 1897 1685 1924 τοῦτο
1701 1896 1766 1931 γοῦν
1782 1896 1832 1923 καὶ
1848 1905 1898 1931 μα-

1102 1948 1173 1980 γεῖαι
1187 1946 1251 1982 παρ’
1262 1946 1352 1977 αὐτοῖς
1366 1944 1545 1975 ἐδιδάσκοντο,
1558 1943 1605 1970 καὶ
1624 1943 1736 1978 μαντεῖα
1752 1941 1809 1976 (95)
1826 1941 1898 1968 κατά

1102 1993 1182 2019 τόπον
1198 1993 1262 2024 τοὺς
1275 1991 1436 2027 ἀνθρώπους
1463 1990 1582 2022 ἐπλάνα,
1601 1989 1648 2016 καὶ
1672 1989 1773 2019 πάντες
1794 1988 1831 2014 τὰ
1852 1995 1898 2021 γε-

1102 2037 1201 2069 νέσεως
1220 2037 1268 2064 καὶ
1282 2036 1329 2063 τοῦ
1350 2034 1419 2062 εἶναι
1439 2034 1544 2062 ἑαυτῶν
1559 2034 1594 2061 τὰ
1615 2034 1690 2060 αἴτια
1712 2034 1769 2064 τοῖς
1784 2032 1898 2067 ἄστροις

1103 2084 1150 2111 καὶ
1165 2084 1221 2114 τοῖς
1237 2082 1299 2109 κατ’
1312 2081 1424 2117 οὐρανὸν
1444 2082 1526 2107 πᾶσιν
1542 2079 1692 2112 ἀνετίθουν,
1715 2077 1799 2113 μηδὲν
1815 2078 1898 2104 πλέον
1930 2113 1935 2116 ﬁ

1103 2129 1156 2155 τῶν
1188 2128 1358 2163 φαινομένων
1382 2126 1562 2162 λογιζόμενοι.
1582 2125 1637 2152 Καὶ
1657 2125 1725 2155 ὅλως
1750 2123 1841 2150 πάντα
1864 2121 1898 2158 ἦν

1103 2175 1231 2207 ἀσεϐείας
1247 2175 1294 2201 καὶ
1318 2174 1488 2210 παρανομίας
1508 2173 1612 2207 μεστὰ,
1628 2172 1677 2198 καὶ
1704 2170 1783 2206 μόνος
1805 2170 1863 2205 (96)
1884 2170 1899 2195 ὁ

1108 2221 1174 2253 Θεὸς
1187 2221 1247 2248 οὐδὲ
1263 2222 1277 2247 ὁ
1292 2220 1387 2247 τούτου
1403 2220 1489 2254 Λόγος
1505 2218 1712 2252 ὲπεγινώσκετο,
1734 2216 1824 2242 καίτοι
1847 2215 1898 2241 οὐκ

1107 2268 1198 2302 ἀφανῆ
1232 2266 1327 2293 ἑαυτὸν
1357 2267 1413 2297 τοῖς
1447 2264 1601 2300 ἀνθρώποις
1633 2261 1804 2298 ἐπικρύψας,
1839 2260 1897 2287 οὐδὲ

1106 2312 1194 2348 ἁπλῆν
1218 2312 1268 2348 τὴν
1298 2312 1361 2347 περὶ
1386 2311 1483 2338 ἑαυτοῦ
1511 2311 1610 2345 γνῶσιν
1633 2309 1724 2341 αὐτοῖς
1754 2307 1895 2338 δεδωκὼς,

1107 2358 1174 2386 ἀλλὰ
1197 2357 1245 2385 καὶ
1268 2357 1397 2389 ποικίλως
1417 2357 1464 2384 καὶ
1490 2356 1533 2383 διὰ
1557 2355 1660 2383 πολλῶν
1691 2354 1777 2388 αὐτὴν
1804 2354 1896 2384 αὐτοῖς

1107 2404 1280 2439 ὲφαπλώσας.

1143 2450 1187 2476 12.
1208 2449 1353 2485 Αὐτάρκης
1380 2449 1429 2484 μὲν
1453 2448 1507 2484 γὰρ
1523 2446 1557 2483 ἦν
1581 2449 1597 2482 ἡ
1622 2446 1680 2473 κατ’
1701 2445 1793 2472 εἰκόνα
1814 2438 1923 2485 ξω

1109 2495 1250 2531 γνωρίζειν
1265 2495 1311 2521 τὸν
1333 2495 1398 2521 Θεὸν
1423 2494 1508 2528 Λόγον
1531 2489 1825 2531 (97)ᾲκαΜιζαὺτοῦ
1851 2489 1896 2514 τὸν

1098 2535 1234 2590 Μ·
1255 2540 1331 2586 ego;
1346 2540 1403 2567 an
1416 2533 1547 2575 Θεὸςτῆν
1558 2533 1904 2581 23W

1110 2633 1179 2659 τεία.
1193 2632 1243 2659 Alii
1260 2640 1319 2658 cum
1332 2632 1450 2659 editione
1467 2630 1610 2664 Commcl.,
1628 2629 1749 2664 μαντεῖα,
1763 2633 1842 2662 atque
1859 2627 1893 2653 ita

1111 2668 1230 2702 legerunt
1253 2668 1423 2699 interpretes.

1148 2703 1203 2738 (96)
1217 2703 1305 2730 Edilio
1317 2702 1461 2738 Commer
1475 2700 1505 2727 οὺ
1518 2701 1607 2738 μόνος.

1148 2731 1204 2772 (97)
1218 2738 1328 2765 Gobler.
1344 2741 1370 2764 et
1382 2731 1500 2772 Felckm.
1518 2731 1533 2762 ’1
1555 2731 1649 2772 anon.)
1665 2733 1732 2772 Θεοῦ
1740 2732 1837 2772 ,Λόγον
1845 2731 1893 2756 hac

1112 2768 1175 2801 bent
1188 2768 1200 2799 τ’
1209 2773 1254 2800 aiii
1269 2781 1329 2799 cum
1345 2772 1461 2799 editione
1474 2770 1618 2803 Commel.,
1629 2770 1694 2796 Θεὸν
1710 2768 1894 2803 Λόγονάιιλψιο

1114 2800 1150 2835 ita
1171 2809 1292 2843 legerunt
1304 2806 1471 2835 Omnibonus
1484 2811 1510 2833 et
1531 2800 1691 2833 Ambrosius
1707 2800 1879 2831 Carnaldnlen

1112 2852 1159 2871 sas.
