2037 3044
179 158 231 187 H7

692 160 821 188 ORATIO
840 161 885 189 DE
904 160 1163 190 lNCARNATlONE
1183 162 1295 190 VERBI.

1747 167 1796 194 il8

177 226 247 259 Μ
265 218 448 253 προενοήσατο
463 217 511 245 καὶ
524 218 573 253 τῆς
587 218 716 254 ἀμελείας
729 218 841 251 τούτων,
856 219 902 251 ἶν’,
918 218 964 246 ἐὰν

1018 220 1154 247 hominum
1169 221 1313 248 infirmitas
1329 221 1428 255 optime
1443 226 1503 249 erat
1524 228 1676 257 perspecta,
1691 223 1795 251 illorum

177 264 344 299 ἀμελήσαιεν
359 264 392 290 δι’
412 264 516 290 ἑαυτῶν
541 264 585 291 τὸν
611 263 676 290 θεὸν
699 264 862 298 ἐπιγνῶναι,
884 264 965 300 ἔχωσι

177 311 220 337 διὰ
242 310 297 337 τῶν
327 311 378 346 τῆς
405 311 520 343 κτίσεως
551 310 639 346 ἔργων
669 310 714 337 τὸν
732 311 903 347 Δημιουργὺν
928 310 965 346 μὴ

177 356 292 387 ἀγνοεῖν.
314 354 421 390 Ἐπειδὴ
445 355 475 381 δὲ
497 356 514 390 ἡ
543 354 696 390 ἀνθρώπων
723 355 838 391 ἀμέλεια
862 355 908 382 ἐπὶ
931 355 965 382 τὰ

176 401 285 439 χείρονα
316 401 376 428 κατ’
407 400 497 435 ὀλίγον
531 401 735 428 ἐπικαταὸαίνει
749 420 756 432 ,
783 401 965 437 προενοήσατο

178 448 259 474 πάλιν
277 448 291 474 ὁ
314 448 379 479 Θεὸς
403 447 449 474 καὶ
471 447 521 483 τῆς
552 447 679 482 τοιαύτης
710 447 799 474 αὐτῶν
825 447 965 478 ἀσθενείας

177 493 259 529 νόμον
283 494 338 528 (98)
361 493 408 520 καὶ
436 493 578 529 προφήτας
607 493 670 525 τοὺς
696 493 787 524 αὐτοῖς
811 493 965 528 γνωρίμους

178 539 350 572 ἀποστείλας,
369 540 412 571 ἵν’,
429 539 475 566 ἐὰν
490 539 537 566 καὶ
556 539 595 571 είς
616 539 662 566 τὸν
678 539 790 574 οὐρανὸν
813 540 964 574 ὀκνήσωσιν

177 584 326 620 ἀναϐλέψαι
349 585 396 612 καὶ
418 584 519 619 γνῶναι
541 585 585 611 τὸν
606 585 731 620 ποιητὴν,
750 584 846 620 ἔχωσιν
862 585 894 611 ὲκ
909 584 964 612 τῶν

178 632 261 666 ἐγγὺς
276 631 324 666 τὴν
337 630 519 658 διδασκαλίαν.
532 630 687 666 Ἄνθρωποι
703 630 757 666 γὰρ
773 631 848 666 παρά
861 630 964 666 ἀνθρώ-

178 686 237 704 πων
257 677 396 713 ἐγγυτέρω
416 677 541 703 δύνανται
567 676 662 712 μαθεῖν
683 677 748 712 περὶ
767 676 822 702 τῶν
843 676 964 712 κρειττό-

177 731 241 749 νων.
256 722 330 754 Ἐξὸν
349 721 395 749 οὖν
414 720 459 758 ἦν,
477 721 679 756 ἀναϐλέψαντας
697 722 793 754 αὐτοὺς
810 722 849 754 είς
869 722 900 748 τὸ
918 721 965 757 μέ-

177 769 256 804 γεθος
270 768 318 796 τοῦ
335 769 462 804 οὐρανοῦ,
476 769 524 796 καὶ
544 768 600 804 (99)
612 769 832 804 κατανοήσαντας
849 768 898 803 τὴν
914 769 963 803 τῆς

177 815 293 847 κτίσεως
306 815 449 851 ἁρμονίαν,
469 814 570 848 γνῶναι
590 814 635 841 τὸν
653 813 755 849 ταύτης
775 814 896 849 ἡγεμόνα

177 861 224 898 τοῦ
244 861 348 898 Πατρὸς
359 861 455 896 Λόγον,
473 861 518 888 τὸν
531 862 564 896 τῇ
580 860 676 888 ἑαυτοῦ
691 861 731 892 είς
741 859 835 887 πάντα
851 859 963 895 προνοίᾳ.

1018 267 1185 301 negligentia:
1201 267 1329 302 providit,
1346 272 1376 294 ut
1390 274 1485 302 nempe
1498 268 1520 295 si
1537 268 1618 294 Deum
1634 276 1681 303 per
1692 269 1796 304 seipsns

1017 320 1182 348 cognoscere
1195 313 1370 348 negiigerent,
1384 319 1493 347 possent
1506 321 1538 340 ex
1551 318 1654 341 natum
1667 315 1796 348 operibus

1016 359 1171 387 Creatorem
1193 367 1245 387 nou
1260 359 1393 394 ignorare.
1410 359 1477 392 Quia
1494 367 1559 387 vero
1579 360 1717 388 hominum
1735 369 1794 388 ma-

1016 405 1073 432 litia
1095 405 1122 432 in
1143 404 1220 439 pejus
1233 405 1332 432 sensim
1353 404 1512 440 prolabitur,
1527 405 1589 432 huic
1611 413 1719 441 quoque
1739 407 1797 434 illo-

1016 459 1075 478 rum
1096 451 1246 478 iniirmitati
1262 452 1408 486 prospexit,
1429 459 1489 479 enm
1507 452 1592 487 legem
1608 458 1634 480 et
1650 453 1796 488 prophetas

1016 496 1111 524 iisdem
1129 500 1207 523 notos
1220 497 1304 528 misit,
1320 502 1348 522 ιιι
1363 496 1384 523 si
1403 497 1426 522 in
1449 496 1546 523 coelum
1562 498 1699 532 suspicere
1713 503 1740 525 et
1755 506 1797 525 re-

1015 548 1074 568 rum
1088 541 1208 568 omnium
1219 540 1372 568 effectorem
1385 548 1532 575 agnoscere
1546 548 1736 576 gravarentur,
1750 544 1796 570 ἀοι

1015 586 1070 614 ceri
1091 595 1104 613 a
1123 586 1254 621 proximis
1273 590 1392 620 possent.
1417 584 1546 614 Homines
1567 588 1639 614 enim
1664 587 1701 620 id,
1726 589 1795 623 quod

1014 632 1111 660 melius
1133 637 1161 660 et
1183 632 1352 667 praestantius
1375 636 1428 664 est,
1453 640 1486 659 ex
1509 633 1662 660 hominibus
1687 634 1796 668 propius

1014 682 1126 713 possunt
1142 678 1271 705 ediscere.
1293 677 1403 705 Licebat
1422 686 1487 714 ergo
1505 679 1590 706 oculis
1612 680 1644 706 ad
1663 680 1723 707 caeli
1747 681 1791 707 im-

1014 724 1183 752 Inensitatetn
1207 724 1316 756 erectis,
1331 729 1357 750 et
1374 729 1526 752 creatarum
1545 733 1634 753 rerum
1657 727 1751 754 ordine
1770 732 1796 753 et

1014 773 1146 797 concentu
1174 773 1327 804 perspecto,
1349 769 1407 803 ejus
1425 770 1520 797 ducem
1540 775 1567 798 et
1588 771 1796 802 moderatorem.

1013 812 1102 841 Patris
1126 813 1241 841 Verbum
1260 814 1421 849 intelligere,
1438 815 1508 850 quod
1521 823 1569 842 sua
1593 815 1620 842 in
1641 823 1686 844 res
1701 824 1795 844 omnes

1014 860 1179 895 pr0videntia
1198 859 1306 887 Patrem
1326 861 1452 888 Omnibus
1472 861 1585 893 indicat,
1600 866 1681 896 atque
1697 861 1795 889 idcirco

177 896 489 942 γῆξ-Μῶν
505 907 624 942 Πατέρα,
645 906 692 933 καὶ
711 906 755 946 διά
774 906 852 933 τοῦτο
867 906 902 933 τὰ.
916 906 964 933 ὅλα

1015 907 1104 934 omnia
1118 911 1218 938 movet,
1231 911 1259 934 ut
1272 906 1355 933 Deum
1367 914 1461 935 omnes
1475 915 1523 942 per
1539 907 1625 942 ipsum
1638 911 1794 942 agnoscant.

177 954 303 981 κινοῦντα
324 953 372 989 (i),
396 954 441 997 ἵνα
462 951 964 993 6ng

173 1000 255 1038 ﬁgi.
267 1000 301 1026 Ἦ
313 1001 337 1026 εί
350 994 534 1031 τοῦτιῖαὺτοῖς
546 996 580 1034 ἦν
594 998 718 1034 όκνηρὺν,
737 997 788 1025 κᾶν
804 998 860 1030 τοῖς
873 998 964 1032 ἁγίοις

178 1045 290 1072 δυνατὸν
305 1043 340 1080 ἦν
358 1044 455 1076 αὐτοὺς
473 1044 675 1079 συντυγχάνειν,
697 1043 794 1083 καὶδὲ
801 1043 894 1083 αὐτῶν
915 1051 965 1078 να-

177 1090 233 1117 θεῖν
247 1090 300 1125 κτὸν
326 1089 381 1116 τῶν
415 1089 524 1116 πάντων
549 1089 713 1125 δημιουργὸν
731 1088 809 1125 ἔξω,
838 1088 964 1123 τοι-ποῦ

176 1121 814 1174 ΧΜΞῩἙΜΫῙ
834 1121 965 1170 θρησκεία

177 1181 291 1216 ἀθεότης
312 1180 370 1208 ἐστὶ
392 1182 438 1208 καὶ
458 1182 548 1216 πάσης
572 1180 698 1212 ἀσεϐείας
721 1181 817 1216 μεστή.
839 1180 913 1214 Ἐξδν
933 1180 962 1207 δὲ

176 1227 211 1265 ἦν
233 1229 346 1262 αὐτοὺς,
369 1230 415 1256 καὶ
439 1229 484 1256 τὸν
508 1229 589 1264 νόμον
616 1228 783 1262 ἐγνωκότας,
808 1227 964 1255 παύσασθαι

178 1275 269 1311 πάσης
285 1275 465 1312 παρανομίας,
482 1275 529 1302 καὶ
544 1275 589 1301 τὸν
612 1274 672 1301 κατ’
684 1274 783 1310 ἀρετὴν
800 1273 880 1309 ζῆσαι
896 1273 962 1308 βίον.

178 1320 245 1347 Οὐδὲ
262 1321 316 1356 γὰρ
338 1321 382 1347 διά
401 1321 542 1352 Ἰουδαίους
558 1320 653 1356 μόνους
671 1321 685 1346 ὁ
700 1319 779 1354 νόμος
793 1317 838 1355 ἦν,
857 1319 917 1346 οὐδὲ
931 1318 963 1345 δι’

179 1366 278 1397 αὐτοὺς
302 1366 397 1401 μόνους
412 1366 437 1392 οι
460 1366 596 1401 προφῆται
619 1365 780 1400 ἐπέμποντο,
805 1363 873 1392 ἀλλά
895 1363 964 1400 πρὸς

185 1411 327 1443 Ἰουδαίους
345 1411 393 1446 μὲν
407 1411 569 1446 ἐπέμποντο,
586 1410 633 1438 καὶ
648 1409 722 1446 παρά
739 1409 871 1437 Ἰουδαίων
892 1408 964 1435 ὲδιὼε

177 1466 270 1484 κοντο·
295 1457 385 1494 πάσης
407 1457 435 1484 δὲ
456 1457 506 1492 τῆς
528 1455 688 1492 οίκουμένης
708 1453 777 1491 ἦσαν
796 1454 964 1482 διδασκάλων

178 1505 249 1541 ἱερὸν
264 1505 312 1541 τῆς
331 1506 396 1542 περὶ
417 1505 484 1532 Θεοῦ
503 1504 628 1540 γνώσεως
638 1525 645 1537 ,
666 1505 712 1536 καὶ
728 1506 778 1540 τῇς
794 1504 864 1531 κατά
876 1503 970 1543 ψυχήν

178 1551 325 1592 ψλιτὲαε.
337 1551 477 1586 Τοσαύτης
492 1548 538 1578 οὖν
552 1550 634 1586 οΰοης
647 1551 695 1586 τῆς
708 1550 756 1577 τοῦ
778 1550 845 1577 Θεοῦ
867 1549 964 1592 ἀγαθόῖ

177 1589 320 1634 ensem
342 1596 555 1633 φιλανθρωπίας,
576 1597 650 1632 ὅμως
665 1596 689 1622 oi.
707 1589 859 1632 ﬁdem,
882 1589 964 1623 vrxti):

179 1636 650 1682 peWGovaig,
667 1642 713 1668 καὶ
733 1642 793 1673 ταῖς
813 1641 888 1677 παρὰ
908 1641 963 1668 δαι-

180 1689 268 1724 μόνων
284 1688 444 1723 φαντασίαις
460 1688 506 1714 καὶ
525 1681 652 1720 ἀπάταις,
673 1688 723 1714 οὐκ
736 1687 881 1714 ἀνένευσαν
895 1687 963 1723 πρὸς

177 1735 227 1770 τήν
258 1733 402 1770 ἀλήθειαν,
430 1733 486 1760 ἀλλ’
514 1733 626 1765 ἑαυτοὺς
657 1733 759 1760 πλείοσι
790 1733 884 1763 κακοῖς
913 1733 960 1759 καὶ

1016 951 1044 979 Si
1058 956 1145 979 autem
1161 952 1187 979 id
1203 952 1254 979 illis
1274 957 1332 979 erat
1346 953 1500 985 molestum,
1519 953 1614 980 saltem
1632 958 1739 982 sanctas
1755 955 1794 981 vi—

1015 1005 1060 1026 ros
1075 998 1183 1031 audire,
1202 1006 1234 1025 ac
1257 1006 1305 1033 per
1324 1006 1372 1026 eos
1394 1006 1483 1026 rerum
1502 999 1623 1026 omnium
1645 1004 1795 1027 creatorem

1015 1045 1109 1076 Deum,
1125 1044 1226 1072 Christi
1249 1044 1356 1072 Patrem
1380 1045 1483 1072 discere
1499 1049 1636 1079 poterant,
1652 1050 1682 1072 ut
1695 1051 1723 1073 et
1739 1045 1784 1073 ido

1014 1090 1100 1117 lorum
1124 1090 1224 1117 cultum
1250 1097 1356 1117 summa
1373 1090 1512 1125 impietate
1537 1090 1645 1125 plenum
1661 1097 1732 1118 esse.
1752 1090 1795 1118 Li-

1014 1136 1094 1164 cebat
1110 1143 1227 1171 quoque,
1253 1136 1312 1172 lege
1331 1136 1450 1172 cognita,
1468 1144 1576 1164 omnem
1598 1144 1725 1165 coercere
1746 1145 1796 1165 ne-

1014 1182 1136 1217 quitiam,
1166 1187 1322 1218 rectamque
1347 1189 1379 1210 ac
1405 1182 1545 1210 honestam
1579 1183 1664 1210 vitam
1686 1184 1795 1212 ducere.

1014 1227 1105 1263 Neque
1118 1227 1190 1256 enim
1205 1233 1316 1264 propter
1332 1227 1438 1256 Judaeos
1451 1228 1525 1256 solos
1537 1228 1580 1256 lcx
1591 1229 1654 1256 data
1672 1228 1733 1262 fuit,
1749 1235 1796 1257 aut

1014 1275 1150 1310 propheta:
1165 1274 1240 1302 missi
1255 1279 1337 1302 sunt:
1355 1274 1388 1302 ad
1401 1274 1512 1302 Iudaeos
1526 1275 1634 1310 quidem
1650 1276 1798 1304 mitteban-

1015 1325 1070 1354 tur,
1084 1325 1111 1348 et
1130 1328 1144 1347 a
1157 1320 1256 1348 iudicis
1268 1321 1435 1349 vexabantur
1449 1330 1457 1348 :
1474 1321 1520 1348 sed
1540 1321 1620 1349 totius
1632 1321 1708 1349 orbis
1719 1326 1798 1349 erant

1014 1366 1096 1394 veluti
1112 1373 1219 1394 sacrum
1233 1366 1418 1402 magisterium
1432 1374 1493 1394 cum
1509 1367 1542 1394 ad
1557 1367 1602 1394 Dei
1617 1367 1797 1403 cognitionem

1014 1410 1173 1445 docendam,
1197 1415 1253 1438 tum
1282 1411 1314 1438 ad
1345 1411 1463 1439 animam
1492 1416 1566 1440 recte
1592 1412 1797 1440 instituendam.

1014 1455 1141 1490 Quamvis
1157 1464 1222 1492 ergo
1236 1461 1311 1484 tanta
1328 1457 1375 1485 Dei
1392 1457 1474 1485 fuerit
1491 1457 1643 1494 benignitas
1661 1463 1688 1486 et
1703 1458 1799 1486 huma-

1014 1502 1093 1535 nitas,
1124 1507 1240 1530 attamen
1259 1503 1391 1537 homines,
1411 1504 1590 1539 prazsentibus
1615 1504 1798 1538 voluptatibus

1015 1548 1222 1584 datmonumque
1237 1550 1381 1585 praestigiis
1397 1558 1429 1577 ac
1439 1551 1554 1578 fallaciis
1571 1550 1645 1583 victi,
1658 1550 1752 1577 oculos
1764 1550 1798 1577 ad

1012 1595 1151 1622 veritatem
1160 1595 1372 1630 cognoscendam
1383 1603 1435 1623 non
1446 1600 1621 1631 aperuerunt,
1631 1596 1683 1623 sed
1696 1595 1733 1623 sei
1738 1603 1799 1630 psos

1014 1641 1044 1667 in
1061 1640 1136 1675 plttra
1149 1647 1180 1668 ac
1193 1641 1294 1674 majora
1309 1641 1373 1668 vitia
1385 1646 1412 1668 et
1427 1641 1529 1669 scelera
1547 1641 1756 1676 ingurgitarunt,
1769 1646 1799 1668 ut

1011 1686 1066 1721 jam
1078 1687 1191 1714 rationis
1205 1688 1350 1723 participes
1365 1696 1418 1716 non
1432 1689 1598 1721 viderentur,
1607 1687 1656 1716 sed
1671 1694 1705 1715 ex
1717 1687 1800 1714 mori-

1012 1732 1061 1761 bus
1075 1733 1187 1762 rationis
1198 1741 1258 1762 esse
1270 1739 1395 1770 expertes
1409 1739 1596 1762 censerentur.

179 1781 370 1817 ἀμαρτήμασιν
397 1780 578 1815 ἐνεφόρησαν,
616 1779 654 1811 ὡς
699 1779 797 1815 μηκέτι
841 1779 927 1807 δοκεῖν
959 1779 1056 1812 αὐτοὺς
1074 1779 1212 1815 λογικοὺς,
1249 1782 1316 1809 ἀλλὰ
1338 1782 1450 1816 ἀλόγους
1471 1782 1504 1808 ἐκ
1527 1780 1582 1808 τῶν
1602 1781 1709 1816 τρόπων
1725 1779 1800 1811 νομί-

178 1828 281 1862 ζεσθαι.

214 1874 257 1902 i5.
278 1873 356 1900 Οὖτω
369 1873 458 1900 τοίνυν
470 1872 659 1908 ἁλογωθὲντων
674 1872 728 1900 τῶν
741 1872 902 1908 ἀνθρώπων,
919 1872 966 1899 καὶ

177 1919 249 1946 οὕτω
263 1920 312 1955 τῆς
328 1919 488 1954 δαιμονικῆς
504 1919 609 1954 πλάνης
624 1918 836 1953 ἐπισκιαζούσης
851 1918 886 1945 τά
899 1926 967 1945 παν-

177 1965 272 2001 ταχοῦ,
286 1965 332 1992 καὶ
350 1964 523 2001 κρυπτούσης
543 1965 592 1999 τὴν
607 1965 670 2000 περὶ
691 1963 738 1991 τοῦ
755 1964 882 2000 ἀληθινοῦ
901 1964 967 1991 Θεοῦ

177 2010 290 2046 γνῶσιν,
303 2010 330 2037 τί
345 2010 391 2037 τὸν
407 2010 475 2046 ΘΕ
489 2002 979 2046 nam

178 2052 274 2084 xm
294 2051 471 2091 mmsivat
487 2051 727 2091 wbmtbmuc
752 2056 804 2082 ὑπὸ
832 2056 966 2092 δαιμόνων

179 2102 346 2135 πλανᾶσθαι,
371 2102 418 2129 καὶ
442 2102 479 2138 μὴ
505 2101 650 2136 γινώσκειν
682 2102 779 2134 αὐτοὺς
810 2102 855 2129 τὸν
883 2102 965 2135 Θεόν;

155 2160 160 2163 δ
179 2148 284 2191 κξὶίε)
299 2147 966 2191 “suasisse?iéiemﬁiﬂ’éwﬂseﬁ

178 2186 527 2239 γεῇσραμῖῂῖᾇῖῇὲον
558 2186 814 2230 Ἶῐτδξῖ-ᾗιῖἶῧεῧν
821 2185 966 2226 ἀπλῶξγῶς

178 2241 275 2275 ἄλογον
291 2241 425 2274 γενέσθαι,
439 2241 456 2276 ἢ
471 2240 615 2282 γενόμενον
631 2240 805 2282 λογικᾞήν
827 2241 881 2267 τῶν
902 2241 966 2282 ἀλό-

178 2294 236 2320 γων
255 2285 325 2321 ζωὴν
342 2285 378 2321 μὴ
402 2286 441 2320 t3)
463 2280 966 2322 ﬂamm-

179 2325 613 2366 νόῑᾶἴῖὗτδ-Πᾶϐἒῖῖτπ-ᾧῖ-Θεοῦ
632 2330 661 2363 ἐξ
678 2331 780 2366 ἀρχῆς;
797 2331 820 2357 εί
836 2331 889 2366 γὰρ
905 2330 965 2357 οὐδὲ

1049 1872 1095 1899 15.
1117 1871 1163 1899 Sic
1186 1871 1268 1906 igitur
1290 1870 1444 1899 hominibus
1463 1868 1496 1897 ad
1517 1868 1668 1897 belluarum
1696 1872 1796 1895 sortem

1015 1917 1142 1950 redactis,
1161 1922 1189 1944 et
1204 1917 1351 1944 dwmonica
1366 1915 1459 1942 fraude
1476 1915 1576 1949 ubique
1596 1914 1682 1940 instar
1697 1913 1798 1940 umbrae

1019 1962 1192 1990 incumbente
1215 1968 1242 1989 et
1266 1962 1322 1990 veri
1348 1962 1393 1989 Dei
1419 1960 1600 1996 cognitionem
1625 1959 1797 1990 obscurante,

1017 2009 1080 2044 quid
1095 2008 1176 2036 Deum
1193 2016 1273 2043 agere
1288 2008 1448 2043 oportebat?
1461 2007 1564 2034 [temne
1587 2011 1641 2033 tant
1657 2005 1798 2032 nefandam

1018 2055 1110 2087 silere,
1131 2055 1272 2089 sinereque
1289 2054 1412 2081 homines
1427 2061 1442 2080 a
1458 2053 1624 2080 dmmonibus
1639 2052 1734 2086 decipi.
1750 2058 1800 2078 nee

1017 2101 1100 2128 Deum
1115 2101 1282 2136 agnoscere?
1301 2100 1354 2128 Sed
1368 2100 1429 2134 quid
1447 2099 1593 2134 profuisset
1615 2098 1749 2125 hominem
1763 2097 1798 2123 ad

1016 2146 1063 2174 Dei
1082 2147 1226 2181 imaginem
1251 2146 1285 2173 ah
1307 2146 1384 2173 initio
1408 2145 1508 2172 factum
1531 2144 1634 2171 fuisse?
1650 2143 1698 2170 Vei
1726 2143 1797 2169 enim

1017 2191 1061 2220 ille
1071 2192 1186 2219 rationis
1209 2199 1317 2227 expers,
1338 2196 1368 2218 ut
1385 2191 1471 2218 bruta:
1490 2191 1652 2221 animantes,
1667 2188 1800 2215 creandas

1018 2242 1087 2270 erat,
1109 2238 1148 2265 vel
1172 2242 1246 2265 certe
1262 2238 1347 2264 factus
1366 2237 1480 2264 rationis
1493 2237 1628 2271 particeps
1649 2234 1798 2261 belluarum

1018 2284 1099 2310 vitam
1115 2283 1205 2310 vivere
1218 2290 1270 2310 non
1286 2282 1386 2309 debuit.
1402 2282 1470 2315 Quid
1481 2282 1545 2307 item
1558 2280 1595 2307 illi
1611 2285 1722 2314 prorsus
1739 2285 1800 2312 pro-

1017 2329 1113 2356 fuisset
1134 2328 1182 2356 Dei
1205 2329 1340 2356 notionem
1362 2328 1395 2354 ab
1419 2327 1496 2354 initio
1513 2325 1668 2360 accepisse?
1684 2323 1712 2351 Si
1728 2323 1799 2350 enim

179 2377 227 2404 νῦν
246 2376 320 2410 ἄξιός
341 2377 398 2403 ἐστι
418 2375 520 2409 λαϐεῖν,
543 2376 596 2402 ἔδει
621 2376 688 2411 μηδὲ
713 2377 782 2403 κατά
806 2376 855 2412 τὴν
879 2376 964 2411 ἀρχὴν

1018 2383 1089 2403 nunc
1113 2376 1237 2410 indignus
1259 2379 1301 2402 est
1322 2374 1368 2409 qui
1388 2382 1446 2401 eam
1471 2373 1597 2407 accipiat,
1618 2374 1692 2398 certe
1714 2375 1800 2402 neque

179 2423 254 2458 αὐτῷ
263 2422 386 2459 ,δοθῆναι-
407 2422 481 2459 TW
496 2421 963 2463 esL'isslsisséjeﬁamﬁsé.

180 2469 197 2504 ἢ
211 2469 274 2496 ποία
289 2467 354 2511 δόξα
364 2467 443 2510 ,αῦτῷ
456 2467 488 2495 ἂν
505 2469 559 2503 εἴη,
574 2469 598 2494 εἰ
619 2469 648 2510 oi
658 2468 805 2509 ῦςῆαὺτοῦ
825 2468 964 2507 γενόμενοι

217 2537 272 2572 (98)
286 2535 332 2564 Sic
343 2536 424 2563 Basil.
446 2540 474 2564 et
493 2537 603 2572 Seguer.
617 2540 654 2572 int
677 2540 704 2562 et
726 2535 825 2572 legisse
839 2535 964 2572 videntur

182 2570 355 2607 interpretes,
368 2572 414 2606 qui
435 2572 479 2598 hic
489 2570 569 2606 legem
582 2571 680 2598 habent
692 2580 698 2597 :
713 2571 756 2597 alii
767 2578 826 2597 cum
837 2570 915 2598 editis
922 2570 965 2597 νό-

184 2615 274 2676 μοζξθ)
295 2641 408 2675 Segner.
422 2641 467 2668 hic
483 2641 565 2668 habet
582 2639 797 2674 coniunctionem
812 2640 869 2673 καί,
883 2647 963 2676 quam

182 2681 210 2704 et
223 2674 389 2717 interpretes
415 2676 595 2711 exprimunt:
619 2676 664 2702 alii
686 2680 774 2702 autem
797 2683 858 2702 cum
885 2674 966 2702 editis

181 2716 398 2781 ιῖηὓιῖὲὲέξυοω
419 2745 555 2772 κινοῦνται
566 2764 573 2776 .
599 2744 669 2779 quod
691 2749 722 2781 et
736 2744 841 2781 legisse.
856 2743 965 2781 rvidctnr

184 2779 292 2808 Oinnib.
308 2779 352 2812 qui
367 2781 409 2808 hic
429 2781 524 2812 vertit,
545 2785 689 2806 ntouentur.
704 2779 771 2807 ibid.
791 2779 826 2806 τά
845 2780 920 2806 deest
937 2781 962 2806 in

186 2815 263 2842 Gohl.
281 2815 409 2842 etFelck.
430 2815 442 2842 i
463 2823 543 2842 anon.

222 2850 260 2885 (2)
275 2850 398 2884 Segner.,
412 2849 492 2877 Dasil.
522 2855 550 2877 et
571 2849 676 2884 Anglic.
703 2850 756 2885 xuii
777 2849 821 2876 hic
844 2848 961 2879 habent,

188 2892 266 2922 quatit
295 2884 454 2920 particulam
479 2885 541 2912 item
566 2885 720 2919 exprimunt
742 2884 910 2912 Omnibonus
935 2887 961 2910 et

1018 2420 1056 2448 illi
1071 2421 1105 2448 ab
1126 2421 1203 2448 initio
1219 2421 1275 2448 dari
1290 2421 1423 2456 oportuit.
1438 2419 1503 2452 Quae
1521 2425 1601 2452 porro
1622 2416 1684 2443 inde
1699 2414 1800 2442 utilitas

1019 2468 1075 2495 Deo
1097 2468 1224 2499 creatori,
1246 2475 1305 2501 quas
1328 2467 1412 2502 gloria
1438 2465 1611 2496 redundaret,
1634 2463 1656 2490 si
1677 2461 1800 2489 homines

1016 2534 1177 2562 Ambrosius
1197 2534 1319 2562 Camald.
1343 2534 1397 2561 Alii
1421 2538 1510 2560 autem
1532 2539 1592 2559 ctttn
1615 2528 1695 2557 editis
1719 2528 1800 2554 omit-

1018 2575 1087 2597 lunt.

1053 2604 1091 2640 (3)
1104 2604 1150 2640 Μή
1168 2606 1245 2640 abest
1265 2611 1279 2630 a
1298 2603 1413 2640 Gobler._
1428 2601 1592 2640 et_Felci§m.
1643 2605 1725 2625 anon.
1739 2597 1798 2640 _Alii

1018 2632 1174 2666 cuin'ediiis
1187 2638 1298 2670 habent,
1312 2643 1393 2672 atque
1407 2637 1527 2673 ita__legit
1542 2635 1717 2673 Omnibonus:
1733 2632 1798 2673 Ain:

1019 2674 1127 2702 hrosius
1147 2679 1236 2700 autem
1254 2668 1374 2700 Ca'malii.
1396 2677 1424 2699 et
1446 2668 1567 2699 Nannius
1596 2678 1647 2697 non
1673 2668 1800 2702 videntu‘.‘

1019 2700 1137 2744 legisse:
1164 2716 1225 2736 nam
1242 2715 1301 2735 eam
1322 2707 1482 2744 particulam
1503 2714 1555 2744 no_n
1571 2705 1733 2742 exprimunt.
1751 2700 1800 2741 sed

1017 2740 1069 2771 hoc
1081 2751 1162 2771 sensu
1176 2744 1264 2770 locum
1282 2740 1363 2770 istum
1376 2743 1493 2770 reddunt
1505 2751 1512 2768 :
1525 2740 1658 2776 Prii-stare
1674 2740 1743 2764 enim
1758 2743 1798 2776 ifi-

1017 2779 1129 2806 debatur
1149 2779 1331 2805 irrationalem
1346 2777 1405 2812 ﬁeri
1418 2795 1426 2808 .
1439 2784 1517 2814 quant
1535 2772 1799 2814 rationnnleniuconldf-

1017 2819 1072 2840 tum
1089 2814 1224 2840 brutorum
1239 2814 1321 2841 vivere
1338 2805 1428 2841 citam;
1439 2805 1477 2839 ita
1490 2812 1616 2839 Ambros.
1633 2807 1736 2837 Similia
1751 2805 1800 2833 ha-

1015 2848 1062 2876 bet
1080 2848 1209 2876 Nannius.

1035 2853 1062 2877 et
1080 2849 1209 2877 Nannius.
