2037 3044
264 128 314 154 1Ξὸ

561 128 590 156 S.
611 128 794 156 ATHANASII
813 127 887 156 OPP.
906 127 997 156 PARS
1015 129 1034 157 Ι.
1052 144 1087 149 -
1106 128 1290 156 HISTORICA
1309 129 1354 157 ET
1373 130 1583 159 DOGMATICA.

1833 134 1885 164 ιῖὄ

263 194 369 221 cunque
384 192 571 215 converterent
595 195 702 219 sensus,
719 189 821 222 seipsos
842 189 877 215 ibi
901 188 999 223 suscipi
1019 196 1033 215 e

1096 188 1143 214 καὶ
1159 187 1315 223 ἀνθρώπινα
1328 189 1416 216 πάντα
1428 189 1559 222 νοοῦντες,
1571 187 1613 221 οἷς
1627 190 1674 218 ἐὰν
1690 190 1822 218 ἐπέϐαλον
1835 192 1885 222 τὰς

266 234 405 260 veritatem
429 234 549 268 undique
574 234 683 261 edoceri
709 235 866 262 cernebant.
888 235 951 262 Sive
971 235 1044 261 enim

263 283 382 306 creatam
407 284 530 306 naturam
553 280 750 307 admirarentur
763 300 770 311 ,
789 288 849 307 cam
869 281 952 315 ipsam
969 280 1047 307 Chri-

263 330 334 351 stum
363 324 502 351 Dominum
528 324 650 352 conﬁteri
680 325 824 358 videbant;
846 326 903 353 sive
941 325 1045 352 illorum

262 370 346 397 menti
364 371 436 405 digni
459 371 613 398 viderentur
631 372 755 399 homines
784 380 852 407 quos
874 372 937 400 deos
954 372 1047 399 existi-

263 423 367 445 marent
381 428 387 445 :
405 426 470 445 sane
482 419 503 445 si
521 418 670 446 Salvatoris
683 426 763 453 opera
780 419 878 446 vellent
892 427 953 446 cum
973 419 1042 446 alio-

259 471 321 504 _rum
336 463 412 491 luetis
427 464 559 498 conferre,
573 472 605 491 ex
624 465 665 492 his
682 465 851 499 perspicuum
867 471 937 492 esset
957 465 1044 492 solum

261 517 322 536 cum
342 510 411 536 inter
426 518 519 537 omnes
543 511 664 538 homines
687 510 784 537 Filium
810 510 857 538 Dei
879 518 955 543 esse,
981 518 1044 538 cum

263 556 328 583 nihil
354 555 422 590 apud
447 556 506 583 illus
529 556 564 583 sit
583 557 625 583 his
644 556 749 588 simile,
773 563 832 590 quze
847 564 862 583 a
885 556 938 583 Deo
958 556 1045 584 Verbo

262 602 331 629 facta
348 603 464 629 fuerunt.
479 601 525 630 Sin
543 607 631 629 autem
648 602 813 630 daemonibus
829 602 928 629 addicti
944 607 1042 630 erant:

261 657 323 677 cum
340 649 399 676 illos
420 657 434 675 a
458 649 570 676 Domino
585 648 644 683 pelli
671 653 830 680 cernerent,
855 648 942 676 solum
970 648 1044 675 illum

262 696 308 722 Dei
330 694 444 722 Verbum
461 702 520 722 esse
532 699 559 722 et
574 694 710 721 dieumnes
725 694 788 721 deos
804 702 857 721 non
881 702 942 722 esse
959 702 1042 729 agno-

260 749 336 769 scere
352 742 429 769 facile
443 747 576 776 poterant.
593 739 639 768 Sin
657 748 737 775 porro
750 740 954 775 superstitiosus
970 747 1044 767 mor-

262 793 369 815 tuorum
392 787 479 814 cultus
510 787 615 814 illorum
643 787 747 814 animos
767 790 943 821 occupasset,
968 791 997 812 ut
1018 790 1045 813 et

261 836 367 868 heroas,
381 840 408 862 ct
421 843 488 870 quos
501 839 586 870 poetae
598 835 733 863 celebrant
745 836 808 862 deos
822 839 1020 862 venerarentur
1033 843 1041 862 :

1097 233 1201 261 ἑαυτῶν
1226 234 1376 269 αἰσθήσεις,
1405 236 1434 261 ὲν
1459 235 1563 267 τούτοις
1591 236 1884 273 προσλαμϐανομένους

1097 280 1210 312 ἑαυτοὺς
1225 280 1330 316 ἐώρων,
1348 280 1395 307 καὶ
1419 281 1584 316 πανταχόθεν
1609 282 1816 318 διδασκομένους
1834 284 1884 319 τὴν

1096 325 1234 361 ἀλήθειαν.
1255 325 1316 353 Εἴτε
1338 326 1391 361 γὰρ
1413 326 1454 358 είς
1475 327 1524 362 τὴν
1550 326 1638 353 κτίσιν
1658 328 1797 362 ἐπτόηντο,
1825 328 1883 355 ἀλλ’

1096 371 1188 408 ἐώρων
1204 372 1287 407 αὐτὴν
1304 372 1486 408 ὁμολογοῦσαν
1496 373 1543 400 τὸν
1555 374 1673 409 Χριστὸν
1692 374 1809 409 Κύριον
1827 375 1882 402 εἴτε

1096 419 1136 449 εἰς
1152 418 1310 454 ἀνθρώπους
1337 416 1488 454 ἦνάὺτῶν
1511 420 1528 455 ἡ
1553 419 1657 447 διάνοια
1684 420 1880 456 προληφθεϊσα,

1096 464 1165 491 ὥστε
1178 465 1288 496 τούτους
1303 464 1380 496 θεοὺς
1393 465 1522 500 νομίζειν,
1539 464 1596 493 ἀλλ’
1610 467 1642 493 ἐκ
1657 467 1711 493 τῶν
1729 467 1818 503 ἔργων
1833 467 1881 495 τοῦ

1096 509 1229 544 Σωτῆρος,
1248 509 1445 545 συγκρινόντων
1456 518 1484 536 τε
1502 510 1623 543 ἐκείνων,
1642 511 1766 545 ἐφαίνετο
1788 513 1817 539 ἐν
1835 513 1882 539 ἀν-

1097 553 1216 589 θρώποις
1233 555 1312 593 μένος
1328 555 1342 581 ὁ
1359 554 1453 592 Σωτῂρ
1470 554 1536 581 Θεοῦ
1553 555 1630 593 Υἱὸς,
1646 556 1695 583 οὐκ
1713 556 1797 583 ὄντων
1816 557 1880 593 παρ’

1095 601 1208 632 ἐκείνοις
1223 601 1351 627 τοιούτων
1364 601 1443 627 ὁποῖα
1456 601 1531 636 παρὰ
1547 601 1593 628 τοῦ
1606 601 1673 628 Θεοῦ
1693 602 1779 636 Λόγου
1799 603 1879 637 γέγοι

1095 653 1148 672 νεν.
1167 646 1197 672 Εἰ
1211 645 1239 671 δέ
1250 646 1296 672 καὶ
1312 646 1352 677 εἰς
1362 645 1492 680 δαίμονας
1505 644 1575 681 ἦσαν
1588 646 1796 682 προληφθέντες,
1812 647 1880 674 ἀλλὰ

1094 692 1211 728 ὁρῶντες
1226 692 1326 724 αὐτοὺς
1337 692 1518 727 διωκομένους
1533 692 1584 719 ὑπὸ
1598 692 1644 719 τοῦ
1660 693 1772 728 Κυρίου,
1782 695 1878 728 ἐγίνω-

1095 747 1158 765 σκον
1171 738 1250 774 μόνον
1266 735 1334 764 εἶναι
1347 738 1440 765 τοῦτον
1451 738 1496 766 τὸν
1509 738 1555 765 τοῦ
1571 738 1639 765 Θεοῦ
1660 739 1756 773 Λόγον,
1772 739 1880 774 mg

1094 782 1162 827 εἶναι
1173 784 1330 827 ﬁgitfigit;
1346 784 1482 827 δαίμονας.
1502 783 1533 810 El
1549 784 1577 810 δὲ
1591 785 1638 810 καὶ
1649 785 1688 816 είς
1702 785 1814 820 νεκροὺς
1826 785 1877 821 ἠδη

1093 821 1385 868 wooédiﬁfm;
1405 830 1592 865 κατασχεθεὶς,
1619 829 1690 857 ὥστε
1714 830 1878 866 θρησκεύειν

259 886 332 908 certe
345 880 388 907 ubi
401 879 537 907 Christum
554 881 732 908 resurrexisse
746 881 878 912 viderent,
893 880 954 908 illos
969 888 1035 907 ment

1093 876 1196 912 ἥρωας,
1212 877 1259 903 καὶ
1272 866 1876 923 ἐξιλπαράμ-Ψτιξὲἱὲὲζειέὲεικλερύε·

260 926 340 953 daces
355 934 423 959 esse,
439 926 580 960 solumque
594 927 735 954 Dominum
750 934 842 954 verum
864 926 954 954 Patris
975 925 1044 953 Ver-

260 972 322 998 bum
335 977 362 998 et
376 971 469 999 mortis
485 972 625 998 Dominum
644 979 703 1000 esse
722 972 797 999 fateri
811 977 984 1007 cogerentur.
1002 971 1043 999 ld-

259 1018 334 1045 circo
347 1018 430 1052 igitur
445 1023 524 1045 natus
538 1022 590 1049 est,
609 1023 636 1044 et
656 1017 736 1044 homo
758 1018 831 1045 visus
855 1022 907 1049 est,
922 1023 1043 1046 mortuus

259 1068 302 1090 est
315 1068 341 1090 et
356 1063 516 1093 resurrexit,
530 1063 639 1096 suisque
654 1062 768 1096 propriis
786 1062 863 1090 factis
881 1063 971 1102 omnia
992 1063 1042 1090 ho-

266 1109 379 1140 minum,
397 1108 443 1142 qui
466 1116 581 1142 unquam
598 1108 753 1140 ﬂoruerunt,
774 1113 848 1143 gesta
871 1108 1040 1142 obscuravit,

261 1159 292 1181 ut
319 1162 479 1189 quacunque
501 1161 534 1181 ex
561 1158 636 1188 parte
656 1154 831 1188 prawccupati
858 1153 972 1182 fuissent
990 1155 1039 1182 ho-

259 1199 357 1231 mines,
378 1199 439 1225 inde
460 1198 518 1225 illos
541 1199 698 1231 reduceret,
718 1203 745 1225 et
761 1206 852 1226 verum
876 1200 916 1226 sui
935 1199 1039 1237 Patrem

262 1243 380 1274 doceret,
395 1243 432 1269 uti
448 1243 503 1278 ipse
516 1243 574 1270 ait:
592 1242 654 1270 Veni
670 1243 771 1270 salvum
788 1243 873 1278 facere
885 1252 908 1271 et
927 1245 1039 1272 invenire

261 1288 330 1323 quod
345 1289 457 1323 perierat
474 1288 507 1315 θ’.

292 1377 336 1406 16.
355 1377 451 1406 Postea
470 1378 543 1405 enim
557 1386 638 1414 quam
653 1379 685 1406 ad
705 1387 747 1406 res
766 1387 910 1414 corporeae
931 1381 1037 1416 delapsa

255 1429 298 1452 cst
312 1432 387 1452 mens
402 1424 551 1458 hominum,
568 1433 600 1453 eo
615 1432 644 1453 se
661 1425 768 1453 demisit
785 1425 911 1458 Verbum,
930 1432 958 1453 ut
976 1435 1038 1455 cor-

255 1478 321 1506 pore
338 1471 458 1497 indutum
476 1475 626 1504 appareret,
640 1478 693 1505 quo
716 1466 822 1506 nempe,
844 1477 874 1499 ut
896 1472 985 1504 homo,
1003 1474 1036 1500 ad

254 1523 284 1543 se
300 1516 451 1543 traduceret
463 1514 518 1551 59
532 1516 665 1548 homines,
678 1516 839 1551 illorumque
852 1525 947 1545 sensus
960 1519 992 1545 ad
1007 1526 1035 1546 se

254 1564 438 1593 converteret;
455 1566 536 1593 atque
550 1565 579 1587 ut
594 1561 674 1588 iidem
689 1561 810 1589 homines
828 1570 889 1589 ettm
910 1567 1034 1597 tanquam

255 1607 390 1634 hominem
410 1607 562 1638 intuentes,
584 1614 618 1633 ex
639 1606 681 1633 his
705 1614 765 1642 quae
790 1612 882 1642 ageret
909 1609 1035 1643 operibus

252 1652 394 1680 crederent
411 1652 498 1686 ipsum
522 1659 574 1678 non
600 1656 704 1678 tantum
730 1652 864 1680 hominem
888 1660 963 1685 esse,
987 1655 1034 1681 sed

253 1698 334 1725 etiam
348 1697 430 1725 Deum
443 1701 470 1724 et
485 1697 530 1724 Dei
551 1697 607 1724 veri
623 1696 740 1724 Verbum
753 1706 785 1725 ac
804 1699 973 1734 sapientiam.
989 1700 1032 1727 ld-

253 1744 340 1777 ipsntn
359 1751 423 1770 sane
445 1742 542 1770 Paulus
566 1743 650 1770 voluit
666 1744 707 1771 his
722 1744 811 1772 verbis
831 1745 951 1772 iudicare
971 1755 977 1773 :
996 1745 1032 1773 In

252 1789 379 1816 chariton
398 1790 506 1816 radicati
524 1794 548 1816 et
564 1789 680 1823 fundati,
700 1795 727 1816 ut
745 1791 848 1824 ponitis
866 1791 1033 1825 comprehen-

252 1835 313 1861 dere
329 1843 386 1861 cum
402 1836 520 1861 omnibus
534 1835 642 1865 sanctis.
657 1842 715 1870 qute
734 1837 767 1862 sit
787 1836 911 1868 latitudo,
929 1841 952 1863 et
973 1836 1031 1864 lon-

251 1882 357 1915 gitudo,
383 1886 407 1908 et
431 1882 578 1908 sublimitas
603 1887 626 1908 et
651 1882 811 1916 profundum
831 1889 840 1908 :
862 1883 928 1910 scire
951 1884 1030 1910 etiam

251 1928 479 1961 supercmimntem
525 1927 639 1954 scientia:
671 1927 825 1955 charitalcm
858 1928 976 1962 Christi,
1002 1935 1030 1957 ιιι

249 1971 409 2005 impleamini
424 1973 450 1998 in
466 1979 566 1999 omnem
580 1972 766 2007 plenitudine»:
782 1974 867 2001 Det“.
881 1975 946 2002 Cum
957 1977 1029 2003 enim

250 2017 367 2045 Verbum
385 2018 482 2051 ubique
505 2025 564 2045 sese
585 2018 759 2052 explicaverit
780 2027 885 2047 sursum
909 2026 934 2048 et
950 2022 1028 2048 deor-

248 2070 323 2096 sum,
345 2063 370 2089 in
395 2062 555 2097 profundum
574 2068 601 2090 et
616 2064 641 2090 in
665 2064 747 2091 latunt
762 2073 770 2092 :
786 2072 892 2092 sursum
909 2066 1027 2100 quidem,

249 2116 339 2136 rerum
363 2109 516 2142 creatione;
544 2109 667 2136 deorsum
686 2117 759 2142 vero,
788 2110 904 2138 humana
932 2116 1027 2139 natura

248 2159 402 2189 assumpta;
429 2154 455 2181 in
482 2154 642 2189 proiundnm
670 2160 758 2182 autem
785 2163 846 2183 cum
875 2156 900 2184 in
929 2157 1027 2185 inferos

1093 923 1282 966 amem
1290 923 1878 962 ρρςριαεεεωαοιωλικω

1093 970 1212 1001 ἐκείνους
1223 967 1289 996 εἶναι
1304 969 1420 1003 ψευδεῖς,
1443 969 1591 1006 καξμόνον
1607 969 1653 996 τὸν
1667 969 1770 1006 Κύριον
1784 968 1878 1006 ω-

1093 979 1212 1001 εκεινους
1223 979 1289 996 ειναι
1304 979 1420 1003 ψευοεις,
1443 979 1591 1006 καμμονον
1607 979 1653 996 τον
1668 979 1770 1006 λυριον
1784 979 1819 998 υ
1837 979 1878 998 ιι-

1092 1007 1498 1052 νδῖῑιῖῖῶῇῖρδξζλιγον,
1507 979 1878 1052 ει»ηῶ

1093 1058 1225 1100 ριξύονὲ.
1244 1048 1692 1094 Δίιῖίῖοῦτῆῖγῖᾷνῆτῖῑυ),
1706 1061 1753 1086 καὶ
1771 1059 1878 1096 ἄνθρωο

1092 1096 1255 1142 nvi—egw.
1269 1107 1316 1134 καὶ
1336 1106 1465 1138 ἀπέθανε,
1482 1106 1528 1132 καὶ
1543 1105 1652 1140 ἀνέστη,
1670 1104 1808 1141 ἀμϐλύνας
1826 1106 1877 1133 καὶ

1090 1152 1252 1184 ὲπισκιάσας
1264 1152 1299 1178 τὰ
1310 1152 1364 1179 τῶν
1379 1152 1486 1178 πώποτε
1499 1151 1651 1186 γενομένων
1667 1151 1818 1187 ἀνθρώπων
1830 1152 1876 1180 διὰ

1089 1198 1142 1224 τῶν
1161 1198 1231 1224 ίδίων
1245 1197 1342 1232 ἔργων,
1360 1197 1403 1223 ἴνα
1413 1197 1481 1223 ὅπου
1491 1188 1513 1223 δ’
1529 1195 1561 1223 ἂν
1572 1193 1623 1222 ὦσι
1639 1196 1838 1231 προληφθέντες
1848 1197 1874 1224 oi.

1089 1243 1235 1279 ἂνθρωποι,
1249 1243 1352 1269 ἐκεῖθεν
1377 1243 1474 1274 αὐτοὺς
1490 1242 1625 1278 ἀναγάγῃ,
1646 1241 1693 1268 καὶ
1715 1241 1808 1279 διδάξῃ
1827 1242 1874 1269 τὸν

1089 1288 1212 1323 ἀληθινὸν
1229 1287 1310 1314 αὐτοῦ
1335 1287 1453 1322 Πατέρα,
1472 1286 1595 1322 καθάπερ
1614 1285 1661 1313 καὶΙ
1679 1285 1758 1318 αὐτός
1775 1292 1872 1322 φηστνσ

1088 1333 1197 1362 Ἦλθον
1211 1334 1307 1360 σῶσαι
1320 1333 1369 1360 καὶ
1384 1333 1482 1367 εὑρεῖν
1497 1332 1530 1359 τὸ
1548 1332 1715 1365 ἀπολωλός.

1122 1381 1165 1408 16.
1184 1379 1274 1414 ᾋιπαξ
1288 1380 1342 1414 γὰρ
1358 1378 1528 1414 εὲίΑσθῃτὰ
1542 1377 1676 1414 πεσούσης
1691 1378 1742 1414 ﬂ”;
1755 1377 1873 1414 διανοίας

1087 1468 1576 1516 φαᾘᾱῖόᾚδγῆῇἝῐᾶἘενέγκῃ
1596 1471 1636 1501 εις
1658 1469 1755 1496 ἑαυτὸν
1767 1468 1806 1516 ὡς
1823 1468 1872 1496 ἆν-

1203 1512 1380 1552 {PM
1334 1512 1720 1558 ῳτῆΓς,ἶῑῖεδΞαξ-σθήσεις
1730 1513 1820 1542 αὐτῶν
1830 1515 1872 1547 εις

1086 1556 1181 1592 ἑαυτὸν
1204 1565 1346 1601 ἀποκλίνῃ,
1372 1564 1418 1590 καὶ
1452 1556 1682 1601 λοιῖᾟῇίνους
1705 1561 1744 1593 ὡς
1763 1560 1870 1600 ἀνθωο

1083 1605 1201 1647 πδῖοῑιτδ)
1210 1601 1683 1648 abmwgg,wat
1698 1606 1797 1642 ἔργων,
1810 1606 1872 1633 πεί·

1543 1652 1631 1687 μόνον,
1651 1650 1719 1678 ἀλλά
1738 1651 1786 1682 και
1802 1649 1870 1684 Ξὺν

1082 1702 1129 1729 καὶ
1142 1692 1455 1739 Θεοῧγᾶληθῦοἷλόγον
1461 1699 1526 1732 λαὶ
1534 1697 1750 1733 -ςτρφέαᾉτοῦτο
1767 1697 1796 1724 δέ
1812 1697 1868 1732 (Η)

1083 1742 1156 1773 animo
1167 1740 1448 1781 Ϊῗαῧλοςᾜῖὖλόμενος
1463 1744 1583 1780 σημᾶναι
1607 1752 1690 1779 φησιν
1700 1750 1706 1758 ·
1734 1743 1783 1769 Ἐν
1795 1742 1870 1777 ἀτά-

1083 1801 1124 1827 πῃ
1139 1792 1320 1827 ἑρῤιζὶυμένοι
1340 1791 1388 1818 καὶ
1405 1790 1654 1825 τεθεμελιωμένοι,
1672 1791 1721 1816 ἵνα
1745 1790 1870 1824 ἐξισχύ-

1082 1845 1155 1872 σητε
1172 1838 1388 1866 καταλαϐέσθαι
1406 1837 1467 1864 σὺν
1482 1836 1557 1863 πᾶσι
1578 1836 1640 1869 τοῖς
1656 1836 1761 1871 ἁγίοις,
1780 1837 1810 1862 τι
1830 1836 1864 1863 τὸ

1081 1884 1203 1918 πλάτος,
1213 1885 1260 1911 καί
1273 1884 1381 1919 μῆκος,
1392 1883 1440 1910 καὶ
1449 1883 1538 1917 ῦψος,
1549 1883 1596 1909 καὶ
1604 1880 1709 1915 βάθος,
1718 1881 1829 1917 γνῶναι
1836 1889 1869 1909 te

1081 1930 1137 1964 τὴν
1146 1931 1393 1965 ὑπερϐάλλουσαν
1404 1930 1459 1964 τῆς
1470 1930 1605 1965 γνώσεως
1611 1929 1731 1964 ἀγάπην
1737 1929 1791 1956 τοῦ
1801 1930 1868 1964 Χριι

1080 1976 1165 2008 στοῦ,
1193 1977 1242 2002 ἵνα
1259 1976 1433 2010 πληρωθῆτε
1452 1977 1496 2009 εὶς
1510 1974 1572 2003 πᾶν
1590 1974 1624 2002 τὸ
1647 1975 1793 2010 πλήρωμα
1813 1975 1868 2003 τοῦ

1081 2021 1154 2048 Θεοῦ
1163 2030 1170 2036 ·
1185 2021 1321 2056 πανταχοῦ
1333 2020 1387 2057 γὰρ
1405 2020 1451 2047 τοῦ
1465 2021 1550 2055 Λόγου
1570 2021 1663 2048 ἑαυτὸν
1679 2020 1868 2053 ἁπλώσαντος,

1079 2067 1126 2093 καὶ
1142 2066 1207 2098 ἂνω,
1220 2067 1266 2093 καὶ
1276 2066 1361 2098 κάτω,
1374 2067 1420 2094 καὶ
1434 2067 1473 2098 εἰς
1484 2066 1515 2096 τὸ
1531 2066 1622 2102 βάθος,
1637 2067 1684 2094 καὶ
1699 2068 1740 2098 είς
1752 2067 1783 2093 τὺ
1797 2067 1868 2093 πλά-

1079 2120 1136 2143 τος·
1149 2112 1203 2138 ἄνω
1219 2112 1267 2147 μὲν
1279 2113 1318 2142 είς
1335 2111 1382 2148 τὴν
1398 2112 1495 2144 κτίσιν,
1515 2112 1590 2140 κάτω
1603 2112 1632 2139 δὲ.
1655 2114 1695 2144 είς
1714 2113 1764 2148 τὴν
1789 2113 1867 2139 ἐναν-

1079 2157 1228 2193 θρώπησιν,
1245 2158 1284 2190 εις
1301 2157 1382 2193 βάθος
1394 2158 1448 2192 (15)
1465 2158 1494 2184 δέ
1507 2159 1547 2190 εἰς
1559 2158 1604 2185 τὸν
1618 2158 1694 2194 ᾅδην,
1709 2159 1749 2190 εῐς
1762 2158 1865 2190 πλάτος

246 2201 398 2234 descendit;
421 2201 446 2228 in
471 2201 554 2228 latum
577 2201 691 2235 denique
714 2204 848 2236 quatenus
871 2203 1023 2229 universum

1086 2203 1106 2229 ῖὲ
1116 2203 1156 2234 εἰς
1171 2201 1215 2230 τὸν
1227 2203 1328 2238 κόσμον
1337 2212 1343 2218 ·
1356 2203 1390 2230 τὰ
1400 2203 1487 2230 πάντα
1498 2203 1548 2238 τῆς
1567 2203 1631 2238 περὶ
1652 2203 1719 2230 Θεοῦ
1740 2203 1866 2238 γνώσεως

247 2248 372 2274 mundum
393 2254 442 2274 suo
466 2245 579 2273 adventu
601 2245 766 2278 illustravit;
787 2246 877 2273 omnia
904 2246 1025 2281 profecto

245 2292 292 2321 Dei
315 2292 467 2326 cognitione
489 2291 588 2325 repleta
611 2296 684 2319 sunt.
707 2290 772 2318 Eam
797 2292 887 2325 utique
909 2291 944 2318 ob
968 2299 1024 2318 rem

245 2347 331 2375 neque
344 2339 434 2366 statim
451 2343 530 2373 atque
545 2339 662 2370 advenit,
676 2338 813 2366 victimam
836 2346 885 2373 pro
899 2338 1024 2366 omnibus

243 2385 347 2415 obtulit.
363 2392 459 2419 corpus
480 2385 559 2411 morti
576 2384 716 2417 tradendo,
732 2392 764 2412 ac
783 2384 847 2411 illud
865 2384 961 2411 deinde
977 2391 1023 2412 ex-

242 2431 349 2458 citando
365 2438 380 2457 a
397 2430 525 2462 mortuis;
543 2430 580 2456 ita
599 2430 670 2457 enim
687 2429 774 2464 potius
788 2436 818 2456 se
837 2429 916 2457 nobis
931 2429 1022 2456 occul-

243 2480 324 2503 tasset
337 2484 345 2502 :
359 2483 451 2503 verum
465 2483 494 2502 se
509 2482 556 2510 per
572 2475 636 2502 illud
649 2475 791 2502 videndum
810 2475 943 2506 exhibuit,
956 2482 1022 2508 qua-

243 2526 320 2547 tenus
339 2521 364 2548 in
383 2529 415 2548 eo
437 2521 595 2555 permansit,
608 2528 639 2547 ac
657 2520 785 2555 ejusmodi
806 2527 886 2554 opera
910 2520 979 2555 egit,
995 2524 1022 2546 et

241 2567 314 2602 signa
337 2567 437 2600 edidit,
459 2575 519 2601 quae
543 2566 616 2593 illum
640 2574 692 2594 non
716 2567 852 2594 hominem
871 2567 918 2594 sed
937 2567 1019 2594 Deum

274 2644 298 2660 “
315 2644 378 2671 Luc.
391 2652 448 2676 xtx,
464 2645 508 2672 lo.
545 2645 567 2660 "
585 2644 685 2679 Ephes.
701 2652 744 2676 ιιι,
757 2644 850 2672 17-19.

284 2722 329 2757 H)
340 2722 530 2758 Segueriantts,
543 2722 714 2758 γεγέννηται.

283 2757 326 2793 12)
343 2757 455 2792 Seguer.
469 2757 523 2784 τῶν
539 2757 689 2793 ἀνθρώπων
705 2758 748 2784 hic
770 2758 860 2790 habet,
881 2762 909 2784 et
927 2757 1017 2792 expri-

238 2799 312 2819 munt
327 2794 508 2826 interpretes;
534 2793 577 2820 alii
591 2801 651 2820 cum
663 2793 744 2820 editis
755 2793 894 2819 omittunt.

272 2829 328 2861 (i3)
345 2828 533 2861 Segnerianus,
548 2827 699 2863 ἄνθρωπον.
721 2828 771 2855 Alii
795 2835 855 2855 cum
872 2827 960 2860 editis,
974 2826 1020 2853 ἄν·

237 2861 353 2898 θρωπος,
367 2866 430 2889 utet
443 2861 736 2898 interpretes'iegerunt.

1077 2247 1263 2284 πεπλήρωται.
1278 2248 1327 2275 Διά
1343 2248 1371 2274 δὲ
1387 2247 1466 2274 τοῦτο
1483 2248 1544 2275 οὐδὲ
1566 2249 1692 2285 παραυτὰ
1710 2249 1865 2285 παραγενό-

1078 2301 1157 2328 μενος
1174 2293 1221 2328 τὴν
1238 2293 1332 2320 θυσίαν
1342 2293 1390 2329 τὴν
1407 2294 1476 2329 ὑπὲρ
1491 2293 1599 2320 πάντων
1624 2294 1756 2326 ἐπετέλει,
1773 2303 1865 2330 παρα-

1076 2338 1162 2370 διδοὺς
1172 2338 1203 2365 τὸ
1215 2338 1293 2374 σῶμα
1304 2338 1343 2373 τῷ
1358 2338 1475 2373 θανάτῳ,
1491 2339 1538 2365 καὶ
1551 2339 1666 2365 ἀνιστῶν
1680 2339 1757 2371 αὐτο,
1770 2339 1862 2374 ἀφανῆ

1075 2381 1170 2407 ἑαυτὸν
1185 2382 1229 2408 διὰ
1239 2381 1334 2408 τούτου
1345 2381 1429 2408 ποιῶν
1438 2390 1445 2396 ·
1458 2382 1527 2409 ἀλλὰ
1544 2382 1589 2408 καὶ
1604 2382 1659 2417 (16)
1676 2382 1784 2417 ἐμφανῆ
1797 2383 1863 2409 eau-

1074 2428 1119 2455 τὸν
1133 2428 1178 2455 διὰ
1189 2429 1283 2455 τούτου
1298 2428 1414 2464 καθίστη
1428 2428 1564 2464 διαμένων
1575 2430 1603 2455 ἐν
1615 2428 1699 2463 αὐτῷ,
1714 2429 1761 2455 καὶ
1769 2428 1863 2455 τοιαῦ-

1073 2481 1108 2500 τα
1123 2474 1207 2501 τελῶν
1223 2475 1291 2510 ἔργα
1305 2475 1351 2501 καὶ
1368 2476 1467 2510 σημεῖα
1482 2475 1579 2506 διδοὺς,
1599 2474 1617 2501 ἃ.
1636 2474 1734 2510 μηκέτι
1755 2474 1862 2509 ἄνθρω-

1075 2527 1136 2553 πον,
1153 2520 1220 2547 ἀλλὰ
1229 2521 1295 2548 Θεὸν
1312 2521 1397 2555 Λόγον
1420 2521 1501 2547 αὑτὸν
1521 2520 1678 2556 ἐγνώριζον.
1706 2520 1862 2555 Ἀμφότερα

1075 2566 1129 2601 γὰρ
1147 2566 1398 2603 ἐφιλανθρωπεύετο
1415 2568 1429 2594 ό
1446 2567 1540 2604 Σωτὴρ
1556 2567 1600 2594 διὰ
1616 2567 1666 2602 τῆς
1684 2567 1861 2603 ἐνανθρωπή-

1106 2720 1162 2756 (14)
1176 2719 1288 2756 Seguer.
1316 2718 1345 2746 δέ
1366 2720 1411 2748 hic
1431 2720 1514 2752 addit,
1541 2718 1586 2747 alii
1609 2727 1671 2747 vero
1692 2727 1753 2747 cum
1778 2719 1858 2747 editis

1071 2761 1208 2826 (³Ἣὲἴὶἷί
1241 2789 1403 2826 Gobleriano
1421 2795 1449 2818 et
1470 2790 1643 2818 Felckmanni
1665 2789 1678 2815 Ι
1709 2797 1855 2825 anonymo,

1074 2825 1318 2861 deest'przepositio
1332 2826 1372 2856 εἰς
1384 2831 1446 2852 ante
1461 2825 1541 2861 βάθος
1552 2831 1579 2853 et
1593 2825 1703 2855 πλάτος.

1111 2861 1164 2896 (i6)
1180 2860 1247 2888 Editi
1265 2860 1311 2887 καί
1329 2860 1466 2888 omittunt;
