2037 3044
181 129 234 158 ίὲδ

692 128 821 157 ORATIO
840 129 884 156 DE
903 128 1160 157 INCARNATIONE
1179 129 1281 158 VERBI

1727 157 1736 165 ,
1751 131 1803 160 {26

180 195 260 219 σεως,
277 187 317 213 δτι
340 188 387 213 καὶ
410 187 456 213 τὸν
479 186 595 214 Θάνατον
616 187 645 220 ἐξ
673 188 750 223 ἡμῶν
773 187 897 222 ἠφάνιζε,
923 189 969 215 καὶ

1024 189 1138 215 Verbum
1157 196 1217 216 esse
1239 189 1390 217 certissimo
1412 194 1503 217 essent
1521 187 1628 216 indicio.
1656 189 1712 217 Duo
1729 197 1801 218 emm

180 232 349 264 ἀνεκαίνιζεν
368 234 455 268 ἡμᾶς·
477 234 524 260 καὶ
536 234 587 265 ὅτι,
602 234 707 269 ἀφανὴς
722 233 760 261 ὢν
782 235 828 261 καὶ
843 234 966 269 ἀόρατος,

180 279 224 305 διὰ
241 279 294 306 τῶν
311 279 399 315 ἔργων
414 279 550 314 ἐνέφαινε,
568 281 616 307 καὶ
631 280 776 317 ἐγνώριζεν
787 281 883 308 ἑαυτὸν
900 279 968 308 εἶναι

179 324 320 360 τὺνΔότον
333 325 380 352 τοῦ
400 326 517 362 Πατρὺς,
531 326 577 353 τὸν
597 326 644 353 τοῦ
662 327 762 359 παντὸς
782 328 903 362 ἡγεμόνα
922 328 968 354 καὶ

183 370 303 405 βασιλέα.

216 509 259 535 Π.
283 509 319 535 Οὐ
328 509 382 545 γὰρ
396 509 428 545 δὴ
442 509 698 545 περικεκλεισμένος
712 507 745 546 ἦν
759 511 788 540 ἐν
800 511 838 546 τῷ
851 511 967 546 σώματι·

180 556 241 582 οὐδὲ
257 557 286 582 ὲν
305 555 411 591 σώματι
432 557 481 591 μὲν
499 555 544 592 ἦν,
564 556 694 592 ἀλλαχόσε
716 557 744 583 δὲ
764 558 813 584 οὐκ
832 555 865 593 ἦν
879 567 885 573 ·
908 559 968 585 οὐδὲ

182 603 269 628 ἐκεῖνο
296 602 345 637 μὲν
364 602 456 635 ἐκίνει,
473 602 507 629 τὰ
520 602 568 629 ὅλα
581 603 637 638 (17)
661 603 690 630 δὲ
706 604 755 638 τῆς
771 604 866 630 τούτου
893 605 969 640 ἐνερ-

182 647 259 682 γείας
275 649 322 674 καὶ
341 649 467 683 προνοίας
481 649 631 676 κεκένωτο·
650 650 717 676 ἀλλὰ
737 650 767 676 τὸ
788 650 970 686 παραδοξότα-

182 702 236 728 τον,
254 695 339 729 Λόγος
351 695 398 726 ὢν,
410 696 440 722 οὐ
453 697 590 731 συνείχετο
611 697 659 732 μὲν
684 697 736 723 ὑπό
760 705 841 729 τινος,
863 699 968 732 συνεῖχε

182 740 254 767 δὲτὰ
268 741 356 768 πάντα
375 741 475 776 μᾶλλον
490 742 582 774 αὑτός·
606 743 653 769 καὶ
671 742 766 778 ὥσπερ
787 743 816 769 ἐν
840 743 915 780 πάσῃ
934 745 967 779 τῇ

183 787 268 813 κτίσει
284 786 333 819 ὢν,
351 787 428 819 ἐκτὸς
448 787 496 822 μέν
514 788 571 814 ἐστι
590 787 636 814 τοῦ
660 788 759 819 παντὸς
781 789 841 822 κατ’
864 789 968 822 οὐσίαν,

184 833 212 859 ὲν
229 834 295 860 πᾶσι
312 833 341 870 δέ
351 834 407 860 ἐστι
422 835 481 865 ταῖς
493 833 589 860 ἑαυτοῦ
605 834 745 870 δυνάμεσι,
760 824 969 862 tavris;—

184 879 303 915 κοσμῶν,
317 880 364 906 καὶ
378 881 416 911 εἰς
430 880 517 907 πάντα
532 882 560 907 ἐν
572 881 639 908 πᾶσι
653 881 701 917 τὴν
719 880 816 908 ἑαυτοῦ
841 880 969 916 πρόνοιαν

183 927 322 962 ὲφαπλῶν,
347 928 391 954 καὶ
420 927 535 954 ἕκαστον
557 928 603 955 καὶ
627 928 715 955 πάντα
742 928 809 964 ὁμοῦ
828 928 883 963 (18)
905 929 971 960 (uto-

184 972 279 1016 πέιᾶρ,
295 973 429 1008 περιέχων
447 974 480 1000 τὰ
494 974 542 1000 ὅλα
558 974 604 1000 καὶ
625 973 662 1009 μὴ
690 974 893 1009 περιεχόμενος.
913 964 969 1000 Et?

185 1019 213 1042 ἐν
227 1017 298 1052 μόνῳ
311 1017 349 1052 τῷ
362 1018 458 1044 ἑαυτοῦ
478 1019 563 1054 [Ιατρὶ
579 1019 638 1050 ὅλος
651 1019 706 1054 (i9)
722 1018 759 1045 ὢν
775 1018 845 1046 κατὰ
866 1019 970 1046 πάνταο

182 1062 254 1089 οὕτω
273 1063 320 1089 καὶ
340 1064 368 1089 ὲν
383 1063 421 1098 τῷ
435 1064 597 1099 ἀνθρωπίνῳ
614 1063 719 1098 σώματι
745 1063 799 1096 ὦν,
821 1064 868 1090 καὶ
890 1063 970 1095 αὐτὸς

184 1109 250 1136 αὐτὸ
265 1109 412 1142 ζωοποιῶν,
429 1102 702 1142 εῑκότιιῖῃζῶοᾶτοῖεἶ
721 1110 767 1136 καὶ
786 1110 820 1136 τὰ
841 1109 904 1136 ὅλα·
923 1109 971 1136 καὶ

186 1155 214 1180 ἐν
229 1156 284 1186 τοῖς
309 1156 390 1182 πᾶσιν
411 1155 524 1189 ἐγίνετο,
548 1156 595 1181 καὶ
618 1154 670 1187 ἔξω
694 1155 749 1182 τῶν
772 1155 840 1182 ὅλων
855 1153 905 1190 ἦν·
924 1156 971 1182 καὶ

186 1200 299 1227 ἀπὸτοῦ
316 1200 440 1236 σώματος
467 1201 494 1227 δὲ
518 1201 737 1242 6W
744 1200 970 1238 M199

185 1247 236 1274 οὐκ
256 1247 360 1282 ἀφανὴς
380 1245 414 1283 ἦν
434 1248 481 1274 καὶ
505 1248 559 1274 ἀπὸ
576 1248 626 1283 τῆς
650 1248 702 1274 τῶν
723 1249 790 1275 ὅλων
819 1248 968 1284 ἐνεργείας.

188 1293 282 1328 Ψυχῆς
299 1293 347 1328 μὲν
363 1291 408 1320 οὖν
426 1293 504 1329 ἔργον
524 1294 583 1320 ἐστὶ
607 1293 718 1335 ρξὲρέζν
738 1295 787 1330 μὲν
806 1295 852 1321 καὶ
867 1294 902 1321 τὰ
919 1294 971 1326 ἔξω

185 1340 232 1365 τοῦ
251 1339 315 1366 ἰδίου
330 1339 453 1374 σώματος
468 1342 523 1372 τοῖς
536 1340 683 1375 λογισμοῖς,
698 1341 727 1367 οὐ
744 1341 796 1376 μὴν
810 1341 857 1367 καὶ
873 1339 971 1372 ἔξωθεν

185 1385 232 1411 τοῦ
249 1384 312 1412 ἰδίου
323 1385 447 1420 σώματος
464 1386 592 1420 ἐνεργεῖν,
613 1385 629 1420 ἢ
651 1384 684 1411 τὰ
702 1384 796 1411 τούτου
815 1384 922 1421 μακρὰν
937 1385 970 1420 τῇ

187 1429 320 1466 παρουσίᾳ
341 1432 433 1457 κινεῖν.
455 1430 587 1457 Οὐδέποτε
610 1429 675 1464 γοῦν
693 1429 835 1466 ἄνθρωπος
853 1429 973 1456 διανοού-

187 1484 266 1510 μενος
279 1476 314 1502 τὰ
326 1476 444 1511 μακρὰν,
461 1475 510 1511 ἤδη
527 1476 573 1502 καὶ
595 1475 681 1502 ταῦτα
704 1477 774 1502 κινεῖ
790 1476 836 1502 καὶ
857 1475 972 1510 μεταφέ-

185 1529 241 1556 ρει⁴
262 1521 321 1547 οὐδὲ
335 1521 360 1547 εἰ
374 1520 419 1547 ἐπὶ
443 1521 493 1555 τῆς
520 1521 585 1552 ἰδίας
608 1521 696 1553 οἰκίας
712 1521 851 1553 καθέζοιτό
870 1530 912 1553 τις
924 1522 971 1548 καὶ

185 1566 317 1601 λογίζοιτο
329 1566 363 1593 τὰ
374 1567 403 1592 ὲν
420 1566 535 1602 οὐρανῷ,
550 1566 600 1601 ἥδη
615 1566 661 1593 καὶ
675 1566 720 1593 τὸν
739 1566 814 1601 ἥλιον
830 1569 909 1598 κινεῖ,
924 1567 971 1593 καὶ

185 1612 230 1638 τὸν
242 1612 355 1647 οὐρανὸν
371 1612 562 1648 περιστρέφει’
583 1611 639 1638 ἀλλ’
655 1612 706 1647 ὁρᾷ
722 1611 772 1647 μὲν
791 1611 859 1638 αὐτὰ
884 1612 971 1638 κινού-

187 1667 255 1693 μενα
273 1659 320 1686 καὶ
336 1659 478 1693 γεγονότα,
501 1659 530 1684 οὐ
554 1658 606 1694 μὴν
628 1658 697 1684 ὥστε
717 1657 880 1693 ἐργάζεσθαι
903 1657 971 1685 αὐτὰ

185 1705 296 1737 δυνατὸς
303 1705 440 1740 τυγχάνει.
459 1706 495 1731 υὺ
516 1705 548 1740 δὴ
560 1705 683 1737 τοιοῦτος
697 1703 731 1741 ἦν
746 1706 760 1732 ὁ
775 1705 822 1731 τοῦ
838 1705 905 1732 Θεοῦ
921 1706 972 1732 Λό-

186 1759 233 1784 γος
248 1752 277 1777 ὲν
292 1750 331 1786 τῷ
347 1751 490 1786 ἀνθρώπῳ.
522 1751 558 1777 Ot't
573 1751 627 1786 γὰρ
640 1751 789 1778 συνεδέδετο
802 1751 841 1787 τῷ
854 1751 969 1787 σώματι,

186 1795 253 1822 ἀλλὰ
268 1795 367 1830 μᾶλλον
377 1796 457 1827 αὐτὸς
473 1796 584 1831 ἐκράτει
599 1796 685 1828 τοῦτο,
698 1796 768 1823 ὥστε
784 1797 829 1823 καὶ
840 1798 868 1823 ἐν
885 1797 971 1833 τούτῳ

186 1840 219 1878 ἦν
236 1843 282 1869 καὶ
294 1843 322 1869 ὲν
336 1844 391 1874 τοῖς
406 1844 488 1870 πᾶσιν
509 1844 649 1879 ἐτύγχανε,
669 1844 716 1870 καὶ
737 1843 788 1876 ἔξω
810 1843 864 1870 τῶν
886 1844 970 1871 ὄντων

189 1886 232 1926 ἦν,
250 1890 297 1917 καὶ
310 1891 338 1916 ὲν
355 1890 428 1926 μόνῳ
441 1890 481 1925 τῷ
502 1891 588 1925 Πατρὶ
606 1890 765 1917 ἀνεπαύετο.
790 1891 843 1926 liti}
850 1890 971 1926 ’τὸ-θεοῖ

191 1937 291 1974 μαστὸν
304 1935 549 1973 τοῦτρκΜκαὶ
565 1936 778 1975 gamma
786 1922 970 1974 aiataiat),

189 1983 235 2009 καὶ
252 1983 307 2023 ti)“
308 1983 392 2023 1:610;
411 1983 444 2023 τὲι
461 1983 548 2015 πάντα
568 1983 720 2018 ὲζωογόνξιιγ
736 1983 782 2009 καὶ
798 1983 835 2017 ὡς
852 1983 914 2015 Υἱὸς
932 1982 970 2018 τῷ

188 2024 275 2070 lia-cpi.
291 2022 491 2071 ξυνοῗῇῗῆοθεν
511 2029 571 2056 οὐδὲ
593 2029 642 2064 τῆς
660 2028 798 2065 Παρθένου
827 2029 969 2063 τικτούσης

186 2076 304 2111 ἔπασχεν
321 2077 412 2108 αὐτὸς,
429 2074 489 2102 οὐδὲ
506 2077 534 2102 ὲν
545 2075 651 2111 σώματι
668 2074 705 2101 ὢν
722 2074 881 2110 ἐμολύνετο·
901 2074 970 2101 ἀλλὰ

187 2122 286 2158 μᾶλλον
300 2123 346 2149 καί
358 2123 389 2149 τὸ
401 2122 480 2161 trth
496 2122 616 2157 ῄχίαςεν,
630 2121 697 2150 Οὐδὲ
710 2122 764 2157 γὰρ
780 2122 808 2149 ὲν
819 2123 874 2154 τοῖς
888 2122 970 2148 πᾶσιν

184 2168 233 2200 ὢν,
250 2168 304 2195 τῶν
317 2169 424 2195 πάντων
443 2168 660 2204 μεταλαμὸάνει·
683 2167 750 2195 ἀλλὰ
764 2168 852 2195 πάντα
871 2167 970 2203 μᾶλλον

185 2217 231 2241 ὑπ’
243 2215 325 2241 αὑτοῦ
337 2215 522 2249 ζωογονεῖται,
530 2215 576 2241 καὶ
587 2214 725 2249 τρέφεται.
734 2214 764 2240 Εἰ
775 2213 829 2249 γὰρ
840 2214 887 2240 καὶ
896 2213 970 2247 ἥλιος
986 2205 1009 2235 ί)

185 2263 199 2288 ὁ
215 2262 260 2288 ὑπ’
276 2260 357 2288 αὐτοῦ
373 2261 516 2296 γενόμενος
529 2261 575 2287 καὶ
591 2260 635 2294 ὑφ’
656 2260 733 2296 ὴμῶν
750 2260 896 2296 ὁρώμενος,
920 2269 970 2286 πε-

187 2307 303 2343 ριπολῶν
320 2309 348 2334 ὲν
363 2308 479 2343 οὐρανῷ,
497 2308 527 2334 οὐ
543 2307 701 2342 ῥυπαινεται
717 2306 771 2333 τῶν
794 2307 839 2333 ἐπὶ
852 2307 903 2341 γῆς
918 2315 970 2333 σω-

187 2353 279 2389 μάτων
301 2353 461 2388 ἁπτόμενος,
485 2354 546 2380 οὺδὲ
579 2353 631 2380 ὑπὸ
658 2353 769 2384 σκότους
797 2353 968 2388 ἀφανίζεται,

185 2400 253 2427 ἀλλὰ
270 2399 368 2435 μᾶλλον
385 2399 465 2431 αὐτὸς
483 2401 530 2426 καὶ
551 2399 635 2426 ταῦτα
653 2399 764 2434 φωτίζει
787 2400 834 2426 καὶ
853 2399 966 2434 καθαρί-

184 2447 225 2479 ζει
235 2456 241 2462 ·
260 2447 349 2482 πολλῷ
367 2447 445 2474 πλέον
459 2448 474 2473 ὁ
490 2447 620 2480 πανάγιος
636 2446 682 2473 τοῦ
696 2446 763 2473 Θεοῦ
778 2446 873 2480 Λόγος,
888 2447 902 2472 ὁ
919 2445 966 2471 καὶ

183 2491 230 2521 τοῦ
243 2494 317 2529 ἡλίου
327 2493 441 2528 ποιητὴς
454 2494 500 2520 καὶ
519 2493 611 2528 κύριος
631 2494 660 2519 ὲν
677 2492 782 2528 σώματι
797 2491 966 2527 γνωριζόμε-

183 2546 226 2572 νθς
242 2541 291 2566 οὐκ
302 2540 480 2576 ὲρῤυπαίνετο
489 2548 496 2554 ·
513 2539 579 2565 ἀλλὰ
597 2539 696 2573 μᾶλλον
709 2538 846 2573 ἄφθαρτος
856 2536 904 2568 ὢν,
921 2537 967 2563 καὶ

182 2585 212 2611 τὸ
229 2585 309 2620 σῶμα
323 2584 418 2620 θνητὸν
434 2584 566 2619 τυγχάνον
583 2583 783 2625 ὲὲρτξοιειίῃαὶ
793 2581 966 2625 ἐκαφάριζεν,

182 2632 217 2665 ὃς
232 2633 377 2667 ἁμαρτίαν
395 2632 460 2668 γὰρ,
477 2632 569 2666 φησιν,
586 2622 641 2657 (tim
659 2622 814 2663 ἓάοίησεν,
832 2622 902 2656 οἳιδὲ
917 2630 966 2655 εὑ-

178 2678 251 2713 ρέἃη
265 2679 353 2712 δόλος
367 2679 401 2705 ὲν
413 2678 452 2712 τῷ
463 2679 587 2712 στόματι
601 2676 705 2703 αὐτοῦ.

218 2783 242 2800 ’δ
261 2783 268 2809 I
287 2783 401 2811 Petr.tt.
415 2782 461 2808 2‘2.

218 2830 273 2864 (l7)
283 2829 391 2856 Gultler.
412 2835 439 2856 et
454 2828 573 2856 Felt‘klll.
587 2828 599 2854 i
616 2835 707 2860 auom,
722 2825 797 2854 ἄλλα.

219 2865 273 2900 (18)
296 2864 379 2900 Ὁμοῦ
396 2866 471 2891 abest
483 2864 516 2891 ab
531 2864 636 2899 Anglic.

1020 235 1084 268 ista,
1112 234 1227 262 ltutuatta
1253 240 1347 262 natura
1374 240 1515 270 suscepta,
1539 235 1663 262 Salvator
1686 235 1803 271 benigne

1020 280 1152 314 praestitit,
1169 288 1264 315 nempe
1283 285 1311 308 et
1328 286 1441 308 mortem
1457 289 1472 308 a
1490 281 1565 308 nobis
1585 281 1686 315 depulit
1706 288 1738 308 ac
1754 289 1803 308 nos

1019 327 1156 352 renovavit
1170 336 1176 353 :
1197 331 1224 353 et
1244 327 1310 360 ipse,
1325 327 1370 361 qui
1385 334 1418 354 ex
1436 327 1477 354 sui
1492 332 1587 354 natura
1606 334 1654 354 nec
1671 334 1804 361 apparere

1019 379 1069 398 nec
1085 372 1168 399 videri
1196 377 1310 407 poterat,
1328 381 1374 407 per
1395 380 1476 408 opera
1503 373 1637 407 apparuit,
1656 372 1743 408 palam
1759 380 1804 400 os-

1020 420 1105 444 tentu:
1126 425 1156 445 se
1171 417 1288 446 Verbum
1306 417 1404 451 Patris,
1431 418 1522 445 rutundi
1541 418 1638 446 ducem
1662 423 1690 446 et
1710 420 1804 446 mode-

1019 469 1136 491 ratorem
1154 472 1224 492 esse.

1055 510 1099 536 l7.
1119 510 1173 538 Nec
1190 511 1260 537 enim
1279 510 1304 537 in
1321 518 1434 545 corpore
1457 511 1654 538 circtunclusus
1672 515 1733 538 erat
1755 511 1801 538 Dei

1019 556 1112 588 Filius,
1128 564 1176 583 nec
1193 557 1232 584 sic
1245 556 1271 583 in
1290 564 1405 590 corpore
1419 562 1493 589 erat,
1515 562 1543 584 ut
1559 557 1622 584 alibi
1643 564 1695 583 nort
1715 562 1801 590 esset,

1019 607 1066 629 aut
1089 603 1124 629 ita
1142 602 1206 629 illttd
1231 602 1371 634 tttchbat,
1398 608 1425 629 ιιι
1449 610 1491 630 res
1515 603 1646 630 universa:
1665 603 1722 637 ejus
1745 602 1803 630 em-

1019 649 1116 677 cientia
1138 653 1165 676 et
1187 648 1353 683 providentia
1371 657 1460 676 vacua:
1484 654 1641 676 manerent:
1663 649 1709 677 sed
1731 650 1802 683 quod

1019 698 1096 724 valde
1109 696 1266 724 admirabile
1282 701 1333 730 est,
1349 701 1379 724 ut
1393 695 1518 728 Verbum,
1530 702 1545 721 a
1560 695 1631 722 ttulla
1646 695 1756 722 omnino
1773 703 1804 723 re

1019 743 1218 775 continebatur,
1241 743 1288 770 sed
1302 743 1392 770 omnia
1409 742 1496 777 putius
1518 741 1576 776 ipse
1589 741 1751 768 continebat.
1768 740 1804 768 Ut

1019 788 1089 816 enim
1105 788 1161 823 ipse
1176 789 1202 814 in
1216 788 1339 815 omnibus
1354 787 1453 814 creatis
1469 787 1549 813 rebus
1565 785 1709 819 exsistens,
1725 791 1802 813 extra

1020 835 1174 861 universum
1196 834 1324 861 mundum
1344 833 1491 861 secundum
1514 833 1705 865 substantiam,
1724 837 1751 859 et
1776 833 1802 859 itt

1019 880 1144 907 omnibus
1163 880 1242 907 rebus
1263 885 1306 906 est
1327 887 1375 907 sua
1397 879 1534 913 potentia,
1554 879 1698 913 omniaque
1716 878 1803 905 admi-

1019 930 1127 962 nistrat,
1141 937 1173 956 ae
1188 937 1263 956 suam
1289 928 1484 963 providentiam
1500 935 1563 962 erga
1579 927 1669 954 omnia
1695 927 1722 954 in
1741 934 1802 953 out-

1020 976 1098 1003 nibus
1114 975 1250 1010 expandit,
1264 974 1430 1010 singulisque
1443 979 1471 1001 ct
1484 973 1608 1000 omnibus
1623 972 1701 1000 simul
1721 973 1802 1000 vitam

1021 1021 1127 1054 tribuit;
1148 1022 1237 1048 omnia
1253 1021 1368 1055 denique
1390 1019 1531 1047 continens
1550 1027 1565 1046 a
1585 1018 1658 1045 ttullo
1677 1017 1802 1045 contine-

1020 1071 1073 1099 tur,
1086 1066 1133 1093 sed
1149 1066 1174 1092 in
1193 1065 1249 1092 solo
1264 1073 1313 1092 suo
1329 1065 1408 1092 Patre
1423 1069 1494 1091 totus
1507 1071 1554 1098 per
1572 1063 1662 1090 omnia
1675 1062 1802 1090 exsistit:

1020 1112 1061 1140 sic
1081 1112 1161 1140 etiam
1183 1111 1209 1138 itt
1228 1112 1347 1138 humano
1369 1117 1484 1146 corpore
1499 1109 1642 1142 exsisleus,
1664 1108 1742 1142 eique
1763 1109 1804 1134 vi—

1021 1162 1075 1184 tatu
1093 1157 1221 1188 tribuens,
1237 1157 1317 1184 rebus
1331 1163 1438 1191 quoque
1452 1155 1587 1182 universis
1599 1161 1681 1182 causa
1696 1152 1802 1181 vivendi

1020 1210 1090 1238 erat,
1105 1212 1136 1231 ac
1156 1204 1267 1239 proinde
1280 1203 1306 1230 itt
1321 1203 1447 1230 omnibus
1463 1201 1543 1229 rebus
1562 1201 1664 1232 aderat,
1685 1205 1712 1228 et
1726 1206 1802 1227 extra

1022 1258 1065 1278 res
1079 1257 1172 1277 omnes
1186 1254 1265 1277 erat:
1282 1256 1399 1283 cumque
1413 1256 1445 1276 ex
1466 1248 1508 1275 Itis
1530 1255 1590 1282 qua:
1607 1247 1729 1281 corporis
1750 1246 1803 1273 mi-

1022 1295 1132 1322 nisterio
1150 1295 1246 1330 agebat
1260 1299 1339 1322 notus
1355 1294 1442 1325 lieret.
1454 1301 1487 1321 ex
1502 1299 1603 1320 natura-
1623 1300 1729 1327 quoque
1743 1291 1805 1319 effe-

1021 1343 1109 1369 ctibus
1129 1349 1296 1376 nequaquam
1314 1341 1444 1368 latitabat.
1460 1340 1553 1375 Itaque
1575 1340 1672 1367 anima!
1693 1340 1803 1374 quidem

1020 1387 1158 1422 propriuttt
1175 1393 1272 1414 munus
1284 1390 1325 1413 est
1343 1393 1373 1412 ea
1386 1391 1538 1420 quae-extra
1556 1386 1692 1420 proprium
1706 1392 1805 1420 corpus

1021 1437 1084 1460 sunt
1104 1431 1266 1467 cogitatione
1284 1431 1472 1466 contemplari,
1488 1438 1540 1458 non
1557 1436 1644 1458 tamen
1658 1438 1739 1465 agere
1755 1438 1804 1458 ex-

1023 1482 1062 1504 tra
1082 1477 1219 1512 proprium
1234 1484 1341 1512 corpus.
1356 1476 1397 1503 vel
1411 1484 1471 1510 qua:
1484 1477 1517 1503 ab
1536 1476 1581 1503 illo
1604 1481 1706 1503 remota
1728 1482 1803 1508 sunt.

1022 1532 1070 1551 sua
1090 1523 1232 1558 praesentia
1255 1530 1371 1550 movere.
1387 1522 1480 1550 Nullus
1502 1522 1633 1556 siquidem
1659 1524 1739 1549 homo
1761 1530 1806 1550 res

1023 1575 1138 1597 remotas
1153 1569 1294 1603 cogitando
1317 1574 1406 1596 movet
1425 1574 1453 1596 et
1476 1567 1626 1595 transit-rt:
1647 1575 1733 1602 neque
1759 1568 1806 1602 qui

1021 1617 1092 1644 donti
1112 1617 1209 1644 sedens
1229 1616 1350 1644 cazlestia
1373 1616 1463 1642 animo
1478 1615 1646 1648 considerat,
1664 1614 1747 1642 solent
1765 1615 1806 1642 id-

1021 1664 1093 1691 eirco
1116 1667 1221 1696 movet,
1241 1666 1287 1689 aut
1309 1661 1406 1689 ccelum
1429 1662 1511 1688 volvit
1530 1669 1537 1687 :
1561 1661 1607 1688 sed
1631 1659 1673 1686 illa
1696 1660 1804 1695 quidem

1022 1709 1124 1736 tttoveri
1144 1714 1171 1735 et
1196 1707 1264 1735 facta
1285 1715 1346 1734 esse
1375 1706 1478 1739 cernit,
1501 1714 1552 1733 non
1579 1710 1666 1732 tamen
1693 1713 1724 1733 ea
1748 1706 1806 1740 ipse

1022 1760 1110 1790 potest
1124 1754 1239 1782 edicere.
1251 1755 1286 1780 At
1300 1761 1353 1780 non
1374 1753 1454 1780 simili
1478 1753 1557 1780 ntodo
1577 1752 1624 1780 Dei
1640 1751 1756 1779 Verbum
1778 1752 1805 1779 in

1021 1801 1128 1828 homine
1147 1805 1214 1827 erat.
1238 1799 1292 1827 Nec
1314 1799 1385 1826 enim
1415 1806 1528 1834 corpore
1560 1797 1804 1832 constringeltatur,

1021 1847 1066 1874 sed
1083 1846 1145 1874 illud
1169 1846 1258 1880 potius
1272 1846 1438 1878 continebat,
1459 1845 1497 1871 ita
1512 1849 1540 1871 ut
1558 1849 1584 1871 et
1605 1845 1632 1871 in
1654 1843 1710 1876 illo,
1728 1848 1755 1870 et
1777 1844 1804 1870 itt

995 1886 1003 1932 ἶ
1020 1893 1155 1925 omnibus,
1171 1899 1198 1920 et
1219 1898 1294 1920 extra
1319 1900 1361 1919 res
1379 1898 1474 1919 omnes
1493 1895 1580 1923 esset,
1603 1895 1683 1924 atqtte
1705 1891 1731 1917 itt
1749 1890 1806 1917 solo

1021 1940 1102 1967 Patre
1129 1939 1321 1974 requiesceret.
1345 1938 1431 1970 lliuc,
1452 1937 1523 1972 quod
1549 1937 1656 1971 quidem
1677 1943 1806 1972 perquam

1021 1987 1118 2014 mirum
1138 1990 1208 2018 crat,
1229 1989 1258 2011 ut
1279 1985 1360 2011 homo
1381 1984 1437 2018 ipse
1456 1984 1568 2017 agebat,
1590 1988 1617 2009 et
1639 1986 1668 2009 ttt
1689 1983 1807 2011 Verbutu

1021 2035 1102 2060 vitatn
1127 2031 1253 2059 omnibus
1280 2030 1378 2062 dabat,
1402 2035 1482 2063 atque
1506 2034 1535 2056 ut
1558 2029 1641 2057 Filius
1665 2037 1719 2056 una
1744 2022 1806 2056 cum

1021 2079 1101 2106 Patre
1122 2083 1191 2105 erat.
1207 2077 1283 2105 Unde
1301 2083 1387 2111 neque
1401 2075 1511 2111 Virgine
1536 2077 1656 2110 pariente
1680 2075 1737 2109 ipse
1757 2082 1806 2109 pa-

1022 2125 1148 2156 tiebatur,
1164 2130 1249 2158 neque
1264 2130 1387 2157 corpore,
1404 2122 1430 2149 in
1444 2130 1497 2157 qtto
1510 2126 1580 2153 erat,
1602 2121 1805 2155 inquittabatur.

1022 2171 1069 2198 sed
1085 2170 1174 2204 potius
1190 2176 1288 2204 corpus
1310 2173 1433 2197 sanctuttt
1455 2167 1598 2195 eﬂiciebat.
1622 2166 1712 2200 Neque
1733 2166 1806 2192 enim

1024 2224 1084 2243 curn
1101 2216 1126 2242 itt
1142 2215 1268 2242 otnnibus
1282 2214 1398 2247 exsistit,
1411 2213 1465 2248 50
1479 2213 1598 2240 omnium
1617 2212 1647 2239 lit
1661 2211 1806 2246 particeps,

1024 2261 1070 2289 sed
1086 2261 1174 2296 potius
1188 2260 1278 2287 omnia
1300 2260 1358 2293 ejus
1376 2258 1508 2286 benelicio
1527 2257 1620 2284 vivunt
1640 2261 1667 2284 et
1686 2256 1808 2283 nutriun-

1025 2313 1078 2335 tur.
1098 2306 1165 2333 Nam
1188 2306 1209 2333 si
1231 2306 1282 2337 sol,
1295 2313 1374 2339 quem
1394 2304 1437 2332 ille
1455 2304 1517 2331 fecit
1531 2307 1558 2330 et
1571 2310 1619 2329 nos
1636 2307 1806 2332 contuemur.

1024 2355 1086 2380 dum
1098 2354 1123 2380 in
1136 2353 1206 2380 cmlo
1219 2352 1346 2381 volvitur,
1360 2350 1497 2377 terrestria
1514 2355 1630 2383 corpora
1649 2347 1808 2382 attingenda

1018 2407 1070 2426 non
1092 2398 1254 2429 maculatur,
1270 2404 1319 2424 nec
1334 2395 1455 2423 tenebris
1469 2396 1641 2426 obscuratur,
1655 2393 1701 2420 sed
1718 2393 1808 2428 potius

1017 2449 1115 2473 cuncta
1138 2445 1195 2479 ipse
1211 2443 1346 2469 illuminat
1361 2446 1390 2469 et
1405 2445 1520 2476 purgat:
1537 2440 1623 2467 multo
1637 2439 1724 2474 magis
1749 2446 1809 2465 san-

1017 2491 1165 2519 ctissimutu
1188 2490 1233 2516 Dei
1254 2489 1382 2521 Verbum,
1400 2487 1466 2514 solis
1487 2485 1599 2514 effector
1622 2491 1649 2513 et
1671 2485 1808 2516 dominus.

1019 2545 1079 2564 cum
1097 2543 1126 2563 se
1143 2536 1170 2562 itt
1188 2542 1302 2568 corpore
1326 2534 1540 2569 cognoscendum
1565 2533 1720 2567 praebebat,
1745 2531 1809 2558 inde

1020 2590 1073 2609 ttott
1087 2580 1297 2615 iuquinabatur:
1314 2580 1359 2606 sed
1378 2579 1468 2613 potius
1486 2578 1542 2613 ipse
1561 2576 1744 2611 corruptionis
1760 2583 1808 2603 ex-

1020 2635 1091 2662 pers,
1106 2627 1211 2660 corpori
1233 2626 1339 2653 mortali
1362 2626 1443 2651 vitam
1464 2629 1491 2651 et
1508 2623 1666 2650 munditiam
1681 2622 1803 2649 confere-

1021 2672 1076 2703 bat,
1090 2672 1133 2706 qui
1147 2678 1290 2706 peccalttm,
1307 2671 1402 2705 inquit,
1418 2679 1469 2698 non
1486 2670 1558 2704 fecit,
1577 2677 1622 2696 nec
1637 2669 1756 2696 int-emus
1771 2673 1809 2695 est

1020 2719 1095 2745 dolus
1111 2719 1138 2745 in
1153 2726 1197 2745 ore
1216 2718 1271 2752 ejus
1283 2718 1316 2744 “.

1058 2821 1114 2857 (l9)
1133 2819 1251 2857 SieSgg.»
1274 2823 1299 2845 et
1314 2827 1357 2846 aut
1377 2825 1440 2846 mss.
1460 2822 1558 2852 praeter
1578 2816 1658 2843 Basu.
1677 2821 1722 2849 qut
1741 2812 1809 2844 ὅλως

1021 2855 1112 2885 habet.
1135 2856 1215 2888 Edili,
1230 2855 1300 2882 ὅλον.
