2037 3044
183 156 234 185 £23

683 153 809 182 OliATiO
828 155 870 182 DE
892 153 1145 182 INCARNATIONE
1162 153 1264 183 VERBI

1736 155 1786 183 ιδι

186 215 262 246 τίαν,
275 214 322 240 καὶ
332 214 364 241 τὸ
374 214 482 248 θνητὸν
493 214 578 241 τοῦτο
589 213 771 242 ἐνδύσασθαι
783 214 959 241 ἀθανασίαν.

1014 214 1061 240 bile
1081 214 1128 240 hoc
1145 214 1252 240 induere
1265 212 1481 246 incorruptionem
1496 220 1504 239 :
1518 216 1541 239 et
1556 211 1664 239 mortale
1679 213 1726 239 hoc
1743 213 1786 240 iu-

182 253 273 286 ’Ὁταν
281 259 315 284 δὲ
327 259 358 285 τὸ
370 259 498 293 φθαρτὸν
511 258 597 285 τοῦτο
610 258 770 292 ἐνδύσηται
780 259 959 292 ἀφθαρσίαν,

182 303 230 331 καὶ
244 304 300 338 (55)
316 303 349 330 τὸ
366 303 479 338 θνητὸν
494 303 580 329 τοῦτο
603 302 763 335 ἐνδύσηται
781 302 959 333 ἀθανασίαν,

179 351 247 381 τότε
262 349 418 386 γενήσεται
435 351 451 376 ὁ
467 350 556 383 λόγος
573 350 588 376 ὀ
608 348 819 384 γεγραμμένος·
834 348 962 374 Κατεπό-

180 395 217 429 θη
243 397 259 422 ὀ
290 394 415 427 θάνατος
440 396 482 427 εις
503 394 597 427 νῖκος·
616 394 674 421 ποῦ
693 402 760 425 σου,
792 393 908 425 θάνατε,
929 393 962 420 τὸ

173 440 320 474 κέντρον;
335 441 394 468 ποῦ
410 447 478 472 σου,
494 440 561 474 ᾷδη,
577 440 610 466 τὸ
625 440 726 473 νῖκος;
749 439 797 466 Διὰ
811 439 837 466 τί
854 437 909 471 οὖν,
930 439 963 466 ἄν

177 492 222 517 τις
235 486 314 517 εἴποι,
326 487 403 520 εἴπερ
415 486 560 520 ἀναγκαῖον
575 483 607 520 ἦν
619 486 678 512 ἀντὶ
695 485 802 511 πάντων
813 484 892 511 αὑτὸν
908 493 960 511 πα·

184 532 306 567 ραδοῦναι
331 532 362 558 τὸ
382 532 461 568 σῶμα
481 532 596 567 Θανάτῳ,
621 533 670 567 οὐχ
691 532 746 566 (56)
770 532 807 563 ὡς
822 531 962 567 ἄνθρωπος

183 577 254 609 ἰδίως
266 578 380 605 ἀπέθετο
393 577 480 608 τοῦτο,
496 577 563 604 ἀλλὰ
582 578 628 604 καὶ
651 578 729 613 μέχρι
744 577 791 604 τοῦ
805 577 962 613 σταυρωῦῆ-

181 632 225 649 ναι
243 623 394 659 παρῆλθενς
416 624 544 659 Ὲντιμως
557 623 612 658 γὰρ
627 623 723 658 μᾶλλον
735 623 851 658 ἔπρεπεν
865 622 963 649 ἁποοέυ

184 670 244 696 σθαι
257 670 286 696 τὸ
299 669 386 705 σῶμα,
398 670 469 705 ἥπερ
482 669 539 705 μεθ’
555 669 657 706 ὕϐρεως
667 669 711 696 τὸν
721 669 839 696 τοιοῦτον
850 668 962 696 Θάνατον

183 716 334 750 ὑπομεῖναι.
356 715 411 742 Θέα
423 716 454 751 δὴ
471 715 550 742 πάλιν
567 717 591 742 εἰ
607 716 644 752 μὴ
663 717 680 750 ἡ
700 715 809 751 τοιαύτη
830 715 963 747 ἀντίθεσις

182 761 255 787 ἐστιν
271 761 440 797 ἀνθρωπίνην
462 762 491 788 τὸ
508 762 534 788 δὲ
552 762 603 788 ὑπὸ
619 762 665 788 τοῦ
683 762 806 797 Σωτῆρος
819 762 963 796 γενόμενον

183 807 252 833 θεῖον
268 807 373 842 ἀληθῶς
389 807 436 833 καὶ
447 807 519 839 ἄξιον
536 807 583 842 τῆς
600 807 680 834 αὐτοῦ
697 808 820 842 θεότητος
837 807 880 834 διὰ
900 807 963 833 πολ-

182 852 225 879 λά.
252 852 360 888 Πρῶτον
387 852 444 887 μὲν,
473 853 514 879 ὅτι
530 853 544 879 ὁ
562 853 715 888 συμϐαίνων
733 855 788 885 τοῖς
809 853 961 888 ἀνθρώποις

184 897 296 928 Θάνατος
323 898 391 924 κατὰ
411 898 550 925 ἀσθένειαν
573 899 622 934 τῆς
634 899 724 926 αὐτῶν
741 898 847 932 φύσεως
871 899 961 930 αὐτοῖς
978 885 997 914 Β

184 944 379 978 παραγίνεται·
394 945 424 970 οὺ
448 944 589 979 δυνάμενοι
609 945 662 980 γὰρ
673 944 718 970 ἐπὶ
734 944 799 970 πολὺ
817 943 961 979 διαμένειν,

181 990 221 1024 τῷ
237 990 324 1025 χρόνῳ
335 990 495 1017 διαλύονται.
519 990 568 1017 Διὰ
581 990 660 1017 τοῦτο
679 991 733 1026 γὰρ
750 991 796 1017 καὶ
815 991 887 1017 νόσοι
900 990 963 1016 τού-

183 1045 239 1067 τοις
264 1036 450 1071 συμὸςιξνουσι,
472 1037 518 1063 καὶ
532 1036 758 1072 ὲξασθενήσαντες
776 1036 964 1071 ἀποθνήσκου-

185 1089 236 1108 σιν.
259 1082 338 1119 Ὁῖδξ
346 1082 446 1119 Κύριος
464 1082 512 1108 οὐκ
530 1081 962 1119 ἀσῇνῂωῶλᾴὲεωαμις,

183 1117 686 1197 κωρῃέωή.
699 1128 729 1153 Et
745 1127 793 1161 μὲν
806 1117 964 1163 οὖῆῖὲεᾳ

184 1180 247 1197 που.
265 1172 311 1197 καὶ
333 1171 403 1197 κατὰ
418 1171 466 1197 τὴν
480 1172 543 1197 συνή
556 1169 619 1197 θειαν
633 1168 685 1197 τῦἷμ
702 1171 850 1197 ἀνθρώπων
864 1172 963 1197 ἀπειθέ-

184 1180 247 1204 mu,
265 1172 311 1198 καὶ
333 1171 403 1207 κατὰ
418 1171 466 1206 τὴν
480 1168 619 1207 συνῆσειαν
633 1168 685 1198 ὢν
702 1171 850 1207 ἀνθρώπιον
864 1172 963 1199 ἀποθέ-

186 1181 247 1204 mu,
265 1181 311 1198 και
333 1181 403 1198 κατα
418 1181 466 1206 την
480 1181 619 1207 συνηυειαν
633 1181 685 1198 των
702 1181 749 1198 ανυ
769 1181 850 1212 tit-Law
864 1181 963 1199 απουε-

186 1227 264 1253 μενος
280 1218 310 1244 τὺ
322 1181 788 1254 commit
802 1219 881 1250 αὐτὸς
894 1218 964 1245 κατὰ

184 1263 233 1299 τὴν
250 1262 421 1303 τῇἑφύσεως
444 1262 795 1303 ἀσθέωοπαθὼν,
821 1264 868 1290 καὶ
884 1264 964 1303 Enati;

185 1308 253 1335 ἔνων
268 1307 410 1334 eameam
421 1307 505 1334 ἄλλων
519 1307 683 1335 ἀνθρώπων)
696 1307 745 1335 EE:

184 1352 477 1397 ἦνμωωῦᾗῂ
496 1353 753 1397 xwfﬁmp
766 1355 873 1380 πάντων
887 1353 963 1388 γενέ-

185 1400 246 1435 σραι
261 1392 452 1426 Θάνατονῗδιὰ
463 1398 540 1425 τοῦτο
554 1399 591 1431 ὡς
601 1392 912 1435 Ῑιὲἷξώῖᾗΐδῖῖκῖῐμις
927 1399 964 1426 ὢν

185 1445 327 1480 συνίσχυεν
340 1446 368 1471 ὲν
386 1444 460 1479 αὐτῷ
475 1445 504 1471 τὸ
518 1445 610 1480 σῶμα·
626 1445 663 1476 ὡς
678 1445 705 1471 δὲ
725 1445 876 1479 ὀφείλοντος
889 1445 965 1479 γενέ-

185 1491 245 1517 σθαι
270 1490 316 1517 τοῦ
343 1490 467 1522 θανάτου,
491 1490 540 1525 οὐχ
569 1490 665 1526 ἑαυτῷ,
694 1490 760 1517 ἀλλᾷ
784 1491 848 1526 παρ’
866 1491 964 1526 ἐτέρων

183 1536 317 1572 ἐλάμϐανε
331 1537 380 1571 τὴν
397 1536 530 1571 πρόφασιν
554 1536 844 1572 comm
851 1536 944 1569 egerim;
955 1545 962 1552 θ

183 1582 244 1608 ἐπεὶ
257 1582 322 1617 μηδὲ
335 1583 421 1608 νοσεῖν
436 1581 488 1607 ἔδει
500 1580 544 1607 τὸν
557 1580 668 1616 Κύριον,
684 1581 728 1607 τὸν
742 1580 795 1606 τῶν
809 1580 896 1607 ἄλλων
913 1581 961 1613 τὰς

184 1628 276 1659 νόσους
286 1627 478 1663 θεραπεύοντα.
497 1626 565 1652 Ἀλλ’
578 1626 636 1653 οὐδὲ
651 1626 826 1660 ὲξασθενῆσαι
842 1626 894 1653 ἔδει
911 1627 962 1653 πά-

184 1673 226 1700 λιν
236 1674 265 1700 τὺ
280 1673 369 1709 σῶμα.
386 1674 414 1699 ὲν
429 1670 450 1707 ᾧ
463 1673 567 1704 καὶτὰς
582 1672 635 1699 τῶν
645 1672 730 1699 ἄλλων
743 1672 881 1704 ἀσθενείας
893 1673 963 1707 ισχυ-

187 1720 299 1756 ροποίει.
317 1719 366 1746 Διὰ
379 1719 404 1746 τί
419 1718 465 1746 οὖν
479 1719 525 1745 καὶ
537 1718 582 1745 τὸν
595 1718 707 1745 θάνατον
717 1717 809 1754 ὥσπερ
822 1719 868 1744 καὶ
881 1718 910 1744 τὸ
921 1727 962 1744 νο-

185 1767 240 1792 σεῖν
251 1765 300 1792 οὐκ
313 1764 445 1792 ἐκώλυσεν
456 1774 463 1797 ;
480 1765 540 1790 Ὅτι
554 1763 597 1791 διὰ
607 1763 684 1790 τοῦτο
697 1763 751 1798 (57)
763 1763 823 1798 ἔσχε
835 1763 865 1790 τὸ
873 1763 961 1798 σῶμα,

185 1812 231 1838 καὶ
247 1811 369 1846 ἀπρεπὲς
384 1808 419 1846 ἦν
431 1809 560 1842 κωλῦσαι,
585 1809 628 1836 ἵνα
654 1809 691 1844 μὴ
712 1809 758 1835 καὶ
780 1810 796 1843 ἠ
816 1808 962 1840 ἀνάστασις

185 1857 344 1892 ὲμποδισθῇ.
363 1855 572 1892 Προηγήσασθαι
591 1855 680 1890 μέντοι
696 1854 743 1880 τοῦ
760 1853 872 1881 Θανάτου
887 1854 962 1881 νόσον

185 1902 306 1937 ἀπρεπὲς
319 1901 398 1928 πάλιν
415 1899 459 1936 ἦν,
475 1901 519 1927 ἵνα
540 1900 576 1935 μὴ
593 1899 717 1926 ἀσθένεια
734 1899 781 1926 τοῦ
802 1900 830 1925 ὲν
851 1899 888 1934 τῷ
912 1899 962 1925 σώ-

187 1947 385 1984 ματινομισθῇ.
404 1947 459 1973 Οὐκ
471 1946 611 1972 ἐπείνασεν
627 1943 687 1978 οὗνς
709 1945 762 1971 Ναὶ
774 1945 898 1971 ἐπείνασε
919 1945 962 1971 διὰ

184 1991 215 2017 τὺ
231 1991 294 2017 ἴδιον
321 1990 368 2017 τοῦ
391 1990 530 2024 σώματος·
557 1989 613 2016 ἀλλ’
628 1989 658 2015 οὐ
674 1989 744 2024 λιμῷ
766 1989 895 2024 διεφθάρη
918 1989 963 2016 διὰ

184 2036 230 2063 τὸν
242 2036 373 2072 φοροῦντα
382 2036 447 2063 αὐτὸ
459 2035 569 2071 Κύριον.
583 2035 830 2078 Δέρτοῇξοι-εζῃαὶ
843 2035 962 2063 ἀπέθανε

185 2081 350 2124 διίζὲδπὲρ
362 2081 468 2107 πάνιων
479 2080 585 2116 λύτρον,
603 2081 659 2107 ἀλλ’
670 2081 719 2106 οὐκ
738 2078 963 2122 glossema.

192 2119 351 2166 ngam
362 2122 545 2166 'I’Tg‘mm-
563 2123 622 2162 ἐπεὶ
636 2120 800 2164 Materiae
808 2119 887 2159 τινὸς,
903 2126 960 2154 ἀλλ’

187 2164 337 2208 αὶ)ῖῆςῆ
431 2170 465 2208 ἦν
480 2172 510 2199 τὸ
523 2172 610 2207 σῶμα,

218 2207 266 2244 ΞΞ.
289 2217 357 2244 Ἀλλ’
372 2207 563 2253 ἔδειςφήσειεν
574 2218 606 2244 ἄν
618 2226 668 2250 τις,
688 2217 820 2252 κρυϐῆναι
839 2217 887 2253 τὴν
902 2218 961 2244 ὲτιι-
980 2238 1001 2266 D

189 2263 286 2298 ϐουλὴν
302 2263 355 2290 τῶν
380 2263 520 2295 Ἰουδαίων,
537 2263 580 2289 ἵνα
598 2262 708 2289 καθόλου
730 2263 759 2289 τὸ
775 2262 869 2289 ἑαυτοῦ
885 2263 964 2297 σῶμα

185 2309 317 2336 ἀθάνατον
327 2309 485 2345 διαφυλάξῃ.
503 2308 634 2335 ’Λκουέτω
645 2308 676 2343 δὴ
690 2309 705 2334 ὁ
718 2308 844 2340 τοιοῦτος,
862 2309 902 2335 ὅτι
919 2309 964 2335 καὶ

185 2356 262 2382 τοῦτο
273 2356 394 2390 ἀπρεπὲς
413 2353 447 2390 ἦν
461 2354 498 2390 τῷ
511 2355 612 2390 Κυρίῳ.
630 2354 673 2386 Ὡς
687 2354 740 2390 γὰρ
754 2354 803 2380 οὐκ
814 2355 915 2390 ἔπρεπε
925 2354 964 2390 τῷ

184 2401 232 2428 τοῦ
245 2401 299 2438 (58)
309 2400 375 2428 Θεοῦ
393 2401 480 2435 Λόγῳ,
494 2400 548 2435 ζωῇ
561 2400 627 2432 δντι,
639 2399 678 2434 τῷ
691 2398 795 2433 σώματι
811 2399 906 2426 ἑαυτοῦ
917 2399 963 2426 Θά-

185 2455 262 2473 νατον
279 2447 342 2481 παρ’
360 2446 454 2472 ἑαυτοῦ
473 2444 580 2475 διδόναι,
597 2444 680 2475 οὕτως
696 2445 744 2479 οὐχ
762 2444 880 2480 ἥρμοζεν
901 2445 962 2471 οὐδὲ

184 2493 229 2519 τὺν
242 2493 304 2528 παρ’
320 2492 418 2527 ἐτέρων
430 2491 564 2526 διδόμενον
579 2490 700 2525 φεύγειν·
716 2489 782 2516 ἀλλὰ
799 2490 846 2516 καὶ
863 2490 961 2526 μᾶλλον

184 2539 291 2566 διώκειν
304 2537 384 2564 αὑτὸν
401 2537 440 2568 εἰς
454 2536 601 2571 ἀναίρεσιν.
614 2535 692 2562 Ὅθεν
706 2535 817 2566 εἰκότως
828 2534 888 2562 οὕτε
900 2536 962 2562 ἑαυ-

689 1083 773 1091 «ςιη

699 1272 795 1305 παυυᾳν,
821 1272 868 1290 χαι
884 1272 964 1303 εῃοεν

699 1305 967 1346 ῖπῖιδῂαέρω

977 1562 999 1592 C

221 2595 242 2611 "’
260 2594 268 2621 l
283 2595 345 2622 Cor.
358 2602 402 2626 xv,
416 2593 513 2620 55—55.

220 2642 276 2679 (55)
291 2642 371 2669 Basil.
392 2640 754 2679 GoblerjanaFelclfmanui‘
778 2647 907 2679 anonym.
931 2646 958 2668 et

185 2674 248 2712 See.
269 2674 397 2704 omittunt
417 2676 448 2702 τὸ
464 2675 580 2712 φθαριὺν
597 2675 674 2712 ⁸ιςοῠτο
698 2674 959 2712 ἐνδύσηταίὰφοαρ-

185 2709 255 2745 σίεῐν,
267 2712 323 2744 και,
336 2719 385 2738 nec
397 2709 525 2745 legerunt
535 2711 640 2738 Otnnib.
655 2715 681 2738 et
692 2711 812 2737 Ambros.
826 2709 957 2742 Catuald.,

184 2755 234 2775 nec
250 2748 312 2774 item
326 2748 405 2773 habet
417 2745 528 2780 Vulgata
541 2745 628 2772 versio
646 2754 652 2771 :
668 2745 712 2771 alii
726 2752 795 2780 vero?
809 2745 906 2771 habent
932 2750 960 2771 ut

184 2789 212 2810 et
227 2782 334 2809 Graecus
345 2782 489 2816 Scriptura;
504 2785 599 2816 textus.
615 2780 738 2816 Ibidequ
753 2779 802 2816 ποῦ
817 2788 862 2805 σου
870 2800 879 2816 Δ,
895 2779 955 2816 ᾄδη,

184 2818 215 2844 τὺ
233 2818 317 2850 νῖκος;
329 2813 424 2844 desunt
438 2816 464 2842 in
473 2815 646 2850 Segueriano,
661 2813 810 2849 Basiliensi,
825 2819 851 2842 et
862 2813 956 2851 Angli-

186 2860 266 2885 cano,
282 2859 330 2880 nec
345 2851 465 2886 legerunt
476 2852 556 2879 iidem
573 2850 744 2885 interpretes.

1011 259 1089 285 duere
1114 258 1346 285 immortalitatem.
1361 257 1426 284 Cum
1449 262 1534 284 autem
1554 258 1663 285 mortale
1674 258 1721 284 hoc
1744 259 1787 284 in-

1011 305 1095 330 duerit
1110 303 1345 335 immortalitatem,
1366 308 1389 329 et
1413 302 1578 336 corruptibrle
1600 303 1647 330 ltoc
1673 303 1787 330 induerit

1011 349 1240 383 incorruptionem,
1266 355 1328 376 tunc
1350 349 1393 382 ﬁet
1415 356 1508 380 sermo,
1532 349 1576 382 qui
1598 349 1707 382 scriptus
1731 353 1787 375 eu:

1013 395 1138 429 Absorpta
1150 400 1186 422 est
1205 402 1272 421 mors
1288 395 1314 420 in
1328 395 1434 421 victoria
1447 403 1456 420 ;
1471 394 1513 421 ubi
1531 399 1577 426 est,
1594 402 1672 427 more,
1697 395 1788 420 stimu-

1012 441 1052 468 lus
1073 442 1154 468 tuus?
1179 440 1228 467 Ubi
1244 446 1298 473 tua,
1320 440 1435 475 inferne,
1455 441 1561 467 uictoria
1574 439 1679 468 ‘7?Sed
1691 441 1789 469 dixerit

1013 487 1110 521 aliquis
1126 494 1132 511 :
1147 487 1173 513 Si
1193 486 1273 521 igitur
1293 493 1403 513 necesse
1425 491 1484 512 erat
1515 486 1586 512 illum
1605 493 1652 521 pro
1665 486 1788 513 omnibus

1013 540 1110 567 corpus
1122 539 1198 559 suum
1215 531 1295 559 morti
1312 531 1426 564 tradere,
1442 539 1490 558 cur
1515 539 1567 558 non
1583 537 1613 558 ut
1626 532 1785 560 homo-illud

1013 578 1137 613 privatim
1152 577 1283 612 deposuit,
1298 578 1343 605 sed
1355 577 1426 604 cruci
1443 576 1536 604 adixus
1548 577 1606 604 est?
1620 577 1703 612 Magis
1715 577 1786 604 enim

1012 632 1074 651 eum
1089 624 1203 651 decebat
1217 631 1314 659 corpus
1339 631 1399 650 cum
1424 624 1526 651 honore
1552 622 1693 658 deponere,
1708 631 1788 658 quam

1013 670 1164 705 huiusmodi
1181 674 1294 697 mortem
1309 677 1370 697 cum
1386 669 1530 705 ignominia
1546 671 1609 704 pati.
1621 669 1717 696 Verum
1733 669 1788 703 hic,

1014 724 1115 752 quaso,
1129 717 1269 744 considera
1285 724 1319 743 an
1333 723 1385 743 non
1399 715 1456 742 haec
1471 715 1586 749 objectio
1602 722 1674 742 mere
1685 714 1719 742 sit
1735 715 1786 742 hu-

1014 769 1102 789 mana.
1127 761 1202 795 Quod
1229 766 1317 788 autem
1336 769 1350 788 a
1368 761 1507 788 Salvatore
1527 761 1626 787 factum
1651 765 1702 792 est,
1722 768 1786 788 vere

1013 807 1133 834 divinum
1146 811 1186 834 est
1198 807 1310 842 ejusque
1338 806 1476 833 divinitate
1489 805 1580 833 multis
1592 806 1625 833 de
1638 805 1727 833 causis
1740 806 1766 833 di
1775 820 1782 826 -

1014 858 1107 885 gnum.
1120 851 1220 884 Primo,
1235 859 1315 884 mors,
1328 859 1380 885 qua
1394 851 1514 878 homines
1531 851 1674 882 intereuut,
1691 850 1743 878 illis
1755 858 1788 878 ex

1011 904 1105 924 eorum
1119 902 1219 924 natura-
1232 896 1388 924 inﬁrmitate
1403 897 1527 924 advenit:
1542 895 1673 931 siquidem
1689 896 1789 924 idcirco

1013 947 1130 977 tempore
1158 943 1312 977 dispereunt
1329 963 1336 974 ,
1363 943 1435 977 quod
1462 942 1506 969 diu
1542 942 1685 977 persistere
1735 949 1787 969 non

1012 993 1121 1023 queant.
1137 987 1206 1016 Hinc
1220 989 1246 1015 in
1272 988 1379 1015 morbos
1402 987 1534 1019 incidunt,
1550 987 1668 1022 factique
1689 987 1789 1014 inﬁrmi

1013 1035 1172 1062 moriuntur.
1188 1033 1224 1060 At
1242 1034 1368 1062 Dominus
1379 1042 1431 1060 non
1448 1034 1581 1066 inﬁrmus,
1597 1034 1644 1061 sed
1668 1033 1714 1061 Dei
1733 1033 1789 1060 vir-

1012 1083 1102 1112 tus,et
1118 1079 1162 1106 Dei
1178 1077 1293 1106 Verbum
1318 1078 1431 1113 ipsaque
1446 1079 1500 1105 vita
1515 1083 1565 1106 est.
1579 1078 1608 1106 Si
1622 1085 1685 1113 ergo
1699 1079 1789 1113 priva-

1013 1126 1059 1152 tim
1082 1131 1109 1153 et
1131 1130 1259 1153 consueto
1278 1132 1353 1152 more
1374 1124 1510 1158 corpusin
1524 1124 1593 1152 lecto
1609 1124 1788 1159 deposuisset,

1013 1170 1039 1198 id
1052 1169 1090 1197 illi
1107 1177 1138 1197 ex
1152 1175 1254 1197 natura:
1268 1169 1424 1196 inﬁrmitate
1438 1169 1579 1203 accidisse,
1595 1170 1715 1204 nihilque
1728 1177 1786 1196 ant-

1013 1216 1081 1251 plius
1095 1215 1155 1242 aliis
1169 1215 1324 1242 hominibus
1338 1215 1465 1243 habuisse
1483 1221 1633 1251 putaretur.
1647 1215 1715 1249 Quia
1727 1223 1790 1243 vero

1013 1265 1040 1288 ct
1053 1261 1106 1288 vita
1121 1265 1147 1288 et
1163 1261 1277 1288 Verbum
1290 1260 1337 1288 Dei
1348 1265 1418 1294 erat,
1435 1266 1463 1288 et
1478 1266 1591 1289 mortem
1606 1269 1654 1296 pro
1669 1261 1720 1297 53
1733 1269 1790 1289 om-

1013 1307 1092 1335 nibus
1105 1307 1204 1342 suscipi
1222 1314 1332 1335 nccesse
1353 1312 1432 1335 erat:
1449 1315 1480 1334 ea
1501 1308 1534 1335 de
1561 1316 1640 1337 causa
1656 1314 1789 1343 quatenus

1013 1353 1068 1380 vita
1096 1358 1123 1381 et
1146 1354 1232 1380 virtus
1253 1357 1305 1386 est,
1327 1354 1352 1380 in
1375 1354 1463 1389 seipso
1494 1361 1591 1389 corpus
1621 1355 1786 1382 roborahat:

1014 1403 1145 1433 quatenus
1168 1406 1232 1426 vero
1249 1406 1321 1426 mors
1346 1399 1484 1427 subeunda
1502 1405 1570 1432 erat,
1595 1407 1648 1427 non
1665 1407 1680 1427 ιι
1701 1400 1790 1435 seipso

1014 1444 1060 1472 sed
1076 1444 1110 1471 ab
1126 1443 1185 1472 aliis
1201 1444 1360 1472 sacriﬁcium
1389 1444 1543 1479 perﬁciendi
1573 1446 1645 1480 cepit
1671 1445 1791 1473 occasio-

1014 1497 1086 1517 nem.
1105 1489 1197 1524 Neque
1213 1490 1284 1517 enim
1298 1497 1346 1524 par
1360 1495 1420 1517 erat
1441 1491 1595 1524 Dominutn,
1612 1491 1658 1526 qui
1675 1491 1790 1518 aliorum

1016 1536 1125 1563 morbos
1149 1535 1272 1569 curabat,
1295 1536 1389 1563 morbo
1405 1536 1493 1571 ipsum
1513 1536 1624 1570 corripi.
1639 1535 1694 1563 Nec
1708 1536 1788 1563 etiam

1015 1582 1143 1609 inﬁrmari
1166 1581 1258 1610 debuit
1285 1590 1390 1617 corpus,
1414 1583 1441 1610 in
1465 1590 1519 1617 quo
1537 1582 1651 1610 aliorum
1676 1583 1790 1609 sanabat

1015 1627 1192 1655 inﬁrmitates.
1209 1627 1297 1661 Quare
1320 1629 1401 1664 igitur
1415 1637 1467 1656 non
1493 1633 1608 1656 mortem
1624 1633 1652 1655 ut
1666 1627 1789 1656 morbum

1014 1673 1172 1708 impedivit?
1201 1673 1267 1707 Quia
1297 1681 1393 1710 nempe
1419 1679 1527 1710 propter
1557 1679 1671 1702 mortem
1693 1681 1791 1708 corpus

1015 1719 1117 1753 habuit,
1130 1727 1179 1748 nec
1193 1727 1252 1748 eam
1268 1721 1342 1748 illum
1354 1729 1369 1748 a
1382 1728 1411 1749 se
1426 1728 1517 1748 arcere
1540 1721 1639 1754 decuit,
1655 1728 1688 1748 ne
1702 1721 1727 1748 id
1745 1729 1789 1748 re-

1015 1766 1173 1793 surrectioni
1186 1772 1257 1794 esset
1270 1767 1498 1801 impedimentum.
1522 1767 1654 1794 Similiter
1666 1767 1788 1795 morbum

1015 1811 1094 1838 morti
1111 1812 1207 1846 praeire
1221 1812 1376 1839 indecorum
1391 1816 1459 1844 erat,
1475 1819 1508 1839 ne
1524 1812 1595 1839 istud
1610 1812 1682 1840 illius
1696 1812 1741 1846 qui
1763 1812 1790 1838 in

1016 1865 1128 1892 corpore
1143 1863 1202 1885 erat
1223 1857 1372 1885 inﬁrmitati
1390 1857 1581 1885 ascriberetur.
1599 1858 1640 1885 An
1657 1865 1710 1885 non
1724 1865 1789 1893 ergo

1016 1903 1147 1931 esurivit?
1172 1903 1210 1931 ita
1232 1911 1297 1931 sane
1322 1908 1385 1931 est:
1405 1910 1452 1938 pro
1480 1904 1603 1938 corporis
1627 1904 1792 1939 proprietate

1016 1950 1129 1977 esurivit
1145 1958 1152 1976 :
1166 1955 1193 1976 at
1210 1949 1273 1977 illud
1296 1954 1405 1984 propter
1420 1950 1574 1982 Dominum,
1588 1950 1620 1976 ad
1636 1957 1716 1984 quem
1730 1957 1793 1985 per-

1017 1994 1138 2028 tinebat,
1161 1994 1231 2022 fame
1260 2002 1312 2022 non
1345 1994 1458 2022 interiit.
1488 1994 1666 2030 Quapropter,
1685 1995 1791 2022 tametsi

1017 2046 1138 2067 mortuus
1160 2045 1202 2067 est
1220 2044 1250 2067 ut
1273 2041 1387 2075 pretium
1402 2048 1450 2076 pro
1462 2040 1588 2068 omnibus
1602 2041 1730 2074 solveret,
1751 2046 1794 2068 ta-

1015 2093 1076 2113 men
1089 2087 1287 2121 corruptionem
1299 2094 1351 2113 non
1361 2087 1438 2119 vidit,
1452 2087 1500 2114 sed
1510 2087 1615 2122 integer
1628 2087 1787 2120 resurrexit,

1015 2131 1077 2165 quia
1092 2139 1144 2159 non
1161 2132 1228 2160 alius
1243 2131 1400 2167 cujusquam
1427 2133 1475 2160 sed
1497 2132 1582 2167 ipsius
1609 2133 1670 2160 vita:
1692 2141 1791 2168 corpus

1014 2182 1082 2206 erat.

1050 2223 1094 2251 22.
1108 2223 1151 2257 Αι,
1176 2224 1273 2251 dixerit
1285 2223 1392 2259 aliquis.
1415 2223 1564 2252 Iudaeorum
1583 2229 1654 2252 certe
1680 2224 1791 2252 insidias

1017 2268 1102 2295 vitare
1122 2269 1244 2302 debebat,
1259 2274 1286 2296 ut
1301 2269 1402 2296 scilicet
1417 2276 1493 2296 suum
1512 2276 1607 2303 corpus
1620 2269 1724 2303 penitus
1740 2269 1792 2296 im-

1018 2314 1130 2341 mortale
1142 2319 1270 2342 servaret.
1290 2315 1388 2342 Verum
1403 2315 1436 2346 is,
1456 2315 1500 2348 qui
1514 2315 1571 2342 htec
1584 2314 1686 2349 objicit,
1702 2314 1794 2342 audiat

1018 2358 1044 2385 id
1063 2358 1176 2386 Domino
1191 2359 1346 2386 indecorum
1367 2358 1460 2386 fuisse.
1483 2358 1517 2386 Ut
1530 2359 1600 2386 enim
1618 2367 1670 2386 non
1681 2359 1792 2387 decebat

1018 2404 1064 2431 Dei
1082 2403 1209 2437 Verbum,
1233 2404 1304 2438 quod
1334 2404 1419 2439 ipsum
1438 2404 1492 2431 vita
1515 2407 1581 2436 erat,
1607 2409 1720 2431 mortem
1744 2411 1792 2430 suo

1018 2451 1123 2484 corpori
1138 2457 1186 2484 per
1200 2457 1229 2477 se
1242 2449 1342 2476 inferre
1359 2458 1366 2476 :
1380 2449 1414 2476 ita
1428 2455 1477 2476 nec
1490 2448 1667 2476 conveniebat
1683 2448 1715 2475 ab
1731 2448 1792 2475 aliis

1017 2495 1118 2522 illatam
1135 2495 1236 2530 fugere,
1249 2495 1295 2522 sed
1308 2495 1380 2522 illam
1399 2495 1487 2528 potius
1501 2494 1688 2522 destruendam
1701 2501 1792 2528 perse-

1016 2538 1072 2573 qui.
1090 2537 1165 2566 Unde
1189 2538 1265 2566 valde
1284 2542 1462 2573 congruenter
1490 2545 1576 2572 neque
1602 2545 1649 2573 per
1674 2538 1791 2572 seipsum

1042 2638 1096 2676 (36)
1110 2639 1280 2676 Anglicanus,
1296 2639 1326 2676 ait
1342 2638 1447 2676 povov.__
1454 2637 1535 2676 Paulo
1547 2642 1606 2676 post
1627 2637 1726 2673 μᾶλλον
1737 2639 1794 2676 _ha-

1011 2673 1074 2703 bent
1085 2673 1189 2709 Anglic.
1200 2675 1282 2702 Basil.
1299 2674 1409 2701 Gobler.
1428 2673 1546 2709 Felckm.
1568 2673 1580 2709 ι
1602 2681 1680 2701 anon.
1692 2678 1719 2700 et
1735 2673 1784 2700 Se—

1011 2717 1087 2745 guer.
1105 2707 1154 2737 Alii
1169 2717 1229 2737 cum
1242 2709 1363 2745 editione
1375 2707 1504 2735 Commel.
1522 2707 1658 2734 omittunt.

1047 2745 1101 2780 (57)
1116 2743 1423 2780 Seguerianus,7jro§jcov.

1047 2777 1103 2815 (58)
1119 2777 1164 2807 Sic
1181 2779 1285 2815 Anglic.
1306 2778 1388 2806 Basil.
1408 2777 1650 2815 Gobler.]’elckm.
1674 2777 1686 2803 1
1711 2784 1793 2815 anon.

1010 2812 1205 2854 et_Seéuerian.
1223 2812 1273 2842 Alii
1295 2821 1358 2842 vero
1373 2819 1400 2842 et
1417 2813 1500 2842 editio
1520 2812 1649 2841 Commel.
1667 2813 1795 2840 omittunt

1010 2859 1067 2877 του.
