2037 3044
255 155 307 183 155

555 154 584 181 S.
606 152 792 180 ATHANASII
808 151 883 180 OPP.
905 151 994 179 PARS
1014 151 1036 178 Ι.
1053 165 1086 171 -
1106 149 1290 177 HISTORICA
1310 148 1352 176 ET
1372 147 1579 176 DUGMATICA.

1811 146 1862 173 156

254 220 352 248 corpus
369 211 500 247 deposuit,
526 218 611 246 neque
627 218 728 243 rursus,
758 209 914 237 insidiantes
925 208 1029 235 Judms

1088 207 1118 243 τῷ
1139 207 1254 234 ἀπέθετο
1278 206 1307 232 τὸ
1331 206 1419 240 σῶμα¹
1447 203 1507 230 οὔτε
1535 203 1613 230 πάλιν
1640 202 1864 235 ἐπιϐουλεύοντας

254 258 331 294 fugit.
350 257 378 285 1d
392 264 473 292 porro
497 264 548 284 non
561 257 667 291 signum
681 261 739 283 erat
761 255 925 283 infirmitatis
939 253 1030 287 Verbi,

254 304 300 331 sed
315 303 403 338 potius
418 306 444 330 et
455 302 624 330 Servatorem
637 306 664 329 et
682 301 763 328 vitam
777 308 836 328 esse
852 301 950 327 indicio
962 304 1030 333 erat,

253 349 323 384 quod
339 354 367 376 et
380 352 495 376 mortem
513 348 546 375 ad
563 347 682 382 ejusdem
697 347 809 374 exitium
824 346 985 381 exspectari,
1005 349 1033 372 et

257 404 316 425 eam
329 395 445 423 oblatam
463 401 511 429 pro
525 393 643 421 omnium
658 393 743 420 salute
755 393 887 420 conﬁcere
899 397 926 419 et
940 391 1032 426 exple-

255 450 285 471 re
303 441 445 470 festinarit.
463 440 594 467 Praeterea
608 447 661 466 non
681 444 709 466 ut
725 445 780 466 sua:
793 439 840 466 sed
856 443 884 465 ut
895 438 1032 465 hominum

253 486 333 514 morti
347 485 426 512 ﬁnem
442 485 592 519 imponeret
606 485 678 511 venit
689 483 821 511 Salvator.
836 483 966 517 Quocirca
979 490 1032 510 non

253 531 359 567 propria
374 535 471 561 morte.
486 537 567 565 quam
584 530 681 557 nullam
697 529 800 562 habuit,
813 533 904 563 utpote
919 529 962 563 qui
977 528 1031 555 vita

253 578 309 613 ipse
323 582 393 609 erat,
407 584 505 611 corpus
531 576 662 610 deposuit,
681 575 727 603 sed
743 575 844 602 illatam
867 574 900 601 ab
914 574 1032 601 homini-

252 624 302 651 bus
315 623 443 658 suscepit,
469 627 498 650 ut
513 629 572 650 eam
595 622 629 649 ad
643 629 720 649 suum
738 628 837 655 corpus
859 619 1031 647 accedentem

251 670 359 705 penitus
373 669 546 696 interimeret.
574 667 693 702 Insuper,
722 667 779 694 haec
797 666 879 694 etiam
906 673 966 700 quae
991 673 1033 693 se-

253 719 371 750 quuntur
387 714 513 749 probant,
546 712 714 740 Dominicum
738 719 836 747 corpus
861 710 1031 739 convenienti

254 760 396 789 admodum
411 760 515 787 ratione
535 758 614 786 talem
629 762 742 785 mortem
759 758 883 785 subiisse.
911 757 1033 784 Maxime

254 806 326 833 enim
343 811 414 832 curae
437 808 497 831 erat
512 803 624 830 Domino
641 802 674 830 de
699 802 819 837 corporis
835 800 1034 828 resurrectione

254 858 334 886 quam
347 854 406 878 erat
427 848 580 877 efi‘ecturus.
603 848 629 875 ld
654 847 752 883 quippe
779 847 882 881 insigne
902 846 936 873 de
947 850 1034 873 morte

1080 254 1142 284 τοὺς
1162 252 1301 283 Ἰουδαίους
1311 251 1404 286 ἔφυγε.
1422 251 1462 285 To
1474 250 1502 280 δὲ
1513 249 1700 285 τοιούτονγούκ
1723 248 1864 286 ἀσθένειαν

1082 299 1199 339 ἐδείκνυε
1214 298 1390 338 τοῇλᾼέγουᾲ
1397 296 1471 339 ἀλλὰ
1494 295 1593 331 μᾶλλον

1081 337 1333 380 ﬂammiger
1354 337 1471 370 actia?
1480 338 1524 369 τὸν
1538 341 1651 368 θάνατον
1671 341 1710 372 είς
1726 340 1865 376 ἀναίρεσιν

1082 389 1237 425 περιέμενε,
1250 388 1297 426 κα),
1309 385 1785 423 τὸν-(Ἁδόμενον,θάνατονὴῥπκὲρντῖδ
1797 386 1866 419 πάν-

1081 444 1134 462 των
1145 433 1279 469 σωτηρίας
1290 433 1402 460 ἔσπευδε
1412 432 1564 459 τελειῶσαι.
1580 431 1635 458 Καὶ
1644 431 1730 463 ἄλλως
1739 431 1767 458 δὲ
1778 432 1808 458 οὺ
1819 431 1866 458 τὸν

1082 474 1179 508 ἑαυτοῦ
1189 470 1732 517 θάηῆἶῶζᾘῇίῇᾧῖᾶνθρῴπωχῇλθ
1736 477 1853 508 enim?)
1859 494 1866 498 -

1083 536 1127 563 σαι
1139 527 1281 564 _6_
1308 525 1369 552 ὅθεν
1393 525 1443 552 οὐκ
1463 525 1519 560 ἰδίῳ
1533 524 1639 560 θανάτῳ
1664 524 1724 559 (οὐκ
1737 521 1792 558 εἶχε
1809 523 1865 559 γὰρ

1083 570 1139 606 ζωὴ
1162 570 1210 604 ὢν)
1239 569 1380 596 ἀπετίθετο
1401 569 1431 595 τὺ
1450 569 1543 604 σῶμα,
1564 569 1632 596 ἀλλά
1650 569 1697 595 τὸν
1718 568 1792 604 παρὰ
1811 568 1865 595 τῶν

1085 616 1234 652 ἀνθρώπων
1246 616 1362 651 ἐδέχετο,
1383 616 1427 642 ἵνα
1441 616 1487 642 καὶ
1500 615 1593 642 τοῦτον
1610 615 1638 641 ὲν
1650 614 1688 650 τῷ
1702 614 1797 641 ἑαυτοῦ
1813 614 1867 640 σώ-

1087 671 1150 698 ματι
1166 662 1346 689 προσελθόντα
1359 661 1447 688 τέλεον
1464 661 1622 697 ἐξαφανίοῃ.
1640 661 1754 687 Ἔπειτα
1773 660 1818 687 καὶ
1834 661 1866 687 ὲκ

1083 707 1185 734 τούτων
1195 707 1227 734 ἄν
1240 716 1282 738 τις
1294 707 1410 741 εὐλόγως
1428 707 1477 733 ἴδοι
1493 706 1523 733 τὸ
1533 706 1652 733 τοιοῦτον
1668 706 1743 738 τέλος
1755 705 1868 741 ἐσχηκέ-

1082 763 1126 782 ναι
1148 754 1179 780 τὸ
1199 753 1330 790 κυριακὸν
1351 753 1440 789 σῶμα.
1459 752 1558 788 Ἐμελε
1582 752 1621 788 τῷ
1636 752 1731 788 Κυρίῳ
1750 751 1867 787 μάλιστα

1083 801 1146 837 περὶ
1159 798 1192 837 ἧς
1205 799 1298 836 ἔμελλε
1309 801 1395 826 ποιεῖν
1406 799 1577 831 ἀναστάσεως
1589 798 1635 825 τοῦ
1648 797 1782 833 σώματος.
1796 797 1867 824 Τοῦ-

1083 854 1114 872 το
1127 845 1180 880 γὰρ
1191 843 1226 880 ἦν
1240 845 1310 871 κατά
1324 844 1371 871 τοῦ
1385 843 1500 871 θανάτου
1517 843 1644 879 τρόπαιον
1655 842 1756 878 ταύτην
1767 841 1867 868 ἐπιδεί-

254 903 383 933 tropaeum
414 896 473 930 fuit,
500 903 559 922 eain
583 894 705 922 omnibus
723 893 861 920 videndam
893 892 1031 924 exhibere,

1088 891 1180 924 ξασθαι
1197 891 1274 924 πᾶσι,
1294 891 1341 918 καὶ
1355 890 1457 923 πάντας
1472 889 1657 916 πιστώσασθαι
1679 889 1728 924 τὴν
1742 890 1806 924 παρ“
1821 889 1869 915 αὺ-

253 950 401 978 omnesque
421 942 551 970 certiores
566 940 655 968 facere
669 947 684 966 a
696 947 725 967 se
742 939 858 966 deletam
871 938 955 966 fuisse
971 946 1033 965 cor-

257 990 419 1025 ruptionem,
435 993 462 1016 et
483 985 710 1015 immortalitatem
733 984 891 1019 corporibus
908 990 970 1011 esse
990 991 1033 1011 re-

258 1036 388 1066 stitutam,
400 1033 475 1068 cujus
485 1032 566 1060 veluti
578 1031 673 1066 pignus
683 1038 731 1058 nec
743 1038 795 1058 nou
808 1029 903 1057 futurae
914 1029 1034 1057 omnium

257 1080 464 1110 resurrectionis
492 1079 608 1112 signum,
624 1085 701 1104 suum
725 1084 824 1110 corpus
849 1076 1033 1110 incorruptum

257 1125 435 1159 conservavit.
452 1124 527 1158 Quod
540 1123 562 1150 si
575 1130 672 1158 corpus
685 1121 778 1149 morbo
791 1120 915 1148 affectum
929 1121 1034 1152 fuisset,

257 1178 284 1201 et
297 1172 414 1200 Verbum
427 1170 453 1198 in
468 1169 587 1197 omnium
599 1172 743 1203 conspectu
759 1167 792 1194 ab
809 1174 841 1194 eo
856 1166 1034 1197 discessisset,

257 1219 414 1247 lndccorum
429 1216 549 1252 profecto
564 1215 659 1242 fuisset
678 1221 751 1246 eum,
770 1213 816 1248 qui
831 1212 944 1240 aliorutn
968 1218 1036 1239 mor-

257 1265 306 1293 bus
318 1267 470 1296 curaverat,
483 1261 622 1296 proprium
648 1259 855 1287 instrumentum
880 1257 981 1286 morbis
993 1261 1035 1284 at—

257 1312 351 1340 tritum
367 1310 510 1346 negligere.
524 1307 574 1342 Qui
591 1306 662 1334 enim
677 1305 790 1333 aliorum
807 1303 979 1332 inﬁrmitates
990 1303 1036 1330 de-

212 1363 215 1365 ‘
257 1357 356 1393 pulisse
370 1356 536 1387 crederetur,
560 1353 582 1380 si
597 1353 623 1380 in
637 1359 670 1379 eo
688 1351 826 1386 proprium
850 1349 978 1384 templum
993 1349 1036 1376 in-

258 1403 364 1430 ﬁrmum
391 1399 505 1428 fuisset?
529 1399 575 1426 Vel
605 1398 676 1426 enim
709 1397 770 1425 aliis
791 1395 924 1424 irrisionis
942 1401 1036 1422 ansam

258 1447 386 1479 dedisset,
398 1451 524 1480 tanquam
535 1443 581 1478 qui
592 1445 715 1470 morbum
726 1449 779 1469 non
793 1444 882 1475 posset
892 1438 1036 1475 repellere:

257 1493 300 1520 vel
320 1492 341 1520 si
356 1491 487 1526 potuisset
512 1496 561 1516 nec
578 1488 606 1516 id
627 1487 745 1519 fecisset,
761 1492 825 1521 erga
843 1484 911 1512 alios
930 1490 1038 1518 quoque

258 1538 423 1565 inhumanus
437 1535 592 1563 haberetur.

293 1583 340 1611 25.
355 1582 384 1610 Si
399 1589 480 1616 porro
496 1580 596 1615 absque
611 1578 706 1606 morbo
725 1576 766 1604 vel
781 1575 882 1608 dolore,
900 1573 1035 1610 privatim,

259 1634 436 1663 seorsumque
452 1631 479 1654 et
496 1626 522 1653 in
548 1624 644 1660 angulo
658 1622 757 1657 aliquo,
774 1620 816 1649 vel
831 1621 858 1648 in
884 1618 1036 1651 solitudine,

260 1681 307 1704 aut
319 1673 403 1706 domi,
421 1673 478 1701 sive
489 1671 576 1700 ubivis
587 1676 685 1705 corpus
694 1667 850 1700 abdidisset,
864 1671 895 1692 ac
907 1668 967 1700 post
982 1664 1039 1691 haec

259 1722 357 1750 iterum
369 1719 459 1748 subito
473 1723 633 1752 compnrens
648 1715 766 1749 seipsum
778 1720 812 1740 ex
827 1711 939 1740 mortuis
949 1717 1039 1739 resur-

260 1768 364 1797 rexisse
384 1768 573 1795 asseverasset,
588 1761 691 1790 fabulas
702 1766 814 1788 narrare
831 1756 954 1786 omnibus
966 1760 1040 1784 certe

260 1814 335 1842 visus
347 1812 454 1844 fuisset,
472 1810 608 1844 multoque
625 1806 709 1842 magis
722 1804 794 1833 nulla
810 1804 860 1839 ipsi
872 1804 905 1831 de
919 1808 1039 1830 resurre-

261 1859 351 1888 ctione
363 1855 484 1892 loquenti
500 1855 566 1882 ﬁdes
591 1852 688 1879 fuisset
713 1850 816 1883 habita,
843 1848 950 1883 quando
962 1853 1040 1875 nemo

261 1911 374 1940 prorsus
388 1903 446 1937 ejus
461 1900 556 1929 mortis
570 1898 646 1926 testis
663 1896 802 1924 adfuisset.
824 1895 904 1929 Atqui
919 1900 1040 1922 resurre-

262 1949 344 1977 ctioni
358 1955 430 1976 mors
444 1946 539 1982 praire
553 1944 644 1975 debet,
667 1949 728 1970 cum
744 1946 828 1969 morte
839 1948 891 1967 non
906 1943 1041 1973 praeunte

262 1995 334 2023 nulla
348 1997 475 2028 sequatur
489 1989 660 2018 resurrectio.
681 1987 757 2015 Unde
774 1986 796 2013 si
814 1985 935 2013 occultus
946 1984 1040 2012 fuisset

263 2039 317 2076 54
332 2037 452 2073 corporis
482 2035 617 2066 interitus,
639 2040 706 2060 sane
730 2032 792 2067 quia
818 2038 890 2058 mors
907 2030 1038 2060 latuisset,

264 2091 352 2120 neque
362 2090 453 2112 coram
483 2081 597 2109 testibus
612 2079 685 2106 obita
696 2078 799 2109 fuisset,
814 2076 916 2104 occulta
935 2082 1041 2111 quoque

262 2139 295 2159 ac
304 2131 362 2158 sine
372 2129 483 2157 testibus
495 2126 588 2154 fuisset
597 2125 656 2160 ejus
669 2123 839 2152 resurrectio.
849 2121 947 2150 Verum
956 2122 1041 2149 enim-

263 2184 328 2205 vero
343 2182 424 2211 quam
451 2174 485 2201 ob
511 2179 619 2200 causam
643 2174 756 2197 mortem
785 2168 890 2196 occulte
914 2167 1041 2195 voluisset

263 2223 350 2255 obire,
365 2221 412 2256 qui
436 2223 574 2255 postquam
595 2215 754 2247 resurrexit,
775 2222 850 2242 suam
865 2213 1040 2241 resurrectio-
1057 2233 1079 2260 Β

263 2275 325 2295 nem
337 2266 424 2302 palam
437 2261 610 2299 praedicavit?
636 2260 683 2289 Vel
706 2267 755 2287 cur
779 2259 824 2286 ille
836 2257 891 2293 ~qui
907 2258 1042 2285 daemones

263 2320 353 2341 coram
366 2310 491 2339 omnibus
506 2307 618 2342 expulit,
645 2310 673 2334 et
689 2312 760 2333 caeco
773 2309 836 2332 nato
859 2303 942 2330 visum
962 2303 1039 2330 resti-

264 2359 324 2392 tuit,
338 2363 488 2393 aquamque
508 2355 535 2382 in
550 2354 642 2381 vinum
671 2352 795 2383 mutavit,
814 2355 842 2377 ut
869 2357 916 2384 per
936 2349 992 2376 haec
1013 2356 1043 2376 se

263 2404 380 2433 Verbum
396 2402 443 2429 Dei
457 2409 519 2430 esse
542 2400 623 2428 ﬁdem
651 2399 765 2430 faceret,
782 2398 807 2425 id
833 2397 902 2432 quod
930 2395 1043 2424 mortale

263 2455 386 2478 eratnon
401 2449 428 2476 in
454 2447 573 2475 omnium
590 2450 737 2480 conspectu
764 2445 948 2478 incorruptum
967 2442 1043 2470 exhi-

264 2497 374 2529 buisset,
388 2502 442 2530 quo
467 2494 526 2529 ipse
545 2493 600 2520 vita
622 2498 682 2519 esse
705 2487 886 2518 crederetur?
904 2487 1044 2521 Quomodo

263 2551 328 2572 vero
342 2544 401 2578 ejus
411 2541 532 2576 discipuli
546 2540 580 2568 de
592 2537 788 2567 resurrectione
802 2535 886 2562 libere
897 2533 969 2567 loqui
985 2533 1044 2560 ausi

265 2590 390 2623 fuissent,
407 2591 453 2624 qui
468 2588 542 2616 illum
564 2587 639 2623 prius
655 2589 791 2612 mortuum
817 2581 899 2608 fuisse
912 2580 1046 2607 afﬁrmare

265 2644 318 2664 non
327 2635 455 2672 possent?
466 2634 520 2662 Aut
532 2632 666 2668 quomodo
679 2630 730 2658 illis
740 2636 801 2657 eum
821 2628 895 2663 prius
910 2631 1045 2654 tnortuum

265 2671 337 2716 esse,
351 2681 449 2710 deinde
464 2679 648 2708 resurrexisse
672 2675 821 2704 dicentibus
836 2673 967 2702 creditum
979 2671 1046 2699 fuis-

267 2733 320 2762 set,
333 2728 384 2756 nisi
398 2735 446 2755 eos
457 2727 540 2762 ipsos,
554 2725 622 2760 apud
647 2731 714 2759 quos
728 2722 842 2749 ﬁdenter
857 2719 1045 2754 loquebantur,

318 2824 360 2861 ιο)
377 2826 567 2861 Seguerianus,
579 2824 696 2850 πάντων.

313 2791 360 2861 ὃθζ
371 2791 417 2819 Sic
437 2798 502 2818 mss.
520 2789 589 2817 Editi
605 2796 678 2820 vero,
694 2786 846 2822 ἀπόλειψιν.

318 2827 348 2853 ιο
377 2826 567 2861 Seguerianus,
579 2824 704 2861 πάντωνπ
821 2859 825 2861 Δ

313 2792 347 2819 59
371 2792 417 2819 Sic
437 2798 502 2818 mss.
520 2792 589 2817 Editi
605 2796 678 2820 vero,
694 2792 846 2822 ἀπόλειψιν.

303 2792 360 2890 ξιοζ
378 2826 567 2866 S_eguerianus,
579 2824 704 2862 πάντων..
927 2855 932 2860 _
948 2854 954 2860 Ι
1029 2853 1042 2859 ~

319 2861 363 2894 ιι)
373 2860 418 2888 Sic
435 2860 548 2896 chuer.
558 2865 585 2887 et
595 2859 868 2894 omncsinterpretes.
885 2854 967 2889 Edm,
979 2862 1043 2882 ναου

1081 937 1128 963 τοῦ
1138 937 1284 972 γενομένην
1298 938 1347 972 τῆς
1363 936 1464 972 φθορᾶς
1475 935 1618 970 ἀπάλειψιν
1633 934 1700 970 (59),
1715 934 1762 961 καὶ
1775 934 1868 960 λοιπὸν

1081 983 1130 1018 τὴν
1150 982 1203 1010 τῶν
1219 982 1351 1018 σωμάτων
1370 981 1534 1018 ἀφθαρσίαν,
1552 979 1586 1017 ἦς
1606 982 1687 1008 πᾶσιν
1706 980 1800 1015 ὥσπερ
1825 980 1869 1006 ὲν-

1085 1029 1180 1065 έχυρον
1203 1030 1249 1056 καὶ
1267 1028 1410 1064 γνώρισμα
1422 1029 1470 1064 τῆς
1486 1028 1531 1054 ἐπὶ
1547 1027 1650 1058 πάντας
1665 1026 1720 1062 (40)
1735 1025 1868 1061 ἐσομένης

1083 1076 1255 1108 ἀναστάσεως
1280 1077 1427 1112 τετήρηκεν
1453 1075 1588 1110 ἄφθαρτον
1611 1073 1642 1100 τὸ
1666 1072 1763 1100 ἑαυτοῦ
1777 1072 1866 1108 σῶμα.

1083 1123 1115 1150 Et
1139 1123 1188 1158 μὲν
1202 1121 1248 1149 οὖν
1264 1120 1297 1158 ἦν
1313 1123 1394 1149 πάλιν
1407 1121 1521 1156 νοσῆσαν
1533 1120 1563 1147 τὸ
1578 1120 1666 1156 σῶμα,
1685 1119 1732 1146 καὶ
1749 1119 1791 1146 ἐπ’
1806 1119 1869 1154 ὄψει

1084 1167 1191 1195 πάντων
1201 1168 1334 1199 διαλυθεὶς
1348 1168 1396 1194 ἀπ’
1407 1166 1488 1194 αὑτοῦ
1503 1168 1518 1193 ὁ
1533 1166 1630 1200 Λόγος,
1643 1165 1766 1201 ἀπρεπὲς
1775 1165 1823 1200 μὲν
1833 1163 1870 1200 ἦν

1083 1214 1129 1240 τὸν
1147 1214 1201 1241 τῶν
1218 1214 1305 1241 ἀλλων
1319 1213 1367 1245 τὰς
1381 1213 1475 1245 νόσους
1492 1211 1677 1248 θεραπεύοντα
1695 1212 1817 1247 παρορᾷν
1838 1210 1870 1237 τὸ

1085 1260 1149 1287 ἴδιον
1163 1260 1276 1295 ὄργανον
1294 1260 1323 1286 ἐν
1339 1259 1427 1290 νόσοις
1439 1258 1598 1294 τηκόμενον.
1616 1257 1678 1289 Πῶς
1697 1257 1751 1293 γὰρ
1763 1257 1795 1284 ἂν
1809 1258 1870 1284 ἐπι-

1086 1304 1184 1339 στεύθη
1202 1304 1252 1336 τὰς
1267 1304 1352 1332 ἀλλων
1371 1303 1510 1335 ἀπελάσας
1530 1302 1681 1334 ἀσθενείας,
1695 1301 1870 1333 ἀσθενοῦντος

1085 1351 1114 1377 ἐν
1127 1349 1199 1385 αὐτῷ
1223 1349 1270 1377 τοῦ
1290 1349 1354 1376 ἰδίου
1373 1349 1456 1382 ww};
1477 1349 1513 1375 Ἦ
1531 1347 1586 1384 γὰρ
1611 1347 1648 1379 ὡς
1668 1347 1698 1374 οὐ
1721 1347 1869 1382 δυνάμενος

1085 1397 1219 1425 ἀπελάσαι
1245 1396 1322 1422 νόσον
1343 1395 1493 1431 ἐγελάσθη·
1518 1395 1535 1431 ἦ
1564 1394 1721 1430 δυνάμενος,
1753 1394 1800 1421 καὶ
1829 1393 1868 1428 μὴ

1086 1442 1179 1476 ποιῶν,
1196 1442 1404 1478 ἀφιλάνθρωπος
1428 1441 1476 1468 καὶ
1499 1440 1567 1476 πρὸς
1589 1441 1651 1472 τοὺς
1663 1440 1758 1472 ἀλλους
1779 1439 1864 1474 ἐνομί

1087 1489 1160 1521 ζετο.

1123 1579 1167 1607 25.
1185 1579 1216 1605 Εἰ
1228 1578 1256 1605 δὲ
1275 1578 1320 1604 καὶ
1334 1577 1418 1613 χωρίς
1428 1584 1501 1607 τινος
1511 1575 1586 1602 νόσου
1603 1575 1660 1611 (At)
1673 1575 1721 1602 καὶ
1733 1575 1815 1610 χωρίς
1830 1584 1872 1601 τιρ

1090 1634 1134 1658 νος
1148 1624 1302 1660 ἀλγηδόνος,
1319 1623 1372 1659 ῑδία
1386 1631 1436 1650 που
1453 1623 1500 1650 καὶ
1511 1621 1571 1649 καθ’
1588 1621 1683 1648 ἑαυτὸν
1703 1621 1732 1647 ὲν
1744 1620 1839 1656 γωνίᾳ,
1852 1620 1869 1655 ἢ

1090 1671 1120 1698 ἐν
1133 1671 1228 1707 ἐρήμῳ
1241 1667 1353 1704 τόπῳ,ἢ
1369 1667 1428 1694 κατ’
1439 1667 1535 1698 οίκίαν,
1549 1666 1565 1702 ἢ
1579 1667 1645 1693 ὅπου
1659 1665 1757 1700 δήποτε
1770 1665 1801 1691 τὸ
1816 1665 1871 1692 σῶ-

1093 1724 1130 1751 μα
1154 1714 1260 1750 κρύψας
1275 1710 1320 1749 ἦν,
1338 1713 1384 1739 καὶ
1401 1711 1469 1748 μετά
1480 1711 1565 1738 ταῦτα
1576 1710 1655 1737 πάλιν
1677 1710 1805 1745 ἐξαίφνης
1819 1718 1871 1744 φα-

1091 1761 1156 1792 νεὶς,
1175 1760 1266 1794 ἔλεγεν
1291 1758 1385 1785 ἑαυτὸν
1409 1757 1442 1783 ἐκ
1461 1756 1565 1792 νεκρῶν
1583 1755 1729 1791 ἐγηγέρθαι
1742 1763 1748 1770 ·
1771 1755 1872 1790 μύθους

1093 1807 1142 1842 μὲν
1156 1806 1189 1832 ἂν
1204 1805 1275 1838 ἔδοξε
1291 1804 1381 1838 λέγειν
1392 1803 1468 1839 παρά
1481 1803 1573 1833 πᾶσιν,
1587 1800 1723 1836 ἠπιστήθη
1738 1800 1766 1826 δὲ
1783 1800 1873 1835 πολλῷ

1092 1851 1171 1878 πλέον
1198 1850 1245 1877 καὶ
1265 1849 1330 1885 περὶ
1351 1848 1402 1883 τῆς
1425 1847 1598 1878 ἀναστάσεως
1618 1846 1714 1880 λέγων,
1734 1846 1784 1872 οὐκ
1797 1845 1873 1876 am;

1092 1896 1159 1927 ὅλως
1173 1895 1219 1922 τοῦ
1235 1893 1433 1930 μαρτυροῦντος
1443 1893 1506 1928 περὶ
1521 1891 1568 1919 τοῦ
1578 1891 1693 1919 Θανάτου
1706 1889 1798 1917 αὑτοῦ.
1817 1890 1873 1925 Τῆς

1091 1941 1120 1968 δὲ
1129 1941 1301 1971 ἀναστάσεως
1313 1938 1490 1975 προηγεῖσθαι
1503 1938 1542 1965 δεῖ
1558 1937 1680 1968 θάνατον,
1694 1937 1755 1963 ἐπεὶ
1770 1936 1820 1962 οὐκ
1839 1936 1873 1962 ἂν

1092 1987 1136 2023 εἴη
1152 1987 1297 2018 ἀνάστασις
1320 1985 1356 2021 μὴ
1373 1984 1576 2020 προηγουμένου
1599 1983 1722 2010 θανάτου.
1742 1982 1823 2009 Ὅθεν
1847 1982 1873 2008 εί

1093 2033 1184 2070 κρύφα
1195 2040 1246 2058 που
1258 2032 1376 2066 ἐγεγόνει
1393 2031 1439 2058 τοῦ
1451 2030 1574 2065 σώματος
1586 2030 1601 2056 ὁ
1618 2029 1742 2060 θάνατος,
1760 2029 1791 2055 οὐ
1808 2037 1873 2062 φαι-

1093 2079 1204 2115 νομένου
1215 2078 1260 2105 τοῦ
1278 2077 1402 2110 Θανάτου,
1419 2076 1478 2103 οὐδὲ
1491 2076 1536 2102 ἐπὶ
1554 2075 1699 2111 μαρτύρων
1715 2074 1873 2109 γενομένου,

1093 2124 1198 2160 ἀφανὴς
1225 2124 1271 2151 καὶ
1288 2123 1444 2159 ἀμάρτυρος
1458 2122 1504 2150 καὶ
1522 2123 1539 2158 ἡ
1554 2121 1649 2148 τούτου
1666 2121 1823 2152 ἀνάστασις.
1838 2120 1873 2146 Ἥ

1093 2169 1137 2196 διὰ
1150 2170 1176 2196 τί
1188 2170 1237 2205 τὴν
1255 2170 1302 2205 μὲν
1319 2168 1467 2196 ἀνάστασιν
1481 2168 1628 2203 ἐκήρυττεν
1640 2166 1767 2197 ἀναστὰς,
1783 2165 1828 2192 τθιν
1845 2165 1874 2191 δὲ

1095 2215 1206 2242 θάνατον
1214 2213 1323 2248 ἀφανῶς
1340 2213 1424 2240 ἐποίει
1439 2212 1581 2247 γενέσθαι;
1597 2212 1632 2238 ’Ἡ
1642 2211 1686 2238 διά
1702 2211 1728 2237 τί
1743 2211 1806 2242 τοὺς
1823 2211 1875 2246 μὲν

1093 2260 1221 2295 δαίμονας
1235 2259 1278 2286 ἐπ’
1294 2258 1353 2293 δψει
1367 2257 1475 2284 πάντων
1488 2257 1636 2292 ἀπήλαυνε,
1651 2257 1696 2283 τόν
1708 2265 1738 2283 τε
1751 2257 1783 2283 ὲκ
1800 2264 1875 2290 γενε-

1093 2306 1143 2342 τῆς
1158 2305 1256 2339 τυφλὸν
1266 2304 1427 2332 ἀνασλέπειν
1443 2303 1538 2336 ἐποίει,
1554 2303 1601 2330 καὶ
1619 2303 1649 2329 τὸ
1662 2303 1733 2338 ὕδωρ
1752 2303 1790 2333 είς
1804 2299 1875 2328 οἶνον

1095 2352 1251 2388 μετέϐαλεν,
1264 2351 1308 2378 ἵνα
1317 2351 1350 2377 δι’
1361 2349 1451 2377 αὐτῶν
1464 2349 1594 2384 πιστευθῇ
1609 2349 1694 2383 Λόγος
1705 2347 1786 2375 Θεοῦ·
1801 2346 1832 2373 τὸ
1846 2347 1875 2372 δὲ

1094 2399 1190 2434 θνητὸν
1206 2399 1256 2425 οὑκ
1272 2397 1315 2424 ἐπ’
1329 2397 1390 2432 ὄψει
1403 2396 1510 2423 πάντων
1522 2395 1657 2430 ἄφθαρτον
1674 2394 1818 2424 ἐδείκνυεν,
1831 2393 1876 2419 ἵνα

1095 2442 1225 2478 πιστευθῇ
1240 2441 1319 2473 αὐτὸς
1339 2441 1376 2467 ὢν
1396 2442 1412 2476 ή
1430 2440 1505 2475 ζωής
1523 2439 1584 2471 Πῶς
1598 2439 1625 2466 δὲ
1642 2439 1698 2474 (42)
1715 2439 1762 2466 καὶ
1777 2439 1802 2465 οἱ
1815 2438 1877 2464 τοὺ-

1095 2497 1141 2516 του
1166 2487 1286 2523 μαθηταὶ
1304 2486 1459 2522 παρρησίαν
1472 2483 1543 2520 εἶχον
1556 2485 1619 2520 περὶ
1632 2484 1678 2511 τοῦ
1697 2485 1746 2520 τῆς
1761 2484 1877 2511 ἀναστά-

1098 2543 1166 2566 σεως
1179 2533 1268 2567 λόγου,
1287 2533 1336 2559 οὐκ
1354 2532 1460 2567 ἔχοντες
1474 2532 1571 2562 εἰπεῖν,
1588 2531 1630 2557 ὅτι
1645 2530 1751 2566 πρῶτον
1772 2530 1876 2557 ἀπέθα-

1096 2587 1157 2611 νεν;
1174 2579 1209 2605 Ἢ
1235 2578 1292 2609 πῶς
1320 2577 1353 2604 ἂν
1376 2576 1573 2611 ἐπιστεύθησαν
1595 2575 1717 2610 λέγοντες
1739 2575 1878 2610 γεγονέναι

1097 2624 1203 2660 πρῶτον
1214 2623 1336 2655 θάνατον,
1361 2620 1420 2649 εἶτα
1431 2622 1478 2659 τὴν
1491 2622 1647 2651 ἀνάστασιν,
1664 2622 1688 2648 εί
1703 2621 1740 2657 μὴ
1755 2622 1820 2656 παρ’
1837 2618 1878 2652 οἷς

1097 2669 1339 2706 ἐπαρρησιάζοντο,
1357 2667 1428 2704 εἶχον
1447 2668 1557 2700 τούτους
1575 2668 1715 2703 μάρτυρας
1735 2666 1781 2693 τοῦ
1796 2667 1877 2693 θανά-

1100 2725 1145 2742 του
1159 2724 1166 2749 ;
1193 2716 1224 2742 Εἰ
1239 2715 1292 2752 γὰρ
1307 2716 1354 2742 καὶ
1365 2715 1460 2747 οὕτως,
1477 2715 1519 2741 ἐπ’
1531 2713 1590 2750 ὄψει
1604 2713 1711 2740 πάντων
1726 2712 1879 2748 γενομένων

1098 2784 1239 2813 mendose.

1098 2819 1190 2883 tu(ita)
1204 2820 1313 2855 Seguer.
1339 2819 1367 2846 δέ
1391 2818 1434 2847 hic
1455 2817 1570 2846 inserit:
1592 2814 1637 2844 alii
1660 2820 1688 2844 et
1708 2815 1771 2843 editi
1796 2813 1879 2843 omit-

1129 2864 1137 2882 Ι
1160 2874 1167 2882 ι
