2037 3044
189 174 240 202 15⁵1

688 173 816 202 ORATIO
834 173 878 200 DE
897 172 1153 201 INCARNATIONE
1173 172 1279 202 νΕΒΒΙ.

1747 172 1799 202 138

184 239 233 259 ’⁵ου
248 239 277 258 τε
292 229 406 258 θανάτου
421 232 467 258 καὶ
479 231 527 266 τῆς
544 231 785 264 ἀναστάσεως,οὐκ
797 230 929 266 ἠθέλησαν
943 240 954 257 c

1020 238 1077 266 eius
1089 235 1182 258 mortts
1197 236 1277 258 testes
1301 230 1478 258 habuissent?
1493 229 1606 261 Etenim,
1620 229 1641 256 si
1662 235 1748 256 tnorte
1770 233 1798 257 et

182 276 244 304 τότε
259 277 398 312 Φαρισαῖοι
411 277 558 309 πιστεύειν,
576 276 644 303 ἀλλὰ
667 276 714 302 καὶ
730 276 792 307 τοὺς
811 275 965 311 ἑωρακότας

182 323 233 357 τὴν
247 322 394 349 ἀνάστασιν
407 322 564 357 ἠνάγκασαν
580 321 747 358 ἀρνήσασθαι
763 321 864 351 ταύτην
876 329 882 336 ·
899 321 966 348 πάνο

183 377 236 401 τως
251 369 276 395 εἰ
288 368 486 404 κεκρυμμένως
498 367 619 402 ἐγεγόνει
636 367 734 396 ταῦτα.
749 366 835 398 πόσας
849 367 882 394 ἂν
898 376 965 402 προ-

183 414 280 448 φάσεις
298 412 426 445 ἀπιστίας
449 413 574 440 ἐπενόουν
590 412 661 448 (45);
680 412 743 444 Πῶς
758 412 786 439 δὲ
807 413 860 448 ἄρα
875 413 905 438 τὸ
919 413 964 440 τοῦ

182 458 296 486 θανάτου
308 458 384 490 τέλος
398 459 542 490 ἐδείκνυτο,
559 458 606 484 καὶ
623 459 639 494 ἡ
659 457 729 484 κατά
740 457 834 484 τούτου
853 458 966 493 vimus!

183 506 221 542 μὴ
234 505 477 546 ﬂigi-rdme
500 504 752 543 προσκαλεσάμερς
771 503 851 544 αὐτόν
868 503 963 543 ἤλεγξε

181 544 611 592 νεκῲνᾶενῷθπᾶῖἇιίῖλοιπὸν
625 550 712 586 τῇτοῦ
727 549 850 585 σώματος
860 550 964 586 ἀφθαρ-

182 597 228 633 σίᾳ
238 605 257 633 ;_.

214 687 259 714 24.
274 687 315 714 Τὰ
341 687 370 714 δὲ
394 687 441 714 καὶ
464 687 529 722 παρ’
545 686 644 722 ἑτέρων
669 686 702 713 ἂν
717 685 854 721 λεχθέντα,
878 685 963 712 ταῦτα

178 733 323 768 προλαϐεῖν
335 733 390 768 (45)
403 733 477 768 ἡμᾶς
489 733 635 766 ἀναγκαῖον
653 733 712 763 ταῖς
731 731 897 765 ἀπολογίαις.
910 731 963 758 Τά-

177 778 283 814 χα.γὰρ
299 778 332 805 ἀν
343 786 384 810 τις
401 778 472 804 εἴποι
486 777 533 804 καὶ
545 777 636 804 τοῦτο·
665 777 696 803 Et
721 778 764 803 ἐπ’
776 777 834 812 Mat
855 777 962 803 πάντων

179 825 224 851 καὶ
234 824 408 860 ἐμμάρτυρον
419 823 471 849 ἔδει
481 823 605 858 γενέσθαι
617 823 663 849 τὸν
675 821 769 848 τούτου
783 822 906 854 θάνατον,
919 821 962 848 ῐνα

177 868 225 895 καὶ
239 869 253 894 ό
269 867 318 904 τῆς
337 866 512 899 ἀναστάσεως
527 867 656 902 πιστευθῇ
669 867 760 901 λόγος·
778 866 830 893 ἔδει
843 866 893 893 κᾶν
911 867 961 892 αὺ-

1017 277 1213 304 resurrectione
1223 284 1313 304 coram
1324 277 1448 303 omnibus
1461 275 1586 310 peractis.
1599 275 1726 303 Pharisaei
1737 279 1796 303 cre-

1016 323 1078 350 dere
1096 330 1147 350 non
1166 323 1250 350 solum
1277 322 1427 353 noluerunt,
1444 322 1489 348 sed
1504 322 1584 349 etiam
1599 321 1668 353 illos,
1691 321 1735 356 qui
1755 329 1797 349 re-

1015 368 1208 395 surrectionem
1220 367 1352 399 viderant,
1364 374 1423 394 eam
1435 373 1532 401 negare
1548 371 1692 401 coegerunt
1705 375 1712 398 ;
1730 373 1795 400 pro—

1014 413 1084 441 fecto
1094 414 1115 441 si
1128 413 1231 441 occulte
1252 414 1306 441 haec
1319 419 1377 440 acta
1396 413 1516 443 fuissent.
1530 416 1606 447 quot,
1620 419 1719 446 quaso,
1731 419 1795 439 cau-

1015 467 1059 487 sas
1076 467 1130 487 non
1160 459 1286 487 credendi
1316 458 1537 494 cxcogitassent?
1555 457 1692 490 Quomodo
1717 465 1796 492 porro

1015 503 1111 530 mortis
1128 503 1254 531 interitus
1271 509 1317 530 aut
1338 503 1449 530 victoria
1476 503 1509 530 de
1537 503 1629 530 eadem
1658 507 1795 536 reportata

1014 554 1077 576 nota
1104 549 1209 582 fuisset,
1224 549 1275 576 nisi
1293 548 1363 576 illam
1379 548 1404 576 in
1424 548 1542 575 omnium
1569 553 1711 583 conspectu
1731 555 1794 583 pro-

1014 599 1146 627 vocatam,
1173 598 1305 621 mortuam
1331 597 1358 621 et
1388 594 1429 621 sui
1454 601 1575 629 corporis
1596 594 1795 629 incorruptione

1012 640 1178 666 exinanitam
1195 638 1376 666 ostendisset?

1046 685 1092 712 24.
1107 685 1237 712 Caeterum
1262 691 1303 718 ea,
1326 691 1386 719 quae
1406 683 1440 712 ab
1455 684 1514 712 aliis
1537 683 1607 712 forte
1634 684 1713 719 obiici
1733 692 1796 719 pos-

1012 736 1082 763 sent,
1096 738 1207 759 necesse
1223 736 1265 758 est
1277 737 1385 766 quoque
1410 736 1502 758 nostra
1513 731 1669 759 defensione
1681 737 1793 759 anteoc-

1011 783 1120 811 cupare.
1134 776 1160 803 ld
1171 783 1233 811 ergo
1243 775 1311 803 forte
1322 775 1381 810 quis
1399 776 1584 810 proposuerit:
1596 775 1624 803 Si
1636 775 1661 803 in
1672 775 1792 803 omnium

1012 826 1157 855 conspectu
1174 829 1204 849 ac
1221 828 1312 849 coram
1328 821 1439 848 testibus
1453 828 1514 848 eum
1538 822 1606 849 mori
1620 821 1747 855 oportuit,
1764 826 1794 848 ut

1011 867 1113 894 scilicet
1125 867 1279 901 przedicatio
1296 866 1501 894 resurrectionis
1517 866 1594 894 ﬁdem
1613 867 1712 894 habere
1727 874 1790 902 pos-

177 913 222 939 τδν
232 913 320 948 ἑαυτῷ
335 913 392 949 (46)
407 913 510 947 ἔνδοξον
520 912 711 949 ὲπινοήσασθαι
722 912 846 944 θάνατον,
860 912 902 938 ἵνα
917 912 954 948 μό

1011 917 1061 945 set,
1074 912 1169 940 saltem
1183 911 1358 940 honoriﬁcam
1373 915 1488 939 ntortem
1504 912 1555 943 sibi
1578 911 1676 947 eligere
1689 913 1789 947 debuit,

177 966 222 985 νον
235 958 283 994 τὴν
294 959 404 994 ἀτιμίαν
412 958 460 985 τοῦ
476 958 592 994 σταυροῦ
610 958 693 995 φύγῃ.
715 958 784 984 Ἀλλ’
798 958 823 984 εί
838 958 884 984 καὶ
898 957 959 984 τοῦ-

175 1012 205 1031 το
220 1005 334 1040 ποιήσας
347 1002 391 1040 ἦν,
410 1004 537 1031 ὑπόνοιαν
560 1004 621 1031 καθ’
638 1004 735 1030 ἑαυτοῦ
759 1005 898 1039 παρεῖχεν,
922 1003 959 1035 ὡς

173 1050 204 1076 οὐ
222 1050 291 1076 κατά
309 1050 408 1082 παντὸς
427 1050 542 1077 θανάτου
555 1050 712 1085 δυνάμενος,
734 1049 800 1076 ἀλλά
816 1049 896 1084 μόνου
912 1048 958 1075 τοῦ

174 1105 206 1123 πε
212 1097 238 1132 pl.
254 1096 335 1123 αὐτοῦ
347 1096 534 1131 ἐπινοηθέντος
544 1105 550 1111 ·
566 1096 612 1122 καὶ
626 1096 699 1122 οὐδὲν
711 1093 792 1131 ἦττον
806 1094 885 1121 πάλιν
898 1091 931 1129 ἦν
940 1094 957 1129 ἡ

173 1142 308 1178 πρόφασις
324 1142 372 1177 τῆς
389 1142 454 1178 περὶ
469 1143 519 1177 τῆς
535 1141 708 1172 ἀναστάσεως
722 1140 858 1171 ἀπιστίας.
878 1139 958 1166 Ὀθεν

172 1188 202 1213 οὐ
219 1188 282 1223 παρ’
293 1186 385 1219 αὑτοῦ,
401 1187 458 1214 ἀλλ’
474 1188 503 1219 ὲξ
513 1186 656 1222 ἐπιϐουλῆς
667 1186 774 1220 ἐγένετο
786 1185 841 1221 (47)
857 1185 896 1220 τῷ
909 1184 958 1211 σώ-

174 1241 239 1269 ματι
254 1234 268 1259 6
283 1233 411 1264 θάνατος·
427 1233 470 1260 ῐνα
489 1231 518 1260 ὃν
538 1232 614 1259 αὐτοὶ
636 1231 830 1268 προσαγάγωσι
844 1230 884 1266 τῷ
901 1231 957 1258 Σω-

172 1279 234 1314 τῆρι
251 1278 372 1311 θάνατον,
393 1279 485 1306 τοῦτον
505 1278 584 1310 αὐτὸς
607 1277 764 1313 ἐξαφανίσῃ.
789 1276 844 1304 Καὶ
864 1276 957 1311 ὥσπερ

172 1326 292 1358 γενναῖος
307 1325 466 1361 παλαιστὴς,
486 1325 572 1360 μέγας
586 1325 622 1350 ὢν
632 1325 664 1359 τῇ
678 1323 783 1349 συνέσει
800 1322 848 1349 καὶ
860 1323 893 1357 τῇ
911 1321 957 1348 ἀν-

170 1370 256 1406 δρείᾳ,
271 1372 320 1397 οὐκ
341 1371 420 1402 αὐτὸς
434 1371 523 1406 ἐαυτῷ
538 1371 599 1402 τοὺς
619 1370 780 1401 ἀντιπάλους
805 1368 954 1402 ἐκλέγεται,

172 1416 215 1443 ἵνα
229 1415 266 1451 μὴ
278 1415 406 1442 ὑπόνοιαν
418 1415 467 1450 τῆς
479 1415 546 1450 πρός
559 1422 634 1446 τινας
647 1413 745 1444 δειλίας
756 1413 882 1448 παράσχη
892 1419 900 1428 ο
913 1411 957 1438 ἀλ-

171 1460 205 1487 λά
217 1462 249 1496 τῇ
265 1460 319 1487 τῶν
335 1460 506 1496 θεωρούντων
520 1459 626 1486 δίδωσιν
642 1457 759 1493 ἐξουσίᾳ,
774 1457 820 1484 καὶ
840 1457 954 1492 μάλιστα

171 1506 222 1532 κᾶν
239 1505 330 1541 ἐχθροὶ
340 1505 519 1540 τυγχάνωσιν,
534 1505 577 1531 ἴνα
594 1504 661 1539 πρὸς
676 1503 705 1530 ὃν
718 1503 751 1530 ἂν
766 1501 954 1538 συμϐάλλωσιν

170 1551 256 1583 αὐτοὶ,
273 1550 366 1578 τοῦτον
377 1551 457 1582 αὐτὸς
471 1550 653 1586 καταρράξας,
671 1549 802 1585 κρείττων
819 1548 873 1574 τῶν
887 1547 954 1574 πάν-

1010 963 1039 984 ut
1055 957 1098 986 vel
1113 958 1201 985 crucis
1222 957 1394 992 ignominiam
1410 956 1548 992 eii'ugeret.
1568 957 1648 993 Atqui
1668 958 1690 985 si
1711 957 1738 985 id
1753 959 1791 986 fe-

1009 1004 1101 1037 cisset,
1119 1003 1265 1038 suspicioni
1282 1003 1370 1030 loeum
1381 1003 1512 1030 adversus
1529 1003 1646 1037 seipsum
1661 1002 1789 1037 dedisset,

1009 1049 1084 1084 quasi
1099 1049 1144 1084 qui
1160 1057 1212 1076 non
1233 1049 1352 1083 qualibet
1367 1052 1454 1076 morte
1467 1052 1539 1076 esset
1562 1048 1667 1081 fortior,
1683 1048 1729 1076 sed
1745 1048 1790 1075 illa

1008 1095 1138 1123 duntaxat
1163 1102 1243 1129 quam
1260 1094 1386 1130 elegisset
1411 1103 1418 1122 :
1443 1101 1476 1121 ac
1497 1094 1609 1129 proinde
1625 1101 1677 1121 non
1701 1095 1789 1122 minor

1009 1140 1221 1168 fuissetoccasio
1241 1140 1319 1167 fidem
1337 1140 1526 1168 resurrectioni
1539 1140 1692 1176 derogandi.
1712 1139 1788 1168 Unde

1010 1194 1062 1214 non
1076 1194 1108 1214 ex
1122 1186 1221 1220 seipso,
1240 1185 1286 1213 sed
1302 1194 1334 1213 ex
1356 1185 1461 1213 insidiis
1486 1193 1585 1221 corpus
1608 1186 1676 1213 mori
1691 1186 1787 1218 voluit,

1006 1236 1036 1258 ut
1061 1231 1185 1259 nimirum
1201 1239 1280 1266 quam
1307 1231 1344 1258 illi
1365 1236 1477 1259 mortem
1494 1231 1627 1259 Salvatori
1647 1231 1786 1263 inferrent.

1006 1284 1065 1304 earn
1081 1277 1138 1311 ipse
1152 1278 1313 1304 destrueret.
1331 1277 1370 1304 Ac
1388 1277 1468 1304 veluti
1480 1284 1624 1312 generosus
1635 1277 1707 1312 pugil
1722 1285 1787 1312 pru-

1007 1322 1096 1350 dentia
1108 1327 1136 1350 et
1163 1322 1322 1351 fortitudine
1342 1330 1418 1358 aeque
1433 1323 1555 1358 insignis,
1584 1331 1636 1349 non
1663 1323 1720 1357 ipse
1735 1323 1786 1350 sibi

1006 1368 1176 1396 adversarios
1190 1369 1275 1404 eligit,
1301 1376 1335 1396 ne
1361 1369 1404 1396 cui
1423 1368 1575 1396 timiditatis
1592 1375 1656 1404 erga
1683 1369 1787 1403 aliquos

1005 1414 1182 1448 suspicionem
1198 1419 1304 1442 moveat
1319 1423 1327 1441 :
1340 1415 1387 1442 sed
1402 1414 1427 1442 id
1450 1419 1642 1449 spectatorum,
1657 1415 1786 1442 maxime-

1005 1468 1057 1495 que
1070 1460 1092 1487 si
1111 1459 1172 1488 illos
1188 1461 1357 1488 adversarios
1373 1461 1501 1496 patiatur,
1517 1460 1630 1488 arbitrio
1644 1461 1785 1495 permittit,

984 1523 988 1527 -
1004 1511 1034 1533 ut
1048 1511 1181 1540 prostrato
1194 1514 1225 1534 ac
1239 1506 1343 1533 devicto
1368 1513 1553 1541 quemcunque
1579 1506 1615 1534 illi
1628 1505 1785 1540 objecerint,

1004 1551 1129 1579 omnibus
1154 1551 1251 1579 fortior
1275 1551 1425 1583 habeatur;
1459 1551 1493 1578 ita
1530 1558 1636 1585 quoque
1663 1550 1784 1577 omnium

169 1605 222 1624 των
234 1597 381 1632 πιστευθῇ·
395 1596 481 1628 οὕτως
496 1582 570 1631 καὶ-ἦ
585 1596 638 1622 τῶν
653 1582 761 1623 πάντων
784 1594 840 1629 ζωὴ
859 1594 873 1620 ὁ
895 1593 951 1629 (48)

1005 1598 1067 1631 vita,
1080 1597 1209 1625 Dominus
1236 1601 1263 1624 et
1277 1597 1401 1624 Salvator
1422 1601 1514 1624 noster
1532 1596 1656 1625 Christus
1670 1604 1722 1624 non
1736 1604 1784 1631 per

170 1643 270 1679 Κύριος
280 1643 327 1669 καὶ
339 1641 517 1678 Σωτὴρήμῶν
527 1642 541 1667 ὁ
551 1641 665 1677 Χριστὸς
673 1641 722 1676 οὐχ
741 1640 828 1675 ἐαυτῷ
840 1640 952 1667 θάνατον

169 1689 274 1715 ἐπενόει
288 1688 327 1723 τῷ
345 1688 459 1723 σώματι,
473 1688 515 1714 ἵνα
534 1686 571 1723 μὴ
586 1687 624 1718 ὼς
639 1687 731 1722 ἓτερον
746 1686 850 1713 δειλιῶν
863 1688 932 1721 φανῇ
942 1695 950 1702 ’

169 1732 236 1759 ἀλλά
255 1732 301 1759 τὸν
324 1732 388 1768 παρ’
409 1731 519 1767 ἐτέρων,
539 1732 586 1758 καὶ
607 1731 722 1767 μάλιστα
744 1731 789 1757 τὸν
810 1731 885 1766 παρὰ
897 1731 952 1757 τῶν

169 1778 282 1814 ἐχθρῶν,
303 1778 332 1805 ὃν
346 1777 468 1813 ἐνόμιζον
481 1775 550 1804 εἶναι
573 1777 656 1804 δεινὸν
678 1777 775 1803 ἐκεῖνοι
797 1777 844 1803 καὶ
856 1777 952 1812 ἄτιμον

169 1823 216 1850 καὶ
226 1823 351 1858 φευκτὸν,
365 1823 457 1850 τοῦτον
469 1822 549 1854 αὐτὸς
562 1823 590 1849 ἐν
603 1822 709 1858 σταυρῷ
725 1822 866 1857 δεχόμενος
883 1821 952 1857 ἠνεί-

169 1878 240 1905 χετο,
256 1870 299 1896 ἵνα
313 1870 370 1902 καὶ,
393 1868 487 1896 τούτου
500 1869 705 1901 καταλυθέντος,
722 1868 800 1900 αὐτὸς
817 1869 864 1903 μὲν
878 1868 915 1894 ὢν
933 1869 950 1904 ἡ

170 1913 225 1948 ζωὴ
238 1914 380 1949 πιστευθῇ,
392 1913 438 1940 τοῦ
448 1913 476 1940 δὲ
490 1913 605 1940 θανάτου
618 1913 650 1939 τὸ
659 1913 758 1948 κράτος
776 1912 866 1939 τέλεον
886 1921 952 1940 κατ-

169 1960 275 1996 αργηθῇ
284 1960 350 1995 (49).
360 1958 724 2001 Γέγρνξγρῇνὶι-ῂυμαστρν
732 1959 782 1989 καὶ
790 1958 948 1994 παράδοξονι

167 2006 196 2032 ὃν
202 2005 383 2044 ῄρένόμιςον
390 2005 486 2044 ἀτιμον
493 2005 630 2040 ἐπιφέρειν
638 2005 759 2036 θάνατον,
768 2001 844 2037 οὗτος
849 2003 882 2040 ἦν
887 2013 902 2031 τ
905 2005 949 2041 ρό-

168 2043 421 2085 παιονλκατξαῖτοῦ
434 2043 480 2077 τοῦ
490 2050 611 2078 θανάτου.
629 2051 674 2077 Διὸ
688 2051 748 2077 οὐδὲ
762 2052 807 2077 τὸν
829 2051 950 2079 Ἰωάννου

168 2086 282 2137 Θάξνατον
294 2086 432 2132 ὑπέμεινε,
446 2095 633 2137 ᾕαιρουμένης
642 2096 691 2135 τῇς
701 2096 829 2132 κεφαλῆς,
842 2097 902 2124 οὐδὲ

173 2134 288 2184 ΊῙε-αἲξις
299 2141 425 2184 ἐπρίσθη,
441 2135 484 2168 ἵνα
501 2142 548 2168 καὶ
562 2141 721 2184 τῷῃθανάτῳ
739 2142 890 2178 ἀδιαίρετον
904 2143 950 2169 καὶ

97 2190 118 2225 ί.
167 2183 464 2229 ὁλόκλῶειζτὺξῶμα
489 2183 668 2223 φυλάξῃ,’καὶ
688 2187 725 2223 μὴ
745 2188 881 2222 πρόφασις
895 2189 951 2220 τοῖς

169 2225 343 2270 βουλομένοξ
356 2225 467 2268 δῖἱιρεῖν
481 2231 529 2268 τὴν
550 2231 710 2269 Ἐκκλησίαν
725 2233 843 2267 γένηται.

202 2274 317 2305 ΞΕΚαῖ
332 2270 417 2304 eam
433 2277 482 2313 μὲν
495 2277 562 2313 πρὸς
572 2278 635 2309 τοὺς
650 2277 747 2311 ἔξωθεν
762 2279 867 2310 ἑαυτοῖς
876 2278 947 2312 λογι-

168 2323 253 2359 σμοὺς
265 2322 495 2358 ὲπισωρεὺοντας·
509 2324 542 2350 ἂν
550 2323 578 2349 δὲ
593 2323 640 2350 καὶ
654 2324 706 2350 τῶν
721 2323 750 2356 ἐξ
762 2324 839 2359 ἡμῶν
852 2333 892 2355 τις
909 2324 945 2359 μὴ

167 2369 205 2400 ὡς
218 2369 376 2404 φιλόνεικος,
398 2369 454 2395 ἀλλ’
467 2369 504 2401 ὡς
523 2369 674 2405 φιλομαθὴς
685 2369 752 2405 ζητῇ
769 2369 825 2404 (50)
836 2389 843 2401 ,
862 2369 905 2396 διὰ
921 2370 948 2395 τί

168 2415 205 2450 μὴ
220 2414 337 2450 ἑτέρως,
352 2413 420 2441 ἀλλά
442 2414 556 2450 σταυρὸν
576 2415 720 2449 ὑπέμεινεν
731 2423 738 2429 ·
760 2414 881 2441 ἀκουέτω
901 2413 948 2441 καὶ

166 2461 223 2497 (Si)
243 2458 334 2492 οὗτος,
351 2460 392 2487 ὅτι
414 2460 463 2487 οὐκ
485 2460 570 2491 ἄλλως
586 2460 602 2496 ἢ
619 2460 703 2492 οὕτως
720 2461 784 2496 ἡμῖν
804 2461 945 2496 συνέφερε,

213 2537 257 2574 ᾧ)
272 2538 380 2566 Gobler.
393 2543 418 2565 et
433 2537 550 2566 Felckm.
568 2539 578 2565 1
598 2546 691 2570 anon..
703 2539 863 2574 snsvéqcray,

165 2594 172 2609 ._
201 2572 257 2608 (44)
271 2574 316 2600 Sic
331 2574 440 2608 St-guer.
455 2580 534 2609 atque
551 2574 586 2601 ita
608 2574 686 2601 etiam
708 2572 804 2609 legisse
821 2572 945 2609 videntur

167 2607 344 2641 interpretes,
362 2607 476 2643 quorum
492 2607 658 2636 Omnibonus
677 2613 704 2634 et
728 2607 853 2635 Ambros.
876 2608 945 2634 hanc

167 2649 258 2669 vocem
273 2649 390 2675 vertunt,
412 2644 590 2675 exinanitum;
606 2643 725 2669 Nannius
736 2663 744 2675 ,
765 2643 869 2669 inanem
888 2650 945 2668 eam

165 2678 380 2713 exhaustumque.
401 2678 452 2705 Alii
474 2687 539 2706 mss.
559 2684 586 2704 et
599 2677 791 2713 editiAhahent,
808 2676 945 2713 κενώσαν-

165 2720 210 2774 zu.
227 2712 292 2773 ibid.
308 2711 356 2740 καί
368 2720 430 2741 mox
444 2719 501 2750 seq.
515 2713 641 2742 omittunt
656 2711 764 2740 Gobler.
780 2716 808 2739 et
823 2711 941 2739 Felckui.

200 2755 232 2773 an
254 2755 279 2774 η.

200 2754 279 2774 anon.

202 2782 258 2818 (45)
274 2780 318 2818 Sic
336 2783 438 2817 Anglic.
458 2782 497 2818 Ita
520 2789 627 2818 quoque
657 2782 829 2818 emendatum
855 2786 897 2809 est
917 2782 943 2809 in

166 2816 252 2844 BasiiJ
264 2817 316 2844 Alii
330 2823 357 2845 et
368 2816 451 2845 editio
463 2816 604 2849 ContiuelQ,
618 2817 772 2852 προϐαλεῖν.

203 2851 260 2886 (46)
276 2853 388 2886 Seguer.
405 2853 486 2879 habet
496 2852 594 2887 ἐαυτῷ,
605 2851 674 2886 quod
688 2857 714 2879 et
727 2852 943 2886 exprimuntom-

165 2894 215 2915 nes
233 2887 412 2922 interpretes;
431 2887 476 2915 alii
496 2895 558 2916 vero
588 2895 653 2920 mss.
677 2892 703 2916 et
728 2887 791 2916 editi
809 2887 942 2915 omittunt.

1002 1650 1032 1670 se
1055 1647 1168 1670 mortem
1184 1642 1304 1677 corporis
1319 1641 1426 1676 delegit,
1451 1650 1485 1670 ne
1500 1642 1582 1669 aliam
1606 1641 1783 1670 reformidare

1001 1689 1146 1721 videretur,
1165 1688 1212 1716 sed
1226 1689 1259 1715 ab
1272 1688 1331 1716 aliis
1355 1693 1383 1715 et
1396 1689 1528 1723 praecipue
1544 1689 1578 1715 ab
1602 1688 1723 1715 hostibus
1737 1688 1778 1714 in-

999 1733 1109 1768 iectam,
1126 1741 1205 1768 quam
1221 1741 1343 1768 asperam
1360 1734 1397 1761 illi
1416 1738 1444 1761 et
1461 1733 1664 1769 ignominiosam
1682 1733 1783 1768 fugien-

1000 1779 1116 1814 damque
1142 1779 1351 1812 arbitrabantur,
1376 1780 1434 1815 ipse
1463 1781 1489 1807 in
1507 1787 1588 1808 cruce
1613 1779 1703 1807 subire
1729 1786 1781 1806 non

1003 1825 1101 1857 renuit,
1131 1830 1161 1852 ut
1172 1829 1259 1852 morte
1279 1825 1417 1856 dissoluta,
1450 1825 1505 1861 ipse
1522 1825 1628 1860 quidem
1643 1825 1697 1852 vita
1721 1831 1782 1852 esse

1000 1871 1163 1904 crederetur,
1174 1875 1200 1898 et
1212 1871 1306 1899 mortis
1317 1872 1458 1906 imperium
1473 1871 1593 1899 funditus
1602 1875 1779 1898 everteretur.

1001 1915 1096 1943 Mirum
1110 1924 1172 1953 ergo
1186 1917 1310 1952 quiddam
1327 1921 1354 1944 et
1374 1917 1586 1952 inexspectatum
1616 1917 1722 1949 accidit,
1750 1921 1779 1943 ut

1000 1969 1079 1996 quam
1090 1961 1127 1989 illi
1141 1963 1342 1996 ignominiosam
1354 1967 1466 1990 mortem
1483 1963 1580 1990 inferre
1598 1965 1736 1997 putabant,
1746 1969 1779 1989 ea

1000 2007 1130 2035 adversus
1141 2008 1224 2042 ipsam
1233 2014 1346 2036 mortem
1359 2009 1505 2044 trophzcum
1518 2013 1599 2036 esset.
1612 2008 1679 2036 Hinc
1692 2016 1778 2042 neque

1001 2052 1110 2081 Joannis
1125 2058 1238 2081 mortem
1253 2054 1347 2089 capitis
1362 2055 1544 2089 amputatione
1563 2061 1656 2088 passus
1665 2058 1716 2085 est,
1730 2061 1779 2080 ne-

1001 2105 1054 2133 que
1078 2099 1156 2126 sicuti
1179 2098 1260 2127 Isaias
1285 2105 1373 2127 sectus
1385 2105 1438 2131 est.
1453 2105 1482 2126 ut
1498 2104 1525 2127 et
1539 2100 1565 2127 in
1582 2103 1667 2127 morte
1682 2106 1780 2133 corpus

1001 2143 1060 2170 sine
1074 2143 1204 2170 divisione
1224 2144 1356 2178 integrum
1371 2149 1502 2177 servaret,
1514 2150 1541 2172 et
1557 2144 1628 2172 nulla
1643 2152 1724 2172 causa
1739 2145 1780 2171 his

1001 2193 1156 2224 suppeteret
1174 2190 1219 2224 qui
1232 2189 1377 2217 Ecclesiam
1390 2190 1491 2218 vellent
1505 2191 1667 2218 discindere.

1036 2278 1082 2306 25.
1096 2279 1129 2307 Et
1146 2280 1204 2307 haec
1215 2280 1321 2314 quidem
1337 2280 1369 2307 ad
1385 2285 1511 2308 externos
1527 2280 1572 2315 qui
1587 2280 1638 2307 sibi
1653 2279 1720 2315 ipsis
1734 2287 1778 2306 ar-

1000 2330 1124 2359 gumenta
1144 2325 1232 2352 solent
1247 2326 1418 2354 accumulare
1431 2336 1437 2353 :
1452 2326 1473 2354 si
1488 2328 1548 2360 quis
1559 2333 1621 2353 vero
1631 2333 1665 2353 ex
1679 2326 1777 2353 nostris

998 2377 1051 2396 nou
1069 2369 1121 2404 55
1136 2371 1313 2398 coutendendi
1342 2372 1389 2398 sed
1415 2371 1534 2398 discendi
1562 2371 1650 2398 studio
1663 2375 1776 2405 quaerat,

997 2424 1044 2443 cur
1061 2424 1113 2444 non
1141 2417 1220 2444 aliam
1247 2424 1325 2451 quam
1356 2417 1443 2445 crucis
1462 2423 1574 2445 mortem
1600 2417 1774 2445 toleraverit:

997 2462 1173 2491 audiatetiatn
1187 2463 1246 2496 iste,
1262 2463 1362 2491 idcirco
1375 2463 1424 2490 hoc
1435 2464 1529 2491 tnortis
1542 2470 1624 2498 genus
1635 2463 1775 2491 Dominum

993 2537 1032 2565 ΙιΙ.
1052 2537 1168 2579 seguer:
1177 2542 1204 2565 et
1216 2537 1334 2573 Anglic,
1348 2539 1456 2567 Gobler.
1468 2543 1496 2566 et
1515 2537 1634 2566 Felcltm.
1652 2539 1666 2566 1
1693 2545 1774 2566 anon.

992 2581 1065 2604 ΙΙΙΟΧ,
1078 2580 1229 2607 επινοησαι.

1028 2607 1085 2643 (47)
1104 2608 1149 2635 Sic
1163 2609 1273 2643 Seguer.
1285 2608 1366 2640 Editi,
1381 2608 1497 2641 ἐγίνετο.

1028 2642 1086 2676 (48)
1101 2643 1147 2670 Sic
1161 2642 1271 2677 Seguer.
1287 2643 1365 2670 Basil.
1382 2643 1489 2671 Gobler.
1506 2649 1532 2671 et
1543 2643 1660 2670 Felckm.
1687 2643 1699 2671 Ι
1728 2650 1773 2670 an.

992 2675 1117 2714 Aliicuin
1132 2675 1212 2714 editis
1225 2683 1277 2705 art.
1289 2679 1304 2704 ὁ
1315 2679 1456 2711 omittunt;
1471 2679 1485 2704 6
1496 2687 1554 2714 seq.
1571 2679 1647 2707 abest
1666 2686 1680 2706 a
1694 2678 1772 2706 Gobl.

992 2717 1018 2738 et
1034 2712 1149 2739 Felrkm.
1164 2712 1175 2739 ‘l
1200 2721 1243 2739 an.

1027 2747 1084 2785 (49)
1100 2747 1153 2785 Τοῦ
1171 2747 1200 2785 δέ
1222 2747 1388 2785 θανάτου-το
1403 2749 1505 2785 κράτος
1523 2748 1613 2775 τέλεον
1635 2757 1771 2785 καταργη-

991 2781 1024 2808 θῇ
1037 2781 1132 2809 deéunt
1142 2783 1168 2809 in
1182 2783 1287 2810 Gobler.
1301 2788 1328 2809 et
1340 2781 1457 2810 Felcki'n.
1470 2784 1482 2810 1
1495 2793 1539 2810 an.

1022 2817 1084 2860 ~(50)
1097 2817 1142 2845 Sic
1157 2818 1267 2852 Seguer.
1278 2817 1396 2845 Basil.et
1407 2819 1509 2853 Anglic.
1523 2818 1575 2845 Alii
1595 2823 1622 2846 et
1636 2819 1709 2852 editi_
1724 2818 1773 2855 ςη-

992 2860 1042 2878 τει.

1029 2887 1084 2923 (51)
1098 2887 1150 2914 Καί
1165 2895 1216 2915 non
1230 2887 1326 2916 habent
1338 2887 1443 2916 Gublcr.
1457 2894 1482 2916 et
1492 2888 1608 2917 Felckut.
1630 2888 1642 2916 l
1655 2896 1700 2917 an.
