2037 3044
164 133 213 161 Hi

673 131 800 160 ORATIO
818 132 862 160 DE
883 132 1137 162 INCARNATIONE
1157 135 1270 163 VERBI.

1726 134 1779 162 ΗΞ

165 193 214 228 τὴν
232 192 279 219 τοῦ
300 193 397 227 ἑαυτῆς
411 192 576 228 δημιουργοῦ
594 193 743 228 παρουσίαν
756 201 762 207 ·
788 193 832 219 τὸν
851 193 878 219 δὲ
892 194 950 219 ἐαυ-

1004 194 1139 222 Creatoris
1154 196 1324 230 praesentiam
1347 195 1442 222 mirum
1467 195 1492 221 in
1509 194 1614 221 modum
1633 193 1717 220 voluit
1739 199 1778 220 le-

165 237 212 264 τοῦ
233 237 295 264 ναδν
311 237 341 263 τὸ
356 237 410 272 (58)
429 237 508 273 σῶμα
522 238 571 264 οὐκ
585 238 631 264 ἐπὶ
646 238 712 264 πολὺ
734 237 822 273 μένειν
834 238 950 273 ἀνασχό-

168 293 256 319 μενος,
272 284 340 311 ἀλλὰ
355 284 433 319 μόνον
444 284 532 317 δείξας
545 285 640 320 νεκρὸν
652 286 684 320 τῇ
696 284 741 311 τοῦ
758 285 872 312 Θανάτου
884 285 950 320 πρὸς

166 330 232 357 αὐτὸ
253 330 405 365 συμπλοκῇ,
421 332 538 365 τριταῖον
558 331 656 362 εὐθέως
670 331 812 366 ἀνέστησε,
834 332 950 366 τρόπαια

166 377 214 403 ’καὶ
230 377 307 408 νίκας
322 377 392 403 κατά
406 376 450 402 τοῦ
464 376 577 403 θανάτου
595 377 684 412 φέρων
698 378 747 412 τὴν
760 378 788 403 ὲν
799 377 838 412 τῷ
848 377 950 412 σώματι

167 423 315 457 γενομένην
335 422 487 457 ἀφθαρσίαν
507 424 553 450 καὶ
574 423 717 450 ἀπάθειαν.
748 424 878 450 Ἦδύνατο
903 424 951 458 μὲν

167 469 221 504 γὰρ
245 469 292 495 καὶ
311 470 375 504 παρ’
390 469 458 496 αὺτά
486 469 530 496 τοῦ
554 470 667 496 θανάτου
687 471 717 496 τὸ
732 470 810 505 σῶμα
822 471 950 505 διεγεῖραι

168 517 216 542 καὶ
229 515 308 542 πάλιν
321 515 404 548 δεῖξαι
420 514 473 547 ζῶν
487 524 492 530 ·
505 515 570 542 ἀλλὰ
584 516 628 542 καὶ
641 516 718 542 τοῦτο
733 516 821 547 καλῶς
836 516 950 552 προῖδὼν

168 562 183 588 ὁ
202 561 295 597 Σωτὴρ
316 561 344 587 οὺ
371 561 529 596 πεποίηκεν.
555 559 622 588 Εἶπε
640 562 694 598 γὰρ
717 562 749 589 ἄν
767 571 808 594 τις
831 562 950 598 μηδόλως

169 607 234 634 αὐτὸ
247 607 414 641 τεθνηκέναι,
435 607 451 641 ἢ
473 607 539 642 μηδὲ
560 607 649 634 τέλεον
672 607 753 634 αὐτοῦ
772 608 816 634 τὸν
840 608 950 634 θάνατον

169 653 325 687 ὲῴαυκέναι,
340 653 364 678 εἰ
378 653 441 687 παςὲ
455 653 524 679 αὐτὰ
537 652 585 687 τὴν
600 653 744 680 ἀνάστασιν
757 650 789 687 ἦν
807 652 949 684 ἐπιδείξας.

170 699 245 733 Τάχα
269 698 296 724 δὲ
320 698 366 725 καὶ
388 699 415 724 ἐν
433 698 482 733 ἴσῳ
505 698 551 725 τοῦ
567 698 746 734 διαστήματος
767 698 840 730 ὖντος
856 698 902 725 τοῦ
922 707 950 725 τε

170 745 285 772 θανάτου
300 746 347 772 καὶ
360 746 410 780 τῆς
420 745 603 776 ἀναστάσεως,
615 744 710 779 ἄδηλον
726 744 828 778 ἐγίνετο
844 744 873 770 τὸ
888 744 952 779 περὶ

169 791 220 826 τῆς
241 791 393 826 ἀφθαρσίας
417 791 502 822 κλέος.
529 790 626 822 Ὅθεν,
645 790 687 816 ῖνα
707 790 799 825 δειχθῇ
814 790 907 825 νεκρὸν
921 790 952 816 τὸ

171 838 260 872 σῶμα,
274 837 320 863 καὶ
333 837 396 872 μίαν
407 837 534 871 ὑπέμεινε
551 836 634 871 μέσην
646 837 659 862 ὁ
671 837 764 870 Λόγος,
778 837 824 862 καὶ
834 838 951 871 τριταῖον

170 881 249 908 τοῦτο
272 883 353 908 πᾶσιν
370 881 468 914 ἔδειξεν
484 881 619 917 ἄφθαρτον
652 881 751 908 Ἕνεκα
774 881 823 917 μὲν
837 879 883 908 οὖν
906 881 951 908 τοῦ

172 922 307 963 δειχθῆναι
323 928 367 954 τὸν
390 928 503 955 θάνατον
526 929 554 954 ὲν
570 928 609 963 τῷ
634 928 748 963 σώματι,
770 929 888 963 τριταῖον
907 929 953 954 ἀν-

172 973 270 1008 έστησε
282 973 359 1000 τοῦτο
369 983 376 989 ·
391 975 434 1001 ἶνα
447 974 474 1000 δὲ
489 974 525 1010 μὴ
537 975 583 1001 ἐπὶ
598 974 665 1000 πολὺ
679 974 817 1008 διαμεῖναν
831 974 877 1000 καὶ
888 974 953 1009 φθα-

173 1019 218 1053 ρὲν
225 1019 313 1045 τέλεον
328 1018 440 1055 ὕστερον
454 1020 606 1055 ἀναστήσας
616 1020 762 1055 ἀπιστηθῇ,
774 1020 810 1051 ὡς
819 1021 867 1046 οὐκ
878 1019 952 1051 αὐτὸ,

171 1064 228 1091 ἀλλ’
246 1065 335 1100 ἕτερον
351 1066 430 1101 σῶμα
444 1066 547 1102 φέρων·
569 1066 661 1102 ἔμελλε
681 1066 735 1102 γὰρ
750 1067 782 1093 άν
796 1075 836 1098 τις
852 1066 898 1092 καὶ,
910 1066 952 1092 διὰ

170 1111 215 1137 τὸν
231 1111 285 1146 (59)
302 1112 397 1147 χρόνον
409 1113 533 1139 ἀπιστεῖν
545 1113 583 1148 τῷ
601 1114 754 1148 φαινομένῳ
763 1134 769 1145 ,
783 1114 830 1140 καὶ
844 1113 953 1139 ἐπιλαν-

172 1156 297 1184 θάνεσθαι
312 1157 365 1185 τῶν
390 1160 542 1194 γενομένων
555 1168 561 1174 “
588 1160 631 1187 διὰ
653 1146 730 1186 τοῦτο
747 1160 777 1186 οὐ
797 1160 880 1186 πλείω
899 1159 953 1186 τῶν

171 1201 253 1237 τριῶν
266 1202 375 1238 ἡμερῶν
384 1203 520 1239 ἠνέσχετο,
536 1205 595 1231 οὐδὲ
610 1205 656 1231 ἐπὶ
669 1205 734 1232 πολὺ
749 1205 810 1237 τοὺς
821 1205 952 1232 ἀκούσαν-

170 1255 220 1278 τας
240 1247 320 1273 αὐτοῦ
344 1248 407 1284 περὶ
423 1249 472 1282 τῆς
490 1249 661 1280 ἀναστάσεως
679 1249 873 1284 παρείλκυσεν·
896 1249 952 1276 ἀλλ’

172 1291 212 1318 ἔτι
242 1293 295 1320 τῶν
318 1294 407 1321 ἀκοῶν
424 1295 511 1321 αὐτῶν
525 1295 634 1322 ἔναυλον
647 1295 760 1330 ἐχόντων
774 1295 858 1331 [ἴσως
875 1296 952 1331 ἐχου-

172 1337 238 1373 σῶν]
257 1338 301 1365 τὸν
320 1339 407 1373 λόγον,
427 1340 473 1366 καὶ
490 1340 528 1366 ἔτι
543 1340 596 1367 τῶν
611 1340 757 1374 ὀφθαλμῶν
772 1340 862 1367 αὐτῶν
876 1340 952 1367 ἐκδε-

172 1383 303 1418 χομένων,
330 1384 376 1410 χαί
398 1385 447 1419 τῆς
470 1384 587 1416 διανοίας
606 1385 694 1411 αὐτῶν
715 1386 883 1421 ὴρτημένης,
907 1386 953 1412 καὶ

171 1425 278 1458 ζώντων
291 1428 336 1455 ἐπὶ
348 1429 398 1463 γῆς
413 1428 451 1454 ἔτι
464 1449 470 1460 ,
486 1429 530 1455 καὶ
547 1430 593 1456 ἐπὶ
609 1430 698 1456 τόπων
720 1429 775 1465 (60)
794 1430 876 1458 ὀντων
898 1430 952 1457 τῶν

171 1472 391 1507 θανατωσάντων,
411 1475 457 1501 καὶ
471 1476 678 1511 μαρτυρούντων
694 1477 757 1512 περὶ
773 1477 819 1504 τοῦ
838 1477 952 1504 θανάτου

169 1518 217 1544 τοῦ
228 1520 358 1554 κυριακοῦ
374 1520 508 1556 σώματος,
521 1521 599 1553 αὐτὸς
611 1523 625 1548 ὁ
640 1523 686 1548 τοῦ
699 1522 765 1548 (ε)εοῦ
778 1523 838 1554 Υἱὸς
853 1524 881 1549 ὲν
892 1532 951 1559 τρι-

170 1564 237 1599 ταίῳ
251 1565 414 1601 διαστήματι
431 1567 461 1592 τὸ
472 1568 614 1602 γενόμενον
634 1568 728 1602 νεκρὸν
752 1568 830 1603 σῶμα
853 1568 951 1600 ἔδειξεν

170 1610 301 1638 ἀθάνατον
320 1613 366 1639 καὶ
385 1613 536 1649 ἄψθαρτον·
562 1614 609 1640 καὶ
629 1614 769 1649 ἀνεδείχθη
797 1615 889 1647 πᾶσιν,
913 1616 953 1642 ὅτι

169 1657 219 1684 οὐκ
238 1658 364 1694 ἀσθενείᾳ
378 1658 483 1693 φύσεως
494 1659 540 1686 τοῦ
558 1661 723 1692 ἐνοικοῦντος
740 1661 825 1694 Λόγου
839 1661 952 1696 τέθνηκε

169 1702 201 1728 τὸ
217 1703 304 1738 σῶμα,
323 1703 379 1730 ἀλλ’
396 1705 442 1730 ἐπὶ
458 1704 496 1739 τῷ
510 1705 554 1731 τὸν
570 1705 681 1732 θάνατον
693 1705 902 1741 ὲξαφανισθῆναι
925 1708 953 1733 ἐν

170 1747 243 1782 αὐτῷ
259 1750 292 1784 τῇ
305 1748 417 1784 δυνάμει
432 1748 478 1775 τοῦ
494 1749 628 1784 Σωτῆρος.

169 1801 272 1823 naturae
289 1796 366 1823 Verbi
392 1796 566 1824 inhabitantis
591 1802 725 1824 mortuum
747 1805 807 1825 esse
832 1805 941 1834 corpus,

170 1845 223 1868 tur.

202 1889 247 1915 27.
271 1888 323 1915 Τοῦ
344 1890 393 1924 μὲν
412 1890 465 1926 γὰρ
487 1891 681 1918 καταλελύσθαι
700 1893 744 1919 τὸν
761 1892 884 1924 θάνατον,
905 1894 951 1920 καὶ

168 1935 246 1970 νίκην
268 1936 327 1962 κατ’
343 1936 424 1963 αὐτοῦ
439 1938 601 1972 γεγενῆσθαι
614 1939 659 1965 τὸν
680 1939 805 1974 σταυρὸν,
831 1940 877 1966 καὶ
901 1948 951 1974 μη-

167 1981 226 2009 κέτι
239 1982 330 2009 λοιπὸν
345 1983 455 2018 ἰσχύειν,
471 1983 527 2010 ἀλλ’
542 1982 609 2011 εἶναι
621 1985 715 2019 νεκρὸν
735 1985 814 2012 αὑτὸν
833 1985 948 2021 ἀληθῶς,

168 2029 310 2065 γνώρισμα
331 2031 380 2057 οὐκ
401 2031 488 2066 ὀλίγον
510 2033 558 2059 καὶ
575 2033 665 2065 πίστις
689 2034 805 2070 ἐναργὴς
823 2034 853 2061 τὺ
874 2035 948 2071 παρὰ

167 2075 276 2102 πάντων
292 2077 346 2103 τῶν
368 2077 413 2103 τοῦ
427 2077 544 2113 Χριστοῦ
569 2079 697 2114 μαθητῶν
714 2080 793 2106 αὐτὸν
808 2076 949 2116 Βιαταςρρο-

965 1543 987 1572 C

1001 241 1123 268 stiﬁcari.
1139 241 1279 276 Templum
1297 248 1402 275 quoque
1413 248 1490 267 suum
1507 247 1602 274 nempe
1614 247 1711 274 corpus
1725 247 1776 266 uolt

1001 287 1044 314 diu
1064 287 1189 314 exanime
1211 287 1303 322 jacere
1331 286 1402 318 sivit,
1433 286 1478 312 sed
1503 292 1564 312 cum
1592 285 1654 311 illud
1685 285 1778 311 mortis

1001 339 1145 367 congressu
1164 337 1299 359 mortttum
1315 331 1486 361 ostendisset.
1500 332 1577 357 tertia
1598 329 1641 356 die
1661 329 1750 356 statitn
1763 338 1778 356 ιι

1003 379 1117 406 mortuis
1131 379 1269 411 excitavit,
1282 378 1401 413 corporis
1417 377 1642 411 incorruptionem
1661 380 1688 402 et
1701 375 1777 402 indo-

1003 423 1123 456 lentiam,
1136 424 1216 450 veluti
1235 423 1352 457 tropltzea
1370 428 1398 450 et
1414 423 1526 457 palmas,
1547 426 1633 449 morte
1646 422 1717 448 victa
1737 428 1777 447 re-

1002 474 1122 503 portans.
1138 468 1247 496 Polerat
1268 469 1374 503 quidem
1399 468 1488 495 statim
1506 471 1565 502 post
1587 472 1700 494 mortem
1717 474 1777 493 cor-

1002 523 1050 549 pus
1064 515 1232 542 cxsuscilare
1251 519 1275 541 et
1297 514 1385 540 vivmn
1405 514 1501 540 iterum
1515 513 1665 540 ostendere.
1680 511 1776 539 Verum

1003 561 1028 588 id
1047 569 1098 587 non
1114 561 1173 588 sine
1194 568 1288 595 magna
1300 559 1466 594 providentia
1484 559 1572 586 facere
1587 559 1670 586 noluit
1684 558 1777 585 Salva-

1002 612 1053 635 tor.
1073 607 1210 641 Siquidem
1225 607 1286 634 inde
1304 606 1436 641 potuisset
1453 605 1551 639 aliquis
1565 604 1695 639 suspicari
1706 605 1779 632 villud

1003 660 1171 687 nequaquam
1192 656 1326 679 mortuum
1345 659 1416 683 esse,
1435 651 1475 678 vel
1497 659 1548 678 non
1569 650 1677 677 ontnitto
1695 650 1748 686 56
1764 658 1778 677 a

1004 703 1089 726 morte
1105 705 1204 726 tactum
1217 699 1310 730 fuisse,
1330 699 1351 725 si
1365 698 1439 725 illico
1454 697 1657 725 resurrexisset.
1673 696 1780 724 Fortas-

1002 745 1039 772 sis
1051 745 1132 772 etiam
1147 744 1170 771 si
1185 744 1278 771 eodem
1295 743 1422 778 lentporis
1433 743 1520 778 spatio
1535 750 1607 770 mors
1621 747 1648 769 et
1659 749 1779 770 resurre-

1003 791 1057 817 ctio
1080 790 1243 822 evenissent,
1265 789 1474 823 incorruptionis
1494 789 1575 816 decus
1600 789 1730 816 incertum
1754 793 1780 814 et

1005 836 1122 870 ignotum
1152 835 1257 862 fuisset.
1290 834 1434 868 Quocirca,
1463 838 1492 861 ut
1519 841 1616 868 corpus
1643 836 1779 859 mortuum

1003 882 1084 909 fuisse
1096 886 1242 913 constaret,
1258 881 1345 908 media
1362 888 1413 908 una
1428 879 1471 906 die
1484 887 1590 914 passutn
1600 877 1779 910 estVerbum,

1002 931 1030 954 et
1049 933 1146 960 corpus
1161 926 1239 954 tertia
1252 926 1295 953 die
1311 925 1438 952 omnibus
1451 925 1635 958 incorruptum
1650 923 1778 950 ostendit.

1002 973 1103 1007 Itaque,
1117 978 1146 999 ut
1162 979 1261 1006 corpus
1276 978 1338 999 vere
1355 976 1490 998 mortuum
1507 969 1589 997 fuisse
1607 969 1779 996 manifestum

1002 1023 1084 1050 esset,
1098 1018 1161 1045 illud
1177 1018 1252 1045 tertia
1274 1017 1317 1044 die
1331 1017 1513 1044 exsuscitavit.
1535 1015 1573 1042 Ne
1587 1019 1675 1042 autem
1694 1014 1720 1042 id
1739 1014 1780 1041 in-

1002 1063 1131 1091 credibile
1153 1063 1298 1095 videretur,
1324 1062 1450 1096 aliudque
1476 1068 1536 1088 eum
1558 1060 1657 1088 habere
1681 1067 1780 1095 corpus

1004 1113 1130 1144 putarent
1143 1108 1276 1140 homines,
1287 1108 1308 1134 si
1325 1107 1449 1134 nimirum
1467 1114 1519 1134 non
1531 1105 1581 1133 nisi
1597 1109 1657 1140 post
1668 1105 1779 1132 multutn

1003 1154 1143 1190 temporis,
1161 1161 1222 1181 cum
1237 1153 1292 1187 jam
1305 1153 1411 1187 penitus
1426 1152 1521 1180 fuisset
1538 1156 1704 1186 corruptum,
1717 1151 1780 1177 illud

1004 1200 1066 1227 vita
1091 1199 1253 1227 reddidisset
1281 1199 1342 1233 (nec
1357 1200 1428 1225 enim
1446 1197 1594 1225 defuissent
1609 1197 1654 1232 qui
1671 1202 1780 1232 propter

1002 1247 1147 1283 longiorem
1175 1253 1276 1274 moram
1307 1246 1386 1272 Iidem
1414 1253 1466 1272 nott
1488 1244 1657 1277 adhiberent,
1679 1247 1706 1271 et
1720 1249 1780 1277 qua!

1003 1298 1062 1321 acta
1079 1297 1170 1321 essent
1186 1290 1419 1325 obliviscerentur)
1437 1301 1444 1318 :
1471 1291 1572 1318 idcirco
1591 1298 1642 1317 non
1666 1289 1781 1324 amplius

1002 1346 1083 1374 quam
1105 1342 1160 1365 tres
1179 1337 1237 1365 dies
1256 1336 1434 1371 exspectavit,
1452 1343 1539 1370 neque
1556 1335 1615 1362 illos
1638 1335 1684 1370 qui
1704 1342 1733 1362 se
1749 1335 1781 1362 de

1003 1384 1201 1412 resurrectione
1220 1383 1354 1410 dicentem
1370 1382 1512 1409 audierant
1528 1382 1554 1408 in
1571 1381 1677 1416 longius
1692 1381 1781 1408 distu-

1003 1430 1032 1457 lit
1045 1439 1052 1463 ;
1067 1430 1113 1457 sed
1134 1437 1193 1457 cum
1211 1429 1270 1464 ejus
1288 1428 1377 1457 verbis
1394 1427 1509 1456 illorum.
1523 1434 1603 1456 aures
1620 1427 1706 1454 adhuc
1720 1433 1781 1461 per-

1003 1479 1154 1509 sonarent;
1176 1483 1236 1502 cum
1265 1482 1326 1502 eum
1349 1474 1436 1502 adhuc
1460 1474 1570 1502 attentis
1592 1476 1780 1509 exspectarent

1003 1521 1100 1553 oculis,
1128 1525 1155 1548 et
1179 1521 1268 1549 animo
1290 1525 1380 1549 essent
1395 1521 1516 1555 suspensi
1534 1528 1541 1553 ;
1559 1528 1619 1548 cum
1645 1520 1732 1547 adhuc
1753 1519 1780 1546 in

1003 1572 1074 1594 terra
1097 1567 1218 1594 viverent
1243 1571 1269 1594 et
1294 1567 1388 1594 iisdem
1412 1567 1437 1593 in
1459 1566 1525 1594 locis
1544 1569 1716 1593 versarentur
1733 1564 1780 1600 qui

1001 1613 1074 1640 illum
1087 1613 1242 1640 occiderant
1259 1617 1287 1639 et
1301 1613 1394 1640 mortis
1414 1612 1544 1639 Dominici
1559 1611 1678 1646 corporis
1698 1615 1780 1638 testes

1001 1665 1099 1692 erant;
1121 1660 1177 1693 ipse
1201 1659 1245 1685 Ι)ρὶ
1266 1658 1350 1685 Filius
1366 1665 1472 1692 corpus,
1487 1657 1558 1692 quod
1579 1657 1660 1684 trium
1676 1656 1780 1683 dierum

1001 1705 1088 1740 spatio
1102 1710 1236 1732 mortuum
1257 1704 1353 1736 fuerat,
1377 1704 1529 1731 immortale
1547 1709 1574 1731 et
1596 1703 1780 1737 incorruptum

1001 1751 1132 1783 exhibuit,
1156 1751 1297 1785 palamque
1325 1749 1426 1776 factum
1453 1753 1495 1776 est
1520 1757 1571 1777 non
1596 1747 1780 1776 imbecillitate

975 1798 1021 1826 sed
1051 1803 1080 1826 ut
1102 1805 1175 1826 mors
1193 1799 1292 1825 virtute
1317 1797 1465 1826 Salvatoris
1486 1797 1514 1823 In
1540 1796 1597 1831 ipso
1626 1796 1780 1823 destruere-

1038 1895 1082 1921 27.
1099 1893 1210 1922 Mortem
1227 1894 1298 1920 enim
1316 1893 1473 1921 dissolutam
1491 1900 1551 1920 esse
1571 1897 1598 1919 et
1610 1899 1690 1919 cruce
1703 1891 1781 1919 devi.

1003 1944 1084 1971 ctam.
1102 1947 1151 1967 nec
1164 1947 1222 1967 eam
1236 1939 1350 1974 amplius
1367 1939 1420 1965 vim
1435 1939 1515 1966 ullam
1535 1938 1644 1970 habere,
1661 1938 1706 1964 sed
1719 1944 1780 1964 vere

1002 1991 1134 2013 mortuam
1155 1993 1224 2018 esse,
1242 1993 1293 2012 non
1313 1990 1391 2013 tenue
1409 1991 1595 2020 argumentum
1619 1985 1666 2012 sed
1685 1983 1780 2011 certis-

1002 2033 1098 2060 simum
1112 2032 1240 2059 indicium
1258 2037 1308 2063 est,
1331 2032 1401 2065 quod
1415 2033 1448 2059 ab
1473 2032 1598 2059 otnnibus
1615 2031 1714 2058 Christi
1739 2030 1780 2057 di-

1001 2077 1177 2112 scipulis.illa
1200 2082 1400 2110 contemnatur,
1424 2085 1570 2112 omnesque
1594 2078 1679 2104 eidem
1698 2077 1781 2104 insul-

167 2122 280 2153 νεῖσθαι,
300 2123 345 2150 καὶ
362 2123 464 2155 πάντας
476 2124 624 2150 ἐπιϐαίνειν
647 2125 704 2151 κατ’
721 2125 802 2151 αὐτοῦ
814 2146 820 2157 ,
835 2127 881 2152 καὶ
897 2135 949 2161 μη-

1002 2128 1068 2155 tent,
1081 2131 1130 2150 nec
1143 2123 1198 2157 jam
1215 2124 1248 2150 ab
1264 2124 1318 2151 illis
1337 2124 1470 2155 timeatur,
1491 2123 1537 2150 sed
1559 2123 1635 2157 signo
1651 2123 1739 2150 crucis
1753 2127 1782 2150 et

167 2168 227 2195 κέτι
241 2168 378 2202 φοϐεῖσθαι
394 2169 487 2196 τοῦτον
499 2190 506 2202 ,
522 2169 588 2196 ἀλλὰ
603 2169 640 2205 τῷ
653 2170 758 2204 σημείῳ
773 2170 819 2196 τοῦ
833 2170 950 2206 σταυροῦ

167 2215 214 2241 καὶ
227 2215 260 2250 τῇ
279 2215 320 2246 εἰς
335 2215 450 2250 Χριστὸν
466 2217 554 2242 πίστει
567 2217 733 2243 καταπατεῖν
748 2216 828 2242 αὑτὸν
850 2217 888 2248 ὡς
907 2225 950 2242 νε-

167 2261 243 2296 κρόν.
262 2261 348 2287 Πάλαι
366 2262 414 2296 μὲν
424 2262 477 2297 γὰρ
491 2263 553 2296 πρὶν
563 2263 612 2298 τὴν
631 2262 705 2290 θείαν
719 2262 864 2298 ἐπιδημίαν
874 2262 949 2296 γενέ-

167 2306 229 2333 σθαι
241 2306 287 2333 τοῦ
298 2307 421 2342 Σωτῆρος
431 2328 437 2339 ,
457 2308 570 2343 φοϐερὸς
581 2306 614 2344 ἦν
625 2309 672 2335 καὶ
687 2310 778 2341 αὐτοῖς
790 2310 846 2340 τοῖς
862 2308 948 2343 ἁγίοις

164 2352 179 2378 ὁ
192 2351 314 2385 θάνατος,
341 2353 388 2379 καὶ
403 2353 458 2388 (61)
480 2353 578 2385 πάντες
596 2354 659 2386 τοὺς
674 2353 891 2389 ἀποθνήσκοντας
910 2353 948 2384 ὠς

166 2398 357 2434 φθειρομένους
376 2399 505 2434 ἐθρήνουν
519 2408 525 2414 '
548 2401 608 2436 ἄρτι
626 2401 655 2427 δὲ
677 2400 723 2427 τοῦ
744 2400 868 2435 Σωτῆρος
884 2401 948 2426 ἀνα-

167 2446 314 2481 στήσαντος
329 2446 359 2472 τὸ
374 2446 463 2481 σῶμα,
476 2446 567 2473 οὐκέτι
589 2447 636 2481 μὲν
648 2448 662 2472 ὀ
678 2446 789 2478 θάνατός
803 2447 860 2472 ἐστι
872 2446 948 2479 φοϐε-

167 2491 222 2526 ρὸς,
248 2491 347 2523 πάντες
363 2492 392 2518 δὲ
407 2493 432 2518 οἱ
446 2491 485 2527 τῷ
498 2492 607 2528 Χριστῷ
621 2492 801 2523 πιστεύοντες,
815 2491 852 2522 ὡς
871 2491 946 2517 οὐδὲν

164 2536 245 2564 αὑτὸν
254 2537 316 2564 ὄντα
336 2537 448 2565 πατοῦσι
465 2539 511 2565 καὶ
530 2538 627 2573 μᾶλλον
648 2538 826 2573 ἀποθνήσκειν
842 2537 948 2572 αἱροῦν-

165 2591 220 2614 ται,
243 2584 260 2618 ἢ
285 2583 452 2619 ἀρνήσασθαι
476 2584 524 2620 τὴν
546 2585 583 2616 είς
607 2584 721 2619 Χριστὸν
737 2584 837 2610 πίστιν.
861 2583 946 2609 Ἶσασι

165 2628 219 2664 γὰρ
233 2628 325 2661 ὅντως,
343 2630 382 2656 ὅτι
395 2630 608 2665 ἀποθνήσκοντες
625 2631 674 2656 οὑκ
690 2630 860 2660 ἀπόλλυνται,
881 2629 947 2655 ἀλλᾶ

203 2717 258 2750 (58)
273 2717 427 2752 SeguerJ-cé
441 2719 529 2746 habet.
545 2719 615 2752 quod
627 2719 671 2747 alii
684 2724 711 2746 et
728 2719 792 2745 editi
807 2719 942 2745 omittunt.

204 2753 259 2786 (59)
274 2752 318 2780 Sic
335 2754 443 2781 Gobler.
468 2754 583 2782 Felckm.
607 2755 618 2781 I
645 2764 689 2782 an.
706 2760 730 2781 et
753 2754 942 2787 Seguerianus.

169 2787 219 2815 Alii
232 2793 258 2814 et
277 2789 351 2823 editi,
365 2789 455 2816 αὐτόν.
472 2789 552 2815 Iidem
569 2790 646 2823 paulo
664 2795 725 2818 ante
740 2789 880 2823 διαμεῖναν
895 2790 941 2816 Ita—

169 2822 302 2860 bentl‘ubi
317 2824 359 2860 alii
373 2829 399 2850 et
417 2825 490 2860 editi,
502 2825 646 2860 διαμεῖνον.

206 2857 260 2892 (60)
271 2857 315 2885 Sic
326 2859 392 2886 (iob.
406 2865 430 2887 et
442 2859 495 2887 Feb
506 2859 531 2887 k.
546 2857 555 2887 I
572 2869 615 2888 an.
628 2861 659 2888 At
673 2861 715 2888 alii
729 2866 754 2889 et
767 2859 839 2894 editi,
852 2862 940 2890 τόπον.

1007 2170 1058 2197 lide
1074 2169 1176 2197 Christi
1196 2174 1320 2204 tauquam
1339 2174 1442 2196 mortua
1464 2168 1648 2196 conculcetur.
1662 2167 1729 2195 Olim
1744 2167 1782 2194 si-

1001 2215 1109 2250 quidem
1135 2220 1198 2242 ante
1219 2215 1336 2242 divinmn
1364 2214 1512 2242 Salvatoris
1532 2214 1687 2245 adventum,
1715 2212 1781 2246 ipsis

1001 2261 1082 2288 etiam
1103 2260 1205 2287 sanctis
1233 2268 1306 2287 mors
1323 2264 1382 2287 erat
1402 2259 1540 2292 terribilis,
1565 2258 1709 2292 cunctique
1734 2264 1781 2284 eos

1001 2307 1044 2340 qui
1064 2307 1247 2334 moriebantur
1262 2311 1387 2340 tanquam
1405 2311 1548 2341 pereuntes
1564 2304 1704 2331 deﬂebant.
1721 2303 1780 2331 Jam

1000 2357 1102 2384 autem,
1121 2357 1260 2386 postquam
1279 2351 1401 2378 Salvator
1423 2359 1520 2385 corpus
1539 2358 1614 2377 suum
1635 2358 1648 2377 a
1667 2350 1780 2377 mortuis

1000 2398 1138 2430 excitavit,
1160 2405 1233 2424 mors
1247 2405 1298 2424 non
1318 2397 1432 2430 amplius
1451 2395 1578 2423 terribilis
1593 2400 1643 2428 est,
1663 2396 1708 2423 sed
1723 2403 1781 2422 om-

1000 2451 1059 2476 nes,
1076 2445 1121 2477 qui
1148 2443 1255 2470 Christo
1268 2443 1389 2473 credunt,
1412 2449 1471 2469 eam
1491 2446 1616 2475 tanquam
1640 2449 1698 2476 quae
1715 2441 1781 2468 nihil

999 2490 1035 2516 sit
1061 2488 1176 2521 calcant,
1203 2488 1344 2523 potiusque
1370 2488 1436 2515 mori
1461 2488 1564 2522 eligunt
1590 2494 1670 2522 quam
1700 2486 1780 2514 ﬁdem

1001 2535 1100 2562 Christi
1117 2542 1224 2569 negare.
1241 2534 1372 2560 Nimirum
1391 2540 1465 2561 certo
1483 2534 1572 2561 sciunt
1591 2541 1619 2560 se
1642 2533 1780 2560 moriendo

999 2589 1051 2608 non
1072 2580 1171 2615 perire,
1187 2581 1233 2607 sed
1250 2581 1341 2608 vivere
1363 2584 1389 2607 et
1405 2580 1578 2614 incorruptos
1596 2587 1643 2614 per
1660 2585 1781 2606 resurre-

1000 2627 1116 2654 ctionem
1134 2626 1201 2653 ﬁeri.
1217 2626 1263 2653 Ille
1278 2631 1366 2653 autem
1382 2626 1426 2660 qui
1444 2626 1522 2653 nobis
1536 2631 1612 2653 antea
1628 2631 1714 2653 morte
1731 2626 1780 2653 im-

997 2716 1136 2755 Illott
1150 2715 1258 2755 chtter.
1276 2716 1426 2755 μαρτύρων
1432 2715 1477 2742 τοῦ
1492 2716 1616 2755 θανάτου.

1033 2751 1088 2785 ((iI)
1102 2751 1162 2778 Hast-
1174 2749 1265 2786 vet'lta,
1277 2749 1392 2786 φοϐερὸς
1412 2749 1445 2786 ἧν
1466 2752 1512 2778 καὶ
1525 2752 1614 2782 αὐτοῖς
1626 2751 1680 2781 τοῖς
1692 2749 1779 2784 ἁγίοις

997 2787 1149 2848 ἔθανατος,
1166 2785 1223 2818 καί,
1239 2787 1334 2814 absunt
1353 2795 1366 2813 a
1389 2785 1498 2815 Gobler.
1516 2786 1632 2814 Fclckut.
1652 2785 1662 2811 I
1686 2794 1729 2812 au.
1752 2791 1779 2812 et

1020 2829 1109 2857 egucr.
