2037 3044
181 159 234 187 165

183 225 232 252 ραν
246 222 390 250 γινομενην
415 215 484 242 κατά
505 215 551 242 τοῦ
575 215 689 243 Θανάτου
710 215 807 251 χλεύην
822 215 897 251 παρὰ
910 216 964 243 τῶν

181 264 211 290 ιν
223 261 333 297 Χριστῷ
345 261 560 297 διαπρεπόντων,
576 262 649 297 ὅμως
660 282 667 294 ,
690 263 714 288 εἰ
731 262 770 288 ἔτι
787 263 837 298 τὴν
848 262 965 290 διάνοιαν

181 307 330 344 ἀμφίϐολον
348 308 404 342 ἔχει
420 308 484 343 περὶ
499 307 548 334 τοῦ
570 307 757 343 ωτηργῆσθαι
772 308 817 334 τὸν
840 308 963 340 θάνατον,

181 355 228 381 καὶ
238 354 312 386 τέλος
329 353 484 389 ἐσχηκέναι,
497 353 587 385 καλῶς
601 353 649 389 μὲν
661 355 732 380 ποιεί
746 354 891 389 θαυμάζων
902 354 964 389 περὶ

180 400 226 426 τοῦ
241 399 398 435 τηλικούτου
407 408 413 414 “
427 399 496 435 πλὴν
510 399 547 434 μὴ
558 399 672 435 σκληρὸς
684 401 723 431 είς
740 400 878 432 ἀπιστίαν,
897 400 964 435 μηδὲ

181 445 291 481 ἀναιδὴς
307 445 375 480 πρὸς
387 445 421 472 τὰ
435 445 521 478 οὕτως
534 446 635 481 ἐναργῆ
647 446 771 480 γινέσθω.
791 446 859 472 Ἀλλ’
871 445 964 482 ὥσπερ

180 492 194 518 6
206 491 251 518 τὸν
265 491 395 526 ἀμίαντον
409 491 498 518 λαϐὼν
510 491 637 525 γινώσκει
648 491 677 518 τὸ
687 492 818 518 ἅκαυστον
841 492 896 527 (70)
917 492 963 518 τοῦ

181 535 265 571 πυρὸς
275 535 343 571 πρὸς
354 535 428 565 αὐτὸ,
440 535 487 562 καὶ
500 537 514 562 6
527 536 572 562 τὸν
582 536 711 571 τύραννον
724 536 863 571 δεδεμένον
879 537 963 564 θέλων

180 582 265 617 ὸρᾷν,
290 582 329 612 εἰς
354 581 402 616 τὴν
424 581 471 607 τοῦ
496 582 653 617 νικήσαντος
673 582 758 618 ἀρχὴν
780 583 961 619 παρέρχεταιο

180 627 252 654 οὕτω
274 627 321 654 καὶ
337 628 351 654 6
371 626 492 654 ἀπιστῶν
515 627 580 663 περὶ
602 627 651 662 τῆς
678 627 723 654 τοῦ
747 627 862 654 Θανάτου
887 628 964 664 νίκης

181 672 342 708 λαμϐανέτω
356 672 405 708 τὴν
420 672 510 699 πίστιν
524 672 570 699 τοῦ
585 672 712 708 Χριστοῦ,
728 674 773 700 καὶ
787 675 825 706 είς
839 674 889 710 τὴν
903 674 964 701 τού-

180 727 226 745 του
240 718 411 744 διδασκαλίαν
426 718 619 753 παρερχέσθω·
647 719 693 745 καὶ
708 719 800 753 ὄψεται
816 720 861 746 τοῦ
883 720 964 746 θανά-

179 771 226 788 του
241 762 289 798 τὴν
304 762 454 795 ἀσθένειαν,
477 763 524 789 καὶ
543 763 593 798 τήν
614 763 673 790 κατ’
687 763 769 790 αὑτοῦ
786 763 873 800 νίκην.
896 765 963 792 Πολ·

179 807 218 834 λοὶ
247 807 302 843 γὰρ
330 808 460 843 πρότερον
499 808 677 840 ἀπιστοῦντες
705 808 750 835 καὶ
778 808 961 843 χλευάζοντες,

179 852 291 888 ὕστερον
327 851 536 884 πιστεύσαντες,
575 853 646 880 οὕτω
680 854 883 890 κατεφρόνησαν
914 853 961 881 τοῦ

179 898 292 925 θανάτου
303 918 311 930 ,
331 899 369 930 ὡς
383 899 429 926 καὶ
443 899 582 935 μάρτυρας
597 898 679 926 αὑτοῦ
700 899 756 935 (71)
776 900 900 935 γενέσθαι
914 901 961 929 τοῦ

178 944 305 980 Χριστοῦ.

212 990 257 1017 29.
285 991 316 1016 El
331 990 359 1017 δὲ
374 989 414 1026 τῷ
435 990 540 1026 σημείῳ
554 990 602 1017 τοῦ
624 991 741 1028 σταυροῦ
756 992 803 1018 καὶ
818 993 851 1028 τῇ
871 992 960 1020 πίστει

179 1037 212 1071 τῆ
227 1036 267 1067 εἰς
278 1036 393 1071 Χριστὸν
409 1038 604 1064 καταπατεῖται
622 1038 635 1064 6
647 1038 769 1070 θάνατος,
782 1038 860 1073 δῆλον
872 1038 904 1065 ἂν
917 1038 960 1074 εἴη

178 1081 253 1117 παρὰ
274 1081 386 1117 ἀληθείᾳ
404 1081 551 1118 δικαζούσῃ
570 1082 606 1118 μὴ
629 1083 706 1110 ἄλλον
725 1081 793 1110 εἶναι
810 1084 896 1119 ἀλλ*ἢ
913 1084 960 1111 αὐ-

177 1127 223 1154 τὸν
237 1127 283 1154 τὸν
295 1127 411 1163 Χριστὸν
420 1147 428 1158 ,
444 1128 489 1155 τὸν
503 1127 573 1154 κατὰ
587 1127 632 1154 τοῦ
646 1128 759 1156 θανάτου
776 1130 894 1166 τρόπαια
914 1130 961 1156 καὶ

177 1171 252 1204 νίκας
262 1171 472 1207 ἐπιδειξάμενον,
481 1173 603 1200 κάκεῖνον
613 1172 788 1209 ἐξασθενῆσαι
798 1175 958 1210 ποιήσαντα·

179 1217 225 1242 καὶ
243 1217 268 1243 εί
281 1216 411 1252 πρότερον
427 1217 477 1252 μὲν
492 1217 581 1252 ἴσχυεν
593 1219 607 1244 6
623 1217 735 1250 θάνατος
746 1239 753 1251 ,
769 1220 815 1245 καὶ
828 1219 870 1246 διὰ
882 1219 960 1246 τοῦτο

178 1261 291 1297 φοϐερὸς
303 1259 347 1297 ἦν,
363 1262 424 1297 ἄρτι
438 1261 466 1288 δὲ
482 1263 551 1298 μετά
569 1263 618 1299 τὴν
639 1263 784 1300 ἐπιδημίαν
804 1263 851 1291 τοῦ
868 1265 960 1301 Σωτῆ-

178 1315 224 1342 ρος
236 1307 283 1333 καὶ
296 1308 341 1334 τὸν
357 1307 404 1334 τοῦ
416 1307 539 1343 σώματος
552 1309 634 1335 αὑτοῦ
648 1309 760 1337 θάνατον
772 1311 818 1337 καὶ
833 1311 883 1346 τὴν
895 1311 960 1338 ἀνά-

178 1361 270 1378 στασιν
291 1355 519 1389 καταφρονεῖται·
543 1354 657 1391 φανερὸν
680 1355 712 1382 ἂν
737 1355 779 1391 εἴη
800 1357 864 1392 παρ’
877 1356 958 1383 αὐτοῦ

177 1399 223 1426 τοῦ
237 1399 284 1425 ἐπὶ
296 1399 340 1426 τὸν
354 1400 468 1435 σταυρὸν
478 1400 626 1433 ἀναϐάντος
637 1402 753 1437 Χριστοῦ
769 1403 958 1438 κατηργῆσθαι

178 1445 223 1472 καὶ
239 1445 394 1480 νενικῆσθαι
413 1446 458 1473 τὸν
477 1446 601 1474 θάνατον.
622 1447 665 1479 Ὡς
677 1448 741 1484 γὰρ,
763 1448 811 1475 ὲάν
825 1448 893 1484 μετά
914 1448 959 1476 νὺ-

177 1500 229 1518 κτα
243 1490 360 1526 γένηται’
370 1491 454 1527 ἥλιος,
472 1493 520 1519 καὶ
535 1493 589 1525 πᾶς
603 1493 617 1520 6
631 1493 767 1529 περίγειος
781 1494 863 1526 τόπος
875 1503 959 1522 κατα-

176 1536 316 1572 λάμπηται
335 1537 380 1564 ὑπ’
395 1537 489 1584 αὐτου,
513 1537 622 1570 πάντως
642 1539 692 1565 οὐκ
708 1539 781 1566 ἔστιν
797 1539 957 1575 ἀμφίϐολον,
972 1555 992 1584 C

176 1583 217 1609 ὅτι
232 1584 246 1609 6
257 1583 287 1610 τὸ
300 1584 357 1619 φῶς
370 1583 532 1618 ὲφαπλώσας
551 1584 625 1620 ἥλιος
645 1585 780 1620 πανταχοῦ
794 1586 874 1618 αὐτός
886 1587 959 1614 ἐστιν

175 1630 190 1655 6
206 1628 252 1655 καὶ
266 1628 297 1655 τὺ
321 1629 415 1660 σκότος
427 1629 575 1661 ἀπελάσας,
598 1629 645 1656 καὶ
665 1629 699 1656 τά
717 1630 805 1657 πάντα
819 1631 939 1665 φωτίσας
950 1639 957 1647 ·

176 1673 257 1706 οὕτω,
278 1674 326 1701 τοῦ
340 1675 454 1702 θανάτου
471 1675 719 1710 καταφρονηθέντος
738 1676 784 1702 καὶ
800 1685 959 1712 καταπατη-

177 1719 277 1751 θέντος,
306 1720 352 1754 ἀφ’
373 1717 403 1746 οὗ
427 1720 536 1754 γέγονεν
559 1721 575 1756 ή
598 1719 645 1746 τοῦ
662 1721 785 1756 Σωτῆρος
804 1721 832 1747 ὲν
854 1719 959 1756 σώματι

176 1765 306 1800 σωτήριος
323 1764 468 1799 ἐπιφάνεια
488 1765 535 1792 καὶ
549 1765 579 1792 τὸ
594 1765 669 1796 τέλος
683 1765 729 1792 τοῦ
748 1766 873 1802 σταυροῦ,
891 1767 957 1803 πρό-

175 1810 253 1845 δηλον
271 1810 304 1837 ἂν
319 1811 373 1845 εἴη,
388 1811 428 1837 ὅτι
445 1811 525 1842 αὐτός
539 1812 613 1837 ἐστιν
631 1812 644 1837 6
658 1811 751 1847 Σωτὴρ
766 1813 781 1838 6
804 1811 851 1838 καὶ
866 1813 894 1838 ὲν
907 1812 959 1838 σώ-

177 1863 241 1890 ματι
263 1855 366 1889 φανεὶς,
388 1856 402 1881 6
424 1856 468 1882 τὸν
491 1855 604 1882 θάνατον
624 1857 809 1892 καταργήσας,
835 1858 881 1884 καὶ¹
898 1859 957 1885 κατ’

175 1898 255 1927 αὐτοῦ
271 1900 388 1935 τρόπαια
403 1900 463 1927 καθ’
475 1901 581 1937 ἡμέραν
601 1902 630 1928 ὲν
642 1903 697 1933 τοῖς
711 1902 807 1928 ἑαυτοῦ
824 1903 957 1938 μαθηταῖς

174 1946 401 1982 ἐπιδεικνύμενος.
421 1946 504 1973 Ὅταν
523 1946 577 1982 γὰρ
600 1946 641 1981 ἴδῃ
654 1955 695 1978 τις
709 1947 867 1982 ἀνθρώπους
879 1949 958 1975 ἀσθε-

173 1993 228 2023 νεῖς
242 1992 320 2024 ὄντας
334 1993 366 2027 τῇ
384 1992 483 2026 φύσει,
503 1992 700 2028 προπηδῶντας
715 1993 755 2024 είς
775 1993 820 2019 τὸν
834 1993 955 2026 θάνατον,

173 2036 221 2063 καὶ
236 2037 273 2072 μὴ
284 2037 523 2072 καταπτήσσοντας
546 2037 628 2063 αὐτοῦ
642 2037 691 2073 τὴν
703 2037 815 2073 φθορὰν,
830 2037 896 2073 μηδὲ
909 2037 958 2069 τὰς

173 2082 203 2108 ὲν
226 2081 288 2117 ᾅδου
317 2081 445 2113 καθόδους
466 2082 630 2116 δειλιῶντας,
652 2082 719 2109 ἀλλὰ.
741 2082 873 2118 προθύμῳ
885 2083 956 2118 ψυχῇ

174 2126 408 2162 προκαλουμένους
419 2127 509 2159 αὐτὸν,
522 2128 569 2154 καὶ
584 2127 619 2163 μὴ
633 2129 800 2164 πτήσσοντας
814 2128 955 2163 βασάνους,

174 2171 244 2199 ἀλλὰ
264 2171 363 2206 μᾶλλον
374 2173 424 2207 τῆς
439 2173 554 2200 ἐνταῦθα
568 2173 640 2209 ζωῆς
651 2174 843 2210 προκρίνοντας
855 2174 898 2201 διὰ
911 2174 956 2201 τὸν

174 2217 291 2252 Χριστὸν
303 2217 351 2253 τὴν
362 2219 401 2250 εἰς
414 2218 459 2244 τὸν
472 2218 584 2246 θάνατον
595 2219 692 2255 ὁρμήψ
708 2219 724 2254 ἢ
740 2220 786 2246 καὶ
799 2219 846 2246 ὲὰν
856 2219 956 2255 θεωρός

172 2271 215 2295 τις
237 2263 348 2297 γένηται
370 2263 472 2299 ἀνδρῶν
498 2265 544 2291 καὶ
562 2264 675 2298 θηλειῶν
692 2265 738 2291 καὶ
763 2265 866 2292 παίδων
889 2265 955 2292 νέων

172 2307 319 2343 ὁρμώντων
331 2308 377 2334 καὶ
392 2308 584 2344 ὲπιπηδώντων
603 2311 643 2340 είς
662 2309 707 2336 τὸν
723 2309 836 2336 θάνατον
850 2309 894 2336 διὰ
907 2310 955 2346 τὴν

173 2353 213 2384 εὶς
227 2353 342 2388 Χριστὸν
364 2353 514 2387 εὐσέϐειαν,
539 2355 581 2387 τίς
604 2355 689 2386 οὕτως
708 2356 780 2382 ἐστὶν
803 2355 913 2391 εὐήθης,
936 2356 953 2391 ἢ

173 2399 214 2430 τίς
234 2399 318 2430 οὕτως
340 2399 412 2426 ἐστὶν
432 2400 554 2432 ἄπιστος,
579 2401 620 2432 τίς
635 2401 663 2427 δὲ
679 2400 748 2428 οὕτω
769 2401 818 2437 τὴν
838 2402 955 2429 διάνοιαν

173 2445 343 2480 πεπήρωται,
360 2445 398 2477 ὡς
413 2446 450 2481 μὴ
468 2447 536 2472 νοεῖν
558 2446 604 2473 καὶ
620 2446 783 2481 λογίζεσθαι,
803 2448 844 2473 ὅτι
860 2449 874 2474 6
888 2448 955 2483 Χρι-

173 2490 245 2521 στὸς,
271 2491 311 2522 εἰς
335 2490 365 2516 6v
383 2491 563 2527 μαρτυροῦσιν
586 2492 611 2518 οἱ
630 2492 777 2527 ἄνθρωποι,
802 2492 883 2524 αὐτὸς
907 2492 956 2528 τὴν

173 2535 242 2562 κατὰ
261 2535 307 2562 τοῦ
328 2536 441 2563 θανάτου
458 2537 535 2572 νίκην
551 2537 658 2572 ἑκάστῳ
674 2538 788 2572 παρέχει
811 2538 856 2564 καὶ
877 2537 954 2564 δίδω-

173 2590 232 2613 σιν,
249 2581 402 2614 ὲξασθενεῖν
417 2582 497 2608 αὑτὸν
513 2582 596 2608 ποιῶν
615 2583 644 2610 ὲν
667 2583 774 2618 ἑκάστῳ
796 2583 849 2609 τῶν
872 2583 953 2610 αὐτοῦ

172 2626 221 2661 τὴν
236 2626 325 2653 πίστιν
339 2626 464 2662 ἐχόντων,
480 2627 527 2653 καὶ
540 2627 570 2653 τὸ
587 2629 698 2663 σημεῖον
711 2627 758 2654 τοῦ
773 2628 889 2663 σταυροῦ
906 2637 954 2664 φο-

174 2672 307 2707 ρυύντωνς
329 2673 383 2698 Καὶ
397 2672 452 2708 γὰρ
467 2673 482 2699 6
495 2673 540 2700 τὸν
555 2673 614 2708 δφιν
632 2673 737 2708 βλέπων
751 2674 957 2710 καταπατούμε-

172 2727 230 2751 νον,
245 2718 321 2750 εἱόὼς
338 2718 420 2746 αὐτοῦ
437 2719 553 2754 μάλιστα
566 2720 616 2746 sit"
642 2719 776 2756 προτέραν
794 2720 954 2756 ἀγριότητα,

171 2828 261 2889 πὲἷθ)
273 2829 376 2864 Anglic.
389 2829 496 2858 Cobler.
514 2830 629 2859 Fclcklll.
644 2832 655 2858 l
672 2835 750 2860 an.ct
769 2832 842 2867 ειυς..
856 2831 940 2867 ἄψαυ-

684 158 813 187 ORATIO
832 159 875 186 DE
895 159 1148 187 INCARNATIONE
1166 158 1277 187 VERBI.

1741 156 1793 184 146

978 219 1001 247 Α
1015 220 1159 251 martyres,
1180 219 1240 251 post
1262 214 1380 250 quotidie
1406 214 1512 241 irrisam
1541 218 1655 241 mortem
1675 213 1709 240 ab
1727 213 1793 240 insi-

1015 262 1154 297 gnioribus
1175 261 1275 289 Christi
1302 260 1429 294 athletis;
1458 260 1480 287 si
1499 259 1571 294 quis,
1597 260 1716 293 inquam,
1734 265 1793 294 post

1014 306 1072 334 haec
1093 307 1182 334 omnia
1202 313 1254 333 non
1280 306 1395 339 credat,
1419 305 1557 340 adhucque
1577 304 1678 332 dubitet
1702 308 1791 331 utrum

1015 359 1088 380 mors
1101 352 1236 380 destructa
1252 352 1288 379 sit
1305 357 1332 380 et
1345 352 1423 378 llnem
1437 351 1578 378 habuerit:
1598 355 1670 377 recte
1686 349 1792 384 quidem

1013 403 1074 433 aget
1097 398 1120 425 si
1148 405 1203 424 rem
1231 402 1331 424 tantam
1353 397 1509 425 admiretur.
1534 395 1735 427 Verumtamen,
1756 403 1791 422 ne

1013 442 1128 470 diﬂicilis
1157 443 1201 470 liat
1226 443 1257 469 ad
1276 442 1451 473 credendum,
1479 449 1529 469 nec
1548 441 1688 476 impudens
1715 442 1749 467 sit
1765 441 1791 468 iu
1826 432 1829 440 ’

1013 487 1093 515 rebus
1112 489 1179 515 adeo
1200 487 1388 520 evidentibus;
1411 487 1457 514 sed
1480 491 1507 513 ut
1525 487 1568 513 ille
1584 487 1629 521 qui
1646 486 1791 512 amiantum

1013 533 1126 567 accepit,
1150 540 1210 560 eum
1237 534 1270 560 ab
1290 533 1351 567 igne
1375 540 1426 559 non
1452 532 1572 559 comburi
1599 532 1746 566 cognoscit,
1763 536 1793 558 ut

1013 580 1075 607 item
1091 580 1135 607 ille
1153 580 1198 614 qui
1215 579 1333 606 vinctum
1350 583 1492 613 tyrannum
1509 578 1598 605 videre
1616 578 1699 612 cupit,
1712 577 1737 604 in
1753 577 1794 604 vi-

1013 626 1097 653 ctoris
1112 625 1253 660 imperium
1267 625 1362 652 transit
1375 633 1382 651 :
1399 624 1446 657 ita,
1462 624 1485 652 si
1500 623 1560 659 quis
1576 623 1609 650 de
1623 627 1708 650 morte
1722 624 1791 650 victa

1012 671 1126 703 dubitet,
1143 671 1243 699 Christi
1260 670 1338 698 ﬁdem
1354 670 1478 705 accipiat.
1491 674 1517 697 et
1537 671 1569 696 ad
1594 669 1651 703 ejus
1671 669 1791 696 scholam

1013 721 1144 749 transeat,
1168 721 1285 751 tuncque
1308 717 1403 744 mortis
1426 715 1644 748 imbecillitatem,
1657 722 1688 742 ac
1704 716 1736 742 de
1760 723 1791 743 ea

1014 768 1176 798 reportatam
1202 762 1345 790 victoriam
1364 763 1474 790 videbit.
1492 762 1629 796 Siquidem
1655 762 1729 789 multi
1745 761 1790 798 qui

1012 809 1085 844 prius
1098 810 1209 836 credere
1223 812 1368 835 renuerant
1381 816 1414 836 ac
1429 816 1477 836 nos
1491 809 1639 841 irriserant,
1650 813 1790 843 postquam

1012 853 1198 885 crediderunt,
1217 853 1284 880 adeo
1301 853 1407 879 fortiter
1426 858 1538 879 mortem
1553 856 1746 887 contempsere,
1762 856 1792 879 ut

977 887 999 916 Β
1013 899 1093 926 etiam
1111 899 1160 934 ipsi
1177 903 1311 934 martyres
1323 898 1424 925 Christi
1438 898 1543 925 flerent.

1045 988 1090 1017 29.
1116 988 1214 1022 Porro,
1229 988 1251 1016 si
1269 988 1345 1023 signo
1372 988 1461 1016 crucis
1485 992 1513 1016 et
1528 988 1627 1016 Christi
1645 988 1696 1016 [ide
1717 996 1791 1016 mors

1010 1033 1212 1061 conculcatur:
1238 1033 1328 1068 judice
1359 1033 1486 1066 veritate,
1513 1033 1725 1060 concludendum
1750 1038 1791 1061 est

1011 1079 1144 1106 neminem
1167 1078 1248 1105 alium
1271 1083 1368 1113 praeter
1392 1079 1478 1113 ipsum
1500 1078 1636 1106 Christum
1660 1087 1730 1111 esse,
1745 1080 1791 1114 qui

1010 1123 1114 1158 palmas
1135 1128 1162 1151 et
1186 1124 1337 1159 triumphos
1361 1125 1394 1151 de
1419 1129 1505 1151 morte
1533 1123 1655 1151 retulerit
1678 1132 1792 1160 eamque

1010 1169 1210 1202 debilitaverit;
1235 1169 1257 1197 si
1287 1170 1351 1196 item
1378 1177 1461 1202 mors,
1491 1176 1550 1203 qua:
1578 1174 1657 1197 antea
1677 1170 1791 1197 multum

1009 1215 1124 1249 valebat,
1136 1220 1163 1243 et
1174 1216 1244 1243 hanc
1258 1216 1292 1243 ob
1311 1223 1418 1243 causam
1436 1216 1563 1243 terribilis
1576 1221 1643 1248 erat,
1658 1216 1713 1250 jam
1728 1222 1789 1250 post

1010 1261 1158 1289 Salvatoris
1184 1261 1328 1288 adventum
1344 1266 1372 1288 et
1397 1260 1455 1295 ejus
1477 1262 1600 1296 corporis
1623 1267 1736 1289 mortem
1759 1270 1791 1290 ac

1010 1307 1236 1335 resurrectionem
1248 1307 1448 1334 contemnitur:
1465 1314 1530 1335 sane
1541 1307 1602 1334 inde
1619 1307 1790 1336 manifestum

1009 1353 1090 1381 fuerit
1117 1358 1231 1381 mortem
1258 1353 1292 1380 ab
1318 1353 1377 1388 ipso
1403 1353 1524 1385 Christo,
1552 1353 1597 1388 qui
1627 1353 1654 1381 in
1682 1362 1789 1382 erucem

1008 1399 1141 1432 ascendit,
1160 1399 1274 1427 deletam
1291 1403 1318 1426 et
1340 1399 1473 1427 devictam
1496 1406 1567 1426 esse.
1591 1398 1711 1434 Namque
1737 1409 1789 1428 non

1008 1453 1087 1473 secus
1102 1453 1133 1472 ac
1148 1451 1208 1480 post
1222 1451 1327 1473 noctem
1351 1446 1457 1473 oriente
1476 1446 1532 1473 sole
1551 1451 1689 1482 totumque
1704 1452 1790 1474 terra-

1009 1498 1067 1518 rum
1085 1490 1177 1518 orbem
1197 1492 1254 1518 suis
1276 1491 1358 1518 radiis
1375 1492 1553 1525 illuminante,
1566 1493 1666 1520 nemini
1679 1493 1788 1520 dubium

1009 1541 1050 1562 est
1073 1536 1138 1570 quin
1155 1536 1206 1568 sol,
1219 1537 1263 1571 qui
1276 1544 1353 1564 suam
1367 1536 1452 1564 lucem
1469 1537 1568 1573 ubique
1583 1537 1716 1568 diﬂ‘undit.
1734 1538 1790 1573 ipse

1010 1581 1091 1608 etiam
1113 1582 1148 1608 sit
1163 1582 1207 1616 qui
1223 1582 1349 1609 tenebras
1366 1582 1495 1616 repulerit
1509 1587 1536 1609 et
1552 1588 1648 1610 cuncta
1672 1582 1791 1610 illustra--

1010 1628 1045 1654 rit
1060 1637 1067 1654 :
1083 1627 1130 1660 ita,
1155 1635 1216 1654 cum
1242 1635 1314 1655 mors
1327 1630 1460 1656 contemni
1477 1633 1504 1655 et
1521 1628 1617 1656 calcari
1631 1628 1742 1664 cmperit
1757 1636 1790 1655 ex

1009 1681 1062 1707 quo
1088 1673 1212 1700 Salvator
1235 1681 1348 1708 corpore
1377 1673 1485 1701 indutus
1514 1674 1546 1700 ad
1572 1681 1620 1701 nos
1635 1673 1790 1701 salutariter

1009 1718 1117 1746 advenit
1127 1726 1159 1746 ac
1173 1718 1200 1746 in
1218 1726 1298 1746 cruce
1319 1724 1443 1746 mortuus
1458 1724 1517 1753 est;
1530 1720 1591 1746 inde
1606 1727 1671 1746 sane
1681 1719 1790 1747 evidens

1008 1770 1049 1793 est
1075 1765 1162 1799 ipsum
1192 1764 1371 1798 Salvatorem,
1396 1766 1441 1800 qui
1466 1766 1492 1792 in
1516 1773 1630 1800 corpore
1655 1766 1787 1800 apparuit,

1009 1817 1122 1839 mortem
1138 1811 1316 1844 destruxisse,
1331 1812 1506 1846 quotidieque
1526 1813 1552 1838 in
1572 1809 1628 1839 sflis
1650 1812 1789 1846 discipulis

1009 1862 1106 1893 tropaea
1133 1858 1165 1886 de
1196 1858 1240 1885 illa
1262 1858 1390 1885 excitare.
1405 1857 1434 1885 Si
1458 1858 1519 1893 quis
1536 1859 1607 1886 enim
1622 1859 1719 1886 viderit
1742 1859 1789 1886 bo-

1008 1904 1094 1931 mines
1114 1908 1209 1931 natura
1230 1904 1378 1932 imbecilles
1402 1905 1435 1932 ad
1453 1911 1567 1932 morlem
1591 1905 1703 1933 fidenter
1724 1913 1790 1932 eon-

1008 1950 1111 1981 volare.
1128 1957 1177 1978 nec
1199 1950 1257 1984 ejus
1281 1951 1479 1985 corruptionem
1500 1951 1554 1986 58
1569 1951 1724 1984 ferlnldare.
1742 1957 1789 1980 aut

1007 1995 1166 2024 descensum
1188 1997 1221 2023 ad
1247 1996 1349 2024 inferos
1366 1997 1497 2032 refugere.
1521 1999 1566 2025 sed
1592 1998 1674 2026 alacri
1699 1999 1789 2026 animo

1008 2042 1080 2069 illam
1101 2050 1266 2076 provocare;
1285 2049 1334 2070 nec
1359 2048 1492 2070 tormenta
1512 2044 1617 2077 timere,
1634 2045 1680 2072 sed
1699 2045 1788 2079 potius

1007 2087 1107 2115 Christi
1135 2096 1228 2116 amore
1249 2093 1362 2116 mortem
1379 2090 1503 2125 praesenti
1520 2091 1579 2117 vita:
1598 2091 1724 2125 praeferre
1743 2100 1750 2118 :
1766 2092 1788 2118 si

1007 2133 1068 2166 quis
1082 2133 1145 2160 item
1163 2138 1301 2168 spectator
1325 2134 1406 2161 fuerit
1423 2136 1557 2168 virorum,
1579 2136 1719 2163 mulierum
1749 2140 1788 2163 te-

1007 2186 1187 2213 nerorumque
1206 2187 1348 2214 puerorum
1371 2181 1427 2215 qui,
1456 2190 1503 2209 sua
1523 2182 1549 2208 in
1577 2182 1714 2209 Christum
1732 2182 1788 2216 pie-

973 2227 993 2254 ι)
1009 2227 1062 2250 tate
1078 2223 1196 2259 impulsi,
1218 2225 1250 2252 ad
1273 2231 1386 2253 mortem
1402 2231 1566 2253 concurrunt
1587 2231 1613 2253 et
1628 2232 1786 2261 properant;

1009 2270 1069 2303 quis
1092 2269 1127 2296 ita
1139 2270 1262 2302 stolidus,
1275 2270 1317 2297 vel
1329 2271 1485 2298 incredulus
1505 2276 1550 2298 aut
1566 2276 1653 2298 mente
1667 2272 1784 2299 obcaeca-

1009 2318 1052 2341 tus
1067 2314 1158 2346 fuerit,
1174 2319 1201 2341 ut
1221 2323 1274 2342 non
1289 2316 1422 2351 intelligat
1433 2321 1460 2343 et
1477 2317 1574 2351 cogitet
1584 2317 1730 2348 Christum.
1744 2316 1786 2343 cui

1010 2364 1090 2386 testes
1105 2367 1163 2388 esse
1186 2367 1324 2388 merentur
1355 2362 1488 2394 homines,
1511 2362 1622 2397 singulis
1644 2362 1785 2389 victoriam

1007 2405 1140 2433 adversus
1157 2412 1270 2434 mortem
1295 2407 1417 2435 tribuere
1434 2412 1461 2434 et
1478 2409 1636 2441 concedere,
1659 2407 1787 2441 illamque

1008 2450 1035 2477 in
1058 2452 1195 2483 omnibus,
1212 2452 1256 2486 qui
1281 2452 1339 2486 ejus
1365 2453 1443 2480 fidem
1467 2453 1577 2484 habent,
1594 2457 1621 2480 et
1634 2452 1723 2480 crucis
1749 2453 1787 2480 si-

1006 2504 1087 2532 gnum
1099 2502 1206 2532 gerunt,
1227 2498 1385 2526 infirmare?
1401 2499 1555 2530 Enimvero.
1573 2500 1618 2534 qui
1632 2503 1784 2534 serpentem

1006 2542 1105 2574 proteri
1122 2542 1225 2575 cernit,
1244 2543 1360 2570 maxime
1380 2544 1403 2570 si
1422 2544 1481 2578 ejus
1497 2543 1628 2571 feritatem
1642 2549 1718 2571 antea
1731 2552 1783 2571 non

1005 2586 1178 2620 ignoraverit,
1196 2588 1260 2615 nihil
1270 2589 1324 2622 jam
1340 2589 1444 2616 dubitat
1458 2590 1521 2623 quin
1543 2590 1586 2617 ille
1603 2595 1724 2618 mortuus
1737 2599 1783 2625 pe-

1005 2633 1129 2666 nitusque
1146 2634 1296 2661 exstinctus
1311 2634 1357 2667 sit,
1378 2635 1429 2662 nisi
1454 2635 1524 2663 forte
1539 2637 1561 2664 is
1582 2640 1671 2663 mente
1686 2641 1782 2670 captus

1008 2677 1097 2710 fuerit,
1125 2685 1174 2706 nec
1197 2686 1279 2706 sanos
1297 2680 1419 2715 corporis
1444 2681 1569 2708 [tabuerit
1592 2689 1696 2709 sensus.
1718 2683 1782 2715 Quis

1007 2723 1078 2750 enim
1107 2723 1213 2765 leonem
1234 2725 1326 2759 pueris
1349 2725 1464 2755 ludibrio
1482 2734 1543 2754 esse
1563 2727 1656 2755 videns
1679 2728 1783 2763 ignoret

1029 2834 1084 2870 (7|)
1103 2835 1224 2871 Seguer.,
1236 2837 1343 2870 αὐτούς.
