2037 3044
251 134 298 161 H7

547 134 575 162 S.
594 133 781 162 ATHANASII
802 134 879 163 OPP.
900 134 989 162 PARS
1008 135 1028 162 I.
1049 149 1084 157 —-
1103 134 1288 163 HISTORICA
1308 133 1351 161 ET
1370 132 1577 162 DOGMATICA.

1807 132 1859 161 148

249 191 291 218 vel
309 191 382 218 illum
404 195 537 218 mortuum
558 198 630 223 esse,
642 191 685 218 vel
700 191 795 218 saltem
811 192 862 218 vim
883 199 958 218 suam
971 199 1028 219 om-

1082 193 1128 219 οὐκ
1147 191 1309 227 ἀμφιϐάλλει
1327 191 1433 223 λοιπὸν,
1451 191 1492 217 ὃτι
1515 190 1610 226 νεκρός
1629 190 1686 217 ἐστι
1708 190 1754 217 καὶ⁸
1770 191 1858 217 τέλεον

249 246 311 266 nem
327 238 470 265 amisisse?
484 237 574 271 Itaque
584 237 809 271 quemadmodum
826 237 881 264 haac
894 244 954 264 vera
971 243 1030 264 esse

198 300 203 306 -
250 285 317 318 ipsis
331 284 412 311 etiam
430 283 516 310 oculis
531 288 603 316 patet
621 305 627 314 ,
655 283 704 315 sic,
722 283 939 318 quandoquidem
958 291 1031 310 mors

249 339 264 356 a
285 330 386 357 Christi
403 329 524 356 ﬁdelibus
549 328 677 356 irridetur
690 333 718 355 et
740 327 931 360 cdntemnitur,
951 336 1029 356 nemo

247 375 303 409 jam
315 375 426 402 credere
443 374 568 408 refugiat,
591 374 734 409 nemojam
750 374 853 401 dubitet
873 374 938 408 quin
956 381 1030 401 mors

250 429 264 448 a
283 421 392 449 Christo
410 422 546 448 destructa
570 421 682 456 ejusque
701 421 837 455 corruptio
859 420 986 447 dissoluta
1001 424 1035 447 et.

250 467 337 494 deleta
360 467 450 494 fuerit.

1078 238 1270 273 ὲξησθένησεν,
1294 237 1371 268 ἐκτὸς
1391 238 1414 263 εἰ
1438 237 1474 273 μὴ
1496 237 1543 272 τὴν
1565 236 1681 263 διάνοιαν
1698 237 1857 272 ἀπεστράφη

1078 281 1146 317 (72),
1162 282 1208 309 καὶ
1224 282 1283 308 οὐδὲ
1304 282 1353 314 τὰς
1368 283 1414 309 τοῦ
1429 283 1552 318 σώματος
1566 283 1705 317 αἰσθήσεις
1722 282 1857 316 ὑγιαινού-

1079 336 1128 360 σας
1145 327 1210 363 ἔχει.
1235 329 1282 361 Τίς
1295 329 1348 364 γὰρ
1359 350 1365 361 ,
1385 329 1430 356 καὶ
1444 329 1537 356 λέοντα
1554 328 1715 363 παιζόμενον
1732 329 1783 356 ὑπὸ
1799 337 1859 355 παι-

1075 371 1138 398 δίων
1153 372 1235 408 ὀρῶν,
1260 374 1351 408 ἀγνοεῖ
1368 372 1460 400 τοῦτον
1475 373 1490 409 ἦ
1505 373 1598 409 νεκρὸν
1615 374 1758 409 γενόμενον
1772 374 1788 409 ἧ
1806 375 1857 401 πᾶ-

1078 425 1127 443 σαν
1147 418 1315 445 ἀπολέσαντα
1340 419 1388 454 τὴν
1410 419 1506 446 ἑαυτοῦ
1527 420 1582 455 (75)
1602 420 1729 455 δύναμινς
1757 420 1859 456 Ὥσπερ

1075 461 1121 490 οὖν
1135 464 1220 491 ταῦτα
1229 465 1314 501 ἀληθῆ
1327 462 1395 492 εἶναι
1419 467 1473 497 τοῖς
1488 465 1634 502 ὀφθαλμοῖς
1660 466 1761 499 ἔξεστιν
1782 467 1858 502 όρᾷν,

249 511 320 538 οὓτω
336 511 500 547 παιζομένου
523 513 569 539 καὶ
599 511 852 546 καταφρονουμένου
874 510 921 537 τοῦ
943 509 1058 536 Θανάτου
1078 508 1130 534 ὑπὸ
1154 508 1207 535 τῶν
1234 510 1273 540 εἰς
1292 510 1406 544 Χριστὸν
1432 511 1619 542 πιστευόντων,
1646 512 1741 546 μηκέτι
1765 512 1859 547 μηδεὶς

250 557 451 592 ἀμφιδαλλέτω,
481 558 548 593 μηδὲ
572 558 686 592 γινέσθω
701 567 742 590 τις
769 558 891 589 ἄπιστος,
919 557 960 583 ὄτι
985 555 1038 582 ὑπὸ
1056 554 1171 589 Χριστοῦ
1190 556 1359 591 κατήργηται
1391 556 1541 589 όθάνατος,
1563 557 1609 583 καὶ
1626 558 1642 592 ἡ
1658 558 1751 584 τούτου
1774 558 1859 594 φθορὰ

248 604 400 631 διαλέλυται
420 605 466 631 καὶ
480 605 626 632 πέπαυται.

285 651 331 678 50.
350 650 441 684 Itaque
462 657 574 679 mortem
590 659 605 678 a
621 651 730 679 Christo
741 659 801 680 esse
816 652 987 681 exstinctam.
1003 654 1031 677 et

249 703 359 724 crucem
396 697 560 724 Dominicam
579 698 669 732 ποριεῖ
693 699 777 725 instar
806 698 936 725 adversus
957 696 1028 724 illam

1117 647 1161 676 30.
1179 648 1232 675 Τοῦ
1254 649 1302 684 μὲν
1325 647 1371 676 οὖν
1395 650 1582 685 κατηργῆσθαι
1599 650 1644 677 τὸν
1671 650 1794 683 θάνατον,
1814 653 1859 678 καὶ

1082 692 1372 735 τρόπειοᾉέναιηκαέ
1386 695 1531 736 αύτοῦἑὸν
1546 696 1674 732 κυριακὸν
1688 697 1810 733 σταυρὸν,
1827 699 1858 724 οὐ

251 743 335 770 fuisse
352 742 510 769 collocatam
530 750 581 769 non
597 743 647 770 levi
667 749 825 778 argumento
838 747 900 770 sunt
919 751 949 770 ea
970 750 1029 776 qure

1083 740 1179 775 μικρὸς
1200 740 1308 776 ἔλεγχος
1330 735 1576 777 τᾶῖπροειρημένα.
1598 743 1653 777 Τῆς
1670 742 1697 769 δὲ
1714 743 1859 779 γενομένης

251 787 378 814 diximus.
399 788 474 820 Quod
492 792 582 815 autem
599 789 758 815 immortalis
771 788 892 823 corporis
911 794 1030 814 resurre-

251 834 305 861 ctio
332 842 346 861 a
372 835 505 861 comnmni
527 834 645 861 omnium
674 839 812 861 servatore
837 834 963 865 Christo,
985 833 1030 867 qui

253 886 315 906 vera
328 879 381 905 vita
398 883 451 910 est,
467 879 560 906 ell'ecta
575 879 666 912 fuerit,
680 888 724 907 res
743 881 806 914 ipsa:
821 879 904 906 multo
920 879 1030 907 eviden-

253 924 305 951 tius
325 932 405 958 quam
431 925 512 952 verba
537 926 651 959 probant
677 926 719 953 his
749 925 853 952 scilicet
868 925 914 960 qui
936 932 1030 952 sanum

253 971 351 997 habent
378 971 476 997 mentis
498 971 615 997 oculum.
634 970 662 998 Si
690 971 772 1002 enim,
798 975 828 998 ut
855 971 1030 1003 ostendimus,

254 1023 327 1043 mors
346 1016 480 1043 destructa
497 1021 549 1048 est,
573 1024 687 1051 eamque
709 1024 803 1044 omnes
826 1021 934 1052 propter
953 1017 1032 1044 Chri-

255 1065 326 1088 stum
345 1061 525 1094 conculcant,
552 1062 637 1089 multo
653 1063 737 1097 magis
756 1063 813 1097 ipse
833 1063 903 1090 illam
925 1063 1032 1097 proprio

256 1113 371 1141 carpare
396 1107 498 1141 primus
528 1107 694 1135 conculcavit
719 1112 746 1134 et
775 1108 919 1135 destruxit.
947 1107 1032 1135 Morte

255 1160 336 1187 porro
350 1153 383 1179 ab
406 1152 451 1179 illo
466 1152 626 1187 interempta
646 1153 709 1188 quid
730 1154 847 1180 restabat
866 1153 916 1180 nisi
931 1158 960 1181 ut
973 1162 1032 1181 cor-

255 1205 306 1232 pus
345 1202 512 1232 resurgeret,
541 1203 569 1225 et
609 1202 738 1233 tropaeum
764 1199 892 1226 adversus
919 1205 1032 1227 mortem

255 1243 350 1270 ﬂeret?
365 1242 503 1276 Quomodo
526 1244 599 1271 enim
628 1251 702 1270 mors
720 1244 855 1272 destructa
882 1251 942 1272 esse
959 1246 1031 1273 vide.

255 1293 340 1320 retur,
358 1289 410 1315 nisi
428 1289 595 1316 Dominicum
607 1296 706 1323 corpus
724 1289 934 1317 resurrexisset?
950 1290 978 1317 Si
989 1290 1031 1318 cui

255 1340 344 1361 autem
360 1335 415 1361 haec
433 1334 466 1361 ad
484 1333 542 1368 ejus
563 1335 788 1362 resurrectionem
805 1336 970 1369 probandam
990 1344 1033 1363 sa-

256 1381 290 1407 tis
304 1387 358 1407 non
377 1380 485 1413 fuerint,
497 1381 591 1408 saltem
605 1388 638 1408 ex
656 1381 698 1408 his
712 1388 771 1415 qua:
782 1381 866 1408 oculis
877 1381 954 1408 obvia
970 1387 1032 1409 sunt

1081 786 1172 813 λοιπὸν
1185 786 1318 814 ἀθανάτου
1331 787 1502 820 ἀναστάσεως
1516 788 1561 815 τοῦ
1580 787 1611 814 ad
1621 797 1704 824 ματος
1723 790 1797 824 παρὰ
1811 789 1858 816 τοῦ

1081 832 1170 859 κοινοῦ
1195 834 1302 860 πάντων
1328 833 1449 869 σωτῆρος
1474 834 1520 860 καὶ
1547 833 1618 870 ζωῆς
1638 835 1721 866 ὅντως
1743 835 1859 870 Χριστοῦ

1081 879 1263 915 ὲναργεστέρα
1275 879 1327 906 τῶν
1343 879 1429 913 λόγων
1447 880 1463 914 ἡ
1481 879 1524 906 διὰ
1542 880 1595 906 τῶν
1612 881 1779 916 φαινομένων
1794 881 1860 908 ἀπό-

1080 923 1161 956 δειξίς
1181 925 1237 950 ἐστι
1257 926 1313 957 τοῖς
1333 925 1378 951 τὸν
1393 925 1529 960 ὀφθαλμὸν
1548 926 1598 961 τῆς
1620 926 1736 958 διανοίας
1755 927 1861 962 ἔχουσιν

1081 969 1244 1004 ὑγιαίνοντα.
1264 970 1295 996 Et
1311 972 1364 1006 γὰρ
1379 971 1547 1006 κατήργηται
1566 972 1580 998 ὁ
1597 971 1719 1004 θάνατος,
1733 972 1770 1004 ὡς
1783 974 1797 999 ὁ
1815 973 1859 999 λό-

1081 1022 1128 1048 γος
1145 1014 1238 1047 ἔδειξε,
1258 1015 1305 1042 καὶ
1320 1015 1363 1042 διὰ
1379 1015 1426 1043 τὸν
1440 1016 1555 1051 Χριστὸν
1570 1017 1668 1048 πάντες
1682 1017 1761 1043 αὑτὸν
1778 1026 1862 1044 κατα-

1081 1059 1212 1086 πατοῦσιθ
1234 1059 1322 1094 πολλῷ
1336 1060 1414 1086 πλέον
1429 1060 1508 1092 αὐτὸς
1524 1061 1602 1087 αὐτὸν
1618 1061 1724 1096 πρῶτος
1742 1062 1860 1089 κατεπά-

1080 1112 1145 1139 τησε
1163 1103 1202 1139 τῷ
1215 1104 1272 1139 ἰδίῳ
1286 1105 1390 1140 σώματι
1407 1105 1452 1131 καὶ
1465 1105 1635 1141 κατήργησεν
1652 1106 1740 1132 αὐτόν.
1764 1106 1816 1133 Τοῦ
1832 1107 1860 1133 δὲ

1082 1150 1194 1176 θανάτου
1209 1149 1389 1185 νεκρωθέντος
1407 1151 1451 1176 ὑπ’
1468 1151 1560 1182 αὑτοῦ,
1580 1151 1606 1177 τί
1623 1151 1676 1178 ἔδει
1699 1152 1821 1186 γενέσθαι
1842 1153 1860 1187 ἢ

1081 1194 1111 1221 τὸ
1126 1194 1205 1230 σῶμα
1221 1194 1379 1230 ἀναστῆναι,
1399 1196 1444 1222 καὶ
1459 1193 1537 1222 τοῦτο
1554 1195 1689 1231 δειχθῆναι
1710 1198 1768 1224 κατ’
1780 1197 1861 1223 αὐτοῦ

1081 1239 1209 1274 τρόπαιον
1222 1248 1229 1272 ;
1248 1241 1282 1266 Ἦ
1303 1240 1360 1272 πῶς
1373 1239 1427 1276 γὰρ
1439 1240 1471 1267 ἀν
1490 1240 1574 1275 ἐφάνη
1588 1241 1768 1277 καταργηθεὶς
1782 1242 1796 1268 ὁ
1815 1242 1862 1268 θά-

1081 1293 1169 1317 νατος,
1185 1285 1209 1311 εἰ
1223 1285 1260 1320 μὴ
1270 1285 1300 1312 τὸ
1318 1286 1396 1320 σῶμα
1407 1286 1438 1312 τὸ
1454 1286 1582 1322 κυριακὸν
1595 1284 1628 1322 ἦν
1644 1287 1775 1319 ἀναστάν;
1790 1287 1821 1313 Et
1832 1287 1860 1313 δέ

1081 1340 1119 1366 τῳ
1133 1331 1170 1367 μὴ
1181 1332 1319 1368 αὐτάρκης
1328 1333 1407 1368 (74)ή
1424 1333 1556 1366 ἀπόδειξις
1569 1334 1636 1370 αὕτη
1649 1335 1712 1370 περὶ
1729 1335 1777 1370 τῆς
1797 1335 1862 1362 ἀνα-

1084 1376 1203 1408 στάσεως
1219 1377 1313 1409 αὺτοῦ,
1343 1377 1393 1404 κᾶν
1409 1379 1440 1404 ἐκ
1461 1378 1513 1404 τῶν
1530 1380 1557 1405 ὲν
1581 1379 1639 1414 ὕψει
1653 1380 1803 1414 γενομένων
1819 1389 1863 1406 πι-

256 1426 335 1452 Iidem
353 1426 431 1452 dictis
447 1425 554 1452 habeat.
571 1425 638 1452 Nam
655 1426 678 1454 si
702 1431 824 1454 mortuus
841 1427 906 1454 nihil
923 1435 1033 1462 prorsus

1086 1421 1195 1448 στοῦται
1211 1422 1241 1448 τὸ
1255 1422 1409 1458 λεγόμενον.
1428 1423 1459 1449 Εἰ
1475 1424 1528 1459 γὰρ
1543 1424 1575 1460 δὴ
1590 1425 1684 1460 νεκρός
1698 1434 1737 1457 τις
1753 1426 1863 1461 γενόμε-

255 1479 335 1504 agere
362 1475 459 1506 potest,
485 1471 530 1498 sed
551 1471 608 1506 ejus
637 1472 765 1498 memoria
784 1480 867 1506 usque
887 1474 921 1499 ad
946 1472 1034 1507 sepul-

256 1525 330 1543 crum
347 1517 476 1543 duntaxat
496 1517 576 1551 viget,
601 1524 633 1543 ac
649 1517 774 1551 deinceps
790 1517 887 1544 desinit
904 1526 912 1550 ;
930 1518 951 1545 si
973 1525 1035 1545 vero

256 1562 306 1589 soli
321 1562 443 1589 viventes
466 1567 560 1596 agunt,
578 1562 682 1597 solique
704 1562 773 1596 apud
797 1563 920 1590 homines
935 1563 1034 1598 aliquid

257 1609 369 1638 possunt
387 1605 507 1637 eﬂicere;
534 1605 623 1631 videat
646 1609 720 1632 certe
736 1612 781 1639 qui
805 1605 869 1632 velit
893 1610 921 1633 et
935 1613 968 1633 ex
993 1606 1034 1633 his

256 1657 316 1684 qua;
333 1649 429 1676 viderit
445 1650 586 1677 veritatem
607 1650 695 1684 seipso
711 1650 802 1683 judice
823 1651 947 1678 fateatur.
968 1651 1033 1678 Cum

255 1695 327 1721 enim
349 1699 388 1722 tot
403 1699 429 1721 et
444 1699 518 1722 tanta
544 1695 670 1722 Salvator
692 1695 717 1721 in
743 1695 898 1722 hominibus
919 1695 1032 1729 elIiciat;

255 1747 316 1766 cum
331 1744 370 1766 tot
382 1740 500 1774 undique
523 1739 623 1767 Grazcis
640 1745 667 1767 et
682 1740 806 1768 barbaris
825 1740 930 1768 occulte
947 1742 1035 1776 quoti-

256 1784 298 1810 die
310 1785 467 1818 persuadeat
480 1789 508 1811 ut
527 1792 602 1811 suam
620 1784 698 1811 ﬁdem
714 1785 922 1819 amplectantur,
940 1790 967 1812 et
979 1794 1035 1813 sua:

257 1829 384 1856 doctrinm
402 1836 496 1856 omnes
520 1829 647 1857 obediant
673 1837 680 1856 :
703 1838 766 1857 num
793 1831 880 1858 adhuc
904 1831 1035 1858 dubitabit

256 1874 354 1908 aliquis
377 1880 464 1901 utrum
483 1882 497 1901 a
517 1874 656 1902 Salvatore
672 1875 742 1902 facta
770 1876 805 1903 sit
830 1877 992 1904 resurrectio
1008 1881 1035 1903 et

257 1919 331 1945 vivat
343 1919 476 1952 Christus,
491 1920 545 1947 imo
559 1927 622 1947 vero
636 1921 693 1955 ipse
704 1921 738 1948 sit
749 1920 820 1948 vita?
833 1921 873 1948 An
885 1929 948 1957 ergo
961 1929 1034 1949 mor—

258 1963 295 1990 tui
309 1968 350 1990 est
364 1969 466 1992 utentes
483 1965 620 1992 hominum
637 1965 672 1992 ita
687 1973 877 2001 compungere,
897 1973 925 1994 ut
941 1968 1035 2002 patriis

257 2008 358 2042 legibus
385 2009 541 2043 repudiatis,
567 2011 666 2038 Christi
692 2011 841 2039 doctrinam
868 2014 1035 2047 sequantur?

256 2051 309 2078 Aut
323 2051 346 2078 si
359 2053 423 2079 nihil
437 2054 492 2088 agit
508 2054 580 2089 (nam
592 2055 616 2081 id
630 2056 726 2082 mortui
743 2057 879 2091 proprium
894 2058 957 2091 est),
971 2066 1035 2092 quo-

257 2098 337 2125 modo
353 2097 410 2132 ipse
435 2105 545 2134 agentes
564 2105 591 2127 et
608 2101 729 2128 viventes
743 2101 776 2129 ab
793 2103 896 2136 agendo
915 2110 1032 2138 coercet,
1049 2095 1071 2122 Β

256 2143 292 2170 ita
304 2149 333 2170 ut
346 2144 450 2171 adulter
461 2145 516 2179 jam
535 2154 586 2172 non
605 2146 747 2180 adulteret,
769 2148 904 2176 homicida
922 2157 973 2176 non
990 2151 1032 2177 iu-

257 2189 381 2221 terliciat,
408 2190 521 2225 injustus
548 2192 681 2218 neminem
711 2192 828 2226 lraudct,
854 2200 880 2222 et
903 2204 935 2222 ex
951 2197 1033 2231 impio

256 2234 316 2268 pius
330 2234 392 2269 quis
411 2235 525 2261 evadat?
540 2235 590 2268 Qui
611 2236 666 2263 lieri
695 2242 794 2271 potest,
820 2239 842 2265 si
869 2247 921 2266 nou
946 2248 1035 2268 resur-

258 2280 338 2312 rexit,
363 2281 409 2308 sed
430 2286 550 2308 mortuus
577 2287 629 2314 est,
659 2287 689 2309 ut
716 2284 860 2316 dasznes,
878 2293 945 2319 quos
971 2288 1035 2314 deos

258 2325 323 2353 false
338 2327 472 2361 appellant
491 2333 518 2355 et
536 2334 701 2356 venerantur
721 2329 853 2363 inlideles,
868 2332 924 2366 ipse
941 2333 1033 2366 expel-

257 2371 304 2403 lat,
325 2378 501 2407 persequatur
528 2379 556 2401 et
578 2374 720 2409 proﬂiget?
738 2375 786 2403 Ubi
812 2377 883 2403 enim
909 2377 1034 2405 Christus

256 2417 411 2453 Christique
426 2419 492 2446 ﬁdes
510 2421 675 2453 nominatur,
699 2422 760 2448 inde
782 2422 869 2449 omnis
885 2422 1035 2451 idololatria

257 2463 424 2495 exturbatur,
447 2471 540 2492 omnes
567 2465 658 2492 statim
689 2466 839 2493 daemonum
865 2467 972 2495 fraudes
1000 2477 1031 2497 ac

257 2508 369 2536 fallacia:
387 2508 442 2544 59
457 2510 596 2544 pateﬁunt,
608 2511 754 2545 ~nullusque
769 2512 871 2538 (lirtuon
894 2514 934 2539 vel
951 2514 1035 2548 ipsum

257 2554 344 2580 solum
361 2562 457 2582 nomen
472 2555 542 2582 ferre
559 2561 657 2589 potest,
675 2557 720 2584 Sed
739 2565 771 2584 eo
795 2557 836 2584 vel
860 2558 950 2585 audito
973 2567 1034 2587 mox

257 2599 362 2634 aufugit
376 2604 404 2627 et
419 2601 485 2628 abit.
499 2601 554 2629 Hoc
569 2602 690 2636 profecto
707 2603 805 2630 mortui
825 2611 878 2630 non
895 2611 962 2638 opus
981 2611 1033 2638 est,

292 2668 349 2702 (72)
365 2667 410 2696 Sic
427 2668 538 2702 Segner.
555 2669 636 2696 Basil.
650 2669 759 2696 Goliler.
775 2672 800 2694 et
813 2668 930 2695 Felcktrt.
949 2669 960 2696 1
987 2677 1032 2699 an.

257 2701 430 2739 Aliieteijiti,
444 2703 617 2739 ἐπεστράφη.
638 2704 775 2739 lbid.mox_
789 2702 912 2739 Seguer.,
933 2703 998 2739 ἔχοι.

293 2737 348 2773 (75)
361 2737 422 2774 εἰς,
439 2737 560 2774 δοκιμῆς
584 2737 680 2765 ἑαυτοῦ
694 2739 756 2774 item
771 2737 869 2765 habent
889 2737 992 2773 Anglic.
1009 2746 1037 2768 et

260 2769 403 2799 ΒίιειιίΑΙὶἱ
420 2769 521 2800 verunt
533 2769 607 2806 editi,
623 2773 706 2800 αὑτοῦ
722 2773 781 2807 τήν.

294 2807 349 2839 (74)
367 2807 410 2834 Sic
425 2807 487 2838 Seu.
498 2809 576 2835 Basil.
587 2813 613 2834 et
630 2808 731 2841 Anglic.
746 2807 791 2841 qui
810 2811 961 2839 postremus
973 2809 1036 2835 αὕτ-

262 2848 343 2874 αρκες
356 2842 444 2870 habet.
464 2843 540 2870 Gubl.
560 2849 585 2870 et
599 2843 716 2871 Felclun.
732 2843 742 2868 1
759 2850 814 2867 δι’..
831 2841 860 2866 ΕΞ
880 2842 906 2868 δὲ
921 2843 989 2870 οὕτω
1000 2844 1035 2879 μὴ

1083 1476 1126 1500 νος
1141 1468 1216 1494 οὐδὲν
1230 1469 1349 1504 ἐνεργεῖν
1358 1469 1479 1500 δύναται,
1492 1469 1558 1496 ἀλλὰ
1572 1470 1650 1506 μέχρι
1662 1470 1708 1496 τοῦ
1724 1472 1862 1506 μνήματος

1083 1513 1157 1540 ἐστιν
1171 1513 1244 1549 αὒτῷ
1262 1515 1278 1549 ἠ
1295 1513 1384 1549 χάρις,
1399 1514 1444 1540 καὶ
1456 1514 1592 1541 πέπαυται
1605 1516 1696 1543 λοιπόν
1709 1525 1714 1532 -
1734 1517 1819 1552 μόνων
1834 1517 1863 1544 δὲ

1083 1559 1137 1585 τῶν
1156 1558 1262 1591 ζώντων
1277 1560 1345 1586 εἰσιν
1360 1561 1388 1586 αἱ
1413 1560 1525 1596 πράξεις
1541 1561 1588 1587 καὶ
1605 1562 1632 1587 αἱ
1651 1561 1716 1597 πρὸς
1733 1563 1794 1594 τοὺς
1815 1563 1863 1588 ἀν-

1084 1605 1207 1641 θρώπους
1222 1605 1355 1640 ἐνέργειαι
1367 1615 1374 1621 ο
1389 1606 1478 1642 ὁράτω
1495 1607 1526 1642 δὴ
1541 1608 1555 1633 ὁ
1571 1607 1739 1642 βουλόμενος,
1757 1608 1803 1634 καὶ
1816 1616 1863 1641 γε-

1084 1651 1169 1678 νέσθω
1184 1651 1312 1687 δικαστὴς
1329 1652 1361 1678 ὲκ
1381 1652 1434 1679 τῶν
1447 1653 1589 1688 ὁρωμένων
1600 1654 1648 1689 τὴν
1660 1653 1786 1689 ἀλήθειαν
1798 1655 1864 1690 ὁμο-

1084 1695 1179 1730 λογῶν.
1195 1696 1319 1724 Τοσαῦτα
1331 1697 1384 1733 γὰρ
1396 1698 1442 1725 τοῦ
1460 1698 1583 1734 Σωτῆρος
1596 1698 1767 1735 ἐνεργοῦντος
1781 1701 1808 1726 ὲν
1821 1699 1865 1726 ἀνα

1085 1741 1220 1777 θρώποις,
1243 1743 1289 1768 καὶ
1304 1742 1362 1769 καθ’
1375 1743 1479 1779 ἡμέραν
1495 1744 1660 1778 πανταχόθεν
1682 1745 1735 1771 ἀπό
1759 1753 1787 1771 τε
1811 1745 1865 1771 τῶν

1084 1787 1131 1822 τὴν
1151 1787 1262 1814 Ἑλλάδα
1282 1788 1328 1815 καὶ
1352 1788 1399 1824 τὴν
1425 1788 1560 1824 βάρϐαρον
1577 1790 1720 1816 οἰκούντων
1740 1789 1865 1816 τοσοῦτον

1085 1833 1185 1868 πλῆθος
1198 1834 1320 1868 ἀοράτως
1334 1834 1472 1866 πείθοντος
1484 1836 1524 1866 εἰς
1535 1835 1583 1870 τὴν
1594 1835 1689 1862 ἑαυτοῦ
1705 1835 1758 1869 (75)
1776 1835 1865 1862 πίστιν

1085 1880 1240 1915 παρελθεῖν,
1255 1881 1302 1906 καὶ¹
1319 1880 1422 1911 πάντας
1439 1880 1584 1906 ὑπακούειν
1601 1882 1632 1915 τῇ
1647 1880 1727 1906 αὑτοῦ
1739 1880 1865 1907 διδασκα-

1063 1966 1159 2035 Κῇνέν
1176 1973 1319 2003 ἀνάστασις
1331 1966 1388 1999 ὑπο
1396 1973 1443 1999 τοῦ
1458 1973 1592 2009 Σωτῆρος,
1607 1973 1654 2005 καὶ
1667 1972 1698 2008 ζῇ
1714 1974 1728 1999 ό
1740 1973 1866 2008 Χριστὸς,
1898 1966 1905 2002 l

1087 2014 1409 2035 ..μηπςι-κΐῖπῖέπη-ῖ,
1432 2010 1537 2035 Tima-
1559 2016 1629 2035 nm.
1647 2017 1673 2035 as
1695 2018 1790 2035 ..μιηῶ
1807 2019 1862 2035 ιη...
1903 2010 1905 2035 1

1086 2014 1409 2052 μᾶλῇνῖἒᾟὲὀπσξῶ
1432 2019 1448 2053 ἡ
1467 2018 1538 2052 ζωής
1559 2016 1630 2053 τΔρα
1647 2017 1674 2044 δὲ
1695 2018 1790 2053 νεκροῦ
1807 2019 1864 2044 ἐστι

1100 2053 1145 2094 ﬁt?
1155 2058 1203 2096 μὲν
1215 2058 1339 2093 διανοίας
1362 2061 1414 2087 τῶν
1434 2061 1582 2096 ἀνθρώπων
1603 2062 1775 2088 κατανύττειν
1797 2063 1864 2097 (76),

1086 2108 1155 2135 ὥστε
1171 2108 1233 2140 τοὺς
1247 2107 1395 2143 πατρικοὺς
1413 2107 1550 2143 ἀρνεῖσθαι
1569 2108 1675 2143 νόμους,
1692 2108 1739 2144 τὴν
1752 2108 1783 2134 ’δὲ
1798 2109 1866 2142 Χρι-

1086 2153 1349 2187 στοῖζρῥῇσῖκαλίαν
1367 2154 1544 2189 προσκυνεῖνς
1568 2154 1601 2179 Ἢ
1625 2153 1701 2185 πῶς,
1720 2153 1797 2188 εἴπερ
1817 2155 1867 2181 οὐκ

1086 2200 1157 2226 ἔστιν
1180 2198 1307 2234 ἐνεργῶν,
1325 2198 1420 2233 νεκροῦ
1441 2198 1494 2234 γὰρ
1516 2199 1578 2225 ἴδιόν
1598 2200 1657 2225 ἐστι
1673 2198 1750 2225 τοῦτο
1762 2219 1768 2231 ,
1786 2199 1866 2231 αὐτὸς

1086 2244 1148 2275 τοὺς
1161 2242 1337 2279 ἐνεργοῦντας
1352 2243 1397 2268 καὶ
1421 2242 1523 2274 ζῶντας
1547 2242 1597 2277 τῆς
1617 2243 1755 2278 ἐνεργείας
1774 2243 1865 2276 παύει,

1087 2289 1156 2316 ὥστε
1171 2290 1215 2315 τὸν
1233 2289 1281 2324 μὲν
1297 2288 1388 2324 μοιχὸν
1403 2289 1500 2323 μηκέτι
1512 2287 1655 2323 μοιχεύειν,
1672 2289 1718 2315 τὸν
1734 2289 1761 2315 δε
1774 2289 1866 2324 ἀνδρο-

1088 2335 1165 2370 φόνον
1177 2335 1273 2369 μηκέτι
1289 2333 1418 2368 φονεύειν,
1427 2334 1472 2359 τὸν
1478 2333 1504 2360 δὲ
1514 2333 1655 2360 ἀδικοῦντα
1665 2335 1761 2370 μηκέτι
1771 2334 1863 2361 πλεον-

1087 2381 1190 2411 εκτεῖν,
1212 2380 1258 2406 καὶ
1279 2380 1323 2406 τὸν
1342 2379 1428 2414 ἀσεϐῆ
1444 2379 1534 2405 λοιπον
1553 2379 1691 2411 εὐσεϐεῐν;
1711 2379 1772 2410 Πῶς
1787 2379 1824 2409 δὲ,
1842 2381 1865 2406 εὶ

1089 2426 1126 2461 μὴ
1140 2425 1248 2460 ἀνέστη,
1270 2424 1337 2451 ἀλλὰ
1353 2424 1448 2459 νεκρός
1465 2424 1532 2454 ἐστι.
1555 2423 1618 2455 τοὺς
1640 2424 1800 2458 λεγομένους
1815 2425 1866 2450 ὑπ),

1085 2470 1138 2496 τῶν
1164 2470 1284 2496 ἀπίστων
1309 2469 1358 2504 ζῇν
1381 2469 1540 2503 ψευδοθέους
1564 2469 1611 2495 καὶ
1635 2469 1866 2505 θρησκευομένους

1084 2515 1212 2552 δαίμονας
1231 2515 1310 2547 αὐτὸς
1323 2515 1477 2547 ἀπελαύνει,
1491 2516 1538 2542 καὶ
1554 2515 1655 2546 διώκει,
1670 2516 1715 2542 καὶ
1729 2515 1866 2542 καταϐάλ-

1083 2562 1141 2594 λει;
1163 2562 1244 2588 Ἔνθα
1269 2562 1322 2597 γὰρ
1343 2562 1505 2596 ὀνομάζεται
1520 2561 1636 2597 Χριστὸς
1659 2561 1705 2588 καὶ
1732 2562 1748 2596 ἡ
1772 2561 1866 2587 τούτου

1084 2608 1184 2640 πίστις,
1202 2608 1305 2634 ἐκεῖθεν
1318 2608 1392 2634 πᾶσα
1406 2608 1454 2642 μὲν
1467 2607 1669 2642 εἰδωλολατρεία
1684 2607 1862 2642 καθαιρεῖται,

1084 2674 1232 2713 αὑτάλρκῆς.
1243 2674 1297 2713 ﬁlii
1311 2679 1338 2713 (ι)
1356 2674 1418 2713 ςάἮ
1429 2693 1439 2713 ._
1452 2673 1483 2713 E_i
1498 2673 1526 2699 δὲ
1539 2674 1620 2713 μήπω
1633 2673 1781 2713 αὑτάρκης.

1116 2709 1176 2749 έἹὸ)
1187 2710 1231 2736 Sic
1242 2710 1303 2744 Seg.
1315 2708 1384 2736 Gob.
1394 2708 1451 2736 Fel.
1463 2709 1475 2735 1
1496 2707 1650 2742 anJetAng.
1660 2707 1710 2734 Alii
1720 2713 1746 2735 et
1754 2708 1810 2738 etl.,
1819 2707 1864 2734 αὒ-

1084 2753 1176 2811 τοῖίῖῦ)
1193 2777 1236 2804 Sic
1249 2777 1358 2811 Sequor.
1373 2778 1449 2806 Gobl.
1464 2776 1552 2806 Felclt.
1571 2777 1584 2804 1
1611 2784 1653 2804 :tn.
1665 2781 1692 2804 et
1710 2776 1786 2811 Angl.
1809 2775 1862 2803 Alii

1087 2819 1111 2840 et
1125 2813 1199 2841 editi.
1216 2813 1395 2841 κατανοὶγειν.

1087 2819 1111 2840 et
1125 2819 1199 2845 cdtll,
1216 2821 1395 2847 κατανοιγειν.
