2037 3044
185 135 234 161 Hii

183 194 257 219 πᾶσα
272 192 300 219 δὲ
315 192 447 228 δαιμόνων
469 192 560 226 ἀπάτη
577 192 731 227 ἐλέγχεται,
751 192 805 222 πᾶς
821 191 849 217 δὲ
863 191 965 226 δαίμων

183 237 240 265 οὐδὲ
255 238 285 264 τὸ
299 238 384 273 ὖνομα
399 238 528 273 ὑποφέρει
545 238 616 274 (77),
640 238 707 264 ἀλλὰ
728 237 774 263 καὶ
791 237 869 272 μόνον
883 237 963 263 ἀκού-

183 293 241 316 σας,
264 284 352 319 φυγὰς
371 284 483 319 οἴχεται,
502 285 585 311 Τοῦτο
606 284 634 310 δὲ
658 284 688 310 οὐ
705 283 801 319 νεκροῦ
822 283 851 309 τὺ
873 283 962 318 ἔργον⁷

182 329 248 357 ἀλλὰ
259 330 358 362 ζῶντος
370 331 415 357 καὶ
431 330 546 366 μάλιστα
554 329 630 357 Θεοῦ.
646 329 749 360 Ἄλλως
760 338 788 355 τε
803 329 849 355 καὶ
862 328 963 362 γελοῖον

181 376 214 402 ἂν
229 376 269 411 εἴη
295 377 357 407 τοὺς
381 377 429 411 μὲν
453 376 631 411 διωκομένους
655 376 699 401 ὑπ’
717 375 797 401 αὑτοῦ
822 374 958 410 δαίμονας,

180 421 227 447 καὶ
248 421 281 447 τὰ
303 420 509 456 καταργούμενα
528 421 624 447 εἴδωλα
646 420 735 454 λέγειν
761 420 863 452 ζῶντας
882 418 963 450 εἶναι,

688 132 817 161 ORATIO
836 133 879 161 DE
900 133 1156 163 INCARNATIONE
1175 134 1287 162 VERBI.

1744 136 1792 163 I50

980 195 1000 221 Α
1017 192 1062 219 sed
1081 192 1197 220 viventis
1223 191 1392 226 maximeque
1420 191 1475 220 Dei.
1497 192 1628 219 Praeterea
1653 192 1792 219 ridiculum

1019 237 1100 264 fuerit
1118 239 1239 265 viventes
1253 242 1347 272 putare
1364 238 1498 265 da'mones
1517 246 1585 272 quos
1606 239 1649 266 ille
1663 239 1745 273 pellit,
1767 244 1794 266 et

1014 283 1084 310 idola
1101 291 1161 318 qua:
1182 284 1307 315 destruit,
1323 290 1384 310 eum
1409 291 1472 309 vero
1493 289 1627 310 morluum
1647 284 1735 311 dicere
1747 285 1793 318 qui

1015 329 1076 356 illos
1095 329 1180 363 pellit,
1203 334 1230 356 et
1253 336 1299 356 sua
1317 330 1415 356 virtute
1441 330 1520 357 ellicit
1543 335 1573 356 ut
1592 338 1625 357 ne
1647 336 1792 365 appareant

1014 375 1131 408 quidem,
1149 383 1228 409 quem
1253 376 1333 402 etiam
1350 376 1399 410 ipsi
1417 383 1511 403 omnes
1532 376 1652 403 fatentur
1673 385 1732 404 esse
1746 376 1791 404 Fi-

1014 419 1077 446 limn
1091 420 1147 448 Dei.

178 467 224 493 τὸν
239 467 267 493 δὲ
280 466 473 498 ἀπελαύνοντα,
488 467 535 493 καὶ
550 469 582 502 τῇ
599 466 694 492 ἑαυτοῦ
727 466 838 501 δυνάμει
869 464 935 500 μηδὲ
968 466 1083 500 φανῆναι
1114 467 1242 494 ποιοῦντα
1267 468 1388 501 τούτους,
1413 468 1479 495 ἀλλὰ
1508 469 1554 495 καὶ
1579 469 1791 507 ὁμολογούμενον

180 512 231 538 ὑπὸ
260 512 366 540 πάντων
393 510 462 538 ιῖναι
485 512 551 538 Θεοῦ
578 512 651 542 Υἱδν,
673 511 766 538 τοῦτον
786 511 874 544 λέγειν
897 508 967 536 εἶναι

212 560 256 587 51.
270 560 363 593 Μέγαν
377 559 404 585 δὲ
422 560 467 586 καὶ
477 559 531 594 (78)
553 559 613 586 καθ’
630 559 732 585 ἑαυτῶν
749 559 793 585 τὸν
810 558 919 592 ἔλεγχον
932 557 957 583 οἱ

178 604 353 637 ἀπιστοῦντες
373 606 405 640 τῇ
422 605 565 631 ἀναστάσει
585 604 789 640 προϐάλλονται,
808 605 831 630 εἱ
847 604 892 630 τὸν
913 603 956 629 λε-

178 652 291 687 γόμενον
317 651 381 686 παρ’
405 650 493 677 αὐτῶν
512 650 608 686 νεκρὸν
633 650 678 677 τὸν
703 650 818 685 Χριστὸν
839 650 956 681 ἅπαντες

176 698 300 733 δαίμονες
319 698 365 724 καὶ
379 698 403 724 οι
420 697 647 733 προσκυνούμενοι
666 698 730 733 παρ’
747 697 834 724 αὐτῶν
855 696 910 722 θεοὶ
924 696 954 722 οὺ

160 743 326 780 ςδιὼκουσιν,
342 742 407 780 ἀλλὰ
423 742 548 777 pingo
560 741 674 780 Χριςτὺς
687 743 747 772 τοὺς
764 742 866 772 πάντας
882 741 955 774 ἐλέγ-

176 796 217 822 χει
231 786 350 825 νεκρούς.
368 781 468 826 γὰρ
491 786 588 821 annos;
604 786 648 812 τὸν
664 787 961 821 νεκρρννμηὸὲνένερτ

175 835 242 867 γεῖν,
269 833 411 869 ἐργάζεται
437 833 464 859 δὲ
480 832 597 859 τοσαῦτα
617 832 676 859 καθ’
695 832 798 867 ἡμέραν
815 834 827 858 ὁ
851 832 954 866 Σωτὴρ,

175 874 277 905 Eho»:
286 875 325 909 εἰς
341 875 490 909 ὦσέῦειαν,
511 877 610 904 πείθων
631 875 675 909 εἰς
699 878 807 914 ἀρετὴν,
825 877 955 915 διδάσκων

175 917 406 959 πέεῆἷθῖὗᾶἷίᾶῖ,
419 918 458 955 εἷς
470 921 550 950 πόθον
563 915 761 959 τῶνούρανιων
776 923 878 958 ὲνόιγων
887 922 953 958 (79),

173 965 371 995 ἀῖοκαλῦπτὶυν
398 962 446 1004 τὴν
474 969 537 1004 περὶ
556 969 661 1004 Πατρὸς
680 969 788 1002 γνῶσιν,
811 968 861 1003 τὴν
883 967 967 1000 ζειτζ

173 1009 221 1052 τοῦ
234 1008 471 1051 θανάτουῇλαμιν
485 1014 619 1049 ἐμπνέων,
631 1012 736 1049 ἑκάστῳ
747 1013 875 1040 δεικνύων
883 1013 953 1047 egy-

172 1061 228 1093 τὸν,
254 1062 301 1087 καὶ⁹
323 1061 372 1097 τὴν
391 1052 514 1098 εἰδώλῶν
532 1053 834 1098 ἇθεότητοιηκαθαιρῶν·
852 1060 958 1097 atqng

172 1106 200 1132 δὲ
215 1106 288 1133 οὐδὲν
298 1096 422 1133 δύνανται
435 1108 459 1133 ol.
475 1097 550 1142 ποιρᾶ
562 1099 617 1138 τοῖς
765 1096 820 1133 θεοὶ
834 1107 881 1133 καὶ
897 1096 953 1133 δῐι-

174 1160 262 1186 μονες,
279 1152 345 1178 ἀλλὰ
363 1153 460 1188 μᾶλλον
475 1153 506 1187 τῇ
520 1151 638 1187 Χριστοῦ
655 1152 789 1189 παρουσίᾳ
805 1153 895 1187 νεκροὶ
908 1152 951 1186 γί-

172 1207 275 1236 νονται,
290 1190 499 1234 ἀῇὴννέχοντες
510 1190 652 1232 νκαὶγῖιενὴν
668 1198 716 1233 τὴν
732 1198 896 1232 φαντασίαν
914 1197 952 1236 τῷ

171 1237 320 1280 δῖσῆμείῳ
341 1244 387 1270 τοῦ
412 1243 527 1280 σταυροῦ
551 1245 625 1270 πᾶσα
643 1243 692 1278 μὲν
710 1244 809 1280 μαγεία
825 1234 950 1275 παύετςί

171 1280 477 1328 πξιέξρᾞήφαρμακεία
501 1291 693 1324 καταργεῖται,
718 1290 764 1315 καὶ
788 1290 875 1316 πάντα
903 1290 951 1324 μὲν

170 1324 324 1374 τά,
336 1324 485 1375 ἐρήμοῧται
507 1335 553 1361 καὶ
573 1329 819 1370 καταλιμπάνεται,
833 1337 907 1371 πᾷσα

170 1375 562 1424 ἄλογὲἐαύεταιζκαὶ
578 1381 630 1412 πᾶς
647 1389 688 1411 τις
706 1381 746 1411 εἰς
767 1380 879 1417 οὐρανὸν
895 1381 949 1416 (8θ)

170 1420 223 1455 ἀτηδ
232 1420 464 1464 Ῠῖξῖξοῖἷῇέέξι·
487 1420 546 1454 τῖνα
562 1426 594 1453 ἄν
609 1435 650 1458 τις
673 1427 743 1452 εἴποι
765 1427 875 1462 νεκρόν;
899 1427 950 1453 Τὸν

169 1474 285 1501 τοσαῦτα
298 1473 477 1509 ἐργαζόμενον
487 1473 617 1509 Χριστόν;
635 1472 703 1498 Ἀλλ’
715 1473 764 1499 οὐκ
777 1473 840 1499 ἴδιον
854 1472 949 1508 νεκροῦ

169 1521 199 1547 τὸ
215 1520 385 1556 ἐργάζεσθαι.
404 1520 438 1545 Ἣ
455 1519 500 1545 τὸν
517 1519 638 1554 μηδόλως
653 1518 826 1553 ἐνεργοῦντα,
841 1518 898 1544 ἀλλ’
912 1518 949 1550 ὡς

169 1566 272 1601 ἄψυχον
294 1566 427 1600 κείμενον,
445 1565 512 1600 ὅπερ
529 1564 592 1591 ἴδιον
609 1564 725 1600 ὑπάρχει
740 1564 793 1590 τῶν
817 1564 950 1599 δαιμόνων

169 1611 215 1636 καὶ
230 1610 345 1636 εἰδώλων
362 1609 398 1641 ὡς
421 1609 534 1644 νεκρῶν.
558 1610 587 1635 Ὀ
604 1610 652 1644 μὲν
673 1608 726 1644 γὰρ
741 1608 787 1635 τοῦ
802 1609 868 1635 Θεοῦ
887 1608 949 1640 Υἱὸς

169 1655 427 1698 ζωνῗὲξεὲρῇς
447 1655 484 1695 ᾣν
508 1655 568 1682 καθ’
583 1650 702 1693 ’ἡμέραν
725 1655 880 1691 ἐργάζεται,
903 1655 949 1681 καὶ

169 1693 336 1737 ὲύξργεῖῖὴν
351 1693 457 1728 πάντων
472 1701 621 1736 σωτηρίαν·
640 1703 654 1728 ὁ
668 1701 696 1727 δὲ
713 1700 824 1732 θάνατος
843 1701 949 1735 ἐλέγχε-

168 1737 426 1781 τοῇιτῖῶῖμέρανῆ
436 1746 515 1777 αὐτὸς
525 1741 720 1780 νὲξασθενήσας,
736 1745 783 1772 καὶ
798 1745 832 1772 τὰ
854 1744 949 1771 εἴδωλα

169 1793 215 1819 καὶ
231 1793 255 1819 οἱ
271 1793 396 1828 δαίμονες
413 1793 510 1827 μᾶλλον
530 1793 620 1828 νεκροὶ
643 1792 831 1827 τυγχάνοντες,
855 1792 892 1823 ὠς
916 1792 949 1817 ὲκ

168 1839 261 1865 τούτου
278 1838 377 1874 μηδένα
392 1837 524 1870 διστάζειν
547 1837 587 1864 ἔτι
606 1838 669 1873 περὶ
685 1838 734 1872 τῆς
755 1837 802 1863 τοῦ
823 1836 948 1872 σώματος

168 1885 338 1917 ἀναστάσεως
351 1884 443 1911 αὑτοῦ.
461 1885 552 1911 Ἒοικε
571 1884 598 1910 δὲ
612 1885 625 1910 ό
638 1884 701 1919 περὶ
716 1884 763 1918 τῆς
777 1883 948 1913 ἀναστάσεως

168 1931 213 1960 τοῦ
229 1931 359 1964 κυριακοῦ
375 1930 499 1965 σώματος
513 1929 634 1956 ἀπιστῶν
647 1930 751 1962 ἀγνοεῖν
762 1928 873 1963 δύναμιν
881 1927 946 1954 Θεοῦ

168 1977 255 2011 Λόγου
273 1977 320 2004 καὶ
342 1976 439 2011 Σοφίας
456 1976 522 2011 (81).
539 1976 569 2001 Εἰ
585 1975 638 2010 γὰρ
658 1975 725 2006 ὅλως
746 1974 839 2000 ἐλαϐεν
861 1972 948 2007 ἑαυτῷ

169 2023 257 2058 σῶμα,
273 2023 319 2049 καὶ
335 2022 412 2048 τοῦτο
430 2022 609 2057 ξδιοποιήσατο
622 2021 691 2047 κατὰ
702 2021 750 2056 τὴν
765 2020 872 2054 εὗλογον
883 2020 947 2045 ἀκο-

167 2068 284 2099 λουθίαν,
301 2068 337 2099 ὼς
351 2068 365 2093 ό
377 2068 455 2101 λόγος
465 2066 547 2099 ἔδειξε
557 2075 563 2080 ·
589 2066 614 2092 τί
630 2066 682 2092 ἔδει
694 2066 738 2092 τὸν
752 2065 852 2100 Κύριον
863 2065 947 2090 ποιεῖν

169 2114 232 2149 περὶ
246 2113 354 2145 τούτους
372 2113 387 2148 ἢ
406 2114 479 2140 ποῖον
496 2112 548 2139 ἔδει
564 2112 638 2143 τέλος
653 2111 776 2145 γενέσθαι
794 2110 841 2137 τοῦ
856 2110 948 2145 σώμα-

167 2168 222 2191 τος,
240 2159 311 2192 ἅπαξ
328 2159 467 2190 ἐπιϐάντος
483 2158 555 2193 αὐτῷ
566 2158 611 2184 τοῦ
625 2158 727 2191 Λόγους
804 2156 946 2182 ἀποθανεῖν

170 2205 218 2240 μὲν
216 2205 345 2243 metu.
354 2205 481 2240 ἠδύνατο,
493 2205 538 2232 ἅτε
549 2204 580 2239 δὴ
593 2204 646 2239 (82)
659 2203 753 2238 θνητὸν
767 2202 805 2233 ὃν,
819 2203 864 2228 καὶ
878 2202 945 2237 ὑπὲρ

167 2243 274 2277 πάντων
294 2251 512 2286 προσφερόμενον
534 2251 573 2281 εἰς
584 2244 641 2276 ’τὸν
665 2249 794 2276 θάνατον’
818 2244 848 2274 οῦ
867 2247 945 2283 χάριν

166 2288 362 2330 καΠὟωτῆρ
387 2294 452 2320 αὐτὸ
473 2294 668 2321 κατεσκεύασεν
692 2293 795 2328 ἐαυτῷ·
815 2294 901 2327 μεῖναι
917 2291 945 2317 δὲ

167 2341 261 2376 νεκρὸν
275 2341 323 2375 οὐχ
339 2339 394 2367 οἷόν
410 2343 439 2366 τε
452 2338 495 2376 ἦν,
515 2341 558 2367 διὰ
577 2341 606 2367 τὸ
622 2340 693 2375 ζωῆς
708 2339 773 2366 αὐτὸ
788 2339 849 2366 ναὺν
865 2345 944 2372 γεγε-

167 2386 272 2421 νῆσθαι.
291 2386 371 2412 Ὅθεν
389 2386 506 2413 ἀπέθανε
525 2386 573 2422 μὲν
593 2387 629 2417 ὠς
652 2386 762 2421 θνητόν·
782 2386 895 2421 ὰνέζησε
916 2385 945 2412 δὲ

165 2430 209 2457 διὰ
230 2424 423 2470 τὴνήξῖᾶἶῖτῷ
443 2428 524 2466 ζωὴν,
548 2430 595 2457 καὶ
616 2430 666 2465 τῆς
692 2430 862 2462 ἀναστάσεως
886 2432 943 2457 ἐστι

166 2470 308 2521 γνιὲισμα
296 2475 445 2517 lat/£914.

200 2567 244 2594 5‘2.
257 2567 288 2594 EI
302 2567 334 2598 δ’.
347 2567 387 2593 ὅτι
400 2567 436 2602 μὴ
449 2568 554 2603 ὁρᾶται,
565 2569 717 2595 ἀπιστεῖται
731 2568 777 2595 καὶ
787 2569 943 2604 ὲγηγέρθαι,

165 2613 223 2648 ὥρα
237 2613 325 2639 καὶτὸ
339 2612 409 2639 κατὰ
426 2612 505 2647 φύσιν
524 2612 663 2649 ἀρνεῖσθαι
678 2614 739 2644 τοὺς
755 2613 942 2644 ἀπιστοῦντας.

201 2668 256 2701 (77)
273 2667 390 2702 Anglia,
410 2668 554 2702 ὑποφέρειν
573 2668 681 2694 δύναται
708 2667 766 2694 Mox
793 2674 854 2694 ante
871 2667 938 2703 οἶχε-

164 2711 218 2731 ται.
237 2703 346 2735 Segut'r.
362 2703 450 2737 φυγάς
463 2704 535 2729 addit
551 2711 557 2734 ;
574 2704 616 2729 alii
635 2709 660 2729 et
676 2703 739 2729 editi
752 2704 887 2729 omittunt.

201 2737 257 2771 (78)
271 2737 325 2763 Καί
338 2736 411 2764 deest
427 2738 453 2764 in
471 2736 576 2764 anler.
592 2743 617 2764 et
635 2737 752 2764 Felckm.
775 2738 786 2763 1
806 2745 850 2763 an.
874 2738 941 2764 Pau-

166 2773 191 2798 lo
207 2776 267 2803 post
283 2771 393 2807 seguer.
410 2773 488 2799 habet
506 2774 529 2798 εξ
553 2773 598 2798 τὸν
609 2772 723 2807 Χριστὸν
736 2772 780 2799 τὸν
799 2773 940 2807 λεγόμενον

165 2807 231 2842 παῖς
247 2806 335 2842 αύτῶν
351 2807 444 2842 νεκρὸν
460 2807 485 2832 οἱ
501 2808 607 2839 πάντες,
627 2806 677 2835 etc.

202 2841 257 2876 (79)
269 2841 457 2876 Segucriauus,
477 2843 591 2876 ἀνάγων.

983 511 1088 546 νεκρόν.

1045 558 1089 585 51.
1105 558 1192 587 Grave
1209 565 1298 587 autem
1312 560 1337 587 in
1355 568 1411 593 eos,
1422 561 1467 596 qui
1481 562 1513 588 de
1527 563 1725 590 resurrectione
1738 564 1789 591 du-

1008 604 1095 632 bitant
1107 626 1114 638 ,
1135 605 1205 633 istud
1220 605 1300 633 fuerit
1317 612 1503 641 argumentum
1516 628 1524 640 ,
1545 608 1568 634 si
1597 616 1693 643 nempe
1710 610 1789 637 Chri-

1009 656 1177 686 stum,quem
1193 657 1325 679 mortuum
1343 653 1393 686 ipsi
1405 658 1510 687 putant,
1523 654 1639 681 universi
1655 655 1789 682 dmmones

1009 704 1040 723 ac
1064 697 1112 729 dii,
1130 705 1199 732 quos
1214 698 1323 730 colunt,
1347 706 1400 725 non
1420 705 1625 734 persequantur,
1639 700 1686 727 sed
1701 702 1788 735 potius

1009 742 1065 776 ipse
1077 742 1200 770 Christus
1226 751 1321 771 omnes
1342 743 1401 771 illos
1416 749 1534 771 mortuos
1550 752 1611 772 esse
1636 747 1785 773 convincat.

970 793 993 823 Β
1009 787 1035 814 Si
1050 789 1120 815 enim
1134 797 1226 817 verum
1245 790 1280 816 sit
1303 794 1436 816 mortumn
1451 790 1516 817 nihil
1538 798 1627 826 agere,
1643 795 1680 818 tot
1699 796 1785 818 autem

1005 837 1031 860 et
1048 837 1122 861 tanta
1137 834 1257 868 quotidie
1272 834 1477 867 agatChristus,
1492 836 1536 870 qui
1556 843 1652 870 nempe
1664 837 1786 863 homines

1004 878 1037 906 ad
1054 879 1179 913 pietatem
1197 880 1321 912 attrahit,
1341 881 1386 914 qui
1404 880 1456 907 illis
1469 886 1497 907 ut
1511 881 1636 908 virtutem
1650 887 1786 909 seelentur

1005 925 1157 959 persuadet,
1170 926 1215 960 qui
1232 933 1278 952 eos
1290 926 1518 953 immortalitatem
1536 928 1625 959 docet,
1644 931 1671 953 et
1695 935 1784 954 rerum

1010 971 1159 998 cmlestium
1182 971 1316 998 desiderio
1337 970 1506 1004 inﬂammat,
1521 971 1565 1005 qui
1581 972 1621 998 sui
1637 971 1725 999 Patris
1739 979 1783 998 co-

1004 1017 1152 1050 gnitionem
1166 1017 1259 1044 iisdem
1276 1017 1396 1052 impertit
1409 1037 1416 1049 ,
1432 1017 1540 1052 vimque
1555 1023 1647 1044 contra
1669 1022 1782 1045 mortem

1004 1062 1129 1094 infundit,
1143 1063 1187 1097 qui
1211 1063 1327 1097 denique
1342 1062 1454 1098 singulis
1470 1063 1587 1098 seipsum
1609 1063 1735 1097 patefacit
1757 1068 1783 1090 et

1002 1108 1108 1143 impiam
1128 1108 1259 1135 idolorum
1276 1109 1371 1136 evertit
1385 1109 1602 1144 superstitionem
1616 1118 1624 1142 ;
1643 1117 1702 1137 cum
1717 1118 1782 1137 con—

1008 1158 1049 1181 tra
1075 1154 1140 1181 nihil
1165 1154 1254 1182 simile
1278 1154 1382 1182 eﬂicere
1409 1155 1512 1188 p05siut
1538 1155 1684 1182 inlidelium
1701 1156 1737 1182 dii
1755 1160 1783 1183 et

1001 1201 1155 1231 daemones,
1183 1200 1228 1227 sed
1266 1200 1353 1235 potius
1383 1200 1483 1227 Christi
1513 1202 1653 1235 praesentia
1684 1202 1781 1229 mortui

1009 1245 1085 1277 liant,
1101 1252 1247 1279 eorumque
1263 1246 1401 1280 praestigiae
1419 1246 1502 1273 irrita:
1517 1247 1684 1278 reddantur;
1699 1248 1781 1282 siqui-

1003 1289 1063 1315 dem
1078 1290 1154 1324 signo
1169 1290 1256 1316 crucis
1278 1290 1365 1317 omnis
1382 1298 1425 1317 ars
1443 1291 1545 1325 magica
1564 1292 1653 1319 delicit
1665 1313 1673 1324 ,
1689 1292 1782 1320 incan-

1002 1338 1118 1362 tamenta
1135 1335 1224 1361 omnia
1239 1339 1414 1367 evanescunt,
1429 1335 1499 1362 idola
1517 1336 1676 1364 deseruntur
1689 1342 1716 1364 et
1735 1346 1779 1366 re-

1001 1378 1166 1412 linquuntur,
1193 1379 1354 1414 sedaturque
1376 1380 1470 1406 insana
1495 1386 1521 1407 et
1547 1382 1631 1416 turpis
1645 1383 1778 1417 voluptas,

1001 1431 1032 1450 ac
1055 1423 1165 1458 quilibet
1186 1423 1241 1457 jam
1256 1432 1270 1451 e
1287 1425 1367 1451 terris
1390 1425 1415 1452 in
1441 1426 1539 1453 caelum
1558 1428 1689 1462 suspicit;
1708 1430 1778 1463 quis,

964 1469 985 1498 C
1004 1476 1109 1503 qumso,
1124 1475 1245 1497 mortuus
1261 1471 1389 1498 dicendus
1400 1472 1462 1499 est?
1475 1472 1635 1501 Christusne
1661 1476 1706 1509 qui
1735 1483 1779 1503 res

1001 1521 1088 1544 tantas
1100 1517 1200 1544 eIIicit?
1216 1519 1296 1553 Atqui
1313 1526 1364 1545 non
1380 1519 1515 1554 proprium
1526 1526 1566 1547 est
1577 1522 1672 1548 mortui
1688 1528 1776 1556 agere.

998 1562 1039 1589 An
1053 1570 1105 1588 non
1128 1563 1215 1597 polius
1237 1562 1259 1590 is
1277 1564 1321 1597 qui
1338 1564 1403 1591 nihil
1418 1572 1528 1597 prorsus
1550 1566 1626 1600 agit,
1648 1565 1694 1593 sed
1708 1566 1779 1593 velut

998 1607 1131 1635 inaniums
1146 1608 1225 1642 jacet,
1245 1610 1315 1643 quod
1327 1610 1381 1644 jam
1403 1610 1568 1638 dazmonibus
1583 1616 1610 1638 et
1634 1611 1710 1638 idolis
1735 1617 1777 1638 ut-

997 1658 1058 1688 pote
1071 1654 1183 1681 mortuis
1194 1655 1329 1682 convenit.
1342 1655 1378 1682 At
1392 1655 1476 1683 Filius
1491 1657 1536 1683 Dei
1553 1657 1628 1684 rivus
1641 1661 1668 1683 et
1682 1657 1774 1684 eiiicax

998 1699 1116 1732 quotidie
1138 1699 1193 1737 agit
1212 1705 1239 1727 et
1261 1701 1381 1728 omnium
1408 1702 1521 1729 salutem
1546 1702 1626 1730 eiIicit
1650 1712 1656 1729 :
1684 1707 1776 1730 contra

998 1752 1060 1771 vero
1086 1749 1197 1771 mortem
1216 1746 1301 1780 magis
1324 1746 1349 1772 in
1373 1746 1429 1773 dies
1454 1747 1583 1774 inlirmari
1602 1747 1725 1782 idolaque
1750 1752 1777 1774 et

998 1790 1133 1817 dzemoues
1147 1791 1231 1825 magis
1252 1799 1281 1817 ac
1298 1791 1383 1826 magis
1398 1797 1519 1818 mortuos
1534 1792 1588 1819 fieri
1612 1793 1647 1820 ita
1672 1792 1775 1820 clarum

997 1842 1048 1867 est,
1068 1840 1096 1863 ut
1113 1837 1253 1871 nemojam
1268 1837 1382 1871 amplius
1395 1837 1427 1864 de
1438 1837 1536 1864 Christi
1552 1838 1673 1872 corporis
1687 1846 1776 1865 resur-

998 1882 1117 1909 rectione
1133 1882 1255 1909 dubitare
1269 1883 1362 1917 possit.
1381 1882 1409 1909 Si
1423 1883 1482 1916 quis
1494 1888 1582 1910 aulem
1598 1884 1685 1910 adlme
1697 1883 1776 1910 fuerit

998 1928 1042 1962 qui
1058 1927 1163 1954 Domini
1182 1935 1280 1961 corpus
1298 1927 1478 1954 rcsurrexisse
1498 1929 1608 1955 credere
1623 1934 1736 1961 renuat,
1753 1930 1775 1956 is

998 1981 1064 2001 sane
1086 1973 1132 2000 Dei
1149 1973 1226 2000 Verbi
1242 1978 1268 2000 et
1292 1973 1434 2008 Sapientia:
1450 1975 1500 2000 vim
1517 1974 1641 2009 ignorare
1658 1975 1774 2002 videtur.

998 2019 1026 2046 Si
1043 2019 1113 2046 enim
1137 2027 1200 2046 vere
1221 2027 1318 2054 corpus
1340 2019 1459 2053 accepit,
1475 2019 1592 2054 illudque
1607 2020 1775 2046 convenienti

1001 2065 1105 2092 ratione
1123 2065 1172 2091 sibi
1190 2065 1327 2099 proprium
1345 2064 1479 2096 reddidit,
1497 2069 1525 2091 ut
1541 2071 1631 2091 nostra
1654 2066 1774 2092 oratione

998 2108 1190 2144 exposuimus;
1202 2109 1266 2142 quid
1281 2127 1288 2140 ,
1302 2116 1402 2142 quaeso,
1418 2108 1450 2135 de
1470 2108 1516 2134 illo
1531 2108 1670 2134 Dominum
1687 2108 1775 2136 facere

999 2155 1150 2189 oportebat,
1165 2154 1207 2180 vel
1225 2154 1286 2188 quis
1302 2154 1424 2188 corporis
1437 2154 1496 2180 linis
1510 2160 1568 2180 esse
1580 2154 1682 2185 debuit,
1703 2159 1775 2187 post—

998 2208 1076 2235 quam
1097 2200 1180 2227 semel
1205 2200 1238 2226 ad
1262 2200 1324 2226 illud
1341 2200 1454 2226 accessit
1473 2200 1609 2226 Verbum?
1633 2199 1687 2226 Nec
1701 2200 1772 2226 enim

998 2251 1102 2280 poterat
1119 2254 1173 2273 non
1189 2246 1267 2277 mori,
1284 2254 1344 2273 cum
1359 2245 1471 2272 mortale
1485 2250 1556 2272 esset
1573 2249 1599 2271 et
1616 2253 1665 2279 pro
1687 2246 1774 2272 omni-

997 2293 1046 2319 bus
1062 2292 1139 2318 morti
1163 2291 1313 2324 olferretur,
1334 2298 1389 2326 {me
1415 2291 1520 2325 quidem
1544 2298 1626 2318 causa
1651 2292 1699 2317 l'uit
1726 2300 1774 2318 cur

998 2338 1048 2365 sibi
1077 2337 1141 2364 illud
1166 2337 1291 2364 Salvator
1316 2337 1448 2371 aptaverit
1471 2344 1479 2363 :
1506 2341 1639 2363 morluum
1669 2344 1774 2371 quoque

998 2388 1106 2407 manere
1123 2388 1175 2407 non
1192 2381 1289 2414 potuit,
1302 2381 1363 2415 quia
1379 2381 1439 2407 vitae
1455 2381 1582 2415 templum
1598 2381 1698 2408 factum
1718 2382 1774 2408 fue-

997 2431 1049 2453 rat.
1069 2426 1235 2460 Quapropter
1246 2430 1378 2453 n10rtuum
1398 2427 1504 2461 quidem
1519 2431 1559 2453 est
1572 2446 1579 2458 ,
1596 2431 1623 2453 ut
1639 2428 1751 2455 mortale
1765 2437 1772 2458 ;

998 2473 1097 2499 revixit
1114 2480 1178 2499 vero
1191 2492 1199 2504 ,
1226 2473 1287 2506 quia
1311 2473 1393 2498 vitam
1409 2473 1435 2499 in
1451 2480 1479 2500 se
1499 2473 1655 2500 continebat
1667 2494 1674 2506 ,
1698 2473 1773 2507 cujus

998 2526 1064 2546 sane
1082 2519 1287 2545 resurrectionis
1303 2519 1400 2545 iudicia
1419 2519 1474 2553 ipsa
1492 2523 1554 2545 sunt
1570 2526 1661 2553 opera.

1032 2564 1076 2591 32.
1098 2563 1173 2597 Quod
1186 2563 1207 2590 si
1221 2564 1281 2591 ideo
1301 2564 1481 2590 resurrexisse
1499 2571 1550 2590 non
1565 2564 1694 2596 creditur,
1711 2564 1772 2599 quia

997 2619 1050 2639 non
1064 2611 1184 2640 videtur;
1196 2610 1259 2643 quid
1275 2609 1346 2635 aliud
1369 2614 1491 2643 superest
1516 2617 1596 2643 quam
1619 2614 1694 2637 utea
1713 2618 1773 2644 qua:

1032 2665 1086 2701 (80)
1104 2666 1166 2698 Seg.
1186 2664 1311 2701 Gobllet
1330 2663 1452 2701 Felckm,
1466 2664 1479 2690 1
1504 2671 1598 2701 auom».
1611 2664 1706 2701 etiam;
1719 2664 1773 2691 ἀπο

995 2699 1045 2736 γῆς
1065 2701 1104 2732 εἰς
1119 2700 1240 2735 οὐρανόν.
1259 2699 1326 2736 11ήὸνῖ
1344 2699 1499 2736 Segtterian.
1519 2699 1674 2725 ἀναϐλέπει.
1692 2700 1770 2736 Iidem

995 2733 1105 2769 Ségucr.
1122 2733 1229 2762 Gobler.
1252 2740 1278 2760 ct
1292 2769 1296 2770 γ
1308 2733 1424 2770 Felcluu.
1447 2734 1460 2760 1
1486 2741 1610 2761 anonvm.
1626 2742 1686 2761 mox
1704 2735 1772 2770 Χρι-

995 2771 1056 2797 στόν
1074 2770 1182 2800 habent,
1199 2770 1241 2796 tibi
1254 2769 1309 2800 alii,
1326 2768 1400 2794 Θεόν.

1029 2805 1084 2839 (8|)
1103 2804 1272 2836 Anglicanus,
1288 2803 1392 2837 σοφίαν.

1032 2841 1087 2875 (82)
1105 2840 1167 2865 "At:
1180 2839 1210 2873 δή
1226 2840 1339 2867 deest-In
1357 2839 1463 2867 Gobler.
1482 2844 1507 2866 et
1518 2838 1661 2867 Felckm.‘l
1677 2846 1718 2866 an.

963 2140 985 2168 D
