2037 3044
200 167 248 195 £57

701 163 828 194 ORATIO
848 166 890 193 DE
910 164 1166 193 lNCARNATlONE
1183 164 1294 193 VERBI.

1755 162 1808 191 158

197 224 243 250 καὶ
264 223 358 250 Ἰακὼϐ
379 223 409 256 ἐξ
428 223 534 254 ’1σαάκ;
557 224 622 259 Οὐχὶ
642 223 741 255 Ἰούδας
755 223 785 256 ἐξ
811 223 917 255 Ἰακὼϐ,
934 223 978 250 καὶ

1029 223 1130 254 At-haz,
1146 222 1233 250 Josias
1248 229 1279 248 ex
1295 222 1389 252 Amos,
1412 219 1496 247 Isaias
1509 226 1541 246 ex
1564 219 1655 251 Amos,
1673 217 1808 246 Jercmial

197 269 314 304 Μωῡσῆς
332 270 378 296 καὶ
396 270 500 306 ’Λαρὼν
522 269 551 301 ἐξ
571 270 694 305 ’Δμεράμ
713 270 767 305 (98)
782 278 788 301 ;
805 271 835 296 οὺ
855 270 979 305 Σαμουὴλ

197 315 241 341 τοῦ
261 315 375 342 Ἐλκανᾶ
394 316 514 350 γέγονεν,
529 316 558 342 οὺ
573 316 654 342 Δαϐὶδ
665 315 713 342 τοῦ
737 316 844 348 Ἰεσσαὶ,
857 316 887 342 οὐ
900 316 979 342 Σολο-

198 360 255 395 μὼν
273 360 320 387 τοῦ
338 361 429 393 Δαϐὶδ,
449 362 499 388 οὐκ
525 361 646 392 Ἐζεκίας
665 360 711 387 τοῦ
737 360 829 396 Ἃχὰζ,
853 361 903 387 οὐκ
925 361 980 387 Ὶω-

198 405 257 436 σίας
273 404 318 431 τοῦ
339 404 437 440 Ἀμὼς,
459 405 508 440 οὐχ
534 405 646 437 Ἡσαΐας
664 404 711 432 τοῦ
736 404 826 440 Ἀμὼς
839 405 904 441 (99)»
919 405 978 440 οὐχὶ

201 449 333 485 Ἱερεμίας
343 449 390 476 τοῦ
404 450 528 482 Χελκίου,
541 451 591 477 οὐκ
610 450 737 486 Ἰεζεκιὴλ
754 450 798 477 τοῦ
812 451 890 482 Βουζί
903 458 910 482 ;
923 450 977 485 Οὐχ

196 495 309 527 ἕκαστος
323 495 384 530 ἔσχε
396 496 440 522 τὸν
453 495 558 531 πατέρα
570 496 618 530 τῆς
631 496 764 530 γενέσεως
776 495 912 532 ἀρχηγόνς
930 495 978 526 Τίς

196 537 242 566 οὖν
262 539 276 565 ὸ
293 541 324 566 ἐκ
345 528 476 575 παρθένου
504 528 741 575 μδνης-γεγονώςς
919 540 978 566 λίαν

198 585 312 621 ὲμένλησε
324 585 362 620 τῷ
381 586 506 621 προφήτῃ
521 585 582 621 περὶ
594 586 644 621 τῆς
658 585 752 612 τούτου
772 585 917 620 σημασίας.
931 585 977 612 Τί-

198 640 242 663 νος
259 631 287 658 δὲ
306 632 356 667 τῆς
375 632 506 666 γενέσεως
521 631 688 667 προέδραμεν
700 631 786 667 ἀστὴρ
801 633 829 658 ὲν
843 631 976 667 οὐρανοῖς,

198 678 244 702 καὶ
257 677 303 703 τδν
317 677 478 712 γεννηθέντα
490 678 608 712 ὲσήμανε
628 679 660 712 τῇ
680 677 840 713 οἰκουμένῃ;
856 677 975 711 Μωῡσῆς

199 722 248 757 μὲν
267 722 320 758 γὰρ
345 722 510 758 γεννώμενος
534 723 683 758 ἐκρύπτετο
706 723 758 749 ὑπὸ
780 723 835 749 τῶν
858 722 974 757 γονέωνο

198 767 279 793 Δαϐὶδ
293 767 321 794 δὲ
330 767 390 793 οὐδὲ
405 769 461 799 τοῖς
474 768 506 794 ἐκ
520 768 646 801 γειτόνων
658 767 790 803 ἠκούσθη,
806 768 904 802 δπουγε
917 767 977 794 οὐδὲ

197 814 212 839 ὁ
229 813 314 848 μέγας
331 813 454 848 Σαμουὴλ
466 813 546 839 αὑτὸν
560 813 705 848 ἐγίνωσκεν
714 834 720 845 ,
734 813 790 840 ἀλλ’
805 813 977 845 ἐπυνθάνετο,

1028 275 1059 294 ex
1073 267 1162 294 Heleia
1174 287 1181 298 .
1196 266 1319 294 Ezechiel
1333 274 1366 293 ex
1387 265 1451 291 Buzi
1477 265 1583 299 genitus
1600 264 1661 292 est?
1683 264 1724 291 An
1754 271 1807 290 non

1028 313 1124 348 singuli
1140 313 1180 340 sui
1195 318 1272 339 ortus
1287 316 1425 338 auctorem
1451 316 1554 345 patrem
1579 309 1718 337 habuere?
1742 309 1808 342 Quis

1028 365 1092 393 ergo
1108 365 1142 384 ex
1154 359 1209 384 sola
1225 357 1331 391 virgine
1351 361 1430 383 natus
1444 356 1508 382 est?
1530 354 1650 389 Namque
1674 354 1755 390 hujus
1769 354 1807 381 rei

1028 404 1133 438 signum
1162 410 1266 437 magnae
1287 409 1359 429 cum
1387 401 1439 428 fuit
1460 401 1608 435 prophetat.
1635 400 1717 434 Cujus
1744 401 1807 427 item

1028 449 1116 484 partui
1134 449 1208 475 sidus
1220 449 1246 474 in
1261 447 1337 475 caelis
1354 447 1540 481 praecucurrit,
1559 452 1587 473 et
1600 450 1691 473 natum
1706 446 1806 472 mundo

1028 493 1179 521 indicavit?
1198 493 1263 520 Nam
1281 492 1379 527 Moysis
1393 496 1481 518 ortum
1499 496 1627 526 parentes
1639 491 1806 518 celaverunt.

1027 538 1110 566 David
1126 542 1213 566 autem
1232 546 1264 565 ne
1277 538 1371 564 vicinis
1386 537 1493 571 quidem
1511 541 1590 564 notus
1615 541 1691 568 erat,
1707 537 1806 571 quippe

1027 592 1107 619 quem
1127 593 1174 612 nec
1188 592 1299 619 magnus
1317 583 1427 611 Samuel
1443 586 1619 617 cognosceret
1629 603 1636 614 .
1650 583 1695 610 sed
1710 582 1808 610 scisci-

1029 631 1137 658 tabatur
1153 639 1186 657 an
1208 630 1276 657 alius
1302 635 1373 658 esset
1390 629 1459 656 illius
1480 627 1576 656 Jesse?
1594 628 1730 655 Abraham
1744 635 1809 655 vero

1027 676 1137 711 grandis
1162 680 1264 702 tantum
1292 675 1378 702 factus
1403 674 1532 709 proximis
1560 675 1668 708 agnitus
1695 677 1747 700 est.
1772 674 1809 700 At

1028 722 1128 749 Christi
1147 722 1282 749 nascentis
1304 728 1356 748 non
1381 721 1461 748 homo
1488 720 1563 747 testis
1577 719 1643 752 fuit,
1671 719 1718 747 sed
1741 718 1808 746 stel-

1028 767 1054 794 la
1076 775 1135 802 qua:
1156 767 1183 794 in
1209 767 1279 795 ctelo
1301 766 1371 794 unde
1397 772 1424 794 et
1450 767 1506 802 ipse
1529 766 1702 793 descenderat
1724 773 1809 802 appa-

1030 814 1095 840 ruit.

198 861 222 886 εἰ
235 859 274 886 ἔτι
288 860 366 891 ἄλλος
383 861 454 886 ἐστὶν
470 861 525 892 υἱὸς
538 859 575 895 τῷ
600 861 711 893 ’1εσσαί;
732 860 856 896 Ἀϐραὰμ
871 861 899 887 δὲ
918 860 1008 888 λοιπὸν
1022 859 1140 895 γεγονὼς
1173 860 1258 895 μέγας
1289 858 1411 895 ἐγνώσθη
1443 859 1498 891 τοῖς
1519 858 1612 893 ἐγγύς.
1646 859 1700 894 Τῆς
1713 858 1741 885 δὲ
1762 859 1810 886 τοῦ

198 906 314 940 Χριστοῦ
327 905 458 939 γενέσεως
478 906 581 942 μάρτυς
595 907 644 932 οὐκ
659 906 809 942 ἄνθρωπος,
821 907 878 933 ἀλλ’
891 906 978 942 ἀστὴρ
997 907 1156 941 φαινόμενος
1174 904 1208 941 ἧν
1224 907 1252 932 ὲν
1269 905 1385 941 οὐρανῷ,
1398 905 1458 932 ὅθεν
1473 905 1521 932 καὶ
1535 905 1704 932 κατέϐαινεν.

232 951 276 978 '56.
291 951 339 982 Τίς
362 951 390 978 δὲ
407 950 515 978 πώποτε
529 951 584 978 τῶν
602 951 753 987 γενομένων
768 951 899 986 βασιλέων
915 953 979 988 πρὶν
994 957 1016 984 Β

200 997 305 1032 ἰσχῦσαι
329 997 420 1024 καλεῖν
437 997 541 1033 πατέρα
571 997 588 1033 ἢ
614 997 719 1033 μητέρα
740 997 913 1030 ἐϐασίλευσε,
934 999 980 1024 καὶ

198 1042 315 1078 τρόπαια
332 1042 402 1069 κατὰ
416 1042 470 1069 τῶν
484 1041 588 1077 ἐχθρῶν
607 1041 733 1078 εἴληφεν;
748 1041 784 1068 Οὐ
800 1041 881 1068 Δαὸὶδ
901 1051 980 1077 τρια-

199 1088 343 1123 κονταετὴς
360 1087 526 1118 ἐϐασίλευσε,
551 1087 598 1113 καὶ
623 1087 747 1122 Σολομὼν
775 1087 834 1118 νέος
862 1087 980 1122 γεγονὼς

198 1132 384 1164 ὲδασίλευσενς
397 1132 453 1158 Οὐκ
473 1131 548 1163 ’Ῑώας
562 1131 629 1158 ὲτῶν
641 1132 710 1159 ἑπτὰ
720 1133 862 1167 γενόμενος
873 1133 918 1159 ἐπὶ
931 1133 980 1169 τὴν

200 1177 336 1212 βασιλείαν
350 1177 482 1213 παρῆλθε,
496 1177 568 1203 καὶὸ
581 1177 620 1204 ἔτι
640 1177 786 1212 κατωτέρω
804 1177 908 1208 Ἰωσίας
929 1186 980 1204 πε-

200 1222 326 1258 ρἰ(1)ἕτη
338 1222 455 1256 γεγονὼς
467 1222 536 1248 ἑπτὰ
546 1222 594 1257 τῆς
604 1222 690 1257 ἀρχῆς
702 1221 861 1248 ἀντελάϐετο
873 1230 880 1254 ;
901 1222 981 1249 Ἀλλὰ

199 1268 245 1293 καὶ
260 1268 333 1303 ὅμως
340 1264 411 1294 οὗτοι
419 1267 519 1302 ταύτην
530 1266 640 1300 ἄγοντες
650 1267 699 1302 τὴν
712 1267 828 1302 ἠλικίαν,
842 1267 933 1302 ἴσχυον
941 1267 980 1304 (2)

200 1313 291 1340 καλεῖν
305 1313 410 1349 πατέρα
423 1313 439 1348 ἢ
455 1313 567 1348 μητέρα.
583 1313 630 1344 Τίς
641 1311 687 1339 οὖν
701 1313 754 1348 ἄρα
770 1313 842 1340 ἐστὶν
862 1313 876 1339 ὁ
889 1314 980 1348 σχεδὸν

150 1378 155 1402 ς
199 1359 263 1395 πρὶν
274 1360 403 1393 γενέσεως
412 1359 622 1394 βασιλεύων,καὶ
634 1358 770 1385 σκυλεύων
780 1359 842 1390 τοὺς
853 1358 980 1393 ἐχθρούς

149 1403 163 1433 Κ
199 1406 247 1437 Τίς
257 1406 285 1432 δὲ
301 1405 418 1437 τοιοῦτος
433 1405 527 1440 γέγονε
542 1405 666 1440 βασιλεὺς
678 1405 706 1431 ὲν
719 1403 758 1439 τῷ
776 1404 881 1440 Ἰσραὴλ
892 1405 939 1431 καὶ
953 1406 981 1432 ὲν

198 1451 238 1486 τῷ
267 1451 359 1486 Ἰούδᾳ,
382 1449 996 1490 λεγέτῳεἏΜδαέριΑΕεῳῄωτες...

200 1497 241 1531 ἐφ’
255 1497 284 1524 ὃν
297 1497 330 1524 τὰ
343 1497 405 1532 ἔθνη
421 1497 508 1523 πάντα
521 1496 570 1531 τὴν
585 1495 679 1522 ἐλπίδα
691 1494 825 1522 τέθεινται
840 1495 887 1521 καὶ
909 1495 982 1530 είρή-

200 1552 248 1579 νην
269 1542 341 1578 size;
365 1543 419 1570 Καὶ
446 1544 475 1569 οὺ
499 1543 597 1578 μᾶλλον
623 1541 793 1577 ἠναντιοῦντο
817 1541 981 1576 πανταχόθεν

199 1590 306 1622 αὑτοῖς;
329 1590 401 1621 ’Ἑως
421 1589 475 1624 γὰρ
496 1589 664 1624 συνειστήκει
683 1589 699 1622 ὴ
725 1587 910 1623 Ἰερουσαλὴμ,
932 1587 981 1613 πό-

199 1636 279 1671 λεμος
294 1633 327 1671 ἦν
342 1635 471 1666 ἄσπονδος
485 1635 584 1666 αὐτοῖς,
602 1634 648 1660 κα)⁸
661 1633 793 1668 ἐμάχοντο
806 1634 904 1665 πάντες
914 1632 981 1669 πρὸς

199 1681 244 1707 τὸν
263 1680 379 1716 Ἰσραὴλ,
398 1680 533 1716 Ἀσσύριοι
556 1681 604 1715 μὲν
629 1679 773 1711 θλίϐοντες,
790 1679 932 1713 Αἰγύπτιοι
952 1678 981 1705 δὲ

199 1724 350 1756 διώκοντες,
372 1725 535 1751 Βαῦυλώνιοι
557 1725 585 1751 δὲ
609 1724 808 1756 ἐπιϐαίνοντεςο
828 1723 876 1750 καὶ
900 1723 931 1750 τό
949 1731 981 1757 γε

200 1770 354 1806 θαυμαστὸν
368 1771 409 1796 ὅτι
431 1771 478 1797 καὶ
497 1771 599 1806 Σύρους
609 1771 670 1802 τοὺς
683 1771 715 1796 ἐκ
736 1770 863 1804 γειτόνων
873 1770 982 1796 ἀντιπο-

199 1815 347 1850 λεμοῦντας
365 1813 436 1850 εἶχον
450 1815 541 1846 αὐτοῖς
552 1823 559 1830 ⁸
577 1815 593 1850 ἢ
607 1815 666 1849 οὐχὶ
678 1815 758 1841 Δαῦὶδ
776 1814 839 1845 τοὺς
853 1815 881 1841 ἐν
895 1813 981 1841 Μωὰϐ

200 1861 336 1895 ἐπολέμει,
353 1861 400 1886 καὶ
419 1861 482 1892 τοὺς
498 1860 600 1895 Σύρους
621 1859 775 1891 ἐξέκοπτεν,
793 1859 897 1890 Ἰωσίας
919 1859 981 1889 τοὺς

199 1907 312 1942 πλησίον
324 1906 496 1940 ἐφυλάττετο,
516 1906 563 1933 καὶ
587 1905 709 1941 Ἐζεκίας
732 1905 831 1932 ὲδειλία
849 1904 897 1940 τὴν
917 1904 982 1930 ἀλα-

199 1953 302 1985 ζονείαν
311 1953 358 1980 τοὺ
370 1952 549 1988 Σεναχηρεὶμ,
558 1952 604 1978 καὶ⁴
614 1952 724 1978 Μωῡσεῖ
737 1952 751 1977 ὁ
762 1950 877 1986 Αμαλὴκ
886 1951 982 1984 ἐστρα-

199 1999 301 2032 τεύετο,
313 1999 360 2025 καὶ
372 1999 397 2025 οί
416 1999 572 2034 ’Δμοῤῥαῖοι
585 1996 767 2032 ἠναντιοῦντο,
786 1996 872 2032 Ἰησοῦ
887 1995 925 2030 τῷ
935 1994 981 2022 τοῦ

200 2045 276 2079 Ναυῆ
290 2045 313 2070 ol
327 2045 376 2079 τὴν
393 2043 496 2080 Ἱεριχὼ
507 2043 693 2075 κατοικοῦντες
705 2043 980 2078 ὰντιπαρετάσσοντος

202 2090 255 2116 Καὶ
272 2090 339 2121 ὅλως
357 2090 476 2116 ἄσπονδα
495 2088 529 2125 ἦν
544 2092 598 2121 τοῖς
618 2089 705 2116 ἔθνεσι
727 2088 794 2124 πρὸς
810 2089 855 2115 τὸν
875 2086 982 2122 Ἰσραὴλ

201 2135 235 2162 τὰ
255 2135 304 2170 τῆς
324 2136 428 2170 φιλίας;
449 2136 496 2168 Τίς
519 2134 565 2162 οὖν
590 2137 674 2166 ἐστιν,
692 2135 732 2166 εἰς
751 2135 780 2161 ὃν
796 2133 829 2160 τὰ
850 2134 912 2168 ἔθνη
933 2131 982 2168 τὴν

201 2182 293 2208 ἐλπίδα
305 2182 417 2213 τίθεται,
434 2182 508 2215 ἄξιον
526 2181 589 2207 ἰδεῖν
600 2189 607 2196 ·
637 2180 706 2207 εἶναι
730 2180 783 2215 γὰρ
800 2179 848 2211 δεῖ,
866 2178 925 2205 ἐπεὶ
936 2177 983 2204 καὶ

200 2228 246 2254 τὸν
271 2229 409 2264 προφήτην
428 2228 556 2254 ἀδύνατον
583 2227 743 2262 ψεύσασθαι.
771 2226 847 2256 Τίνος
874 2225 902 2251 δὲ
927 2224 981 2250 τῶν

200 2273 284 2307 ἁγίων
299 2274 444 2309 προφητῶν
457 2274 473 2309 ἢ
490 2274 544 2300 τῶν
566 2273 667 2300 ἄνωθεν
684 2271 859 2306 πατριαρχῶν
873 2271 886 2296 ὁ
900 2270 980 2297 θάνα-

199 2306 244 2351 τος
260 2321 288 2346 ὲν
431 2306 540 2354 γέγονεν
555 2319 624 2354 ὑπὲρ
638 2319 688 2354 τῆς
704 2318 811 2344 πάντων
826 2316 978 2351 σωτηρίας;
996 2306 1017 2334 ι)

201 2365 234 2390 Ἦ
248 2364 288 2395 τίς
305 2364 504 2400 ὲτραυματίσθη
526 2364 572 2390 καὶ
590 2363 708 2399 ἀνῃρέθη
723 2362 793 2397 ὑπὲρ
809 2362 858 2396 τῆς
871 2361 978 2388 πάντων

200 2410 306 2444 ὐγείας;
324 2411 371 2441 Τίς
381 2409 408 2436 δὲ
420 2411 472 2436 τῶν
485 2410 594 2436 δικαίων
607 2409 623 2445 ἢ
637 2409 690 2434 τῶν
703 2407 834 2443 βασιλέων
847 2406 979 2441 κατῆλθεν

199 2457 239 2486 εἰς
253 2455 399 2489 Αἴγυπτον,
415 2456 462 2483 καὶ
477 2456 510 2490 τῇ
527 2455 620 2481 τούτου
642 2454 746 2489 καθόδῳ
772 2453 806 2480 τὰ
822 2453 877 2479 τῶν
899 2453 980 2486 Λίγυ-

201 2502 327 2534 πτίωνίὸ)
337 2501 432 2528 εἴδωλα
444 2501 604 2534 πέπτωκενς
619 2500 743 2536 Ἀΰραὰμ
755 2500 804 2535 μὲν
817 2499 871 2534 γὰρ
883 2498 981 2525 κατῆλ-

234 2592 258 2607 "
273 2591 306 2619 IV
320 2591 387 2626 Reg.
404 2599 439 2623 ιι,
455 2590 509 2623 21·;
525 2598 594 2623 mi,
610 2589 635 2616 l.

235 2669 290 2703 (98)
305 2667 350 2695 Sic
367 2676 419 2696 ms.
439 2667 542 2704 Anglic.
565 2667 616 2704 Alii
639 2674 704 2704 vero
718 2670 745 2693 et
759 2666 823 2694 editi
842 2665 979 2704 ῘΔὸραάμ.

201 2704 252 2731 Sed
265 2701 392 2739 ’Ᾱμόράμ
399 2704 468 2738 apud
481 2701 652 2739 Septuaginta
667 2702 826 2739 Interpretes
842 2701 948 2739 legitur.

228 2735 345 2773 .(99)'Ilai
361 2735 439 2765 v'oces
455 2738 503 2772 οὺχ
518 2735 636 2767 νἫσαῖας
646 2735 694 2773 τοῦ
707 2735 806 2770 Ἀμώς,
819 2736 979 2773 quaelegun-

201 2770 285 2800 turin'
301 2773 380 2800 Basil.
403 2770 620 2800 Gt)bl."Felt:kttt.
641 2772 652 2797 1
680 2779 760 2797 anon.
773 2776 801 2797 et
825 2770 936 2804 Seguer.
953 2771 978 2797 in

200 2809 260 2834 :Illi‘s'
275 2815 302 2835 et
320 2809 399 2836 editis
421 2807 616 2834 desiderantur.
640 2805 700 2833 Mox
731 2805 794 2832 ibid.
820 2805 930 2833 Gohler.
953 2809 978 2831 et

200 2843 317 2870 Felt-ltm.
332 2845 342 2870 l
360 2852 416 2874 au.,
439 2842 555 2868 Ἑλκίου.

235 2878 274 2914 (ί)
291 2879 335 2906 Sic
348 2878 458 2913 Segucr.
478 2878 558 2905 Basil.
579 2876 686 2904 Goblcr.
705 2880 732 2903 et
754 2875 872 2904 Fclelttn.
896 2875 908 2902 l
931 2882 977 2903 an.

1064 952 1109 979 56.
1126 952 1192 985 Quis
1207 959 1325 986 unquam
1348 959 1439 985 regunt
1453 970 1461 984 ,
1478 955 1621 985 antequam
1647 956 1750 985 patrem
1767 958 1801 978 ve

1029 1002 1141 1024 matrem
1167 997 1302 1032 appellare
1330 999 1439 1030 posset,
1461 996 1582 1030 regnavit
1600 1000 1628 1022 et
1652 995 1753 1030 palmas
1777 996 1810 1023 de

1029 1042 1151 1070 hostibus
1166 1043 1280 1070 retulit?
1301 1043 1342 1069 Att
1359 1049 1410 1069 non
1426 1041 1509 1068 David
1524 1040 1635 1075 triginta
1659 1048 1744 1067 annos
1758 1048 1807 1067 na-

1029 1093 1081 1119 tus.
1097 1094 1123 1115 et
1139 1088 1265 1115 Salomon
1281 1087 1441 1115 adolescens
1454 1086 1540 1114 factus
1553 1086 1756 1122 regnaverunt?
1769 1087 1809 1114 An

1028 1141 1082 1161 non
1098 1132 1160 1161 Joas
1182 1135 1296 1168 septimo
1319 1134 1407 1161 aetatis
1424 1140 1495 1160 anno
1509 1151 1517 1165 ,
1541 1137 1568 1159 et
1581 1132 1717 1166 posterior
1744 1133 1809 1159 item

1027 1179 1114 1207 Josias
1135 1180 1208 1207 circa
1231 1180 1375 1214 septimum
1398 1186 1498 1205 annum
1523 1178 1664 1212 imperiutn
1680 1185 1808 1212 suscepe-

1029 1229 1092 1252 runt
1108 1225 1131 1242 "
1146 1225 1157 1252 i
1174 1225 1254 1259 Atqui
1266 1225 1311 1259 qui
1326 1225 1376 1252 ista
1391 1229 1468 1251 erant
1482 1227 1570 1254 aetate.
1589 1227 1692 1257 patrem
1716 1224 1809 1258 utique

1029 1271 1072 1298 vel
1095 1276 1210 1298 matrem
1233 1278 1330 1298 vocare
1351 1270 1485 1297 valebant.
1502 1270 1567 1302 Quis
1582 1269 1673 1303 itaque
1695 1269 1740 1296 ille
1763 1269 1810 1303 qui

1030 1317 1085 1345 fere
1101 1323 1244 1351 antequam
1261 1321 1417 1344 nasceretur
1433 1316 1554 1349 regnavit
1570 1319 1597 1342 et
1611 1315 1702 1342 hostes
1715 1322 1811 1350 exspo-

1030 1362 1127 1390 liavit?
1145 1363 1210 1396 Quis
1220 1363 1282 1390 talis
1295 1371 1341 1390 rex
1357 1362 1462 1389 exstitit
1476 1363 1502 1388 in
1518 1362 1598 1389 Israel
1618 1366 1645 1388 et
1661 1362 1686 1388 in
1699 1360 1766 1388 Juda
1782 1362 1808 1388 iu

1030 1415 1083 1442 quo
1097 1416 1191 1436 omnes
1204 1413 1297 1443 gentes
1309 1415 1385 1442 spem
1403 1415 1479 1435 suam
1491 1407 1648 1434 collocarint
1668 1412 1695 1434 et
1714 1415 1808 1442 pacem

1030 1453 1197 1481 habuerint?
1219 1454 1358 1488 lnquirant
1376 1458 1403 1481 et
1421 1451 1617 1480 dicantJudmi.
1634 1453 1675 1479 Au
1697 1460 1749 1480 non
1763 1460 1810 1486 po-

1030 1498 1154 1532 tiusipsis
1163 1498 1278 1532 undique
1289 1500 1382 1532 gentes
1393 1496 1625 1524 adversabantur?
1635 1496 1713 1528 Nam,
1725 1504 1810 1531 quan-

1032 1545 1076 1571 diu
1097 1545 1171 1571 stetit
1188 1543 1336 1571 Jerusalem
1353 1563 1359 1574 ,
1378 1542 1428 1569 fuit
1446 1542 1499 1569 illis
1515 1550 1575 1568 cum
1590 1549 1623 1570 ea
1646 1543 1743 1569 hellutn
1761 1543 1812 1570 im-

1032 1589 1173 1624 placabile,
1189 1588 1336 1623 cuuctique
1354 1588 1484 1614 adversus
1498 1586 1634 1614 lsraelitas
1642 1587 1810 1622 pugnabant,

1031 1635 1129 1669 quippe
1143 1641 1211 1668 quos
1222 1632 1326 1668 Assyrii
1343 1636 1497 1667 premet-ent
1508 1653 1515 1664 ,
1530 1631 1648 1666 Aﬂgyptii
1662 1639 1810 1666 perseque-

1032 1685 1134 1712 rentur,
1150 1679 1288 1713 Bahylonii
1311 1677 1510 1705 incursionibus
1525 1681 1674 1704 vexarent:
1690 1682 1716 1704 et
1740 1677 1812 1712 quod

1032 1727 1127 1753 mirum
1144 1730 1206 1757 est,
1220 1726 1324 1751 vicinos
1345 1724 1428 1759 Syros
1453 1724 1544 1751 hostes
1559 1730 1666 1758 quoque
1682 1724 1810 1751 habuere.

1030 1773 1071 1799 An
1087 1779 1138 1798 non
1154 1771 1226 1797 enim
1246 1770 1329 1797 David
1347 1770 1444 1797 bellum
1458 1769 1589 1796 adversus
1610 1769 1739 1796 Moabitas
1750 1777 1812 1804 ges-

1031 1818 1077 1850 sit,
1091 1823 1116 1844 ει
1133 1817 1214 1852 Syros
1231 1816 1381 1851 proﬂigavit
1393 1816 1404 1842 ?
1414 1816 1454 1842 An
1467 1823 1519 1842 non
1529 1814 1616 1842 .losias
1630 1815 1680 1842 sibi
1695 1815 1811 1849 aproxi-

1031 1863 1082 1890 mis
1101 1863 1221 1895 cavebat,
1251 1868 1279 1889 et
1304 1861 1433 1889 Ezechias
1448 1861 1627 1896 arrogantiam
1655 1861 1813 1888 Sennachc-

1031 1910 1072 1936 rib
1091 1908 1274 1936 formidabat?
1300 1908 1340 1934 An
1363 1915 1415 1934 non
1444 1912 1537 1934 contra
1562 1906 1681 1942 Moysem
1701 1907 1813 1933 Amalec

1015 1955 1107 1995 .duxit
1123 1954 1272 1981 exercitum
1284 1974 1293 1987 ,
1305 1953 1384 1988 eique
1396 1952 1546 1980 Amnrrhaai
1562 1952 1723 1979 resistebant
1737 1954 1747 1979 ἲ
1769 1952 1810 1980 An

1031 2008 1082 2028 non
1098 2001 1170 2027 cives
1185 2000 1292 2027 .lericho
1303 2007 1364 2027 cum
1379 1998 1441 2026 Jesu
1463 1999 1518 2026 ﬁlio
1535 1997 1609 2024 Nave
1623 1999 1812 2026 dimicabant?

1033 2044 1151 2078 Denique
1162 2044 1232 2070 nulla
1247 2047 1326 2070 erant
1339 2045 1409 2070 inter
1428 2049 1521 2077 gentes
1542 2048 1570 2071 et
1586 2043 1669 2070 lsrael
1686 2043 1812 2070 amicitia:

1031 2090 1141 2117 fmdcra.
1154 2090 1219 2123 Quis
1232 2091 1322 2124 itaque
1338 2089 1382 2116 ille
1401 2089 1436 2116 sit
1451 2089 1476 2116 iu
1497 2096 1550 2123 quo
1565 2094 1658 2123 gentes
1671 2097 1745 2122 spem
1761 2097 1809 2123 po-

1031 2140 1106 2168 nant,
1124 2135 1274 2170 disquirere
1297 2141 1385 2169 opera:
1413 2134 1529 2168 pretium
1555 2134 1645 2160 fuerit.
1662 2133 1727 2160 Nam
1752 2142 1812 2162 esse

1030 2181 1145 2215 aliquem
1159 2188 1268 2208 necesse
1282 2186 1333 2212 est,
1351 2179 1568 2215 quandoquidem
1582 2179 1640 2206 ﬁeri
1660 2187 1711 2206 non
1723 2185 1811 2214 potest

1030 2231 1059 2253 ut
1085 2228 1214 2261 propheta
1240 2227 1366 2254 mentitus
1394 2227 1439 2254 sit.
1466 2226 1532 2258 Quis
1561 2227 1623 2253 item
1654 2230 1810 2252 sanctorum

1031 2273 1219 2307 prophetarum
1241 2277 1268 2299 et
1291 2277 1413 2299 veterum
1438 2272 1655 2306 patriarcharum
1681 2271 1707 2297 in
1730 2278 1811 2298 cruce

1031 2325 1079 2352 pro
1101 2318 1221 2345 omnium
1247 2316 1332 2344 salute
1361 2316 1458 2343 obiit?
1484 2316 1530 2352 vel
1552 2316 1613 2350 quis
1641 2323 1722 2350 porro
1749 2322 1810 2342 om-

1032 2362 1104 2388 nium
1133 2363 1249 2388 sanitate
1281 2361 1436 2388 vulneratus
1460 2365 1488 2388 et
1510 2361 1617 2388 occisus
1644 2360 1712 2387 est?
1746 2360 1812 2392 Quis

1029 2408 1160 2442 iustorum
1184 2412 1229 2434 aut
1249 2414 1340 2442 regum
1358 2407 1384 2434 in
1401 2406 1546 2441 Egyptum
1569 2406 1724 2438 descendit,
1739 2406 1812 2440 ejus-

1032 2461 1083 2487 que
1100 2454 1213 2479 adventu
1225 2452 1414 2487 [Egyptiorum
1438 2453 1507 2479 idola
1529 2452 1710 2479 corruerunt?
1722 2452 1812 2479 Abra-

1033 2499 1095 2525 ham
1118 2497 1225 2532 quidem
1254 2497 1316 2525 illuc
1332 2497 1470 2525 descendit
1487 2506 1494 2524 ε
1514 2501 1542 2524 at
1558 2497 1732 2524 nihilominus
1754 2496 1812 2524 ido-

1031 2663 1082 2690 Alii
1101 2671 1165 2690 vero
1179 2670 1239 2689 cum
1251 2662 1331 2688 editis
1345 2661 1409 2696 περι
1421 2661 1560 2687 omittunt.

1066 2699 1103 2733 (2)
1123 2698 1353 2733 Gobleriauusket
1365 2693 1567 2733 lfelqkmannij
1582 2701 1726 2733 _auouym.,
1739 2693 1813 2728 ἴσχυ-

1031 2729 1172 2761 σαν.ἸΙ)ἰιΙ.
1189 2733 1293 2765 Anglic.
1317 2731 1398 2758 Basil.
1417 2730 1526 2757 Gobler.
1543 2729 1661 2756 Fclckm.
1689 2729 1699 2755 l
1726 2735 1812 2765 :m._et

1031 2768 1200 2802 Segueriau.,
1219 2762 1324 2801 πατέρα
1337 2766 1365 2801 ἡ.
1385 2766 1437 2793 Alii
1462 2771 1550 2792 autetn
1567 2769 1594 2792 et
1614 2764 1690 2796 editi,
1708 2762 1814 2799 πατέρα

1030 2804 1086 2829 καί.

1064 2838 1102 2871 ιδ)
1118 2836 1177 2862 Τῶν
1192 2836 1348 2870 Αἰγυπτίων
1362 2836 1438 2864 abest
1451 2843 1466 2863 a
1479 2834 1559 2864 Basil.
1575 2833 1641 2863 Ibid.
1656 2832 1768 2870 Seguer.
1785 2837 1812 2860 et

1029 2873 1125 2908 Basil.,
1140 2872 1288 2900 πέπανται.
