2037 3044
230 163 281 191 159

507 159 537 186 S.
558 156 744 186 ATHANASII
764 155 839 183 OPP.
867 154 957 183 PARS
977 155 998 181 I.
1018 169 1051 174 —-
1073 152 1260 180 HISTORICA
1281 151 1325 179 ET
1345 149 1551 178 DOGMATICA.

1794 148 1845 175 161)

229 218 334 247 loiatria
363 217 460 244 ibidem
476 215 571 250 viguit.
594 213 650 240 lllic
673 218 701 239 et
725 213 829 248 Moysas
850 217 929 240 natus
945 216 1006 240 cst:

1062 210 1115 242 θεν,
1132 209 1201 236 ἀλλὰ
1221 209 1302 235 πάλιν
1325 207 1362 243 (ι)
1380 207 1396 242 ὴ
1419 204 1623 241 είδωλολατρεία
1642 206 1712 231 κατὰ
1735 204 1845 231 πάντων

229 265 275 292 θεά
291 264 384 291 eadem
403 269 462 297 quae
483 265 560 288 antea
578 259 729 294 permansit
750 258 898 286 errantium
914 265 1009 293 super-

229 310 314 338 stitio.

270 367 316 395 37.
346 365 412 399 Quis
438 365 507 392 inter
531 370 597 394 eos.
622 369 690 397 quos
722 361 862 396 Scriptura
891 369 1009 389 comme-

231 416 340 444 morat,
367 411 490 438 manibus
515 415 542 436 et
568 409 680 444 pedibus
695 407 834 442 perfossus
863 407 906 434 vel
933 408 959 435 in
977 407 1010 434 li-

230 466 283 494 guo
307 464 453 491 suspensus
467 461 557 490 .atque
582 455 608 482 in
624 462 705 482 cruce
727 461 776 488 pro
796 453 915 480 onminm
936 452 1024 487 salu-1

231 511 257 532 te
294 509 414 531 mortuus
442 501 515 528 est?
549 500 669 534 Namque
702 499 838 526 Abraham
873 498 900 525 in
929 497 1010 524 cubili

229 549 297 576 obiit
327 558 335 575 :
366 547 491 574 similiter
520 545 596 573 lsaac
627 551 654 572 et
673 544 756 572 Jucob
781 544 893 578 pedibus
917 543 944 570 in
972 544 1010 570 leo

229 600 274 621 cto
301 593 418 621 extentis
451 591 549 619 mortui
575 595 646 617 sunt.
678 589 783 624 Moyses
809 594 837 616 et
863 590 952 616 Aaron
982 589 1009 616 in

229 639 283 676 63
301 643 402 671 monte,
425 637 506 664 David
528 637 601 663 domi
620 635 708 663 nullas
729 635 885 670 populorum
900 634 1010 662 insidias

230 692 325 721 passus
339 682 457 715 interiit;
471 682 533 709 licet
545 681 614 708 enim
626 689 640 707 a
653 679 734 707 Sanle
744 680 776 706 ad
791 686 883 706 necem
899 679 1010 713 conqui-

135 731 144 738 ‘
192 733 202 739 ‘
230 731 297 758 situs
320 728 412 759 fuerit,
432 732 521 754 tamen
545 726 604 753 sine
617 725 716 753 damno
731 725 828 752 evasit.
851 725 947 752 Seclus
969 729 1011 752 est

229 775 335 809 quidem
351 773 441 804 Isaias.
462 776 489 798 at
509 771 536 797 in
554 771 625 805 ligno
635 778 688 797 non
701 770 751 797 fuit
765 777 921 804 suspensus.
936 768 1011 796 Iere-

231 820 298 848 mias
310 817 480 846 contumeliis
495 815 606 844 aiiectus
622 821 676 848 est,
692 816 739 843 sed
753 823 806 843 non
819 815 1012 843 condemnatus

229 866 320 901 periit.
333 863 458 891 Ezechiel
483 869 577 898 passus
591 866 642 894 est,
667 867 693 888 at
709 869 759 888 non
779 868 826 895 pro
840 861 947 895 populo,
963 861 1009 888 sed

231 912 291 946 quia
306 911 422 938 adversa
430 909 528 944 populo
543 913 673 936 eventura
691 908 863 943 praedicebat.
879 907 1010 934 Praeterea

231 958 269 990 hi,
282 957 328 992 qui
344 957 393 983 ista
408 956 589 990 patiebantur,
605 954 727 980 homines
741 958 827 985 erant,
844 953 936 988 quales
950 957 1013 980 sunt

230 1009 324 1029 omnes
345 1005 446 1028 natura:
467 999 654 1027 similitudine.
672 999 756 1032 Quem
776 1006 839 1026 vero
866 998 1013 1033 Scriptura;

231 1054 280 1083 pro
296 1046 420 1074 omnibus
432 1054 573 1080 passurum
586 1045 776 1080 praenuntiant,
788 1052 841 1072 non
854 1044 1012 1078 simpliciter

231 1093 322 1126 homo,
336 1093 383 1120 sed
405 1092 525 1119 omnium
544 1092 597 1118 vita
617 1090 726 1122 dicitur,
741 1090 846 1118 etiamsi
862 1089 1012 1117 secundant

231 1143 354 1166 naturam
371 1137 523 1165 hominibus
546 1136 644 1164 similis
666 1136 759 1164 luerit.
783 1135 909 1162 Videbitis
931 1136 1011 1167 enim,

231 1185 327 1220 inquit.
339 1185 417 1211 vitam
428 1189 537 1210 uestram
547 1184 698 1218 pendentem
709 1187 769 1208 ante
776 1181 863 1208 oculos
876 1186 970 1208 uestros
977 1181 1011 1215 ”;

231 1235 269 1260 et.
289 1227 487 1256 Generationm
500 1229 557 1263 ejus
575 1229 633 1262 quis
648 1226 782 1255 enarrabit
805 1226 850 1253 “7
875 1226 1012 1261 Siquidem

232 1275 352 1303 omnium
368 1280 523 1302 sanctorum
545 1275 744 1308 generationem
759 1273 783 1300 si
803 1273 864 1307 quis
878 1273 1012 1304 didicerit,

231 1329 289 1349 eam
304 1323 338 1349 ab
353 1322 456 1357 origine
474 1317 606 1356 repetere,
629 1326 656 1348 et
674 1322 744 1348 unde
756 1321 870 1356 quisque
888 1326 964 1348 ortus
977 1321 1014 1348 sit

231 1375 360 1395 enarrare
372 1367 451 1394 facile
467 1367 577 1402 poterit.
589 1368 622 1393 At
637 1366 694 1400 ejus
709 1366 754 1401 qui
768 1366 820 1393 vita
837 1371 881 1394 est
898 1374 1012 1401 genera-

232 1414 333 1441 tionem
349 1413 454 1441 narrari
472 1421 523 1440 non
541 1420 622 1448 posse
630 1413 719 1440 divina
739 1413 878 1440 declarant
892 1412 1012 1440 oracula.

231 1458 298 1492 Quis
315 1459 396 1493 igitur
415 1459 459 1486 ille
476 1464 528 1490 est,
554 1459 586 1486 de
601 1466 655 1493 quo
678 1458 736 1486 hanc
753 1457 899 1492 loquuntur
915 1459 1013 1487 divina

232 1504 396 1540 Scriptura?
412 1505 478 1538 Quis
491 1509 582 1532 tantus
600 1504 645 1531 ille
663 1509 714 1536 est.
736 1509 765 1531 ut
780 1509 807 1532 et
827 1505 963 1540 propheta!
979 1505 1013 1533 de

232 1551 278 1579 illo
295 1555 367 1579 tanta
389 1551 648 1586 prrenuntiaverint?
672 1551 753 1578 Certe
776 1551 865 1578 nullus
887 1551 956 1578 alius
984 1552 1011 1579 in
1026 1556 1046 1585 α

234 1597 382 1632 Scripturis
408 1598 540 1632 reperitur
567 1601 666 1631 praeter
695 1603 865 1623 communem
893 1597 1013 1623 omnium

232 1648 397 1671 servatorem
421 1643 466 1670 Dei
488 1643 613 1674 Verbum,
628 1642 768 1670 Dominum
783 1647 903 1669 nostrum
923 1641 1013 1669 Iesum

233 1686 379 1714 Christum.
397 1686 445 1714 llic
457 1687 528 1714 enim
545 1687 590 1715 ille
602 1691 654 1721 est,
667 1687 713 1722 qui
731 1695 764 1714 ex
777 1687 888 1722 Virgine
901 1687 1013 1722 prodiit,

233 1739 261 1762 et
272 1735 351 1762 homo
367 1735 392 1761 in
418 1735 497 1762 terris
509 1735 584 1762 visus
595 1739 646 1767 est.
659 1738 686 1762 et
701 1734 777 1768 cujus
793 1741 922 1769 corporea
931 1742 1013 1769 gene-

234 1780 304 1808 ratio
323 1780 444 1807 enarrari
460 1781 555 1814 nequit
568 1789 576 1806 ;
588 1780 720 1814 siquidem
739 1787 817 1807 nemo
835 1784 886 1811 est.
900 1781 944 1814 qui
956 1779 1015 1813 ejus

234 1829 336 1860 patrem
362 1826 508 1852 secundum
538 1832 648 1852 carnem
677 1824 798 1852 indicare
821 1825 922 1859 possit,
953 1833 1014 1853 cum

234 1871 292 1904 ejus
305 1879 403 1906 corpus
421 1879 472 1897 non
497 1878 531 1898 ex
555 1871 614 1897 viro
636 1870 684 1897 sed
706 1878 739 1898 ex
755 1870 812 1898 sola
833 1870 869 1898 sit
894 1869 1013 1905 Virgine.

234 1915 462 1949 Quemadmodum
481 1923 545 1950 ergo
562 1915 670 1942 Davidis
683 1919 711 1942 et
727 1915 825 1950 Moysis
842 1916 1016 1950 omniumque

234 1960 444 1995 patriarcharum
462 1966 552 1994 patres
570 1959 706 1986 numerari
729 1964 861 1994 possunt:
878 1959 914 1986 ita
937 1966 1015 1987 nemo

234 2011 276 2033 est
290 2007 335 2040 qui
353 2013 513 2040 corpoream
529 2006 678 2034 Salvatoris
692 2013 726 2033 ex
740 2006 799 2032 viro
813 2006 1014 2039 generationem

236 2059 347 2079 narrare
361 2057 451 2086 queat.
471 2051 520 2079 Hic
543 2052 588 2079 ille
601 2057 643 2079 est
667 2052 711 2086 qui
728 2052 769 2079 sui
788 2051 909 2085 corporis
925 2057 1013 2078 ortum

236 2098 312 2125 stella
334 2098 542 2125 commonstrari
560 2098 655 2125 voluit.
671 2097 789 2125 Docebat
800 2098 872 2125 enim
898 2097 1014 2125 Verbum

235 2151 251 2171 e
265 2144 334 2171 caelo
347 2144 524 2176 descendens,
536 2151 551 2171 e
564 2143 633 2172 coelo
642 2151 750 2178 quoque
764 2143 876 2170 indicari
887 2152 894 2170 :
905 2144 1016 2170 decebat

235 2195 340 2217 naturae
355 2197 444 2224 regem
455 2190 640 2224 prodeuntem.
656 2190 742 2224 palam
754 2191 788 2216 ab
799 2189 923 2217 universa
937 2195 1015 2216 natu-

1059 255 1238 291 ἐπεκράτησε.
1250 253 1368 288 Μωῦσῆς
1379 253 1437 279 ἐκεῖ
1444 251 1614 286 γεγέννηται,
1623 250 1669 277 καὶ
1677 250 1753 277 οὐδὲν
1765 248 1845 286 ἦττον

1058 298 1092 337 ἦν
1104 302 1162 328 ἐκεῖ
1179 302 1196 336 ἡ
1214 299 1266 326 τῶν
1282 297 1497 333 πεπλανημένων
1509 296 1652 332 θρησκεία.

1095 347 1139 373 57.
1152 345 1199 376 Τίς
1211 345 1238 371 δὲ
1253 343 1307 370 τῶν
1325 343 1354 370 ὲν
1382 343 1415 377 τῇ
1434 342 1527 377 Γραφῇ
1555 340 1785 377 μαρτυρουμένων
1808 339 1846 367 δι-

1060 391 1170 428 ωρὺχθη
1183 391 1232 422 τὰς
1255 391 1348 425 χεῖρας
1360 389 1407 420 καὶ
1418 389 1480 420 τοὺς
1493 387 1586 419 πόδας,
1597 387 1614 423 ἢ
1628 387 1696 418 ὅλως
1706 387 1753 413 ἐπὶ
1767 386 1845 418 ξύλου

1059 438 1255 474 κεκρέμασται,
1268 436 1315 463 καὶ
1326 435 1434 470 σταυρῷ
1446 434 1616 461 τετελείωται
1631 432 1701 468 ὑπὲρ
1714 433 1763 467 τῆς
1780 433 1846 459 πάν-

1059 494 1112 511 των
1127 483 1282 519 σωτηρίαςς
1300 481 1427 517 Ἀϐραὰμ
1445 480 1494 516 μὲν
1512 479 1567 515 γὰρ
1583 479 1630 506 ἐπὶ
1651 479 1744 513 κλίνης
1758 478 1846 505 ὲκλείο

1060 540 1118 558 πων
1131 530 1281 557 ἀπέθανεν·
1303 527 1492 555 Ἰσαὰκδὲκαὶ
1513 525 1610 552 Ἰακὼϐ
1635 525 1682 552 καλ⁵
1702 525 1778 552 αὐτοὶ
1803 523 1846 556 ἐξ·

1060 577 1174 613 άραντες
1180 577 1242 607 τοὺς
1252 575 1334 607 πόδας
1350 575 1396 601 ἐπὶ
1409 573 1499 608 κλίνης
1511 571 1654 600 ἀπέθανον.
1669 571 1788 606 Μωῦσῆς
1801 570 1847 597 καὶ

1067 623 1168 659 Ἀαρὼν
1183 623 1211 649 ὲν
1223 621 1261 657 τῷ
1280 621 1348 656 δρει,
1363 620 1444 647 Δασὶδ
1462 621 1491 646 ἐν
1507 618 1544 654 τῷ
1559 618 1625 654 οἴκῳ
1640 617 1829 653 τετελεύτηκεν
1839 636 1846 647 ,

1059 669 1186 704 οὐδεμίαν
1199 667 1343 702 ἐπιϐουλὴν
1355 666 1407 693 ὑπὸ
1430 666 1485 692 τῶν
1499 664 1571 691 λαῶν
1587 663 1691 691 παθών.
1707 664 1738 690 Et
1759 663 1787 690 δὲ
1802 663 1848 690 καὶ

1060 714 1179 750 ὲζητήϐη
1204 703 1257 740 ὑπδ
1273 713 1319 740 τοῦ
1334 712 1372 747 (5)
1391 711 1488 742 Σαοὺλ,
1514 710 1570 737 ἀλλ’
1585 709 1706 745 ἀϐλαϐὴς
1720 709 1846 741 ἐσώζετο.

1065 761 1177 796 Ἡσαΐας
1193 759 1309 796 ὲπρίσθη
1326 759 1385 796 μὲν)
1403 758 1459 784 ἀλλ’
1474 757 1524 785 οὑκ
1540 757 1586 783 ἐπὶ
1612 756 1690 789 ξύλου
1709 757 1846 792 κεκρέμα-
1864 779 1868 796 ί

1148 786 1448 841 ἧξρἷᾟῖᾒῖϐρίσοη,
1467 803 1524 830 ἀλλ’
1544 803 1574 830 οὒ
1599 786 1772 838 κατακριθεὶς
1792 786 1845 828 απ·
1861 786 1881 823 Ι»

1061 852 1156 879 ἑθανεν
1167 861 1173 867 ·
1197 851 1324 887 Ἰεζεκιὴλ
1340 850 1467 885 ἔπασχεν,
1489 849 1544 876 ἀλλ’
1560 850 1609 885 οὺχ
1623 850 1692 885 ὑπὲρ
1706 848 1752 876 τοῦ
1763 848 1827 875 λαοῦ
1839 867 1847 880 ,

1061 898 1129 926 ἀλλὰ
1141 898 1175 925 τὰ
1190 898 1305 933 ἐσόμενα
1321 896 1391 924 κατὰ
1405 895 1450 923 τοῦ
1474 895 1539 922 λαοῦ
1561 895 1711 930 σημαίνων.
1734 896 1848 921 Ἔπειτα

1061 941 1143 976 οὗτοι,
1153 943 1200 971 καὶ
1215 943 1375 978 πάσχοντες,
1384 942 1520 977 ἄνθρωποι
1531 939 1612 976 ἦσαν,
1628 943 1713 968 ὁποῖοι
1727 942 1773 968 καὶ
1785 941 1849 968 πάν-

1060 998 1105 1021 τες
1120 989 1190 1016 κατὰ
1215 989 1264 1023 τὴν
1279 989 1328 1023 τῆς
1343 988 1449 1023 φύσεως
1470 988 1627 1024 ὁμοιότητα.
1651 988 1680 1014 Ὀ
1701 988 1729 1014 δὲ
1746 997 1846 1023 σημαι-

1061 1034 1301 1075 νόξνος-ξκατῷνᾴ
1309 1034 1424 1069 Γραερρν
1447 1033 1517 1070 ὑπὲρ
1531 1034 1646 1063 πάντων
1660 1026 1782 1068 istisin}
1798 1027 1848 1069 όῦχ

1061 1082 1154 1122 digii;
1170 1081 1323 1117 ᾷψωποί,
1345 1081 1420 1114 ,ἀρὰ
1441 1080 1497 1115 ζωὴ
1511 1080 1772 1115 -πάντωνπλέγεται,
1797 1079 1847 1112 κᾷν

1061 1129 1152 1164 ὅμοιος
1168 1127 1236 1154 κατὰ
1248 1127 1297 1163 τὴν
1311 1126 1391 1162 φύσιν
1406 1127 1462 1158 τοῖς
1474 1126 1627 1161 ἀνθρώποις
1648 1126 1780 1161 ἐτύγχανε
1792 1127 1841 1159 (6i.

1064 1175 1192 1208 Ὄψεσθε
1207 1173 1272 1208 γὰρ,
1293 1174 1374 1208 φησὶ,
1390 1173 1447 1206 τὴν
1465 1172 1542 1207 ζωὴν
1564 1173 1648 1208 ὑμῶν
1661 1173 1848 1207 κρεμαμένην

1061 1219 1205 1246 ἀπέναντι
1227 1218 1286 1246 τῶν
1297 1218 1459 1253 ὀφθαλμῶν
1472 1219 1572 1254 ὑμῶν·
1592 1219 1648 1250 καὶ,
1664 1219 1725 1252 Τὴν⁴
1743 1219 1847 1253 γενεὰν

1061 1265 1154 1292 αὑτοῦ
1166 1265 1212 1298 τίς
1228 1264 1422 1302 ammiratus;
1439 1265 1550 1291 Πάντων
1566 1265 1615 1300 μὲν
1627 1266 1681 1300 γὰρ
1695 1264 1750 1291 τῶν
1763 1265 1846 1298 ἁγίων

1062 1310 1110 1345 τὴν
1127 1310 1222 1344 γενεάν
1243 1318 1285 1341 τις
1302 1309 1407 1345 μαθὼν,
1421 1309 1531 1336 δύναται
1547 1310 1649 1337 ἄνωθεν
1663 1310 1845 1346 διηγήσασθαι

1061 1357 1103 1389 τίς
1117 1357 1163 1383 καὶ
1181 1356 1263 1383 πόθεν
1282 1356 1396 1388 ἕκαστος
1415 1356 1510 1390 γέγονε
1529 1365 1535 1371 ·
1554 1356 1601 1383 τοῦ
1619 1356 1647 1382 δὲ
1669 1357 1847 1391 τυγχάνοντος

1063 1401 1136 1437 ζωῆς
1154 1401 1298 1437 ἀδιήγητον
1310 1401 1358 1437 τὴν
1367 1401 1462 1435 γενεὰν
1471 1402 1496 1427 oi
1510 1401 1575 1428 Θεῖοι
1593 1401 1752 1437 σημαίνουσι
1763 1401 1845 1436 λόγοι.

1063 1447 1112 1478 Τίς
1128 1444 1174 1473 οὖν
1188 1446 1256 1478 ὲστι,
1274 1446 1338 1481 περὶ
1352 1442 1382 1472 οὖ
1395 1445 1481 1473 ταῦτα
1497 1445 1620 1480 λέγουσιν
1634 1447 1662 1473 αι
1684 1447 1753 1474 Θεῖαι
1778 1447 1847 1482 Γρα-

1063 1493 1134 1528 (put;
1163 1493 1198 1519 Ἥ
1219 1492 1261 1524 τίς
1284 1491 1456 1527 τηλικοῦτος,
1483 1491 1521 1524 ὡς
1548 1492 1596 1518 καὶ
1619 1493 1682 1524 τοὺς
1705 1494 1846 1528 προφήτας

1063 1539 1127 1574 περὶ
1142 1538 1223 1565 αὐτοῦ
1238 1538 1356 1565 τοσαῦτα
1370 1538 1631 1574 προκαταγγέλλειν;
1650 1539 1728 1565 Ἀλλὰ
1742 1540 1796 1574 γὶιρ
1809 1540 1847 1575 (7)

1063 1586 1150 1617 οὐδεὶς
1163 1584 1242 1617 ἄλλος
1255 1585 1284 1612 ὲν
1301 1587 1359 1617 ταῖς
1381 1585 1502 1620 Γραφαῐς
1525 1585 1681 1621 εὑρίσκεται
1706 1586 1774 1620 πλὴν
1800 1585 1847 1612 τοῦ

1063 1631 1152 1658 κοινυῦ
1166 1632 1272 1665 πάντων
1286 1631 1406 1666 σωτῆρος
1424 1631 1471 1657 τοῦ
1482 1631 1549 1657 Θεοῦ
1564 1631 1661 1665 Λόγου,
1677 1631 1725 1658 τοῦ
1745 1631 1847 1667 Κυρίου

1063 1677 1142 1713 ἡμῶν
1163 1677 1249 1713 Ἰησοῦ
1269 1677 1396 1713 Χριστοῦ,
1409 1674 1493 1710 Οὗτος
1510 1678 1564 1713 γάρ
1586 1679 1658 1704 ἐστιν
1670 1679 1685 1705 6
1697 1679 1729 1704 ἐκ
1742 1678 1847 1713 Παρθέ-

1063 1733 1108 1751 νου
1125 1724 1262 1760 προελθὼν
1273 1725 1319 1751 καὶ
1331 1724 1473 1760 ἄνθρωπος
1484 1724 1530 1750 ὲπὶ
1540 1724 1591 1760 γῆς
1604 1725 1707 1759 φανεὶς,
1720 1724 1766 1750 καὶ
1776 1724 1848 1759 ἀδιή-

1063 1779 1145 1807 γητον
1160 1771 1198 1806 (8)
1214 1770 1341 1812 ἐωνξὴν
1354 1770 1425 1815 x3e
1438 1770 1647 1812 idpxijsvgdv.
1659 1770 1697 1797 Οὐ
1707 1770 1761 1805 γάρ
1774 1770 1848 1796 ἐστιν

1063 1817 1092 1848 ὃς
1098 1817 1209 1844 δύναται
1220 1817 1265 1844 τὸν
1280 1817 1350 1844 κατὰ
1362 1817 1451 1849 σάρκα
1462 1817 1567 1852 πατέρα
1580 1817 1675 1843 τούτου
1688 1816 1787 1850 λέγειν,
1797 1816 1847 1842 οὐκ

1063 1862 1137 1894 ὄντος
1150 1862 1196 1889 τοῦ
1212 1862 1335 1898 σώματος
1349 1863 1431 1890 αὐτοῦ
1449 1863 1479 1896 ἐξ
1501 1863 1606 1899 ἀνδρὸς,
1629 1863 1686 1890 ἀλλ’
1700 1864 1732 1889 ὲκ
1747 1862 1848 1898 παρθέ-

1064 1917 1109 1935 νου
1127 1909 1221 1944 μόνης.
1234 1909 1337 1944 Ὥσπερ
1351 1907 1397 1936 οὖν
1409 1909 1457 1936 τοῦ
1476 1909 1567 1942 Δαὸὶδ,
1580 1909 1626 1936 καὶ
1638 1909 1785 1940 Μωῦσέως,
1802 1909 1848 1935 καὶ

1065 1955 1172 1981 πάντων
1185 1955 1239 1981 τῶν
1254 1955 1428 1991 πατριαρχῶν
1441 1956 1506 1987 τοὺς
1521 1955 1642 1991 πατέρας
1661 1963 1705 1986 τις
1722 1955 1847 1989 γενεαλο-

1063 2001 1121 2035 γεῖν
1132 2001 1253 2033 δύναται,
1273 2001 1359 2033 οὕτως
1378 2001 1464 2033 οὐδεὶς
1477 2001 1588 2028 δύναται
1600 2001 1649 2036 τὴν
1666 2001 1737 2028 κατὰ
1759 2002 1848 2037 σάρκα

1063 2046 1160 2080 γενεὰν
1175 2046 1221 2073 τοῦ
1238 2048 1363 2082 Σωτῆρος
1381 2046 1411 2079 ἐξ
1433 2047 1528 2082 ἀνδρὸς
1547 2047 1737 2082 διηγήσασθαι.
1765 2045 1848 2078 Οὗτός

1064 2093 1137 2119 ἐστιν
1151 2094 1166 2120 ό
1179 2093 1225 2120 καὶ
1243 2093 1288 2119 τὸν
1302 2093 1405 2129 ἀστέρα
1420 2094 1562 2128 σημαίνειν
1590 2093 1638 2129 τὴν
1653 2093 1700 2120 τοῦ
1723 2093 1848 2130 σώματος

1063 2139 1169 2174 γένεσιν
1191 2140 1304 2175 ποιήσας
1315 2149 1322 2155 ·
1335 2139 1389 2167 ἔδει
1409 2140 1472 2175 γὰρ,
1488 2140 1541 2167 ἀπὸ
1551 2139 1666 2176 οὐρανοῦ
1679 2141 1847 2176 κατερχόμε-

1064 2194 1109 2213 νον
1127 2185 1172 2212 τὸν
1186 2186 1280 2220 Λόγον,
1295 2186 1324 2219 ιε
1344 2187 1459 2222 οὐρανοῦ
1478 2187 1525 2213 καὶ
1538 2186 1586 2222 τὴν
1607 2187 1743 2222 σημασίαν
1758 2187 1845 2222 ἐχειν·

235 2244 265 2263 ra
280 2236 398 2271 agnosci.
417 2235 444 2262 ln
459 2235 548 2263 Iudaea
560 2235 731 2268 nascebatur,
744 2241 770 2262 et
782 2235 870 2262 Persas
886 2243 946 2262 eum
967 2236 1013 2263 ad-

1067 2233 1114 2259 καὶ
1131 2232 1184 2258 ἔδει
1195 2233 1242 2259 τὸν
1256 2233 1305 2268 τῆς
1320 2233 1432 2265 κτίσεως
1449 2233 1560 2268 βασιλέα
1581 2234 1782 2269 προερχόμενον
1797 2234 1847 2268 ἑμ-

236 2281 338 2308 oraturi
365 2281 517 2308 veniebant.
541 2281 590 2308 Hic
616 2280 661 2308 ille
680 2281 793 2316 estqui,
810 2282 966 2315 priusquam
985 2281 1012 2308 in

236 2333 348 2361 corpore
362 2331 513 2361 appareret,
529 2327 670 2354 victoriam
686 2327 720 2354 de
740 2328 946 2354 adversantibus
959 2327 1015 2354 da:-

237 2372 360 2400 Inonibus
383 2373 531 2407 reportavit
552 2380 584 2400 ac
607 2373 641 2401 de
654 2372 806 2400 idololatria
828 2373 1013 2407 triumphavit.

237 2419 303 2446 llinc
316 2427 380 2454 ergo
395 2426 488 2446 omnes
499 2420 616 2454 undique
636 2424 730 2454 gentes
746 2419 861 2454 patrium
875 2426 976 2446 morem
989 2423 1016 2445 et

237 2464 367 2491 idolorum
395 2464 560 2500 impietatem
577 2464 712 2496 detestati,
727 2471 804 2491 suam
827 2463 882 2498 jam
896 2471 970 2498 spem
988 2464 1013 2491 in

235 2509 342 2538 Christo
358 2511 502 2544 collocant,
516 2517 598 2545 seque
613 2511 638 2538 ei
653 2510 803 2543 adciscunt,
815 2509 853 2537 uti
871 2509 913 2537 vel
928 2509 1014 2538 oculis

270 2567 293 2585 ¹⁶
310 2568 389 2596 Deut.
408 2576 504 2600 xxvm,
519 2569 565 2596 66.
602 2567 625 2584 ’⁸
639 2567 689 2596 lsa.
711 2576 770 2601 LIII,
785 2567 821 2595 .8.

265 2628 308 2664 ’(4)
321 2627 497 2664 Anglicanus.
513 2627 667 2664 Basiliensis
677 2648 684 2660 ,
699 2626 906 2664 Cobleriantls_,_
916 2625 1011 2664 Felclc-

236 2661 355 2698 manui]
374 2670 523 2698 anOnymus
535 2682 543 2693 .
563 2667 590 2689 et
610 2663 810 2698 Seguerianusl
828 2661 944 2698 κατῆλθε
963 2662 1009 2688 καὶ

235 2698 325 2725 πάλιν.
339 2697 405 2732 Ibid.
420 2696 469 2724 vox
485 2696 742 2732 ἐπεκράτησενιίρρει
754 2698 779 2722 in
795 2696 900 2723 iisdem.

270 2734 308 2768 t5)
327 2733 379 2759 Τοῦ
397 2731 509 2764 Seguer.
526 2731 623 2764 habet;
639 2731 683 2758 alii
697 2737 726 2768 et
735 2731 798 2758 editi
811 2732 949 2768 omittunt.

271 2765 308 2801 (6)
325 2767 472 2802 Ἐτύγχανε
495 2768 569 2794 abest
594 2768 628 2793 ab
651 2767 816 2802 Anglicnno,
838 2765 1010 2798 Gobleriano,

235 2801 446 2830 Fclckmanni'ﬂ.
462 2809 604 2836 anonymo.
619 2807 645 2828 et
662 2801 837 2836 Segueriano.

272 2837 309 2872 (7)
325 2836 522 2872 rdppmlllunl
535 2835 645 2872 Goblcr.
667 2841 694 2872 et
711 2835 828 2863 Felclun.
851 2835 867 2872 1
883 2843 928 2863 an.
951 2835 1011 2862 Mox

237 2870 317 2899 iidem
336 2870 371 2899 et
384 2870 463 2898 Basii.
485 2876 512 2899 et
534 2871 644 2906 Seguer.
670 2871 770 2899 habent
785 2871 873 2898 κοινοῦ
893 2872 1011 2899 πάντων.

1067 2279 1157 2314 φανῶς
1170 2279 1221 2306 ὑπὸ
1234 2280 1322 2314 ’πάσης
1330 2281 1379 2315 τῆς
1389 2280 1503 2311 κτίσεως
1513 2280 1548 2315 (9)
1563 2280 1752 2314 γινώσκεσθαι.
1769 2280 1848 2315 ’Λμέ-

1066 2325 1106 2352 λει
1116 2327 1145 2352 ἐν
1164 2327 1420 2361 Ὶουδαίᾳὲγεννᾶτο,
1431 2327 1512 2353 καὶοὶ
1527 2327 1580 2353 ἀπὸ
1591 2327 1719 2362 Περσίδος
1734 2328 1848 2362 ἤρχοντο

1067 2373 1251 2408 προσκυνῆσαι
1269 2373 1354 2408 αὐτῷ.
1373 2370 1457 2405 Οὗτός
1473 2374 1546 2400 ἐστιν
1564 2374 1578 2400 ό
1594 2374 1640 2400 καὶ
1654 2374 1717 2410 πρὶν
1736 2373 1785 2408 τῆς
1797 2382 1847 2400 σω-

1065 2418 1180 2453 ματικῆς
1196 2419 1354 2453 ἐπιφανείας
1369 2419 1458 2446 λαϐὼν
1473 2419 1521 2455 τὴν
1540 2420 1610 2446 κατὰ
1623 2419 1677 2446 τῶν
1691 2419 1846 2454 ἀντικειμέο

1063 2473 1115 2491 νων
1126 2465 1180 2500 (10)
1188 2465 1321 2500 δαιμόνων
1331 2466 1419 2501 νίκην,
1428 2467 1475 2493 καὶ
1488 2466 1558 2492 κατὰ
1567 2467 1617 2501 τῆς
1628 2466 1846 2502 είδωλολατρείας

1061 2510 1189 2547 τρόπαια.
1207 2512 1309 2544 Πάντες
1321 2512 1385 2547 γοῦν
1401 2513 1566 2548 πανταχόθεν
1585 2513 1610 2538 oi
1627 2512 1681 2539 ἀπὸ
1695 2513 1748 2539 τῶν
1764 2512 1847 2538 ἐθνῶν

1064 2626 1116 2654 Alii
1129 2631 1154 2654 ei
1174 2627 1249 2658 editi.
1261 2627 1381 2654 πάντων.

1098 2662 1136 2695 (8)
1153 2662 1199 2689 Sic
1222 2662 1324 2696 Segner
1354 2661 1435 2690 Basil.
1454 2666 1481 2688 et
1503 2661 1608 2696 Anglic.
1625 2665 1653 2688 nt
1672 2667 1698 2688 et
1724 2661 1847 2696 legerunt

1062 2698 1233 2731 interpretes.
1244 2698 1296 2725 Alii
1306 2704 1333 2725 et
1343 2698 1425 2726 editio
1433 2697 1574 2729 Commel.,
1587 2697 1756 2732 εὐδιήγητον,
1769 2706 1845 2725 men-

1064 2734 1139 2802 “0:35
1152 2767 1262 2794 Gobler.
1283 2767 1401 2795 Felckm.
1427 2768 1439 2794 1
1466 2774 1546 2794 anon.
1567 2770 1594 2794 et
1610 2765 1736 2800 δεῖνον..
1761 2769 1847 2794 οἰκου-

1066 2802 1158 2872 μέῖἷιίῗῇ
1174 2837 1231 2864 Vox
1246 2837 1440 2872 ἀντικειμένων
1453 2837 1529 2863 deest
1546 2837 1571 2864 in
1591 2838 1696 2872 Anglic.
1717 2836 1775 2863 Mox
1797 2835 1845 2863 Se-

1065 2880 1142 2908 guer.
1156 2873 1202 2900 καὶ
1216 2874 1286 2901 κατά
1300 2873 1389 2908 habet,
1400 2873 1445 2901 ubi
1454 2872 1497 2900 alii
1507 2877 1535 2900 et
1544 2873 1620 2906 editi,
1629 2873 1676 2900 καὶ
1683 2872 1717 2900 τά
1729 2876 1843 2900 tantum.
