2037 3044
199 162 247 188 169

701 161 829 190 ORATIO
848 162 892 189 DE
912 162 1170 191 INCARNATIONE
1192 161 1304 189 VERBI.

1761 162 1813 190 170

196 221 265 248 κατὰ
281 222 363 257 μέρος
379 222 467 249 αὐτῶν
486 223 567 249 πᾶσιν
582 221 727 258 ἐπιϐέϐηκε
737 231 745 239 υ
759 223 786 250 τί
801 223 979 259 θαυμαστὺνῆ

1036 225 1170 252 aberrant.
1183 224 1311 251 Mundum
1336 223 1407 251 enim
1439 223 1552 258 ejusque
1573 228 1664 258 partes
1691 225 1815 252 sensibus

194 268 220 293 τί
234 268 342 299 ἄτοπον,
358 268 381 294 εί
397 268 444 295 καὶ
464 270 492 294 ὲν
505 268 639 304 ἀνθρώπῳ
653 269 743 304 φαμὲν
757 269 838 295 αὐτὸν
852 269 980 305 ἐπισεση-

195 313 288 346 χέναι;
311 314 343 340 Ei
363 314 417 349 γὰρ
436 314 534 341 ἄτοπον
553 315 621 346 ὅλως
634 316 662 341 ἐν
685 315 790 350 σώματι
810 315 891 354 αὐτὸν
905 316 980 349 γενέ-

196 359 267 390 σθαι,
286 359 385 386 ἄτοπον
407 360 439 386 ἂν
454 360 496 396 εἴη
517 361 564 387 καὶ
583 362 611 387 ὲν
628 360 667 396 τῷ
683 361 764 387 παντὶ
778 361 871 388 τοῦτον
888 362 980 388 ὲπιῦε-

196 405 319 440 δηκέναι,
337 406 383 432 καὶ
398 406 433 432 τὰ
453 404 542 433 adv-.1
557 408 588 442 τῇ
607 407 719 442 προνοίᾳ
737 407 832 433 ἑαυτοῦ
853 407 980 440 φωτίζειν

195 451 242 477 καὶ
257 453 353 478 κινεῖν·
370 452 448 486 σῶμα
458 453 511 488 γάρ
527 454 584 479 ἐστι
601 453 647 479 καὶ
659 453 688 479 τὸ
704 452 772 481 ὅλον.
791 453 822 479 El
840 453 868 479 δὲ
883 453 922 488 τῷ
935 453 981 480 x6-

197 505 256 532 σμῳ
274 497 366 524 τοῦτον
379 498 528 524 ἐπιῦαίνειν
541 499 587 525 καὶ
596 500 624 526 ἐν
636 499 688 534 ὅλῳ
702 499 784 526 αὑτὸν
797 498 976 534 γνωρίζεσθαι

196 543 305 578 πρέπει,
325 543 424 579 πρέποι
446 543 479 570 ἂν
497 545 542 571 καὶ
557 545 584 570 ὲν
600 545 760 580 ἀνθρωπίνῳ
782 545 886 580 σώματι
900 545 980 572 αὑτὸν

196 589 393 623 ἐπιφαίνεσθαι,
419 591 466 616 καὶ
484 591 536 617 ὑπὸ
552 590 632 617 αὺτοῦ
649 590 728 617 τοῦτο
747 590 910 624 φωτίζεσθαι
933 591 980 617 καὶ

196 635 324 670 ἐνεργεῖν.
341 636 430 671 Μέρος
441 636 494 671 γὰρ
514 636 560 663 τοῦ
580 636 679 668 παντὸς
695 637 741 663 καὶ
755 636 785 662 τὸ
804 636 858 663 τῶν
877 635 981 671 ἀνθρώ-

196 688 254 706 πων
279 680 338 706 ἐστὶ
360 681 447 714 γένος.
476 681 530 708 Καὶ
558 682 581 708 εί
607 682 638 708 τὸ
667 681 749 716 μέρος
768 681 892 716 ἀπρεπές
907 681 980 708 ἐστιν

196 725 312 761 όργανον
327 727 408 753 αὐτοῦ
431 727 553 761 γίνεσθαι
570 727 638 763 πρὸς
652 727 700 762 τὴν
714 727 762 762 τῆς
773 727 899 762 θεότητος
911 727 982 762 γνῶ-

197 781 248 804 σιν,
266 772 436 800 ἀτοπώτατον
447 773 479 800 ἂν
493 775 534 810 εἴη
549 775 595 800 καὶ
608 774 641 800 δι’
651 773 712 800 ὃλου
729 773 776 800 τοῦ
794 773 895 809 κόσμου
912 782 982 808 γνω-

197 818 320 853 ρίζεσθαι
329 818 422 845 τοῦτον
433 819 500 853 (57).

1033 268 1128 303 subjici
1145 269 1276 296 videmus.
1291 268 1319 296 Si
1335 268 1416 302 igitur
1430 266 1456 294 in
1470 269 1579 302 mundo,
1598 269 1642 303 qui
1655 276 1752 303 corpus
1762 274 1813 300 est,

1034 315 1080 342 Dei
1097 315 1213 342 Verbum
1225 319 1276 346 est,
1294 314 1317 341 si
1343 315 1368 341 iu
1393 314 1518 341 omnibus
1543 319 1571 341 et
1598 314 1711 349 singulis
1732 315 1814 342 rebus

1033 361 1160 393 exsistit;
1179 361 1242 396 quid
1268 360 1425 388 incredibile
1443 360 1482 387 vel
1498 360 1561 394 quid
1575 359 1720 387 absurdum
1741 361 1815 388 vidc-

1034 407 1122 438 tur.si
1146 407 1233 441 ipsum
1251 413 1358 441 quoque
1377 407 1403 433 in
1432 406 1539 433 homine
1566 413 1625 433 esse
1647 406 1815 434 asserimus?

1034 452 1099 479 Nam
1125 453 1148 479 si
1179 451 1294 479 Verbum
1321 452 1347 478 in
1377 459 1489 486 corpore
1508 452 1638 479 exsistere
1663 452 1812 487 generatim

1034 498 1178 525 absurdqu
1204 502 1257 530 est,
1287 498 1432 525 absurdum
1457 505 1563 532 quoqtte
1580 498 1660 525 fuerit
1685 498 1770 533 ipsum
1785 498 1811 525 in

1032 543 1159 570 universo
1178 543 1277 570 mundo
1295 543 1427 570 exsistere
1440 544 1584 578 omniaque
1608 551 1654 570 sua
1672 544 1813 578 providen.

1032 588 1069 615 tia
1083 589 1216 615 illustrare
1231 593 1258 616 et
1269 595 1395 622 movere;
1409 589 1539 623 siquidem
1558 597 1655 624 corpus
1666 593 1707 616 est
1722 597 1812 616 rerum

1033 634 1205 662 universitas.
1225 633 1272 661 Sin
1290 639 1378 661 autem
1394 634 1508 662 Verbum
1527 634 1553 661 in
1567 635 1666 662 mundo
1681 635 1813 663 exsistere

1033 685 1060 708 et
1079 681 1105 707 in
1121 680 1246 707 universo
1258 683 1349 706 notum
1366 679 1422 706 ﬁeri
1451 679 1567 707 maxime
1591 681 1731 712 convenit,
1763 687 1813 707 nec

1032 726 1114 753 etiam
1126 725 1318 753 inconveniens
1334 725 1387 752 erit
1403 725 1489 760 ipsum
1512 725 1538 752 in
1557 727 1676 753 humano
1698 733 1813 761 corpore

1031 778 1170 806 apparere,
1183 771 1304 806 illudque
1319 771 1353 798 ab
1368 778 1400 799 eo
1418 771 1565 799 illuminari
1587 777 1614 798 et
1641 771 1694 799 vim
1717 772 1811 807 agendi

1030 816 1146 844 habere:
1168 824 1230 851 pars
1251 817 1322 844 enim
1343 816 1462 844 universi
1489 822 1530 844 est
1556 817 1692 845 hominum
1717 824 1810 852 genus.

199 863 275 891 Unda
286 864 308 891 si
333 870 446 899 partem,
463 866 520 900 ejus
547 865 754 893 instrumentum
782 865 816 892 ad
837 865 984 892 divinitatis
1003 862 1210 897 patefactionem
1239 861 1296 888 ileri
1331 862 1452 895 dedecet,
1467 867 1540 891 certe
1553 862 1747 897 perabsurdum
1773 864 1811 890 si-

198 910 299 936 militer
311 909 390 936 fuerit
420 910 506 945 ipsum
525 919 572 945 per
603 912 757 939 universum
783 913 910 939 mundum
934 910 1070 946 cognosci.
1087 935 1093 943 ,

231 955 276 982 42.
293 956 396 992 ’Ὠσπερ
416 958 480 993 γὰρ,
501 958 561 984 ὅλου
581 957 626 984 τοῦ
650 958 773 994 σώματος
793 960 845 986 ὑπὸ
866 959 912 986 τοῦ
935 960 981 986 ἀν-

1067 957 1112 985 42.
1128 956 1163 984 Ut
1178 958 1249 984 enim
1266 957 1384 984 insulsus
1397 957 1442 985 ille
1452 965 1504 985 non
1520 958 1654 986 immerito
1668 959 1811 986 haberetur

197 1000 305 1036 θρώπου
328 1003 522 1038 ὲνεργουμὲνου
546 1004 592 1030 καὶ
613 1004 806 1040 φωτιζομένου,
831 1006 857 1031 εῐ
875 1014 916 1037 τις
936 1005 981 1031 λέ-

197 1055 240 1080 γοι
267 1047 365 1074 ἄτοπον
382 1046 453 1074 εἶναι
469 1049 515 1075 καὶ
533 1050 561 1076 ἐν
578 1049 615 1084 τῷ
629 1049 751 1086 δακτύλῳ
774 1050 820 1078 τοῦ
834 1051 913 1083 ποδὸς
932 1051 982 1086 τὴν

196 1093 310 1128 δύναμιν
325 1091 393 1120 εἶναι
420 1094 467 1120 τοῦ
490 1094 644 1130 ἀνθρώπου,
658 1096 770 1131 ἀνόητος
785 1096 817 1123 ἂν
832 1096 981 1132 νομισθείη,

197 1138 248 1168 ὅτι,
264 1138 351 1171 διδοὺς
362 1140 391 1165 ἐν
407 1139 444 1175 τῷ
456 1139 508 1176 ὅλῳ
523 1141 602 1167 αὐτὸν
616 1141 774 1168 διῖκνεῖσθαι
789 1142 836 1168 καὶ
852 1142 981 1178 ἐνεργεῖν,

198 1183 295 1210 κωλύει
308 1184 353 1210 καὶ
367 1185 395 1210 ὲν
406 1185 445 1219 τῷ
459 1185 537 1221 μέρει
560 1186 639 1212 αὐτὸν
664 1185 743 1213 εἶναι·
769 1187 853 1219 οὕτως
869 1187 883 1213 ό
897 1187 983 1218 διδοὺς

198 1229 246 1255 καὶ
260 1230 405 1261 πιστεύων,
420 1230 464 1256 τὸν
481 1231 527 1257 τοῦ
543 1231 610 1258 Θεοῦ
630 1231 715 1266 Λόγον
738 1231 793 1267 (58)
806 1233 834 1258 ὲν
851 1232 889 1267 τῷ
903 1232 984 1258 παντὶ

198 1272 276 1305 εἶναι,
300 1276 347 1301 καὶ
368 1275 397 1302 τὸ
425 1277 478 1302 πᾶν
494 1277 538 1302 ὑπ’
557 1277 638 1303 αὐτοῦ
655 1277 817 1312 φωτίζεσθαι
838 1279 884 1304 καὶ
903 1279 984 1304 κινεῖέ

199 1320 270 1351 σθαι,
282 1321 332 1347 οὑκ
343 1321 440 1347 ἄτοπον
457 1322 490 1348 ἂν
502 1323 646 1357 ἡγήσηται,
665 1323 711 1349 καὶ
728 1314 806 1358 σῶμα
818 1323 846 1349 ἒν
865 1324 918 1358 (59)
935 1325 982 1350 ἁν-

199 1365 332 1401 Θρώπινον
349 1367 393 1393 ὑπ’
410 1366 491 1393 αὕτοῦ
509 1368 639 1394 κινεῖσθαι
655 1369 701 1394 καὶ
718 1369 890 1403 φωτίζεσθαι.
907 1370 982 1402 Εὶδὲ,

197 1411 238 1438 ὅτι
257 1413 369 1448 γενητόν
387 1414 454 1445 ἐστι,
472 1414 518 1440 καὶ
531 1414 560 1446 ἐξ
576 1415 624 1441 οὐκ
634 1415 716 1442 ὄντων
733 1415 826 1450 γέγονε
841 1416 871 1442 τὸ
881 1416 984 1452 ἀνθρώ-

200 1466 276 1484 πινον
289 1458 374 1491 γένος,
388 1458 431 1485 διὰ
445 1459 522 1485 τοῦτο
532 1459 582 1485 οὐκ
596 1460 718 1495 εὐπρεπῆ
734 1460 887 1495 νομίζουσιν
911 1461 984 1496 ἡμᾶς

197 1502 285 1536 λέγειν
298 1503 346 1539 τὴν
362 1504 390 1530 ὲν
401 1503 535 1539 ἀνθρώπῳ
547 1504 592 1531 τοῦ
610 1505 732 1540 Σωτῆρος
748 1506 915 1540 ἐπιφάνειαν·
925 1505 984 1541 ὥρα

199 1548 246 1574 καὶ
260 1548 307 1582 τῆς
323 1549 438 1581 κτίσεως
448 1550 545 1582 αὐτοὺς
554 1550 631 1576 αὐτὸν
641 1551 790 1577 ὲκῆάλλειν·
811 1551 857 1577 καὶ
871 1551 925 1587 γὰρ
938 1551 984 1577 καὶ

200 1593 269 1629 αὕτη
287 1594 319 1619 ὲκ
330 1594 377 1620 τοῦ
395 1595 432 1630 μὴ
446 1594 521 1626 ὄντος
535 1596 574 1626 είς
595 1595 624 1621 τὸ
640 1593 707 1621 εἶναι
720 1595 763 1622 διὰ
777 1595 822 1622 τοῦ
836 1595 922 1629 Λόγου
935 1596 982 1629 γέ-

1031 1002 1089 1038 qui,
1107 1009 1167 1030 cum
1180 1006 1261 1028 totum
1274 1009 1371 1036 corpus
1393 1003 1427 1029 ab
1446 1003 1554 1031 homine
1565 1008 1704 1032 moveatur
1714 1009 1741 1031 et
1752 1004 1812 1031 illu-

1034 1047 1151 1074 minetur
1163 1047 1228 1083 6'7.
1243 1047 1387 1074 absurdum
1400 1056 1461 1076 esse
1476 1049 1577 1077 diceret
1591 1049 1617 1076 in
1636 1050 1711 1084 pedis
1728 1050 1812 1085 digito

1031 1093 1158 1120 virtutem
1173 1093 1289 1121 hominis
1301 1094 1442 1127 exsistere,
1452 1095 1515 1129 quia
1527 1096 1629 1123 scilicet
1640 1103 1700 1124 cum
1715 1104 1812 1124 conce-

1033 1139 1073 1167 dit
1087 1140 1174 1174 ipsum
1192 1140 1218 1166 in
1237 1145 1294 1168 toto
1306 1148 1420 1175 corpore
1431 1149 1490 1168 esse
1501 1147 1528 1168 et
1543 1150 1632 1176 agere,
1643 1149 1703 1170 eum
1721 1147 1810 1170 tamen

1036 1185 1064 1212 in
1079 1190 1156 1220 parte
1167 1193 1229 1212 esse
1245 1193 1298 1213 non
1310 1187 1365 1214 vult.
1381 1195 1387 1213 ι
1405 1188 1440 1215 ita
1454 1189 1498 1222 qui
1514 1188 1613 1215 fatetur
1627 1193 1653 1216 et
1663 1189 1749 1216 credit
1765 1189 1811 1216 Dei

1034 1230 1151 1258 Verbum
1167 1231 1193 1257 in
1207 1231 1336 1260 universo
1346 1240 1416 1265 esse,
1434 1238 1571 1268 totumque
1588 1235 1714 1261 mundum
1727 1235 1761 1262 ab
1779 1243 1812 1262 eo

1035 1276 1181 1304 illuminari
1197 1282 1224 1305 et
1247 1280 1362 1312 moveri,
1386 1280 1449 1307 huic
1472 1287 1536 1307 sane
1559 1280 1706 1308 absurdum
1726 1281 1812 1308 videri

1033 1329 1086 1349 non
1111 1322 1202 1356 debet,
1229 1324 1251 1350 si
1273 1332 1354 1351 unum
1377 1333 1474 1359 corptts
1493 1326 1637 1353 lmmanum
1660 1327 1694 1353 ab
1719 1325 1811 1353 eodem

1033 1373 1180 1396 moveatur-
1191 1374 1218 1397 et
1231 1369 1406 1398 illuminetur.
1421 1371 1496 1404 Quod
1512 1372 1534 1398 si
1547 1372 1608 1405 quia
1625 1372 1723 1399 factum
1736 1376 1763 1398 et
1778 1379 1812 1399 ex

1034 1414 1118 1441 nihilo
1133 1420 1254 1442 creatum
1278 1415 1328 1443 fuit
1354 1416 1502 1444 hutnanum
1523 1424 1617 1451 genus,
1643 1417 1744 1445 idcirco
1762 1424 1813 1444 nos

1034 1459 1068 1487 ab
1082 1467 1113 1487 eo
1127 1460 1197 1494 quod
1214 1461 1342 1488 decorum
1359 1466 1400 1488 est
1423 1462 1549 1490 recedere
1566 1458 1730 1494 eiistimant,
1751 1470 1812 1490 cum

1035 1504 1203 1532 Salvatorem
1218 1506 1374 1534 inhumano
1386 1515 1498 1542 corpore
1511 1508 1667 1542 apparuisse
1678 1508 1810 1535 dicimus:

1035 1557 1097 1578 eum
1113 1559 1220 1586 quoque
1237 1552 1295 1586 pari
1320 1553 1423 1580 ratione
1437 1561 1467 1580 ex
1485 1554 1583 1580 mundo
1600 1553 1745 1581 excludere
1767 1553 1813 1580 de-

1036 1598 1109 1629 bent,
1128 1598 1225 1633 quippe
1246 1599 1302 1633 qui,
1319 1603 1348 1625 ut
1361 1604 1444 1632 esset,
1467 1606 1500 1626 ex
1525 1599 1609 1626 nihilo
1631 1606 1678 1633 per
1696 1598 1813 1626 Verbum

199 1647 286 1673 γονεν.
302 1639 383 1671 Είδὲ,
411 1640 458 1666 καὶ
486 1640 601 1675 γενητῆς
625 1640 707 1676 οὔσης
719 1642 768 1676 τῆς
785 1641 908 1673 κτίσεως,
936 1643 984 1669 οὐκ

1037 1641 1125 1670 factus
1141 1643 1187 1670 sit.
1205 1643 1255 1670 Sed
1271 1644 1292 1670 si
1306 1645 1430 1678 quamvis
1445 1644 1559 1671 mundus
1581 1644 1666 1672 factus
1680 1649 1732 1676 est,
1746 1643 1813 1670 Ver-

199 1685 299 1712 ἄτοπον
311 1686 339 1711 ὲν
354 1686 422 1721 αὐτῇ
437 1686 482 1712 τὸν
498 1686 582 1720 Λόγον
600 1684 678 1719 εἶναι,
693 1687 743 1713 οὐκ
754 1687 807 1722 ἄρα
821 1687 879 1713 οὐδὲ
896 1689 925 1714 ὲν
940 1689 986 1714 άν-

200 1729 301 1765 θρώπῳ
326 1730 404 1756 αὐτὸν
417 1728 486 1758 εῖναι
497 1731 606 1758 ἄτοπον.
626 1732 720 1758 Ὀποῖα
731 1733 785 1768 γὰρ
807 1732 838 1759 ἂν
853 1733 916 1768 περὶ
939 1732 985 1759 τοῦ

200 1775 260 1802 ὅλου
291 1777 424 1812 νοήσειαν,
441 1777 555 1805 τοιαῦτα
573 1778 677 1813 ἀνάγκη
705 1778 751 1804 καὶ
779 1777 835 1813 (ιο)
854 1779 916 1813 περὶ
938 1778 986 1804 τοῦ

202 1821 300 1856 μέρους
316 1823 414 1854 αὐτοὺς
425 1822 607 1857 ὲνθυμεῖσθιν
629 1823 710 1858 μέρος
727 1822 790 1859 γὰρ,
799 1824 836 1855 ὡς
847 1825 985 1859 προεῖπον,

199 1866 246 1893 τοῦ
269 1867 329 1894 ὅλου
344 1869 391 1894 καὶ
407 1868 421 1894 ὁ
447 1867 589 1904 ἄνθρωπός
615 1869 697 1895 ἐστιν.
726 1868 830 1895 Οὐκοῦν
848 1869 916 1901 ὅλως
939 1870 988 1896 οὐκ

203 1913 325 1947 ἀπρεπὲς
339 1913 369 1939 τὸ
385 1913 414 1939 ὲν
430 1912 564 1949 ἀνθρώπῳ
579 1911 646 1940 εἶναι
667 1913 712 1940 τδν
725 1914 820 1948 Λόγον,
835 1914 881 1940 καὶ
901 1914 988 1940 πάντα

203 1959 248 1984 ὑπ’
267 1958 349 1985 αὑτοῦ
371 1959 418 1985 καὶ
439 1960 468 1985 ἐν
482 1958 556 1994 αὐτῷ
577 1959 750 1993 φωτίζεσθαι,
768 1959 815 1985 καὶ
845 1959 986 1992 κινεῖσθαι,

203 2004 250 2030 καὶ
267 2003 325 2038 ζῇν,
351 2003 440 2035 καθὼς
460 2003 506 2030 καὶ
530 2005 553 2030 οἱ
567 2005 631 2040 παρ’
646 2004 736 2035 αὐτοῖς
763 2005 927 2038 συγγραφεῖς
942 2012 989 2038 φα-

206 2057 257 2081 σιν,
269 2050 319 2076 ὅτι·
335 2050 384 2076 Ἐν
390 2049 469 2082 αὐτῷ
480 2049 584 2084 ζῶμεν,
594 2050 641 2076 καὶ
649 2050 814 2084 κινούμεθα,
824 2050 873 2076 καὶ
884 2049 986 2084 ἐσμέν.

205 2095 237 2121 Τί
251 2095 342 2122 λοιπὸν
353 2096 450 2132 χλεύης
459 2094 532 2127 ἀξιον
541 2095 664 2130 λέγομεν,
675 2096 698 2121 εί
712 2096 741 2122 ὲν
754 2092 856 2129 ᾧὲστιν
869 2097 883 2122 ὁ
893 2096 987 2129 Λόγος,

204 2141 291 2176 τούτῳ
307 2142 372 2178 πρὸς
384 2142 535 2178 φανέρωσιν
548 2142 585 2173 ὡς
599 2142 704 2176 ὀργάνῳ
719 2141 848 2177 κέχρηται
861 2142 875 2168 ὁ
886 2142 987 2175 Λόγος;

206 2187 237 2213 Ei
256 2187 305 2222 μὲν
331 2186 389 2223 γὰρ
399 2188 448 2213 οὐκ
460 2185 493 2222 ἦν
511 2188 538 2213 ἐν
546 2186 630 2222 αὐτῷ,
643 2187 702 2213 οὐδὲ
715 2186 866 2222 χρήσασθαι
882 2187 914 2213 ἂν
926 2187 990 2222 itSo—

206 2231 272 2268 νήθη
286 2233 384 2268 τούτῳε
403 2233 426 2258 ει
439 2232 467 2259 δὲ
482 2232 744 2268 προαποδεδὼκαμεν
761 2233 789 2259 ὲν
803 2232 842 2268 τῷ
854 2233 933 2259 παντὶ
942 2233 990 2259 καὶ

206 2279 235 2304 ἐν
251 2279 307 2309 τοῖς
316 2278 385 2304 κατὰ
404 2278 484 2313 μέρος
503 2275 571 2303 εἶναι
582 2277 683 2309 τοῦτον,
701 2277 726 2303 τί
740 2277 853 2304 ἄπιστον
868 2279 893 2304 el
908 2279 936 2304 ὲν
948 2275 988 2310 οἷς

206 2322 288 2353 ἐστὶν,
305 2323 333 2348 ὲν
346 2321 448 2354 τούτοις
465 2322 559 2349 ἑαυτὸν
575 2322 622 2348 καὶ
634 2322 787 2356 ὲπιφαίνει;
804 2323 909 2358 Ὥσπερ
936 2323 990 2358 γὰρ

205 2370 264 2400 ταῖς
280 2367 376 2394 ἑαυτοῦ
387 2368 532 2399 δυνάμεσιν
547 2368 606 2399 ὅλος
620 2367 674 2402 (41)
692 2368 720 2393 ἐν
729 2368 833 2402 ἑκάστῳ
849 2369 895 2395 καὶ
909 2370 991 2395 πᾶσιν

206 2413 364 2445 ἐπιϐαίνων,
391 2413 438 2440 καὶ
468 2413 556 2440 πάντα
571 2412 726 2448 διακοσμῶν
748 2413 879 2447 ἀφθόνως,
893 2415 918 2440 el
936 2414 990 2448 (42)

207 2458 297 2492 ἤθελε,
321 2458 365 2485 διὰ
388 2458 505 2494 ἠλίον,ἢ
524 2458 646 2494 σελήνης,
669 2458 686 2494 ἢ
703 2458 827 2493 οὐρανοῦ,
846 2458 867 2493 ἢ·
887 2459 948 2494 γῆς,
973 2460 989 2494 ἢ

207 2503 320 2536 ὑδάτων,
353 2504 368 2539 ἦ
399 2504 493 2539 πυρὸς,
512 2504 561 2531 οὐκ
577 2503 610 2530 ἄν
626 2512 669 2536 τις
686 2503 793 2535 ἀτόπως
811 2504 894 2530 αὐτὸν
915 2507 989 2540 φωνῇ

246 2550 257 2566 ⁸
269 2551 328 2578 Act.
347 2559 411 2582 xvu.
425 2551 471 2580 28.

244 2599 299 2632 (57)
314 2599 359 2625 Sic
372 2598 565 2633 Seguerianns,
580 2597 760 2625 Gohlerianus
774 2601 800 2624 et
811 2597 985 2625 Felckmanni

208 2634 219 2659 1
242 2632 454 2668 ιιιιοιιγιιιιιε.ᾏι
468 2633 623 2660 Basiliensis
636 2632 845 2666 etAuglicauus,
867 2633 987 2660 τοιοῦτον

208 2669 332 2703 ποιητήν.
348 2668 401 2696 Alii
421 2675 483 2696 vero
501 2673 524 2694 et
543 2668 617 2703 editi.
638 2668 752 2703 ποιητήν
769 2672 882 2695 tantum.

245 2704 299 2736 t38)
315 2703 508 2738 Segneriauus,
523 2702 590 2738 Θεοῦ
599 2702 665 2729 Θεὸν
681 2702 775 2738 Λόγον.

246 2738 300 2766 (39:
317 2737 363 2765 Sic
371 2746 464 2764 omnes
478 2745 542 2764 mss.
557 2737 626 2763 Editi
640 2745 713 2772 vero,
730 2737 789 2772 μέν.

245 2772 300 2806 (40)
318 2773 500 2807 Seguerlanus
508 2773 551 2798 hic
567 2772 640 2798 addit
653 2771 707 2807 καί.
723 2770 772 2798 Alii
790 2776 815 2798 el
832 2770 895 2798 edili
909 2773 989 2798 omit-

210 2813 279 2834 tunt.
293 2806 375 2835 Pauli)
387 2813 456 2842 post,
465 2807 574 2834 Goblcr.
588 2811 614 2832 et
625 2806 741 2835 Felckm.
754 2807 764 2833 i
777 2814 857 2834 anon.
870 2812 931 2841 post
939 2815 989 2834 ,νυ-

210 2851 266 2868 cent
284 2843 435 2877 ἅνθρωπος,
455 2843 582 2869 omittunt
594 2841 675 2868 ἐστίν.

259 2877 302 2911 4|)
318 2878 506 2912 Segnior-ianus,
520 2877 597 2907 ὅλως.

1036 1688 1098 1715 bum
1113 1689 1139 1715 in
1156 1697 1189 1716 eo
1204 1696 1264 1716 esse
1277 1696 1328 1715 non
1347 1693 1388 1716 est
1401 1689 1542 1716 absurdum
1563 1699 1570 1716 :
1587 1697 1636 1717 nec
1655 1697 1717 1724 ergo
1732 1689 1813 1716 etiam

1036 1735 1180 1762 absurdum
1197 1740 1238 1762 est
1253 1735 1338 1769 ipsmn
1357 1735 1382 1761 in
1400 1735 1507 1762 homine
1517 1743 1586 1763 esse.
1599 1735 1731 1770 Quidquid
1742 1736 1814 1763 enim

1037 1781 1070 1808 de
1084 1786 1139 1808 toto
1165 1781 1265 1808 mundo
1284 1781 1473 1816 cogitaverim,
1496 1789 1606 1809 necesse
1627 1787 1668 1809 est
1691 1782 1760 1808 idem
1783 1782 1816 1808 de

1036 1830 1112 1860 parte
1126 1826 1277 1860 intelligere
1294 1835 1300 1853 :
1316 1826 1448 1860 siquidem
1477 1827 1573 1857 homo,
1600 1831 1628 1854 ut
1643 1831 1721 1854 antea
1745 1827 1814 1858 dim,

1038 1878 1101 1905 pars
1115 1876 1156 1898 est
1182 1872 1263 1898 totius
1284 1872 1386 1899 mundi.
1410 1871 1489 1899 Nullo
1514 1872 1594 1906 igitur
1615 1873 1694 1900 modo
1707 1873 1817 1899 dedccrt

1039 1915 1156 1943 Verbum
1177 1916 1202 1943 in
1219 1914 1328 1944 homine
1341 1924 1411 1950 esse,
1428 1923 1576 1952 cunctaque
1589 1918 1623 1945 ab
1637 1918 1681 1945 illo
1696 1923 1722 1944 et
1734 1918 1759 1944 in
1773 1918 1817 1945 illo

1039 1961 1198 1995 illuminari,
1216 1963 1317 1990 moveri
1343 1969 1368 1990 et
1389 1964 1496 1996 vivere,
1514 1965 1592 1991 sicuti
1617 1965 1733 1999 ipsorum
1753 1973 1819 1998 quo-

1038 2012 1091 2040 que
1113 2007 1260 2041 scriptores
1275 2011 1427 2034 testantur:
1444 2008 1476 2035 In
1493 2009 1548 2042 ipso
1564 2009 1680 2041 vivimus,
1691 2014 1715 2036 et
1732 2017 1818 2036 move-

1039 2059 1112 2083 mur,
1133 2056 1156 2078 et
1173 2060 1264 2079 sumtu
1273 2052 1294 2078 ⁸.
1311 2052 1379 2086 Quid
1396 2053 1487 2088 itaque
1507 2054 1561 2081 risu
1575 2054 1682 2089 dignum
1693 2055 1819 2086 dicimus,

1041 2097 1064 2124 si
1083 2097 1197 2125 Verbum
1221 2105 1346 2133 corpore,
1369 2099 1396 2126 in
1419 2107 1473 2134 quo
1489 2104 1542 2133 est,
1566 2105 1692 2134 tanquam
1718 2100 1818 2126 instru-

1038 2148 1131 2170 mento
1148 2143 1181 2170 ad
1196 2143 1237 2170 sui
1256 2143 1463 2178 patefactionem
1478 2152 1554 2172 usum
1564 2144 1664 2172 fuerit?
1678 2144 1733 2171 Nisi
1748 2145 1818 2171 enim

1039 2188 1065 2215 in
1083 2188 1126 2216 illo
1141 2189 1246 2222 Msset,
1269 2197 1302 2216 eo
1318 2190 1410 2224 utique
1429 2190 1467 2216 uti
1491 2198 1543 2218 non
1567 2190 1707 2225 potuisset.
1734 2189 1820 2217 Porro

1040 2234 1063 2262 si
1081 2242 1160 2270 supra
1177 2243 1332 2262 concessum
1347 2241 1388 2263 est
1406 2236 1520 2263 Verbum
1535 2237 1561 2262 in
1578 2236 1702 2263 universo
1715 2239 1742 2262 et
1763 2236 1819 2262 sin-

1040 2281 1108 2315 gulis
1129 2281 1186 2315 ejus
1207 2282 1327 2316 partibus
1346 2289 1420 2314 esse,
1446 2282 1509 2316 quid
1532 2282 1687 2309 incredibile
1703 2281 1818 2313 videtur.

1036 2326 1063 2353 ‘si
1080 2327 1106 2353 in
1122 2328 1218 2361 quibus
1236 2328 1351 2361 exsistit,
1374 2330 1399 2354 in
1421 2328 1463 2355 his
1477 2336 1506 2355 se
1526 2328 1668 2355 videndum
1683 2327 1821 2362 praebenti

1042 2371 1273 2404 Quemadmodum
1288 2373 1358 2399 cnim
1381 2372 1425 2399 ille
1444 2373 1514 2399 idem
1528 2372 1701 2407 quipropria
1720 2373 1821 2400 virtute

1041 2417 1067 2443 in
1082 2416 1194 2450 singulis
1209 2421 1237 2444 et
1248 2418 1375 2444 omnibus
1391 2417 1472 2445 rebus
1492 2422 1546 2450 est,
1561 2421 1711 2452 cunctaque
1729 2417 1821 2452 splen-

1043 2461 1106 2488 dide
1120 2461 1302 2494 administrat,
1318 2463 1340 2489 si
1359 2462 1424 2490 solis
1437 2466 1483 2489 aut
1501 2462 1581 2495 lnnaa,
1597 2462 1657 2490 cadi
1675 2462 1715 2489 vel
1731 2467 1819 2494 terra,

1045 2513 1173 2540 aquarum
1190 2511 1237 2533 aut
1258 2507 1327 2541 ignis
1339 2507 1488 2534 ministerio
1506 2507 1544 2534 uti
1565 2507 1656 2538 vellet.
1673 2507 1706 2534 ad
1727 2515 1821 2534 vocent

1076 2597 1131 2633 (4‘2)
1145 2597 1257 2635 Segner.
1273 2598 1296 2623 εἰ
1307 2597 1416 2624 omittit.
1432 2597 1480 2635 llic
1496 2598 1665 2635 autemprdn
1677 2597 1821 2635 verborum

1041 2633 1148 2659 videtur
1165 2632 1246 2666 paulo
1267 2640 1327 2658 esse
1352 2634 1540 2666 perturbatus,
1560 2632 1675 2666 talisque
1694 2632 1821 2658 constitui

1041 2669 1150 2697 debere,
1164 2668 1204 2692 uti
1222 2672 1312 2693 nostra
1335 2669 1460 2694 versione
1480 2668 1661 2700 expressimus
1679 2675 1686 2693 :
1707 2667 1730 2692 sl
1744 2666 1822 2701 ἦθελε

1027 2703 1085 2729 ιδιὲι
1099 2701 1186 2739 ἡλίου,
1199 2702 1339 2739 ειίιὶίξξωνῇ
1355 2702 1509 2739 χρήσασθαι
1520 2701 1566 2739 κει)ἶ
1585 2701 1824 2739 γνωρίσᾳιεαυτὸν

1042 2738 1088 2763 καὶ
1102 2737 1147 2762 τὸν
1162 2736 1257 2762 ἑαυτοῦ
1267 2736 1446 2772 11ατέρα,ὀὺκ
1456 2737 1489 2772 ᾃν
1500 2745 1542 2768 τις
1554 2737 1661 2768 ἀτόπως
1671 2736 1751 2772 αὑτὸν
1762 2736 1825 2772 ἔφης

1043 2781 1072 2798 σε
1081 2771 1274 2806 Δπεποιηκέναι,
1290 2770 1371 2803 ἅπαξ,
1383 2777 1434 2799 etc.
1455 2771 1522 2798 Ibid.
1541 2771 1649 2799 Gobler.
1675 2770 1793 2798 Felcknt.
1809 2770 1820 2795 l

1043 2815 1122 2834 :mnu.
1151 2812 1176 2832 ct
1200 2805 1323 2841 Segumt,
1340 2806 1421 2833 αὑτοῦ
1444 2814 1492 2840 pro
1515 2805 1661 2839 ἑαυτοῦ,ει
1676 2806 1764 2833 πάντα
1777 2813 1825 2839 pro

1044 2850 1164 2869 απανταε
