2037 3044
211 146 258 173 ΓΗ

492 148 520 176 S.
543 148 730 177 ATHANASII
750 149 825 178 OPP.
845 149 935 178 PARS
955 150 976 176 l.

1049 146 1231 175 illSTORlCA
1253 147 1295 175 ΕΤ
1318 147 1524 175 ΒΟΟΜΑΤΙΕᾹ.

1770 151 1820 177 ΗΞ

206 203 335 231 edemlam
350 212 381 232 ac
396 211 425 232 se
443 210 470 232 et
483 213 560 232 suum
579 206 685 234 Patrem
708 213 800 236 notum
821 208 984 240 iacientium,

1035 205 1186 240 χρήσασθαι
1203 205 1250 232 καὶ
1265 205 1822 243 γῳρετᾎὲαρῂι-ωμῂνὲινω

207 258 285 277 nemo
297 258 360 278 eum
374 251 490 279 absurde
506 257 534 279 et
551 253 639 287 inepte
655 255 743 289 egisse
754 256 844 283 dicere
860 256 981 288 auderet,

207 297 305 331 quippe
317 305 377 324 cum
400 297 523 325 universa
543 299 599 334 jam
614 300 671 334 ipse
685 307 763 328 antea
778 301 940 334 contineret,
957 305 984 328 et

205 350 266 369 rum
281 343 405 371 omnibus
418 351 450 371 ac
466 344 492 371 in
510 345 565 379 ipsa
585 345 627 372 illa
646 351 723 380 parte
734 347 888 379 exsisteret,
900 355 983 382 seque

205 389 310 416 occulte
326 390 476 417 ostenderet
495 400 501 418 :
518 393 552 418 ita
567 392 626 419 sine
638 393 719 419 dubio
732 393 878 422 absurdum
897 393 982 420 videri

207 441 258 460 non
271 433 365 466 debet,
379 435 400 462 si
414 434 458 462 ille
473 436 518 470 qui
534 444 575 464 res
586 437 724 464 universas
737 438 868 472 gubernat
888 442 914 464 et
929 438 983 464 vita

206 479 299 512 donat,
317 487 366 514 per
381 481 503 508 homines
521 489 551 509 se
575 487 666 509 notum
689 482 777 510 facere
800 483 919 518 cupiens,
934 483 981 510 hu-

207 532 288 553 mano
299 533 413 561 corpore
424 528 497 554 velut
511 528 692 556 instrumento
707 537 770 557 usus
785 529 830 560 sit,
844 537 897 563 quo
906 529 983 557 nobis

208 575 235 598 et
250 572 392 599 veritatem
409 573 583 608 patefaceret,
595 580 619 601 et
634 574 721 602 Patris
737 575 914 610 cognitionem
933 575 983 601 im-

205 617 326 651 pertiret.
344 617 464 645 Humana
487 620 618 654 siquidem
642 625 736 647 natura
757 627 818 654 pars
841 625 882 648 est
902 621 984 647 totius

206 662 336 690 universi.
352 662 426 691 Unde
447 665 670 698 quemadmodum
687 673 762 693 mens
779 665 906 696 humana,
925 673 983 699 quae

205 708 233 735 in
250 713 306 736 toto
330 709 437 737 homine
461 716 511 740 est.
537 711 625 745 aliqua
640 716 718 746 parte
739 712 870 746 corporis,
893 711 983 745 lingua

205 753 341 786 videlicet,
351 759 477 789 tanquam
493 756 531 782 sui
544 757 620 791 signo
633 757 727 787 utitur,
744 763 793 783 nec
807 761 896 782 tamen
909 762 979 782 men-

208 799 243 827 tis
258 804 380 827 naturam
400 801 500 828 idcirco
521 801 642 828 imminui
661 801 794 836 quispiam
806 800 904 828 dixerit
923 809 929 826 :
946 799 982 825 ita

206 846 229 871 si
261 845 376 873 Verbum
405 846 429 872 in
453 847 579 873 omnibus
609 847 688 874 rebus
711 847 845 874 exsislens
866 847 984 874 humano

207 890 386 917 instrunmento
408 898 484 917 usum
511 896 563 924 est,
593 891 749 918 indecorum
774 891 874 918 nemini
904 891 982 917 debet
998 889 1017 916 Β

1037 249 1114 287 τέρα.
1130 249 1212 285 ἔφησε
1230 249 1417 285 πεποιηκέναι,
1431 249 1503 283 ἅπαξ
1530 250 1636 277 ἅπαντα
1650 251 1732 278 αὑτοῦ
1762 261 1822 280 συν-

1039 290 1153 330 έχοντος,
1169 295 1215 322 καὶ
1224 296 1292 332 μετὰ
1304 297 1411 323 πάντων
1427 296 1473 323 καὶ
1485 298 1514 323 ἐν
1525 297 1598 332 αὐτῷ
1611 298 1648 333 τῷ
1660 298 1737 334 μέρει
1753 307 1820 333 τυγ-

1038 342 1162 377 χάνοντος
1183 343 1230 369 καὶ
1243 342 1366 378 ἀοράτως
1391 342 1485 369 ἑαυτὸν
1498 342 1659 374 δεικνύντος·
1670 343 1756 375 οὓτως
1768 345 1819 371 οὐκ

1037 388 1136 414 ἄτοπον
1153 387 1185 415 ἂν
1199 388 1240 424 εἴη
1255 388 1451 423 διακοσμοῦντα
1471 388 1598 415 manu
1613 388 1701 415 πάντα
1718 390 1765 416 καὶ
1783 390 1819 417 τὰ

1036 435 1083 461 ὅλα
1111 433 1301 466 ζωοποιοῦντα,
1320 435 1366 461 καὶ
1391 433 1540 469 θελήσαντα
1554 434 1610 470 (45)
1623 435 1657 461 δι’
1671 434 1820 471 ἀνθρώπων

1035 480 1175 515 γνωρίσαι,
1187 480 1212 506 εί
1225 480 1332 516 ὀργάνῳ
1345 480 1475 516 κέχρηται
1483 480 1624 516 ἀνθρώπου
1639 481 1743 516 σώματι
1753 481 1820 516 πρὸς

1036 526 1188 561 φανέρωσιν
1204 526 1330 562 ἀληθείας
1356 528 1403 553 καὶ
1417 527 1515 561 γνῶσιν
1530 526 1577 553 τοῦ
1601 527 1716 563 Πατρός.
1731 527 1820 563 Μέρος

1036 572 1089 607 γὰρ
1105 572 1151 599 τοῦ
1163 572 1224 599 ὅλου
1237 573 1282 600 καὶ
1297 572 1498 608 ὴάνθρωπότης
1510 573 1647 608 τυγχάνει.
1656 574 1710 600 Καὶ
1726 573 1821 610 ὥσπερ

1035 618 1050 643 ὁ
1065 617 1136 650 νοῦς,
1154 618 1186 645 δι’
1198 618 1259 645 ὅλου
1275 618 1323 645 τοῦ
1339 618 1483 653 ἀνθρώπου
1500 618 1548 650 ὢν,
1567 619 1620 645 ἀπὸ
1643 619 1741 654 μέρους
1773 618 1819 646 τοῦ

1037 663 1171 698 σώματος,
1180 664 1229 699 τῆς
1240 663 1361 699 γλώττης
1378 664 1459 697 λέγω,
1477 664 1646 699 σημαίνεται,
1664 664 1711 691 καὶ
1721 664 1752 690 οὐ
1770 663 1820 699 δή-

1037 716 1087 734 που
1103 717 1143 739 τις
1155 708 1328 735 ἐλαττοῦσθαι
1343 709 1392 735 τῦιν
1402 708 1551 749 οὐσίαντ-οῦ
1566 709 1610 745 νοῦ
1626 709 1670 736 διὰ
1681 708 1759 736 τοῦτο
1774 709 1819 736 λέ-

1036 761 1088 787 γει·
1103 753 1189 785 οὕτως
1204 755 1218 780 ὁ
1237 754 1331 788 Λόγος,
1349 750 1397 781 διέἷ
1416 755 1523 782 πάντων
1545 750 1592 787 ὧν,
1615 755 1639 780 εἰ
1660 754 1819 790 ἀνθρωπίνῳ

1037 799 1166 835 κέχρηται
1192 800 1309 835 ὀργάνῳ.
1327 801 1376 826 οὐκ
1407 800 1530 836 ἀπρεπὲς
1548 800 1581 826 ἃν
1600 800 1720 834 φαίνοιτο
1731 799 1818 826 τοῦτο.

1037 845 1067 871 Εἰ
1080 845 1143 880 γὰρ,
1172 845 1208 877 ὠς
1234 847 1373 881 προεῖπον,
1397 846 1518 882 ἀπρεπὲς
1542 846 1648 881 ὀργάνῳ
1669 845 1819 881 χρήσασθαι

1034 890 1148 925 σώματι,
1166 891 1288 926 ἀπρεπὲς
1313 892 1359 919 καὶ
1387 893 1415 917 ὲν
1438 891 1476 926 τῷ
1504 892 1556 927 ὅλῳ
1576 892 1655 918 αὐτὴν
1669 889 1751 919 εἶναι.

206 936 307 964 videri.
319 936 444 970 Alioquin
474 937 506 969 si,
521 938 559 964 uti
573 936 630 972 jam
645 938 712 970 dixi,
726 939 813 973 ipsum
832 945 946 972 corpore
976 937 1049 964 velut
1080 938 1259 966 instrumento
1297 939 1335 966 uti
1353 947 1406 966 non
1425 939 1529 970 deeuit,
1550 947 1598 966 nec
1617 940 1697 967 etiam
1720 941 1746 967 in
1763 945 1819 967 toto

207 985 333 1011 universo
345 984 415 1011 idem
428 993 487 1012 esse
501 986 600 1012 decuit.

241 1031 286 1058 45.
307 1032 382 1064 Quod
405 1032 427 1059 si
445 1033 590 1067 inquirant,
611 1041 660 1060 cur
679 1034 759 1068 igitur
779 1040 836 1061 non‘
853 1041 901 1068 per
918 1033 984 1060 alias

206 1076 375 1110 pulchriores
384 1078 476 1105 mundi
485 1083 576 1113 partes
587 1080 750 1114 apparuerit,
763 1087 813 1107 nec
822 1079 985 1114 splendidio-

207 1122 228 1147 ri
257 1122 448 1155 instrumento,
469 1123 543 1151 verbi
569 1125 666 1159 gratia,
694 1124 762 1157 sole,
788 1125 863 1156 luna,
891 1125 983 1154 astris,

206 1167 268 1201 igne
288 1167 330 1195 vel
352 1168 462 1203 aethere,
476 1169 522 1196 sed
539 1171 648 1198 homine
666 1175 769 1198 tantum
791 1178 868 1198 usum
887 1170 985 1197 fuerit?

206 1213 314 1240 discant
335 1213 372 1241 illi
388 1214 531 1243 Dominum
548 1223 600 1243 non
618 1216 725 1244 venisse
739 1221 768 1243 ut
781 1224 810 1244 se
824 1221 982 1246 ostentaret.

206 1259 252 1285 sed
270 1265 298 1286 ut
316 1267 364 1287 nos
379 1261 500 1289 inlirmos
515 1262 593 1289 simul
610 1268 637 1290 et
654 1263 763 1296 ignaros
773 1267 882 1290 curaret
894 1267 920 1289 et
934 1262 982 1289 do-

206 1309 290 1333 reret.
315 1304 486 1333 Ostentantis
506 1306 577 1334 enim
599 1307 701 1340 luisset,
717 1307 885 1335 solummodo
906 1315 985 1342 appa-

206 1357 276 1382 rere,
289 1355 316 1377 et
330 1357 481 1385 spectantes
503 1358 611 1388 stupore
632 1353 795 1387 percellere:
818 1357 846 1380 at
862 1354 984 1380 sanantis

204 1401 231 1422 et
246 1396 367 1424 docentis
384 1403 453 1428 erat.
475 1407 527 1426 non
552 1404 653 1426 tantum
675 1400 821 1432 advenire,
845 1400 890 1427 sed
913 1399 982 1426 indi-

205 1443 324 1476 gentium
348 1444 490 1472 commodo
514 1446 681 1480 prospicere,
705 1451 785 1480 atque
806 1450 835 1472 ut
854 1445 889 1472 illi
915 1445 984 1472 ferre

205 1494 318 1521 possent
337 1496 484 1523 apparere;
514 1497 547 1516 ne
570 1490 591 1517 si
614 1491 708 1518 modus
731 1491 786 1525 ipse
805 1491 982 1518 laborantium

207 1535 396 1562 necessitatem
416 1537 572 1568 excederet,
593 1537 651 1563 illos
667 1537 754 1571 potius
766 1537 822 1572 68
840 1537 983 1571 perturba-

205 1584 258 1611 ret,
270 1584 350 1615 atque
365 1581 400 1608 ita
414 1580 538 1608 Numinis
551 1582 682 1610 adventus
693 1582 758 1616 ipsis
780 1583 856 1609 tieret
870 1582 982 1610 inutilis.

205 1624 283 1651 Nulla
302 1625 425 1660 profecto
437 1625 488 1652 alia
505 1633 593 1652 rerum
609 1630 763 1653 creatarum
783 1631 880 1661 praeter
896 1625 982 1652 solum

205 1669 342 1697 hominem
355 1670 426 1697 circa
442 1669 489 1697 Dei
504 1669 687 1704 cognitionem
703 1669 821 1696 errabat.
843 1668 980 1703 Siquidem
995 1664 1016 1693 C

204 1723 258 1742 non
282 1715 332 1746 sol,
354 1722 406 1742 non
434 1715 508 1748 luna,
535 1723 588 1742 non
611 1715 721 1747 celum,
746 1722 799 1742 non
826 1719 910 1745 astra,
930 1721 982 1741 nou

205 1769 285 1796 aqua,
302 1769 355 1789 non
369 1761 453 1788 rather
467 1769 545 1789 suum
564 1761 683 1788 ordinem
707 1761 898 1795 perturbarunt
909 1780 917 1792 ,
936 1761 982 1787 sed

206 1815 284 1834 suum
301 1807 424 1842 opiﬁcem
440 1815 471 1835 ac
491 1807 682 1841 imperatorem
700 1807 817 1834 Verbum
834 1813 983 1842 agnoscen-

206 1857 258 1886 tes,
276 1858 384 1880 manent
396 1854 433 1880 uti
449 1853 526 1880 initio
542 1853 619 1880 facta).
631 1859 706 1880 sunt.
722 1851 778 1879 Soli
791 1858 880 1879 autem
898 1852 984 1879 bomi-

205 1906 255 1926 nes
267 1899 365 1926 bouum
383 1898 511 1931 aversati,
524 1906 554 1926 ea
569 1898 750 1933 postmodum,
770 1905 829 1932 quae
843 1905 896 1925 non
907 1903 981 1931 sunt,

206 1951 256 1979 pro
273 1945 388 1972 veritate
400 1949 464 1971 sunt
480 1944 636 1975 commenti,
661 1951 692 1970 ac
715 1943 761 1970 Dei
775 1943 876 1970 cultum
891 1948 918 1970 et
934 1938 983 1970 n5-

205 1990 307 2017 tionem
324 1989 491 2017 daemonibus
506 1996 534 2016 et
547 1989 700 2016 hominibus
719 1989 745 2015 in
769 1988 882 2024 lapideis
900 1989 983 2016 simu-

205 2035 288 2062 lacris
300 2035 490 2062 attribuerunt.
506 2034 573 2064 Hinc
584 2043 644 2062 cum
661 2039 764 2062 tantam
782 2035 983 2069 perversitatem

205 2081 340 2116 negligere
364 2081 460 2108 divina:
483 2080 611 2108 bonitatis
637 2080 773 2116 indignum
801 2085 895 2113 esset,
922 2088 983 2108 cum

204 2127 270 2155 item
286 2134 346 2154 eum
358 2127 448 2154 omnia
463 2127 489 2154 in
502 2127 630 2154 universo
641 2127 873 2154 administrantem
892 2134 924 2154 ac
939 2135 984 2154 re-

205 2177 314 2208 gentem
333 2173 454 2200 homines
473 2180 524 2200 non
545 2173 696 2207 potuissent
712 2179 885 2208 cognoscere,
901 2173 983 2200 nteri-

206 2225 234 2246 to
248 2219 349 2246 idcirco
367 2223 469 2253 partem
484 2219 614 2251 universi,
635 2225 734 2253 corpus
748 2217 876 2246 videlicet
891 2219 984 2245 huma-

205 2272 279 2297 num,
294 2269 418 2299 tanquam
431 2264 636 2292 instrumentum
647 2264 697 2291 sibi
709 2263 757 2298 ipsi
771 2262 896 2296 assumit,
907 2263 985 2290 illud-

203 2317 258 2344 que
273 2310 434 2344 ingreditur,
449 2315 490 2342 ut,
503 2311 630 2345 quoniam
649 2316 710 2336 eum
730 2310 756 2337 in
782 2314 838 2336 toto
858 2309 984 2336 universo

203 2362 351 2390 agnoscere
367 2362 420 2382 non
436 2359 588 2389 potuerant,
607 2354 700 2381 saltem
723 2354 750 2381 in
767 2359 842 2388 parte
861 2354 984 2381 residen-

205 2407 260 2429 tem
276 2409 328 2428 non
342 2402 510 2436 ignorarent,
522 2405 549 2428 et
560 2400 604 2435 qui
620 2400 673 2427 vim
686 2400 743 2435 eius
758 2392 918 2427 invisibilem
931 2408 983 2427 nou

203 2451 351 2483 potuerant
365 2447 533 2482 conSpicere,
555 2447 650 2474 saltem
667 2454 701 2474 ex
724 2446 901 2474 similitudine
923 2454 984 2474 eum

205 2493 358 2528 intelligere
379 2497 408 2520 et
425 2492 601 2527 contemplari
617 2496 736 2527 possent.
753 2492 820 2519 Cum
842 2492 913 2520 enim
931 2492 986 2520 sint

203 2537 340 2571 homines,
365 2537 428 2565 hinc
454 2545 501 2572 per
525 2537 613 2565 simile
636 2545 732 2572 corpus
757 2545 789 2565 ac
812 2538 901 2565 divina
927 2546 987 2572 qum.

204 2590 253 2617 per
264 2590 326 2610 eum
344 2583 460 2610 eduntur
480 2591 573 2619 opera,
594 2584 677 2612 citius
693 2589 721 2612 et
743 2585 853 2619 propius
867 2584 925 2618 eius
941 2585 986 2611 Pa-

210 2632 279 2655 trem
293 2633 407 2664 possunt
419 2636 595 2664 cognoscere,
607 2630 629 2657 si
642 2630 746 2657 scilicet
760 2630 926 2664 perpendere
941 2637 984 2657 vo-

240 2717 294 2747 (ιδ)
311 2717 415 2745 Gobler.
428 2722 455 2745 et
463 2717 580 2746 Felclun.
599 2719 610 2745 l
626 2726 718 2752 auom,
731 2717 923 2750 ζωοποιοῦντος
938 2719 984 2745 καὶ

205 2752 374 2786 θελήσαντος.

240 2785 356 2823 ί-ιᾷλὸἰτ
371 2788 483 2823 Seguer.
508 2789 616 2816 Goblcr.
634 2788 750 2816 Feb-km.
770 2789 781 2816 1
805 2797 885 2816 anon.
899 2793 922 2816 et
935 2789 983 2815 Βρι-

206 2823 248 2849 aii.
266 2822 399 2858 Aliigvero
411 2822 436 2849 et
453 2825 528 2855 editi,
541 2824 675 2858 χαίρουσι.
690 2823 746 2851 Mox
768 2832 816 2858 pro
828 2824 876 2858 τὴν
892 2824 984 2858 χρείαν

207 2864 232 2885 et
245 2856 360 2894 ταράξῃ.
379 2858 479 2891 Anglic.
498 2856 576 2885 habet
589 2856 635 2892 ea;
647 2859 738 2893 χρείας
754 2856 779 2886 ei
794 2856 911 2894 ταράξηῖ.

1071 1032 1115 1058 45.
1138 1031 1188 1058 Διὰ
1198 1032 1224 1057 τί
1236 1029 1291 1062 οὖν,
1305 1031 1353 1057 ἐὰν
1367 1031 1492 1065 λέγωσιν,
1507 1031 1567 1066 οὐχὶ
1580 1031 1612 1058 δι’
1627 1031 1713 1058 ἄλλων
1729 1031 1819 1067 μερῶν

1034 1077 1179 1104 καλλιόνων
1194 1077 1241 1112 τῆς
1263 1077 1377 1108 κτίσεως
1389 1077 1486 1112 ἐφάνη,
1505 1078 1550 1104 καὶ
1569 1077 1686 1104 καλλίονι
1700 1078 1818 1112 ὀργάνῳ.

1033 1121 1088 1149 οἷον
1106 1122 1184 1157 ἡλίῳ,
1196 1123 1213 1158 ἢ
1227 1122 1362 1159 es“)an
1387 1123 1533 1158 ἄστροις,ῆ
1557 1123 1633 1159 πυρὶ,
1646 1124 1662 1158 ἢ
1684 1122 1771 1158 αἰθέρι
1786 1124 1816 1149 οὺ

1033 1169 1174 1204 κέχρηται,
1197 1168 1264 1195 ἀλλὰ
1285 1168 1421 1204 ἀνθρώπῳ
1445 1169 1534 1204 μόνῳ;
1549 1170 1817 1203 γινωσκέτωσανβτι

1032 1215 1082 1241 οὐκ
1099 1214 1281 1246 ἐπιδείξασθαι
1305 1212 1386 1249 ἦλθεν
1404 1215 1419 1241 ὁ
1440 1215 1549 1249 Κύριος,
1566 1215 1632 1247 ἀλλὰ
1650 1214 1817 1251 βεραπξῦπαι

1034 1261 1079 1287 καὶ
1090 1260 1191 1299 διδάξαι
1203 1261 1264 1291 τοὺς
1277 1261 1438 1299 πάσχοντας.
1453 1260 1686 1296 Ἑπιδεικνυμένου
1704 1262 1753 1296 μὲν
1763 1262 1817 1297 γὰρ

1033 1303 1066 1340 ἦν
1082 1298 1160 1340 μόνον
1176 1300 1339 1340 ἒπῐςρανῆναι
1352 1306 1399 1332 καὶ
1416 1301 1586 1341 ῖιαταπλῆξαι
1605 1307 1667 1338 τοὺς
1685 1307 1815 1342 ὁρῶντας·

1035 1350 1228 1386 θεραπεύοντος
1238 1350 1266 1377 δὲ
1287 1351 1332 1377 καὶ
1350 1351 1518 1383 διδάσκοντός
1536 1352 1593 1378 ἐστι
1604 1352 1641 1387 μὴ
1655 1352 1747 1383 ἁπλῶς
1760 1352 1816 1378 ἑπι-

1034 1397 1162 1432 δημῆσαι,
1177 1397 1233 1423 ἀλλ’
1249 1397 1292 1424 ἐπ’
1311 1397 1428 1433 ὠφελείᾳ
1457 1397 1509 1424 τῶν
1524 1398 1656 1433 δεομένων
1680 1398 1814 1432 γενέσθαι,

1035 1444 1090 1475 καὶ,
1107 1443 1145 1475 ὡς
1154 1443 1296 1479 χρῄζοντες
1312 1443 1438 1478 φέρουσιν
1454 1443 1518 1478 (44),
1532 1443 1707 1479 ἐπιφανῆναι·
1722 1444 1765 1470 ἵνα
1778 1444 1817 1479 μὴ

1034 1489 1072 1524 τῷ
1087 1489 1279 1523 ὑπερϐάλλοντι
1295 1489 1344 1522 τὴν
1358 1489 1450 1524 χρείαν
1468 1489 1522 1515 τῶν
1545 1487 1701 1524 πασχόντων
1716 1489 1815 1521 αὐτοὺς

1034 1534 1096 1565 τοὺς
1110 1533 1251 1568 δεομένους
1265 1533 1380 1568 ταράξῃ,
1396 1534 1443 1560 καὶ
1456 1533 1594 1567 ἀνωφελὴς
1607 1533 1710 1564 τούτοις
1722 1535 1737 1567 ή
1754 1534 1816 1560 ἐπι-

1035 1579 1132 1613 φάνεια
1147 1577 1193 1604 τοῦ
1217 1577 1284 1604 Θεοῦ
1307 1577 1362 1613 (45)
1387 1577 1506 1612 γένηται.
1522 1577 1604 1605 Οὐδὲν
1621 1578 1708 1604 τοίνυν
1717 1577 1770 1604 τῶν
1786 1578 1816 1604 ὲν
1832 1578 1861 1598 '1‘-

1034 1626 1068 1660 τῇ
1088 1624 1174 1650 κτίσει
1189 1623 1393 1659 πεπλανημένον
1401 1621 1434 1658 ἦν
1443 1624 1482 1654 είς
1492 1623 1541 1654 τὰς
1551 1623 1614 1658 περ).
1623 1623 1689 1650 Θεοῦ
1702 1623 1817 1655 ἑννοίας,

1033 1671 1058 1698 el
1071 1670 1108 1705 μὴ
1124 1670 1202 1704 μόνον
1218 1670 1236 1697 ὁ,
1247 1669 1396 1705 ἄνθρωπος.
1416 1668 1523 1706 Ἀμέλει
1538 1669 1587 1704 οὐχ
1594 1669 1678 1704 ἥλιος.
1693 1669 1722 1696 οὐ
1739 1669 1817 1707 σελήγ

1034 1724 1078 1750 νη,
1096 1715 1145 1753 οὐκ
1154 1715 1276 1750 οὐρανὸς,
1290 1715 1320 1745 οὺ
1341 1714 1375 1744 τὰ
1395 1714 1493 1750 ἄστρα,
1507 1714 1558 1750 οὐχ
1573 1714 1654 1750 ὕδωρ,
1665 1716 1715 1742 οὑκ
1734 1708 1816 1750 αίθῇρ

1035 1755 1208 1797 παρήλλαξαν
1223 1760 1272 1796 τὴν
1290 1760 1377 1793 τάξιν,
1398 1760 1454 1786 ἀλλ’
1470 1760 1568 1792 εἰδότες
1582 1760 1626 1789 τὸν
1643 1760 1746 1790 ἑαυτῶν
1768 1760 1816 1799 δη-

1036 1808 1163 1843 μιουργὸν
1178 1806 1223 1834 καὶ
1242 1806 1350 1842 βασιλέα
1365 1805 1460 1841 Λόγον,
1475 1808 1598 1842 μένουσιν
1614 1807 1651 1839 ὡς
1664 1798 1814 1846 γεγόναέιγ

1035 1854 1171 1889 ἄνθρωποι
1199 1853 1227 1879 δὲ
1244 1854 1322 1888 μόνον
1339 1853 1394 1888 (46)
1428 1853 1647 1889 ἀποστραφέντες
1674 1854 1704 1880 τὸ
1725 1853 1817 1892 aculei,

1035 1900 1126 1926 λοιπὸν
1135 1896 1172 1926 τὰ
1188 1894 1316 1926 οὗέδντᾶ
1325 1898 1384 1925 ἀντὶ
1397 1898 1447 1933 τῆς
1461 1899 1588 1934 ἀληθείας
1595 1899 1756 1932 ὲπλάσαντο,
1770 1900 1817 1926 καὶ

1034 1946 1133 1981 τὴνείς
1147 1945 1212 1971 Θεὸν
1227 1945 1309 1981 τιμὴν
1333 1945 1381 1972 καὶ
1405 1945 1453 1980 τὴν
1471 1945 1534 1980 περὶ
1551 1945 1632 1972 αὑτοῦ
1649 1945 1747 1979 γνῶσιν
1764 1945 1817 1972 δαί-

1037 2000 1098 2026 μοτι
1123 1991 1168 2017 καὶ
1181 1991 1332 2026 ἀνθρώποις
1347 1992 1375 2017 ὲν
1400 1990 1484 2022 λίθοις
1501 1990 1715 2017 ἀνατεθείκασιν.
1736 1990 1817 2017 Ὅθεν

1035 2036 1157 2068 εἰκότως,
1173 2035 1266 2071 ἐπειδὴ
1280 2035 1401 2071 παριδεῖν
1416 2035 1446 2062 τὺ
1462 2035 1617 2070 τηλικοῦτον
1629 2037 1678 2062 οὐκ
1699 2036 1772 2068 ἄξιον
1783 2035 1816 2071 ἦν

1035 2082 1083 2117 τῆς
1100 2081 1146 2108 τοῦ
1165 2081 1233 2108 Θεοῦ
1253 2081 1428 2116 ἁγαθότητος,
1442 2081 1509 2108 ἀλλὰ
1525 2082 1572 2108 καὶ
1582 2083 1610 2108 ὲν
1623 2081 1662 2117 τῷ
1675 2082 1727 2117 ὅλῳ
1737 2082 1816 2108 αὑτὸν

1034 2127 1159 2154 διέποντα
1175 2128 1221 2154 καὶ
1241 2127 1439 2163 ἡγεμονεύοντα
1461 2128 1512 2154 οὐκ
1524 2127 1694 2163 ἠδυνήθησαν
1716 2127 1816 2162 γνῶναι

1035 2174 1059 2200 οἱ
1074 2173 1222 2209 ἄνθρωποι,
1247 2173 1329 2209 μέρος
1357 2173 1405 2200 τοῦ
1422 2172 1482 2200 ὅλου
1508 2173 1637 2208 λαμϐάνει
1659 2173 1747 2208 ἑαυτῷ
1769 2173 1816 2208 δρ-

1035 2228 1115 2253 γανον
1128 2219 1158 2246 τὸ
1170 2218 1338 2255 ἀνθρώπινον
1352 2219 1442 2255 σῶμα,
1451 2219 1497 2246 καὶ
1509 2219 1642 2246 ἐπιϐαίνει
1658 2219 1754 2254 τούτῳ,
1772 2219 1815 2250 ἵν’,

1036 2264 1129 2300 ἐπειδὴ
1145 2265 1174 2290 ἐν
1186 2264 1225 2299 τῷ
1240 2264 1293 2300 ὅλῳ
1308 2264 1387 2291 αὑτὸν
1395 2264 1444 2290 οὐκ
1461 2263 1628 2300 ἠδυνήθησαν
1639 2263 1749 2297 γνῶναι,
1765 2263 1816 2290 κᾶν

1036 2312 1064 2337 ἐν
1080 2310 1118 2345 τῷ
1140 2310 1217 2345 μέρει
1234 2309 1271 2345 μὴ
1285 2310 1453 2345 ἀγνοήσωσιν
1477 2310 1567 2340 αὑτὸν,
1584 2309 1631 2336 καὶ
1645 2309 1738 2344 ἐπειδὴ
1762 2308 1815 2344 (47)

1037 2355 1184 2390 ἀναϐλέψαι
1206 2355 1256 2381 οὐκ
1269 2353 1436 2390 ἠδυνήθησαν
1459 2355 1498 2386 εἰς
1525 2354 1573 2389 τὴν
1599 2354 1711 2389 ἀόρατον
1734 2352 1816 2380 αὐτοῦ

1037 2400 1160 2436 δύναμιν,
1173 2401 1223 2428 κᾶν
1231 2400 1263 2427 ὲκ
1276 2399 1329 2426 τῶν
1337 2399 1436 2435 ὁμοίων
1448 2399 1603 2433 λογίσασθαι
1619 2400 1665 2426 καὶ
1680 2399 1816 2435 θεωρῆσαι

1037 2447 1184 2483 δυνηθῶσιν
1201 2446 1289 2473 αὐτόν.
1312 2446 1465 2481 Ἄνθρωποι
1477 2446 1530 2482 γὰρ
1543 2446 1627 2477 ὄντες,
1638 2446 1681 2472 διὰ
1694 2446 1741 2472 τοῦ
1753 2454 1817 2473 κατ-

1038 2493 1150 2529 αλλήλου
1176 2492 1299 2528 σώματος
1323 2493 1370 2519 καὶ
1396 2492 1448 2518 τῶν
1467 2492 1500 2518 δι’
1519 2491 1600 2518 αὑτοῦ
1630 2491 1707 2518 θείων
1730 2492 1817 2527 ἔργων

1036 2538 1186 2573 ταχύτερον,
1199 2537 1246 2564 καὶ
1268 2536 1415 2572 ἐγγύτερον
1431 2537 1476 2562 τὸν
1499 2536 1594 2563 τούτου
1620 2537 1727 2573 Πατέρα
1741 2536 1817 2571 γινώ-

1037 2592 1110 2610 σκειν
1121 2584 1290 2618 δυνήσονται,
1316 2583 1515 2618 συγκρίνοντες,
1536 2582 1573 2613 ὡς
1587 2582 1636 2609 οὐκ
1651 2582 1817 2617 ἀνθρώπινα,

1035 2630 1102 2656 ἀλλὰ
1114 2629 1181 2657 Θεοῦ
1203 2630 1272 2663 ἔργα
1294 2630 1352 2656 ἐστὶ
1373 2629 1406 2652 τὰ
1431 2629 1476 2655 ὑπ’
1505 2628 1588 2655 αὑτοῦ
1598 2628 1736 2662 γινόυενα.
1763 2629 1817 2655 Καὶ

1072 2718 1127 2752 (45)
1143 2717 1265 2752 Seguer.,
1275 2717 1360 2745 Θείου.
1372 2717 1439 2744 Idem
1450 2716 1527 2751 paulo
1536 2722 1604 2750 p05t,
1615 2721 1641 2752 et
1655 2715 1757 2749 Anglic.
1767 2714 1816 2742 Go-

1037 2753 1102 2780 liler.
1116 2758 1141 2779 el
1158 2751 1272 2779 Felt'knt.
1286 2753 1297 2779 1
1314 2761 1392 2779 anon.
1417 2760 1464 2786 pro
1488 2752 1580 2786 μόνου.
1593 2751 1670 2786 μόνος
1682 2752 1787 2777 habent.

1072 2788 1127 2816 (vili:
1139 2787 1328 2821 Seguerianus.
1340 2788 1426 2820 μόνοι.

1073 2823 1127 2856 (l7)
1145 2822 1254 2849 Golilcr.
1269 2827 1295 2849 ct
1311 2821 1428 2849 Feb-km.
1448 2821 1456 2847 Ι
1483 2829 1561 2848 anon.
1579 2822 1680 2848 addunt
1699 2821 1816 2854 particu-

1038 2858 1089 2884 iatu
1109 2857 1147 2884 δέ.
