2037 3044
236 130 290 158 175
519 131 548 157 S.
569 130 756 157 ATHANASII
776 129 851 158 OPP.
871 130 959 157 PARS
978 129 998 155 Ι.
1013 145 1048 150 -

235 190 316 216 vitam
341 188 390 224 ipsi
408 196 456 224 pro
473 189 645 224 corruptione
668 189 808 221 inhaerere,
832 193 861 216 ut
885 188 1047 224 quemn-4|

235 235 342 262 modum
359 242 430 262 mors
445 234 469 260 iu
483 242 594 268 corpore
610 235 737 268 producta
753 236 850 268 fuerat,
867 235 902 262 ita
916 239 943 261 ct
960 234 1012 261 vita

235 280 261 306 iu
275 280 368 307 eodem
382 279 582 313 produceretur.
597 279 688 314 Itaque
702 281 725 307 si
742 288 814 308 mors
827 285 902 307 extra
915 287 1012 314 corpus

234 325 345 357 fuisset,
366 331 441 351 extra
468 325 552 358 ipsum
578 332 685 360 quoque
706 327 760 353 vita
783 334 841 354 esse
864 327 1010 354 debuisset.

235 370 287 396 Sed
308 371 330 396 si
351 377 421 397 mors
442 369 468 397 iu
491 377 602 404 corpore
625 371 786 403 inhaerebat,
809 380 892 406 eoque
915 372 1013 399 idcirco

235 415 330 442 fortior
348 421 406 442 erat
425 424 431 441 :
457 415 576 449 profecto
595 424 706 444 necesse
729 424 837 452 quoque
857 417 906 444 fuit
928 418 1012 444 vitam

235 461 340 494 corpori
357 460 497 493 inhaerere,
513 466 543 488 ut
558 469 655 495 corpus
674 463 726 489 vita
745 462 802 490 loco
819 464 912 490 mortis
934 464 1013 490 indu-

236 512 302 539 tum,
317 509 515 541 corruptionem
537 508 673 541 abjiceret.
689 508 839 542 Ceteroqui
858 509 879 536 si
896 509 1011 535 Verlrum

234 557 310 580 extra
325 560 422 587 corpus
435 559 461 580 et
475 562 526 580 non
543 554 567 580 in
585 554 641 588 ipso
657 562 768 588 corpore
782 561 841 581 esse
860 553 988 581 voluisset
1002 575 1008 586 ,

235 606 308 626 mors
321 599 428 633 quidem
450 599 526 626 valde
548 600 706 627 naturaliter
719 600 752 626 ab
768 607 801 626 eo
822 599 915 627 fuisset
931 599 1011 632 victa,

233 645 332 680 quippe
353 653 413 680 quae
436 646 496 672 vitm
514 646 640 673 resistere
664 654 716 673 non
740 650 820 680 queat
840 655 846 673 :
867 651 894 672 at
912 645 1011 672 nihilo-

234 692 322 719 minus
345 697 437 718 exorta
462 692 599 726 corruptio
622 692 648 718 in
673 699 786 727 corpore
810 691 1010 726 permansisset.

233 738 364 771 Quocirca
383 737 458 764 valde
484 743 661 772 congruenter
684 745 780 772 corpus
807 737 892 764 induit
916 735 1011 764 Salva-

235 787 286 815 Ior,
300 788 328 809 ut
342 790 438 817 corpus
454 783 514 809 vitae
533 783 666 809 iuhzerens
680 789 731 809 non
751 782 866 816 amplius
882 782 908 808 in
926 785 1012 808 morte

234 835 362 863 tanquam
383 827 494 855 mortale
519 833 688 862 permaneret
709 836 716 854 :
733 828 779 855 sed
805 831 834 854 ut
852 826 1010 854 immortali-

234 879 315 902 tatem
335 875 416 901 veluti
443 875 572 904 induens,
600 874 768 909 postmodum
794 880 936 908 resurgens
960 872 1009 899 im-

235 919 347 946 mortale
378 924 518 954 perstaret.
545 919 634 947 Semel
665 919 735 947 enim
765 919 886 946 indutum
917 926 1011 946 corru-

234 965 334 998 ptione,
353 972 492 1000 resurgere
507 973 642 999 nunquam
657 966 798 1000 potuisset,
814 964 867 991 nisi
889 964 1012 992 similiter

234 1010 314 1036 vitam
339 1010 478 1037 induisset.
494 1010 623 1038 Praeterea
650 1018 722 1039 mors
747 1019 794 1045 per
817 1011 932 1045 scipsam
958 1018 1011 1037 non

234 1056 286 1083 nisi
318 1057 344 1083 in
372 1064 484 1092 corpore
508 1065 636 1092 apparere
668 1063 785 1092 potest:
813 1058 883 1085 unde
913 1057 1012 1085 idcirco

233 1109 330 1136 corpus
353 1103 456 1134 induit,
479 1109 507 1130 ut
525 1108 635 1130 mortem
660 1112 739 1138 quam
760 1104 786 1130 in
803 1110 917 1138 corpore
937 1103 1011 1130 inve-

234 1151 313 1173 uerat
327 1146 439 1174 deleret.
459 1147 604 1174 Enimvero
619 1155 734 1182 quonam
751 1152 828 1182 pacto
842 1148 1010 1182 perspicuum

234 1194 328 1222 tmeset
341 1194 485 1221 Dominum
500 1195 581 1221 vitam
595 1202 665 1227 esse,
680 1195 729 1222 nisi
745 1195 814 1230 quod
829 1195 940 1222 mortale
952 1199 1012 1222 erat

235 1240 287 1267 vita
311 1241 457 1268 donasset?
484 1240 592 1268 Scilicet
615 1241 838 1276 quemadmodum
864 1241 887 1268 si
911 1241 971 1276 quis
994 1248 1010 1267 a

233 1285 344 1319 sripula,
367 1293 426 1320 quae
441 1286 474 1313 ab
493 1286 553 1320 igne
577 1294 626 1321 pro
650 1291 743 1314 natura
765 1295 812 1314 sua
832 1287 1008 1318 consumitur,

234 1330 322 1365 ignem
341 1331 493 1365 renmverit,
515 1332 624 1359 minime
647 1333 755 1367 quidem
773 1333 816 1360 illa
833 1332 1008 1365 comburitur,

233 1377 280 1404 sed
296 1382 384 1404 tamen
400 1385 506 1412 semper
519 1378 616 1412 stipula
635 1383 733 1412 manet,
755 1379 862 1414 vimque
881 1379 949 1414 ignis
962 1386 1009 1406 ex-

235 1423 350 1449 timescit
362 1443 370 1454 ,
385 1431 398 1449 a
417 1430 470 1457 quo
486 1431 580 1458 nempe
603 1424 761 1451 naturaliter
783 1425 943 1455 assumitur;
961 1424 1008 1451 sed

232 1469 254 1494 si
270 1469 330 1503 quis
346 1468 461 1503 plurimo
478 1470 606 1502 amianto,
621 1470 666 1504 qui
682 1470 736 1505 igni
755 1470 883 1497 resistere
899 1470 1007 1502 dicitur,

233 1514 358 1548 stipulam
380 1515 515 1546 munierit,
535 1515 577 1542 illa
597 1515 746 1550 huiusmodi
769 1516 894 1549 pnesidio
913 1523 1007 1543 secura
1021 1527 1042 1556 ρ

232 1559 300 1586 nihil
313 1559 428 1594 amplius
445 1561 478 1587 ab
497 1561 558 1596 igne
580 1561 726 1588 timendum
745 1561 845 1588 habet:
862 1561 930 1587 idem
945 1567 1010 1587 sane

232 1606 265 1631 de
283 1613 396 1639 corpore
417 1610 445 1633 et
468 1606 500 1633 de
519 1611 605 1632 morte
626 1605 689 1632 licet
710 1605 809 1633 dicere.
835 1605 966 1635 Nimirum
987 1605 1010 1633 si

233 1658 304 1677 Iners
321 1651 377 1678 solo
391 1651 465 1686 j-ussu
481 1660 495 1678 a
510 1659 621 1685 corpore
636 1651 729 1678 fuisset
749 1652 892 1687 prohibita,
911 1652 1010 1680 nihilo-

233 1697 322 1724 minus
343 1697 454 1724 mortale
475 1703 501 1725 et
531 1697 694 1732 corruptioni
717 1698 862 1726 obnoxium
886 1706 935 1732 pro
960 1707 1010 1725 na-

232 1747 293 1769 tura
313 1751 454 1778 corporum
473 1744 632 1775 mansisset;
659 1744 729 1778 quod
755 1751 788 1770 ne
807 1744 950 1777 accideret,
969 1744 1011 1771 in-

232 1796 390 1823 eorporemn
408 1789 454 1816 Dei
470 1789 585 1817 Verbum
602 1790 697 1822 induit,
713 1795 793 1825 atque
808 1790 843 1817 ita
864 1798 913 1818 nec
937 1798 1010 1817 mor—

235 1839 286 1861 tem
301 1841 350 1861 nec
362 1834 559 1869 corruptionem
576 1835 701 1869 deinceps
715 1840 825 1867 metuet,
840 1835 936 1870 quippe
949 1842 1010 1863 cum

233 1881 315 1907 vitam
337 1881 520 1907 indumentum
538 1880 644 1912 habeat,
659 1885 686 1908 et
699 1880 836 1915 corruptio
858 1880 886 1907 in
901 1886 935 1907 eo
949 1887 1012 1908 eva-

233 1932 310 1952 λειω
315 1930 333 1952 Ι.

267 1971 312 1998 45.
333 1971 415 1998 Valde
430 1971 509 2005 igitur
520 1971 711 1998 convenienter
723 1971 769 1998 Dei
783 1970 900 1998 Verbum
914 1978 1012 2006 corpus

233 2016 378 2051 assumpsit
396 2020 425 2043 et
444 2016 560 2043 humano
575 2024 651 2043 usum
664 2020 706 2043 est
730 2017 918 2048 instrumento,
943 2020 971 2042 ut
985 2020 1013 2043 et

233 2062 339 2097 curpOri
367 2062 450 2089 vitam
485 2062 652 2096 impertiret,
676 2066 703 2088 et
730 2061 955 2096 quemadmodum
983 2061 1011 2088 iu

234 2109 332 2136 mundo
353 2116 386 2136 ex
403 2108 530 2140 operibus
551 2108 731 2142 cognoscitur,
755 2108 791 2134 ita
814 2107 896 2134 etiam
917 2107 945 2134 in
960 2108 1011 2134 ho-

233 2156 305 2183 mine
317 2158 407 2189 ageret
422 2159 450 2182 et
465 2155 581 2188 seipsum
597 2154 695 2188 ubique
707 2153 879 2188 patetaceret,
892 2155 1011 2186 nihllquc

1024 857 1048 887 Β

1067 128 1249 157 HISTORICA
1270 129 1313 157 ΕΤ
1333 129 1538 157 DOGMATICA.
1789 131 1840 158 thi

1064 188 1268 224 προσπλακῆναι
1287 189 1353 223 (εξγ,
1369 189 1410 216 ἶνα
1439 189 1532 224 ὥσπερ
1551 190 1579 215 ὲν
1606 189 1644 225 τῷ
1674 189 1779 225 σώματι
1799 191 1834 225 γέρ

1062 243 1139 268 γονεν
1153 235 1167 260 ὁ
1184 235 1306 266 θάνατος,
1321 235 1406 266 οὕτως
1427 236 1456 261 ὲν
1470 235 1544 270 αὐτῷ
1558 235 1668 270 γένηται
1683 237 1729 262 καὶ
1743 237 1759 270 ή
1775 235 1842 271 ζωή.

1062 280 1093 306 Εἰ
1107 281 1155 315 μὲν
1167 278 1212 307 οὖν
1230 280 1326 312 ἔξωθεν
1336 279 1369 316 ἦν
1382 281 1396 306 ὁ
1409 281 1521 312 θάνατος
1534 281 1580 307 τοῦ
1598 281 1731 316 σώματος,
1744 281 1841 314 ἔξωθεν

1063 325 1115 352 ἔδει
1129 327 1174 352 καὶ
1188 326 1236 360 τὴν
1250 326 1322 362 ζωὴν
1334 326 1416 353 αὑτοῦ
1441 327 1589 361 γεγονέναι”
1605 328 1630 353 ει
1649 327 1676 353 δὲ
1695 328 1724 354 ὲν
1737 327 1841 363 σώματι

1062 371 1215 406 συνεπλάκη
1225 372 1239 397 ὁ
1252 371 1373 404 θάνατος,
1388 372 1433 398 καὶ
1446 373 1483 404 ὡς
1497 372 1580 399 συνὼν
1592 373 1665 408 αὐτῷ
1680 374 1841 409 κατεκράτει

1061 416 1164 443 τούτου·
1182 418 1287 452 ἀνάγκη
1302 418 1347 444 καὶ
1362 417 1413 452 sitv
1422 417 1833 458 {milv_oup.7;1W~

1062 471 1097 493 τι,
1116 463 1158 488 ἵνα
1172 462 1327 489 ἁντενδυθὲν
1346 463 1376 489 τὸ
1390 462 1469 498 σῶμα
1483 463 1530 498 τὴν
1547 463 1629 498 ζωὴν,
1642 463 1764 499 ἀποϐάλῃ
1793 463 1841 499 τὴν

1063 509 1173 544 φθοράν.
1190 509 1292 540 Ἀλλως
1304 518 1343 540 τε,
1356 509 1381 535 εἰ
1395 509 1441 535 καὶ
1452 509 1572 543 ἐγεγόνει
1586 509 1636 541 ἔξω
1659 509 1705 535 τοῦ
1717 510 1840 545 σώματος

1061 557 1075 582 ὁ
1087 555 1180 589 Λόγος,
1197 555 1242 581 καὶ
1260 555 1296 590 μὴ
1322 555 1350 581 ἐν
1365 554 1448 589 αὐτῷ,
1464 555 1477 581 ὁ
1493 554 1541 590 μὲν
1558 554 1671 586 θάνατος
1683 556 1781 590 ἡττᾶτο
1796 556 1839 582 ὑπ’

1062 601 1142 627 αὑτοῦ
1159 600 1343 635 φυσικώτατα,
1356 600 1403 626 ἅτε
1419 599 1451 635 δὴ
1463 599 1500 635 μὴ
1520 599 1654 634 ἰσχύοντος
1664 600 1710 627 τοῦ
1726 600 1839 628 θανάτου

1061 647 1130 673 κατὰ
1149 647 1198 682 τῆς
1221 646 1302 681 ζωῆς·
1319 645 1394 672 οὐδὲν
1407 643 1487 681 ἦττον
1513 645 1541 672 δὲ
1566 645 1621 679 (53)
1640 645 1733 680 Ep.sz
1749 646 1778 672 ἐν
1801 646 1841 681 τῷ

1063 691 1166 727 σώματι
1188 693 1205 727 ἡ
1227 692 1428 727 προσγενομένη
1451 691 1547 728 φθορά’
1574 691 1618 718 διὰ
1639 692 1716 718 τοῦτο
1730 693 1840 724 είκάτως

1062 738 1200 765 ἐνεδύσατο
1223 738 1300 771 σῶμα
1326 738 1340 764 ό
1366 737 1470 772 Σωτὴρ,
1482 737 1536 770 ¹ίνα,
1562 737 1763 772 συμπλακέντος
1792 738 1839 764 τοῦ

1063 782 1185 817 σώματος
1199 783 1229 817 τῇ
1248 782 1315 817 ζωῇ,
1329 782 1425 816 μηκέτι
1441 781 1478 813 ὡς
1493 781 1585 816 θνητὺι
1605 783 1738 818 ἀπομείνῃ
1750 783 1778 808 ὲν
1800 782 1841 817 τῷ

1063 827 1178 863 Θανάτῳ,
1193 828 1248 854 ἀλλ’
1262 827 1299 859 ὡς
1320 827 1498 862 ὲνδυσάμενον
1511 827 1559 862 τὴν
1572 827 1729 859 ἀθανασίαν,
1749 828 1840 854 λοιπὸν

1061 873 1177 900 ἀναστὰν
1193 873 1323 900 ἀθάνατον
1344 873 1476 909 διαμείνῃ.
1505 873 1606 910 "ﬁgi
1621 872 1675 908 γὰρ
1697 873 1842 908 ἐνδυσάμε-

1061 928 1104 946 νον
1128 919 1184 954 (54)
1204 919 1306 955 φθορὰν
1321 919 1371 946 οὐκ
1384 919 1416 946 ἂν
1427 919 1535 953 ἀνέστη,
1553 919 1624 955 εἰμὴ
1637 919 1777 946 ἐνεδύσατο
1792 919 1841 954 τὴν

1062 965 1142 1002 ζωήν·
1152 967 1198 992 καὶ
1210 965 1289 992 πάλιν
1306 965 1419 997 Θάνατος
1441 965 1501 991 καθ’
1513 965 1606 991 ἑαυτὸν
1624 965 1674 991 οὐκ
1687 965 1719 992 ἂν
1731 965 1840 1001 φανείη,

1062 1012 1087 1037 ei
1101 1011 1137 1046 μὴ
1155 1012 1183 1038 ἐν
1197 1011 1236 1046 τῷ
1249 1010 1363 1046 σώματι⁸
1379 1010 1423 1037 διὰ
1434 1010 1512 1037 τοῦτο
1525 1010 1667 1037 ἐνεδύσατο
1684 1010 1773 1045 σῶμα,
1799 1011 1841 1037 ἵνα

1060 1056 1104 1082 τὸν
1118 1055 1230 1083 θάνατον
1244 1057 1272 1082 ὲν
1284 1055 1322 1091 τῷ
1338 1055 1442 1090 σώματι
1457 1055 1543 1092 εὑρὼν
1555 1055 1700 1092 ἀπαλείψῃ.
1715 1056 1776 1088 Πῶς
1788 1056 1841 1092 γὰρ

1060 1102 1092 1129 ἂν
1102 1102 1168 1134 ὅλως
1183 1103 1197 1128 ὁ
1213 1102 1314 1137 Κύριος
1324 1101 1429 1136 ἐδείχθη
1444 1101 1510 1137 ζωὴ,
1525 1103 1594 1138 εἰμὴ
1611 1102 1640 1128 τὸ
1650 1101 1744 1137 θνητὸν
1759 1100 1842 1132 ὲζωο-

1061 1148 1173 1183 ποίησε;
1198 1147 1253 1174 Καὶ
1269 1147 1362 1182 ὥσπερ
1375 1147 1425 1182 τῆς
1439 1147 1563 1182 καλάμης
1580 1147 1631 1175 ὑπὸ
1649 1147 1734 1183 πυρὸς
1763 1146 1841 1181 φύσει

1060 1193 1246 1228 φθειρομένης.
1259 1193 1283 1219 εῑ
1296 1192 1393 1219 κωλύει
1407 1201 1448 1224 τις
1464 1193 1519 1229 πῦρ
1534 1193 1587 1220 ἀπὸ
1601 1193 1649 1228 τῆς
1661 1192 1796 1228 καλάμης,
1811 1192 1841 1218 οὐ

1059 1240 1166 1266 καίεται
1182 1239 1230 1274 μὲν
1245 1240 1261 1274 ἡ
1276 1238 1396 1274 καλάμη,
1427 1239 1500 1274 μένει
1516 1239 1544 1265 δὲ
1561 1239 1627 1270 ὅλως
1639 1239 1718 1266 πάλιν
1731 1238 1840 1274 καλάμη

1058 1285 1075 1320 ὴ
1088 1284 1197 1319 καλάμη
1208 1284 1396 1311 ὑποπτεύουσα
1407 1285 1455 1320 τὴν
1466 1285 1511 1311 τοῦ
1523 1285 1608 1320 πυρὸς
1623 1285 1745 1321 ἀπειλήν·
1762 1285 1841 1318 φύσει

1059 1331 1112 1366 γὰρ
1132 1330 1292 1357 ἀναλωτικόν
1317 1331 1391 1357 ἐστιν
1408 1331 1463 1366 (55)
1482 1331 1564 1366 αὐτῆς
1580 1331 1610 1358 τὸ
1625 1330 1679 1367 πῦρ
1690 1340 1696 1346 ·
1713 1331 1737 1357 εί
1750 1330 1778 1357 δέ
1800 1339 1841 1364 τις

1060 1377 1204 1402 eversam.
1220 1376 1269 1411 τὴν
1282 1376 1405 1412 καλάμην
1420 1377 1543 1412 ἀμιάντῳ
1558 1377 1678 1412 πολλῷ,δ
1688 1377 1720 1412 δὴ
1735 1377 1842 1410 λέγεται

1059 1422 1205 1454 ἀντιπαθὲς
1218 1419 1287 1448 εἶναι
1305 1422 1352 1448 τοῦ
1367 1423 1452 1458 πυρός
1467 1422 1532 1458 (56)·
1550 1423 1599 1448 οὐκ
1616 1422 1655 1448 ἔτι
1670 1422 1700 1448 τὸ
1714 1421 1768 1458 πῦρ
1793 1430 1842 1456 φο-

1058 1468 1146 1493 6εἴται
1174 1468 1189 1502 ἡ
1208 1467 1328 1502 καλάμη,
1347 1467 1445 1502 ἔχουσα
1456 1469 1505 1504 τὴν
1522 1467 1670 1503 ἀσφάλειαν
1684 1467 1715 1493 ὲκ
1724 1465 1771 1492 τοῦ
1799 1467 1842 1492 ὲν-

1058 1513 1175 1549 δύματος
1188 1512 1234 1539 τοῦ
1249 1513 1395 1540 ἀκαύστουο
1410 1514 1454 1540 τὸν
1472 1515 1552 1541 αὑτὸν
1572 1512 1604 1550 δὴ
1612 1512 1711 1550 τρόπον
1728 1512 1775 1538 καὶ
1793 1513 1840 1539 ἐπὶ

1060 1559 1105 1587 τοῦ
1125 1558 1247 1595 σώματος
1271 1561 1317 1586 καὶ
1337 1560 1383 1586 ἐπὶ
1398 1560 1444 1586 τοῦ
1462 1560 1575 1587 θανάτου
1591 1562 1623 1588 ἄν
1637 1571 1678 1593 τις
1693 1559 1774 1588 altat-
1787 1560 1838 1589 ὅτι,

1060 1607 1084 1632 εἰ
1103 1605 1246 1641 προστάξει
1262 1605 1340 1641 μόνον
1355 1606 1483 1638 κωλυθεὶς
1494 1605 1526 1641 ἦν
1541 1607 1555 1632 ὁ
1569 1607 1681 1639 Θάνατος
1689 1608 1735 1634 ὑπ’
1747 1605 1838 1640 αὐτοῦ,

1059 1652 1133 1679 οὐδὲν
1144 1650 1222 1688 ἦττον
1236 1651 1316 1678 πάλιν
1331 1649 1365 1687 ἦν
1379 1651 1473 1687 θνητὸν
1489 1652 1536 1678 καὶ
1561 1653 1678 1688 φθαρτὸν
1697 1653 1766 1680 κατὰ
1794 1652 1840 1679 τὸν

1059 1696 1113 1724 τῶν
1139 1696 1270 1731 σωμάτων
1293 1695 1380 1730 λόγον.
1411 1696 1479 1722 Ἀλλ’
1506 1697 1549 1722 ἵνα
1572 1697 1608 1732 μὴ
1625 1697 1703 1724 τοῦτο
1719 1698 1839 1733 γένηται,

1061 1743 1201 1770 ἐνεδύσατο
1215 1742 1261 1768 τὸν
1277 1741 1420 1777 ἀσώματον
1436 1741 1481 1768 τοῦ
1503 1741 1569 1768 Θεοῦ
1592 1742 1684 1776 Λόγον·
1700 1743 1746 1770 καὶ
1757 1743 1842 1774 οὕτως

1059 1789 1109 1815 οὐκ
1128 1788 1168 1815 ἔτι
1177 1788 1221 1815 τὸν
1234 1787 1346 1815 θάνατον
1357 1788 1417 1814 οὐδὲ
1432 1789 1481 1823 τὴν
1503 1788 1604 1824 φθορὰν
1633 1789 1762 1824 φοϐεῖται,
1781 1789 1841 1824 ἔχον

1060 1835 1160 1870 ἔνδυμα
1181 1835 1229 1870 τὴν
1253 1833 1336 1870 ζωὴν,
1363 1835 1410 1861 καὶ⁵
1426 1835 1454 1861 ὲν
1477 1834 1551 1870 αὐτῷ
1570 1835 1767 1869 ἀφανιζομένης
1793 1835 1842 1871 τῆς

1060 1881 1172 1916 φθορᾶς.

1095 1971 1138 1998 45.
1163 1971 1266 1998 Οὐκοῦν
1297 1970 1448 2002 ἀκολούθως
1470 1971 1484 1997 ό
1506 1969 1552 1997 τοῦ
1575 1969 1641 1996 Θεοῦ
1657 1970 1741 2004 Λόγος
1762 1969 1840 2005 σῶμα

1061 2017 1185 2048 ἀνέλαϐε,
1198 2018 1245 2043 καὶ
1255 2017 1416 2052 ἀνθρωπίνῳ
1432 2016 1538 2051 ὀργάνῳ
1553 2015 1693 2051 κέχρηται,
1723 2015 1766 2042 ἵνα
1795 2017 1841 2043 καὶ

1061 2063 1216 2100 ζωοποιήσῃ
1225 2063 1254 2089 τὺ
1272 2063 1361 2097 σῶμα,
1379 2063 1426 2090 καὶ
1443 2063 1486 2094 ἵν’,
1503 2062 1595 2098 ὥσπερ
1608 2063 1637 2088 ὲν
1651 2064 1683 2096 τῇ
1700 2062 1786 2088 κτίσει
1798 2063 1841 2088 διὰ

1061 2109 1114 2135 τῶν
1125 2109 1211 2142 ἔργων
1228 2107 1391 2144 γνωρίζηται
1403 2108 1468 2143 (57),
1480 2107 1604 2134 οὕτωκαὶ
1616 2107 1645 2133 ὲν
1656 2107 1789 2142 ἀνθρώπῳ
1801 2108 1843 2142 ἐρ-

1067 2162 1188 2190 τασηται,
1199 2153 1245 2180 καὶ
1260 2153 1333 2189 δείξῃ
1351 2154 1445 2182 ἑαυτὸν
1457 2153 1602 2189 πανταχοῦ,
1628 2154 1709 2189 μηδὲν
1731 2154 1842 2193 ἔρημον

234 2209 282 2228 sua
306 2200 448 2228 divinitate
470 2204 497 2227 et
523 2199 675 2234 cognitione
700 2206 812 2225 vacuum
838 2198 1010 2233 relinqueret.

1063 2201 1112 2235 τῆς
1132 2199 1228 2226 ἑαυτοῦ
1255 2199 1390 2234 θειότητος
1411 2200 1457 2226 καὶ
1476 2198 1601 2234 γνώσεως
1620 2199 1840 2237 γαταλιμπάνωξρ

235 2247 284 2274 llic
298 2246 370 2274 enim
384 2245 476 2272 eadem
490 2252 550 2279 quae
563 2252 641 2280 supra
657 2244 771 2271 tractavi
792 2247 893 2278 repeto,
910 2244 1013 2271 scilicet

234 2292 400 2319 Salvatorem
428 2290 463 2317 ita
488 2290 593 2324 egisse,
616 2293 646 2316 ut
670 2288 893 2324 quemadmodum
922 2289 1012 2315 omnia

235 2337 334 2372 ubique
349 2344 469 2372 praesens
487 2335 591 2370 implet,
615 2335 650 2362 ita
667 2342 774 2369 quoque
795 2335 883 2362 omnia
905 2334 945 2362 sui
965 2342 1012 2362 co-

234 2383 354 2416 gnitione
379 2382 512 2416 repleret.
537 2381 574 2408 uti
594 2381 683 2408 divina
709 2380 847 2414 Scriptura
874 2384 1011 2407 testatur:

235 2428 339 2462 Replem
354 2432 390 2454 est
407 2427 526 2454 uniuersa
546 2431 615 2454 terra
630 2427 775 2462 cognitione
792 2424 897 2452 Domini
911 2426 931 2451 '.
952 2425 1014 2453 Sive

269 2485 280 2500 '
301 2485 352 2512 isa.
366 2492 406 2516 ιι,
421 2485 449 2512 9.

271 2532 326 2566 (5‘2)
343 2532 518 2568 Anglicanus,
532 2532 703 2568 προσλαὸεἴν.
719 2531 777 2559 Mox
791 2531 861 2560 idem
875 2538 923 2565 pro
936 2531 1014 2565 γέγο-

234 2576 289 2597 νεν,
306 2567 386 2594 habet
397 2568 566 2601 γεγέννηται.

271 2600 496 2638 (53)Particu|am
506 2600 536 2628 δέ
551 2611 582 2629 ex
595 2609 644 2629 ms.
655 2602 819 2637 Segueriano
836 2602 1013 2630 restituimus.

235 2636 263 2665 In
276 2636 336 2664 aliis
344 2641 370 2663 et
382 2638 462 2664 editis
475 2637 560 2664 deest.

271 2672 328 2705 (Si)
355 2671 396 2698 ita
427 2679 460 2698 ex
491 2680 557 2699 mss.
587 2671 669 2698 Basil.
702 2672 806 2704 Anglic.
836 2677 862 2698 et
900 2673 1011 2704 Seguer.

235 2707 449 2734 cmendavimus.
478 2705 544 2734 Nam
571 2707 617 2733 alii
646 2711 673 2733 et
695 2707 758 2733 editi
782 2707 882 2734 habent
907 2707 1018 2733 ἐνδυσά-

346 2782 401 2804 von
424 2776 497 2802 ἐστίν
525 2777 600 2803 abest
626 2784 640 2802 a
672 2776 781 2804 Gobler.
797 2782 824 2804 et
854 2775 970 2803 Felckm.
997 2776 1008 2802 i

239 2819 330 2881 “3%)
355 2845 400 2872 Sic
417 2845 539 2879 chuer..
565 2846 644 2874 Basil.
669 2851 694 2873 ct
714 2846 818 2880 Anglic.
849 2845 900 2873 Alii
927 2850 1015 2873 autem

1064 2245 1146 2272 Πάλιν
1159 2245 1212 2281 γὰρ
1228 2245 1258 2272 τὸ
1273 2245 1339 2272 αὑτό
1362 2254 1432 2280 φημι
1457 2247 1511 2277 τοῖς
1525 2245 1656 2280 πρότερον
1674 2242 1730 2279 (58)
1743 2242 1843 2270 ἐπανα-

1063 2290 1217 2326 λαμϐάνων·
1235 2291 1275 2317 ὅτι
1286 2290 1364 2317 τοῦτο
1377 2291 1524 2326 πεποίηκεν
1538 2292 1552 2317 ὁ
1564 2289 1667 2326 Σωτὴρ,
1682 2291 1734 2321 ἵνα,
1749 2289 1842 2325 ὥσπερ

1063 2338 1097 2363 τὰ
1113 2337 1202 2363 πάντα
1221 2337 1386 2375 πανταχόθεν
1411 2337 1509 2373 πληροῖ
1524 2336 1627 2372 παρὼν,
1645 2336 1715 2363 οὕτω
1737 2336 1783 2362 καὶ
1809 2334 1842 2361 τὰ

1065 2383 1152 2410 πάντα
1164 2383 1212 2418 τῆς
1225 2383 1287 2418 περὶ
1297 2383 1377 2409 αὑτοῦ
1388 2382 1512 2416 γνώσεως
1528 2381 1583 2416 (59)
1598 2379 1763 2419 πληρώσῃ,ᾖ
1777 2389 1843 2415 φησι

1066 2428 1140 2463 καὶὴ
1160 2428 1219 2454 θεία
1239 2428 1342 2464 Γραφή·
1365 2426 1531 2462 Ἐπληρώθη
1544 2428 1562 2462 ἡ
1575 2429 1721 2462 σύμπασα
1733 2425 1770 2462 γῆ
1790 2424 1843 2452 τοῦ

1068 2536 1095 2559 et
1119 2531 1194 2561 editi,
1223 2531 1260 2561 ὃς.
1277 2538 1429 2565 quanquam
1449 2536 1540 2555 vocem
1571 2529 1674 2560 ἀπαθές
1701 2528 1841 2565 retineant.

1104 2566 1222 2612 (571)}15.
1242 2563 1366 2600 δρέπῃ,
1380 2564 1553 2600 γνωρίζεται.
1568 2564 1619 2591 Alii
1641 2572 1703 2590 vero
1723 2569 1750 2590 et
1767 2563 1842 2595 editi,

1067 2601 1242 2636 γνωρίζηται.

1102 2636 1311 2678 (ξϐἱᾼηειὶοψι
1324 2634 1404 2662 Basil.
1418 2635 1570 2670 προτέροις.
1591 2633 1656 2660 Ibid.
1669 2633 1779 2667 Seguer.
1798 2633 1846 2658 ὲπ-

1068 2670 1215 2697 αναλαῦών.

1107 2706 1161 2737 (59)
1173 2704 1280 2732 Gohlcr.
1297 2710 1321 2730 et
1332 2704 1450 2731 Felt-kut.
1467 2705 1478 2730 i
1504 2711 1584 2737 anon.
1595 2701 1844 2736 Italentqsvéoam;

1071 2741 1117 2766 καὶ
1133 2739 1267 2773 γνώσεως.
1285 2739 1363 2765 Iidem
1378 2747 1437 2765 mox
1454 2747 1501 2772 pro
1517 2736 1545 2773 ᾖ.
1560 2739 1668 2767 habent,
1681 2736 1813 2773 Φησὶγὰρ
1827 2737 1844 2769 ἡ

1071 2771 1175 2810 Γραςρή.
1186 2773 1250 2810 Ibid.
1263 2776 1311 2800 νοῒ
1328 2774 1359 2808 γῆ
1370 2771 1490 2810 abestal)
1505 2771 1606 2807 Aitglic.
1626 2771 1717 2805 Basil.,
1734 2771 1843 2798 Gubler.

1071 2809 1187 2838 Fclckm.
1206 2809 1216 2836 i
1231 2817 1311 2837 anon.
1326 2814 1352 2836 et
1367 2809 1473 2844 Segucr.
