2037 3044
277 155 328 182 I85

575 155 603 183 S.
623 155 810 183 ATIIA‘NASII
831 153 905 182 OPP.
927 153 1017 181 PARS
1036 151 1055 178 l.
1076 167 1110 171 —
1129 150 1309 178 HISTUHICA
1333 151 1376 178 ΕΤ
1396 149 1607 178 DOGMATICA.

1842 149 1893 176 184

277 211 463 246 prioribusque
497 213 647 240 rationibus
676 219 802 248 poterunt
831 212 976 241 confutari.
1006 212 1056 245 Qul

1119 209 1216 245 [λεύην,
1236 209 1316 237 πάλιν
1335 210 1394 241 ταῖς
1424 208 1569 244 προτέραις
1590 207 1740 239 ἀποδείξεσι
1762 207 1896 233 δυσωπεῖ⁸

276 259 348 285 enim
360 258 416 285 ﬁeri
436 263 522 292 potest
535 264 563 285 ut
585 259 628 286 ille
646 260 680 287 sit
697 261 810 292 dzemon,
826 260 870 295 qui
887 260 943 294 ipse
960 260 1058 286 tlaaruo-

279 312 324 329 nes
339 304 470 337 expellit?
491 303 611 339 Namque
628 306 650 333 si
675 306 780 341 aliquos
799 312 899 334 tantum
925 306 1060 334 dmmones

277 349 406 381 abigeret,
426 353 497 375 recte
510 357 571 376 eum
584 351 609 377 in
626 351 746 386 principe
768 352 960 378 daemoniorum
977 356 1058 378 crete-

278 391 317 417 ris
331 390 503 418 inferiOribus
516 392 656 421 fortiorem
675 395 758 422 fuisse
771 395 1059 430 arbitrarentur,quod

278 439 303 461 et
329 436 415 462 eidem
443 437 505 463 olim
523 437 607 465 ιιιόωί
631 439 824 466 contumeliose
849 439 1058 474 exprobrabant.

278 479 376 507 Verum
400 481 422 508 si
439 483 527 511 omnis
546 483 696 511 dmmonum
720 484 793 511 furor
808 485 865 519 ejus
888 485 994 512 nomine
1016 492 1059 511 re-

279 527 401 552 tunditur
424 535 455 554 ac
472 529 610 562 repellitur
623 549 630 562 ,
646 537 725 557 nemo
752 536 825 558 certe
849 538 902 557 tton
925 530 996 558 videt
1016 531 1059 558 hic

278 572 338 598 illus
356 573 437 599 etiam
451 581 551 607 errare,
570 582 619 601 nec
631 574 772 602 Dominum
787 580 907 603 nostrutu
921 580 948 602 et
965 575 1059 602 Salva-

279 623 363 644 toretn
383 618 519 645 Christum
543 619 670 652 aliquam,
699 623 729 646 ut
753 625 866 654 putant,
884 620 1058 648 dtemouicam

278 664 406 691 virtutem
420 671 490 691 esse.
515 665 646 697 Quocirca
665 666 686 692 si
700 665 825 693 Salvator
839 674 889 694 nec
905 674 994 694 merus
1011 667 1060 694 bo-

278 718 333 741 mo,
348 718 397 737 nec
411 718 514 744 magus.
530 718 578 738 nec
594 711 691 745 aliquis
718 711 821 738 daemon
844 717 896 744 est,
909 712 954 739 sed
972 717 1059 740 tamen

277 761 305 783 et
323 761 461 791 poetarqu
490 762 640 784 commenta
663 762 691 784 et
719 758 867 785 daemonum
885 757 1013 790 fallacias,
1029 765 1061 785 at:

279 802 420 836 gentilium
445 803 605 836 sapientiam
632 811 681 830 sua
704 804 842 831 divinitate
858 805 954 831 evertit
971 809 997 832 et
1014 804 1060 831 ob-

280 848 400 875 scttravit
417 857 423 874 τ
441 856 474 876 an
496 857 548 876 non
573 850 683 877 evidens
707 855 749 876 est
771 855 851 885 atque
875 850 946 877 inter
967 858 1060 877 omnes

1110 256 1170 282 σθαι
1183 256 1334 291 δυνάμενοι.
1352 255 1413 287 Πῶς
1428 254 1481 290 γὰρ
1498 253 1553 280 οἷόν
1565 254 1594 280 τέ
1620 254 1677 279 ἐστι
1696 253 1810 288 δαίμονα
1827 250 1896 278 εἶναι

1108 302 1153 328 τὸν
1171 302 1234 333 τοὺς
1260 301 1389 336 δαίμονας
1403 291 1601 332 ἀπελαύνοντα;
1616 300 1647 326 El
1669 299 1716 334 μὲν
1732 298 1786 334 γὰρ
1804 293 1896 330 ἁπλῶς

1107 347 1237 382 δαίμονας
1259 348 1368 382 ἤλαυνε,
1383 346 1472 378 καλῶς
1483 346 1515 373 ἂν
1532 345 1661 381 ἐνομίσθη
1671 345 1710 379 τῷ
1721 345 1830 380 ἄρχοντι
1842 343 1897 370 τῶν

1108 394 1240 429 δαιμόνων
1265 393 1320 429 (81)
1348 393 1448 428 ἰσχύειν
1469 393 1550 419 αὑτὸν
1571 391 1641 418 κατὰ
1663 391 1717 417 τῶν
1736 389 1895 422 ἐλαττόνων,

1108 440 1187 466 ὁποῖα
1201 439 1246 465 καὶ
1257 439 1281 465 οἱ
1300 439 1420 465 Ἰουδαῖοι
1437 438 1558 468 θέλοντες
1569 436 1687 471 ὑϐρίζειν
1702 436 1792 470 ἔλεγον
1806 435 1896 470 αὐτῷ·

1109 487 1132 511 εί
1149 485 1177 511 δὲ
1191 486 1265 512 πᾶσα
1279 485 1333 511 τῶν
1351 484 1484 520 δαιμόνων
1513 484 1594 519 μανία
1609 483 1745 516 ἐξίσταται
1760 484 1792 518 τῇ
1803 481 1897 508 τούτου

1108 531 1240 567 ὀνομασίᾳ
1255 531 1299 557 καὶ
1321 530 1458 562 διώκεται,
1476 529 1590 566 φανερὸν
1612 529 1643 556 ἂν
1657 529 1699 564 εἴη
1714 529 1760 555 καὶ
1771 529 1799 554 ὲν
1811 528 1898 563 τούτῳ

1108 577 1258 604 πλανᾶσθαι
1273 577 1381 609 αὐτοὺς,
1393 577 1440 604 καὶ
1455 577 1492 612 μὴ
1506 575 1584 608 εἶναι,
1596 576 1633 607 ὡς
1643 575 1791 610 νομίζουσι,
1804 575 1898 609 δαιμο-

1110 624 1188 659 νικήν
1214 632 1274 649 τινα
1301 622 1414 658 δύναμιν
1439 622 1484 649 τὸν
1500 622 1602 657 Κύριον
1620 620 1698 656 ήμῶν
1725 621 1771 646 καὶ
1785 620 1899 654 Σωτῆρα

1110 669 1228 705 Χριστόν
1240 668 1306 703 (8‘2).
1323 668 1425 695 Οὐκοῦν
1439 669 1463 694 εί
1478 668 1545 703 μήτε
1556 666 1697 702 ἄνθρωπος
1710 665 1813 697 ἁπλῶς,
1831 666 1900 700 μήτε

1110 715 1207 750 μάγος.
1224 715 1293 749 μήτε
1306 714 1409 749 δαίμων
1422 714 1465 745 τίς
1481 715 1554 740 ἐστιν
1564 713 1577 739 ὁ
1591 711 1697 748 Σωτὴρ,
1712 711 1779 738 ἀλλὰ
1790 709 1837 737 καὶ
1850 710 1901 745 τὴν

1110 761 1186 796 παρὰ
1199 761 1323 796 ποιηταῖς
1341 760 1468 786 ὑπόνοιαν
1479 759 1525 786 καὶ
1538 759 1672 794 δαιμόνων
1689 756 1837 792 φαντασίαν
1853 757 1900 796 κα).

1115 792 1360 842 Ἑλλήνωννσοφίαν
1377 807 1410 841 τῇ
1436 805 1530 832 ἑαυτοῦ
1554 792 1672 839 θειότητι
1685 804 1840 839 κατήργησε
1853 792 1900 828 κα.ὶ

1111 851 1259 877 ὲπεσκίασε
1268 859 1275 865 ·
1299 850 1413 884 φανερὸν
1428 850 1460 876 ἂν
1477 849 1519 885 εἴη
1532 849 1578 875 καὶ
1591 848 1666 883 παρὰ
1676 849 1758 874 πᾶσιν
1769 846 1902 882 ὁμολογη-

280 899 405 922 constare
422 895 510 927 debet,
536 903 599 923 vere
613 895 685 922 ilhtm
710 896 754 923 Dei
770 895 876 929 Filium,
891 902 918 923 et
932 895 1062 928 Verbum,

1119 897 1238 932 θήσεται,
1251 897 1291 924 ὅτι
1305 893 1382 928 οὗτος
1391 895 1498 931 άληθῶς
1512 894 1579 922 Θεοῦ
1593 895 1657 926 Υἱός
1672 895 1741 926 ἐστι,
1757 893 1841 927 Λόγος
1854 892 1903 918 καὶ

279 941 493 975 sapientiamque
512 949 543 968 ac
563 942 686 968 virtutem
705 941 794 970 Patris
814 941 891 969 esse?
906 942 972 969 Hinc
995 943 1065 968 enirn

282 993 333 1012 uou
352 986 466 1012 humana
483 987 529 1014 sed
548 995 627 1022 supra
645 988 782 1015 hominum
807 988 987 1015 conditionem
1008 988 1066 1022 ejus

280 1037 343 1058 sunt
354 1039 570 1068 opera,vereque
586 1034 630 1061 Dei
648 1034 690 1061 illa
704 1042 762 1062 esse
774 1034 855 1069 liquet
868 1042 928 1062 cum
939 1043 972 1062 ex
988 1035 1067 1062 rebus
1099 1037 1101 1043 ‘

282 1077 357 1112 ipsis,
379 1083 434 1106 tum
456 1079 477 1107 si
494 1087 554 1107 cum
572 1080 651 1108 factis
668 1081 804 1108 hominum
822 1086 1021 1116 comparentur.

318 1167 362 1196 49.
379 1168 446 1201 Quis
463 1169 534 1196 enim
547 1170 667 1196 omnium
684 1177 801 1204 unquam
818 1169 956 1197 hominum
971 1177 1067 1204 corpus

282 1221 314 1240 ex
328 1213 383 1240 sola
393 1214 497 1248 virgine
508 1213 558 1241 sibi
576 1215 623 1249 ipsi
639 1215 807 1248 composuit?
824 1214 889 1248 Quis
900 1223 933 1242 ex
950 1215 1067 1242 homini-

284 1259 334 1286 hus
354 1259 421 1286 tales
437 1267 555 1293 unquam
575 1260 682 1287 sanavit
703 1261 822 1291 morbos,
838 1261 932 1295 quales
948 1268 1068 1288 commuv

284 1305 326 1332 nis
345 1306 464 1332 omnium
492 1306 621 1333 Dominus
640 1307 651 1333 ?
668 1306 734 1339 Quis
752 1312 855 1334 naturae
875 1307 1008 1334 defectum
1022 1315 1069 1334 ex-

284 1351 377 1385 plevit,
392 1356 419 1378 et
443 1359 515 1379 caeco
543 1357 605 1380 nato
631 1353 717 1379 visum
741 1352 877 1379 restituit?
898 1353 1068 1388 [Esculapius

284 1397 393 1431 quidem
411 1398 481 1424 inter
496 1399 562 1425 deos
588 1398 621 1425 ab
641 1398 694 1425 illis
717 1398 817 1425 relatus
835 1404 885 1431 est,
897 1399 967 1433 quod
983 1399 1069 1426 medi-

284 1443 373 1469 cinmn
390 1444 558 1476 exercuerit,
583 1443 734 1478 herbasque
751 1445 829 1479 aegris
843 1445 1001 1478 corporibus
1013 1453 1070 1479 per-

285 1489 365 1516 utiles
378 1489 533 1521 iuveuerit;
551 1497 601 1516 nec
612 1490 683 1516 enim
703 1498 749 1517 eas
765 1491 821 1524 ipse
836 1497 868 1517 ex
882 1495 951 1518 terra
971 1491 1070 1518 forma-

285 1535 429 1566 \-erat,sed
443 1535 557 1562 naturali
571 1536 683 1562 scientia
697 1541 800 1563 tantum
813 1542 959 1571 repererat.
972 1537 1069 1564 Verum

285 1580 349 1614 quid
367 1581 437 1606 istud
452 1581 474 1607 si
496 1588 556 1607 cutn
585 1581 732 1608 Salvatoris
753 1581 823 1609 facto
842 1583 1013 1618 conferatur,
1026 1585 1070 1619 qui

287 1633 382 1659 nempe
399 1634 450 1653 non
471 1627 565 1654 vulnus
590 1628 740 1658 curaverit.
758 1629 804 1655 sed
832 1635 954 1657 naturam
972 1630 1071 1658 forma-

287 1673 376 1705 verit,
390 1678 418 1700 et
437 1681 534 1707 carpus
550 1674 700 1701 restituerit
715 1674 879 1703 ?Herculem
891 1684 997 1710 quoque
1015 1682 1073 1704 tau-

288 1725 369 1751 quam
398 1719 477 1746 deum
496 1719 610 1754 gentiles
631 1719 764 1753 adorant,
783 1721 844 1755 quia
873 1729 935 1749 cum
966 1723 1074 1756 paribus

289 1764 443 1793 hominibus
468 1765 626 1801 pugnaverit
648 1771 676 1793 et
700 1766 774 1794 feras
797 1768 858 1796 dolo
872 1769 1074 1802 occiderit;sed

290 1811 355 1844 quid
370 1812 426 1838 haec
439 1812 460 1838 si
482 1819 513 1838 ea
527 1820 588 1839 cum
602 1812 685 1840 Verbi
701 1814 841 1841 miraculis
858 1822 1010 1849 compares,
1025 1823 1074 1842 cu-

287 1864 332 1891 )us
343 1858 447 1886 scilicet
459 1859 545 1886 virtus
556 1860 677 1892 morbos,
691 1859 835 1891 (largitiones,
849 1860 988 1895 ipsamque
1003 1869 1075 1888 mor-

292 1909 344 1930 tem
360 1904 394 1930 ab
410 1904 563 1931 hominibus
577 1905 673 1939 repulit
683 1905 845 1940 ?Dionysius
859 1906 921 1932 item
937 1906 993 1933 sive
1007 1906 1074 1933 Bac-

291 1949 359 1976 chus
378 1950 447 1983 apud
465 1957 512 1977 eos
537 1950 647 1981 colitur.
669 1951 731 1984 quia
756 1951 911 1978 hominibus
932 1951 1017 1980 factus
1036 1957 1077 1980 est

291 1993 430 2020 ebrietatis
458 1994 590 2028 magister
606 2003 611 2020 :
626 2001 688 2021 cum
706 1995 812 2022 interim
840 1995 959 2021 omnium
984 2003 1075 2022 revera

293 2040 421 2066 Servator
439 2043 465 2066 et
482 2039 609 2067 Dominus
634 2040 668 2066 ab
687 2040 781 2067 iisdem
797 2041 960 2069 derideatur.
977 2041 1075 2068 Verum

292 2085 350 2112 haec
363 2085 399 2111 ita
414 2085 467 2112 sint
481 2092 528 2119 per
550 2093 593 2112 me
609 2085 682 2113 licet.
703 2086 771 2119 Quid
787 2092 875 2114 autem
893 2087 991 2115 habent
1007 2089 1077 2122 qttod

292 2130 353 2157 aliis
371 2130 428 2163 ejus
449 2130 598 2157 divinitatis
623 2131 761 2158 miraculis
782 2137 917 2166 opponant
931 2133 942 2159 ’ί
956 2132 1077 2166 Quonam

292 2177 402 2204 homine
420 2176 552 2203 moriente
570 2176 608 2204 sol
628 2178 786 2204 obscuratus
796 2183 837 2205 est
852 2182 878 2205 et
891 2186 1023 2206 concussa
1033 2183 1078 2206 est

1117 944 1205 979 σοφία,
1221 944 1268 970 καὶ
1283 943 1395 979 δύναμις
1411 942 1457 969 τοῦ
1482 942 1588 978 Πατρὸς
1603 941 1744 976 ὑπάρχων.
1765 939 1904 983 Δια-Ξοῦτέ
1915 949 1919 982 λ

1116 990 1170 1026 γὰρ
1183 990 1242 1016 οὐδὲ
1258 988 1417 1031 ανθρώσινά
1435 989 1511 1024 εστιν
1526 986 1750 1031 abrogati/15p“,

1116 1028 1285 1074 de‘p’mrovT
1296 1028 1426 1062 uatem?)
1445 1033 1484 1069 τῷ
1496 1034 1552 1060 ὄντι
1577 1028 1740 1067 γινώσκεται
1756 1028 1850 1075 id???
1857 1031 1904 1067 καὶ

1102 1095 1105 1108 ς
1277 1082 1330 1108 τῶν
1345 1079 1526 1116 φαινομένωνέ
1538 1079 1583 1106 καί
1597 1079 1650 1106 ἀπό
1662 1077 1710 1114 τῆς
1721 1069 1906 1118 emaepu-

1102 1129 1107 1170 ξ
1117 1138 1184 1160 πους
1199 1127 1378 1164 συγκρίσεως.
1733 1126 1752 1170 '7
1772 1126 1783 1128 “

1151 1175 1195 1201 49.
1212 1174 1259 1205 Τίς
1274 1173 1328 1208 γὰρ
1343 1174 1396 1200 τῶν
1411 1172 1521 1199 πώποτε
1539 1171 1692 1206 γενομένων
1708 1168 1858 1205 ἀνθρώπων
1873 1168 1906 1194 ὲκ

1117 1219 1251 1256 παρθένου
1281 1219 1364 1255 μόνης
1380 1218 1468 1253 ἐαυτῷ
1485 1218 1666 1253 συνεστήσατο
1694 1215 1791 1250 cibum;
1808 1215 1842 1240 Ἦ
1865 1213 1907 1244 τίς

1118 1265 1227 1292 πώποτε
1238 1264 1387 1298 ἀνθρώπων
1401 1264 1526 1295 τοιαύτας
1540 1263 1633 1294 νόσους
1645 1261 1836 1296 ἐθεράπευσεν,
1847 1259 1907 1291 οἵας

1117 1312 1131 1338 ὁ
1145 1310 1232 1341 κοινὸς
1250 1309 1357 1336 πάντων
1370 1309 1471 1342 Κύριος
1484 1317 1490 1341 ;
1508 1308 1556 1339 Τίς
1568 1307 1598 1334 δὲ
1608 1307 1639 1333 τὸ
1651 1307 1685 1342 τῇ
1700 1306 1805 1340 γενέσει
1823 1304 1907 1330 ἐλλεῖ-

1118 1365 1167 1382 πον
1181 1355 1342 1386 ἀποδέδωκε,
1358 1355 1405 1380 καὶ
1427 1354 1459 1380 ὲκ
1471 1353 1583 1388 γενετῆς
1600 1351 1656 1386 (83)
1678 1350 1776 1386 τυφλὸν
1798 1350 1908 1384 ἐποίησε

1120 1402 1226 1437 βλέπειν
1239 1410 1245 1434 ;
1270 1399 1432 1436 Ἀσκληπιὸς
1442 1398 1604 1434 ὲθεοποιήθη
1617 1399 1681 1433 παρ’
1695 1398 1796 1430 αὐτοῖς,
1811 1396 1851 1422 ότι
1860 1395 1909 1431 τὴν

1121 1448 1245 1484 ἰατρικὴν
1258 1447 1372 1482 ἤσκησε,
1387 1446 1433 1472 καὶ
1449 1445 1563 1480 βοτάνας
1576 1443 1643 1480 πρὸς
1656 1443 1690 1470 τὰ
1705 1443 1842 1478 πάσχοντα
1855 1441 1910 1468 τῶν

1121 1493 1254 1528 σωμάτων
1278 1492 1393 1524 ἐπενόει,
1411 1491 1461 1518 οὐκ
1484 1490 1565 1522 αὐτὸς
1581 1489 1681 1521 ταύτας
1704 1489 1828 1515 πλάττων
1857 1486 1911 1514 ἀπὸ

1121 1539 1184 1574 γῆς,
1200 1538 1268 1565 ἀλλὰ
1288 1539 1319 1573 τῇ
1335 1539 1367 1576 εκ
1395 1537 1501 1573 φύσεως
1518 1537 1655 1572 ἐπιστήμῃ
1675 1535 1775 1566 ταύτας
1801 1533 1911 1568 ἐφευρί-

1123 1592 1205 1609 σκων.
1220 1582 1252 1608 Τί
1262 1581 1289 1608 δὲ
1302 1582 1370 1617 πρὸς
1381 1582 1411 1608 τὸ
1430 1582 1481 1608 ὑπὸ
1495 1581 1542 1607 τοῦ
1556 1580 1681 1616 Σωτῆρος
1700 1580 1853 1614 γενόμενον,
1870 1578 1912 1604 ὅτι

1121 1630 1152 1656 οὐ
1181 1628 1290 1664 τραῦμα
1311 1628 1503 1664 ἐθεράπευσεν,
1523 1626 1590 1654 ἀλλὰ
1613 1626 1719 1660 γένεσιν
1745 1625 1845 1651 ἔπλασε
1864 1624 1912 1650 καὶ

1122 1674 1326 1709 ἀποκατέστησε
1341 1673 1371 1700 τὸ
1382 1673 1460 1708 σῶμα
1473 1672 1528 1708 (84)
1539 1681 1546 1705 ;
1572 1671 1751 1711 Ηρεκλῇςνῲέ
1761 1671 1820 1702 Θεὸς
1832 1678 1915 1705 προσ-

1122 1722 1243 1748 κυνεῖται
1257 1720 1324 1756 παρ’
1338 1719 1476 1755 Ἕλλησιν,
1501 1719 1542 1745 ὅτι
1559 1718 1627 1754 πρὸς
1653 1718 1727 1749 ἴσους
1754 1712 1914 1751 ἀνθρώπους

1123 1766 1335 1802 ἀντεμαχέσατο,
1360 1765 1408 1792 καὶ
1422 1765 1504 1800 θηρία
1519 1763 1604 1796 δόλοις
1617 1763 1704 1791 ἀνεῖλε
1714 1771 1720 1778 ·
1747 1762 1773 1789 τί
1789 1761 1857 1796 πρὸς
1879 1760 1915 1787 τὰ

1124 1813 1176 1840 ὑπὸ
1186 1812 1232 1839 τοῦ
1244 1812 1329 1846 Λόγου
1343 1812 1486 1846 γενόμενα,
1500 1811 1542 1837 ὅτι
1553 1810 1647 1842 νόσους
1658 1809 1704 1836 καὶ
1717 1809 1844 1844 δαίμονας
1857 1807 1917 1843 (85)

1124 1859 1171 1886 καὶ
1194 1859 1240 1886 τὸν
1259 1858 1373 1885 θάνατον
1401 1857 1482 1884 αὐτὸν
1505 1857 1644 1893 ἀπήλαυνε
1668 1856 1722 1883 τῶν
1744 1854 1913 1891 ἀνθρώπων;

1124 1906 1248 1939 Διόνυσος
1264 1904 1445 1941 Θρησκεύεται
1466 1904 1530 1939 παρ’
1545 1905 1646 1935 αὐτοῖς,
1664 1903 1704 1929 ὅτι
1717 1902 1801 1937 μέθης
1820 1900 1916 1935 γέγονε

1124 1951 1282 1982 διδάσκαλος
1303 1951 1360 1981 τοῖς
1374 1948 1527 1985 ἀνθρώποις
1536 1957 1542 1964 ’
1565 1950 1580 1975 ό
1591 1949 1619 1975 δὲ
1633 1949 1730 1984 Σωτὴρ
1744 1947 1783 1982 τῷ
1800 1947 1857 1973 δντι
1869 1945 1916 1972 καὶ

1125 1996 1226 2031 Κύριος
1238 1995 1285 2022 τοῦ
1309 1995 1418 2026 παντὸς,
1435 1993 1610 2030 σωφροσύνην
1621 1993 1738 2026 διδάξας,
1754 1991 1917 2028 χλευάζεται

1126 2043 1191 2077 παρ’
1205 2041 1326 2068 ἐκείνων.
1347 2040 1417 2067 Ἀλλ’
1428 2040 1499 2066 ἔστω
1510 2039 1604 2066 ταῦτα.
1624 2039 1656 2066 Τί
1670 2039 1717 2065 καὶ
1733 2039 1802 2074 πρὸς
1813 2038 1847 2065 τὰ
1857 2037 1918 2066 ’ἑτε-

1127 2097 1162 2124 ρα
1171 2087 1297 2122 θαύματα
1304 2086 1354 2121 τῆς
1366 2086 1491 2120 θεότητος
1502 2085 1583 2112 αὐτοῦ
1596 2094 1602 2118 ;
1614 2085 1691 2117 Τίνος
1701 2085 1917 2121 ἀποθνήσκοντος

1127 2133 1279 2169 ἀνθρώπου,
1301 2134 1314 2159 ό
1329 2133 1377 2168 μὲν
1397 2131 1472 2168 ἥλιος
1491 2131 1646 2167 ἐσκοτίσθη,
1664 2132 1681 2167 ἡ
1693 2131 1720 2157 δὲ
1740 2132 1776 2166 γῆ
1795 2131 1917 2167 ἐσείετο;

1130 2179 1183 2206 ἰδοὺ
1200 2178 1280 2214 μέχρι
1292 2177 1339 2204 νῦν
1359 2177 1575 2212 ἀποθνήσκουσιν
1596 2177 1744 2212 ἄνθρωποι,
1757 2177 1804 2202 καὶ
1815 2175 1919 2202 ἀπέθα-

294 2227 363 2248 tcrra
382 2221 486 2248 ?Certe
500 2221 532 2248 ad
557 2221 608 2249 hoc
630 2230 714 2256 usque
736 2228 844 2256 tempus
860 2223 1012 2250 moriuntur
1028 2224 1070 2251 ho-

1128 2234 1172 2252 vov
1186 2225 1225 2251 έτι
1238 2223 1339 2251 ἄνωθεν
1352 2223 1407 2259 (86)
1419 2231 1426 2238 ο
1448 2222 1513 2249 πότε
1533 2231 1560 2249 τι
1574 2222 1692 2250 τοιοῦτον
1709 2223 1752 2249 ἐπ’
1769 2223 1859 2253 αὐτοῖς
1873 2222 1919 2255 γέ-

292 2267 378 2293 miues
393 2267 512 2301 olimque
532 2267 630 2293 mortui
646 2271 708 2294 sunt
723 2276 730 2294 :
747 2268 908 2302 quibusnam
923 2267 1005 2303 igitur
1024 2268 1076 2296 tale

292 2312 355 2346 quid
382 2319 498 2346 unquam
519 2312 634 2346 contigit
655 2313 805 2348 prodigium
822 2313 834 2340 2
849 2312 905 2346 Vel,
920 2319 947 2340 ut
963 2321 993 2339 ea
1017 2321 1075 2348 qua:

292 2365 406 2393 corpore
429 2359 484 2393 egit
503 2359 722 2393 praetermittam,
741 2360 793 2395 73
817 2359 928 2394 solaque
951 2360 993 2387 illa
1016 2368 1076 2395 qua:

294 2404 352 2438 ejus
378 2405 500 2440 corporis
524 2405 750 2433 resurrectionem
765 2410 857 2433 secuta
879 2411 941 2433 sunt
959 2414 1077 2434 comme-

295 2458 397 2477 morem
416 2461 422 2478 :
441 2452 583 2486 cujusnam
604 2453 724 2479 omnittm
749 2453 794 2487 qui
817 2452 946 2480 hactenus
970 2453 1079 2480 fuerunt

295 2497 433 2524 hominum
452 2498 575 2525 doctrina
591 2507 643 2526 ttna
657 2499 804 2534 eademque
829 2507 877 2534 per
894 2505 978 2528 totum
991 2505 1078 2527 terra-

296 2551 354 2571 rum
373 2544 465 2571 orhem
481 2549 583 2572 tantum
596 2545 696 2578 valuit,
713 2550 741 2573 ut
757 2545 815 2580 ejus
827 2545 913 2573 cultus
929 2546 955 2573 iu
972 2553 1078 2574 omnem

295 2633 414 2670 {"elrkm.
429 2633 442 2660 Ι
461 2634 662 2670 aqonﬁeguer.
672 2634 777 2669 Anglic.
787 2638 814 2661 et
822 2634 903 2661 Basil.
912 2642 1003 2661 vocem
1014 2634 1081 2660 ἁπο-

295 2668 404 2702 δείξεσι,
418 2669 513 2704 quain
527 2668 816 2702 aliis'eteditis’decst,
830 2669 1010 2697 restituimus.

332 2705 388 2738 (8|)
405 2705 595 2739 Seguerianus.
609 2704 764 2739 δαιμονίων.

334 2739 389 2773 (82)
410 2740 505 2772 Basil.,
520 2740 567 2766 καὶ
583 2740 697 2775 Σωτῆρα
716 2740 823 2775 Ἰησοῦν
841 2739 968 2774 Χριστόν.
987 2741 1022 2766 At
1051 2746 1082 2766 ea

298 2775 387 2801 omnia
403 2777 498 2802 absunt
516 2783 529 2800 a
542 2774 705 2802 Gobleriano
716 2779 742 2803 et
755 2774 845 2802 Feldt.
864 2775 874 2801 ί
890 2782 1036 2810 anonymo,
1056 2779 1085 2801 ut

298 2815 325 2836 et
337 2817 396 2845 mox
411 2810 512 2845 vpeesé
524 2811 628 2845 Σωτήρ.

335 2843 392 2877 (85)
419 2844 465 2871 Sic
494 2843 696 2879 Seguerianus,
724 2844 904 2873 Goblerianus
933 2849 960 2871 et
989 2844 1086 2872 Felck-

301 2879 393 2906 manui
422 2880 433 2905 1
461 2887 621 2914 anonytuus.
654 2879 706 2906 Alii
735 2884 824 2906 autent
852 2885 880 2907 et
907 2880 990 2912 editi,
1023 2888 1086 2915 γιν-

1128 2279 1191 2305 γονε
1205 2270 1317 2305 θαῦμα;
1349 2270 1395 2303 Ἦ,
1424 2269 1467 2296 ἵνα
1491 2269 1539 2301 τὰς
1554 2269 1597 2295 διὰ
1622 2268 1669 2295 τοῦ
1694 2268 1819 2304 σώματος
1837 2268 1919 2294 αὑτοῦ

1128 2317 1248 2352 πράξεις
1260 2315 1418 2352 πιραλίπω,
1433 2313 1480 2342 καὶ
1492 2315 1541 2346 τὰς
1561 2314 1630 2350 μετά
1643 2315 1692 2350 τὴν
1713 2314 1858 2341 ἀνάστασιν
1872 2313 1919 2340 τοῦ

1129 2363 1254 2398 σώματος
1269 2362 1354 2389 αὒτου
1369 2361 1556 2398 μνημονεύσω,
1570 2360 1641 2392 τίνος
1657 2360 1765 2386 πώποτε
1779 2367 1832 2386 των
1847 2368 1923 2393 γενοο
1953 2363 1986 2382 -ιίκ

1131 2408 1219 2444 μένων
1228 2408 1379 2445 ἀνθρώπων
1398 2409 1414 2444 ὴ
1429 2407 1586 2434 διδασκαλία
1602 2407 1656 2433 ἀπὸ
1669 2406 1793 2442 περάτων
1805 2405 1858 2439 ἕως
1867 2414 1923 2441 ¹πε-

1133 2455 1220 2490 ράτων
1231 2454 1283 2489 γῆς
1297 2455 1344 2489 μία
1361 2454 1408 2481 καὶ
1424 2455 1440 2489 ἡ
1456 2453 1525 2489 αὐτὴ
1540 2453 1572 2479 δι’
1583 2453 1650 2480 ὅλων
1661 2453 1780 2488 ἴσχυσεν,
1793 2452 1929 2492 ὥστεδρι

1132 2501 1222 2537 πάσης
1233 2501 1285 2535 γῆς
1304 2500 1335 2526 τὸ
1347 2500 1428 2531 σέϐας
1445 2498 1528 2528 αὺτοῦ
1547 2498 1705 2533 διαπτῆναι;
1723 2498 1758 2525 Ἦ
1775 2497 1819 2525 διὰ
1828 2498 1863 2530 τί,
1884 2498 1924 2525 εἵ-

1134 2555 1187 2582 περ
1205 2545 1348 2581 ἄνθρωπός
1374 2546 1447 2572 ἐστι-ι
1466 2545 1481 2571 ὁ
1501 2544 1629 2580 Χριστὸς,
1647 2544 1694 2570 καὶ
1715 2544 1746 2570 οὺ
1775 2543 1840 2575 Θεὸς
1869 2542 1922 2570 Λό-

1134 2642 1230 2705 νῇῖὲῗί
1239 2669 1431 2705 Seguerianus,
1447 2668 1568 2705 πλάσμα.

1183 2699 1228 2735 85')
1258 2699 1313 2731 Καὶ
1329 2704 1459 2739 δαίμονας
1475 2699 1575 2729 addunt
1599 2708 1663 2739 mss.
1676 2705 1834 2739 qomnesu'et
1853 2699 1923 2739 lege-

1137 2734 1201 2767 runl.
1216 2734 1381 2774 interpretes
1398 2748 1406 2766 :
1424 2745 1484 2765 oua:
1506 2744 1586 2764 voces
1601 2737 1627 2763 in
1649 2736 1770 2763 editione
1791 2734 1922 2762 Comtucl.

1139 2776 1367 2872 de§3i”AVlﬂ°€V
1380 2809 1509 2837 omittunt
1528 2806 1637 2835 Gobier.
1654 2805 1773 2834 Felckm.
1797 2805 1808 2831 ἱ
1840 2812 1922 2832 anon.

1140 2850 1167 2872 et
1199 2853 1289 2872 cuuer.

1140 2850 1167 2873 et
1179 2850 1289 2880 Seguer.
