2037 3044
176 151 228 180 197

826 158 1007 189 πΧΡΟΞΙΤΙΟ
1026 161 1127 190 FlDEl.

1739 168 1788 197 198

245 211 467 259 ψνχὴαλρεεζλειτ
495 218 542 244 καὶ
568 218 638 253 πρὸς
661 219 759 252 αὐτοὺς
783 221 845 252 τοὺς
862 222 948 255 ἁγίους

1007 231 1060 258 que
1075 224 1108 250 ad
1136 223 1208 259 ipsos
1236 228 1344 252 sanctos
1371 232 1476 253 morum
1508 226 1683 257 similitudine
1706 230 1786 259 debet

172 257 318 291 ἀφικέσθαι
337 261 368 295 τῇ
385 261 524 296 ὁμοιότητι
549 263 603 289 τῶν
625 264 749 300 πράξεων
770 266 878 299 αὐτῶν,
898 267 954 299 ἵνα.

172 303 220 329 σὺν
230 305 322 337 αὐτοῖς
338 307 371 340 τῇ
392 307 486 342 ἀγωγῇ
506 307 556 341 τῆς
580 308 718 344 συζήσεως
738 310 898 345 γενόμενος,
920 312 954 339 τὰ

171 349 217 375 καὶ
234 351 324 383 αὐτοῖς
348 352 572 386 ἀποκαλυφοέντα
597 355 672 390 παρὰ
693 355 760 382 Θεοῦ
785 358 951 393 κατανοήσῃ,

170 395 216 422 καὶ
233 395 326 424 λοιπὸν
350 398 388 430 ὡς
410 399 524 430 ἐκείνοις
539 401 698 435 συναφθεὶς,
715 401 893 438 ἐκφύγῃ-μὲν
908 403 954 429 τὸν

169 441 223 467 τῶν
247 442 416 479 ἁμαρτωλῶν
433 444 554 471 κίνδυνον
579 446 626 472 καὶ
644 446 675 472 τὺ
688 446 789 474 τούτων
804 447 860 484 πῦρ
875 449 903 474 ὲν
917 450 951 484 τῇ

169 487 259 523 ἡμέρᾳ
271 488 319 524 τῆς
335 489 461 524 κρίσεως,
476 490 600 526 ἀπολάϐῃ
621 491 649 517 δὲ
665 491 699 518 τὰ
712 493 767 523 τοῖς
784 493 870 527 ἁγίοις
886 494 953 520 ἀπο-

169 531 281 567 κείμενα
303 534 332 560 ἐν
356 534 389 568 τῇ
414 534 469 560 τῶν
484 535 604 570 οὐρανῶν
627 535 767 571 βασιλείᾳ,
783 537 801 564 ἃ.
815 537 952 573 ὀφθαλμὸς

167 576 217 602 οὐκ
234 575 312 608 εἶδεν,
336 578 395 605 οὐδὲ
417 576 463 610 οὖς
481 579 605 613 ἤκουσεν,
631 580 691 607 οὐδὲ
709 581 754 607 ἐπὶ
775 582 886 617 καρδίαν
905 584 952 610 ἀν-

167 620 277 657 Θρώπου
292 619 346 659 (9⁸2)
364 623 461 659 ἀνέὁη,
486 625 535 650 ὅσα
553 622 715 662 ήτοῖμασται
739 627 795 661 τοῖς
812 627 872 653 κατ’
885 628 950 663 dp;-

1009 269 1148 302 accedere,
1172 274 1200 296 ut
1217 270 1277 297 vitae
1301 270 1424 298 instituto
1447 279 1508 299 cum
1524 271 1577 300 illis
1595 273 1677 301 veluti
1691 281 1786 302 conso-

1007 313 1105 347 ciatus,
1120 323 1151 342 ea
1170 323 1230 350 qua:
1249 315 1315 350 ipsis
1344 316 1413 345 Deus
1439 317 1566 351 patefecit
1593 318 1734 355 intelligat,
1752 329 1785 348 ac

1006 360 1131 395 deinceps
1145 360 1196 388 illis
1207 361 1326 396 junctus,
1338 363 1524 396 peccatoribus
1544 364 1699 397 impendens
1712 367 1783 399 peri-

1005 405 1095 432 culum
1111 411 1140 433 et
1153 411 1277 442 paratum
1294 408 1321 435 in
1337 408 1380 435 die
1397 408 1492 444 judicii
1514 409 1603 444 ignem
1618 409 1739 445 etfugiat,
1756 417 1784 439 et

1004 459 1064 486 quae
1077 453 1178 480 sanctis
1192 453 1218 480 in
1235 461 1317 488 regno
1333 453 1463 481 caelorum
1480 455 1614 482 destinata
1631 460 1695 483 sunt
1712 464 1781 490 prae-

1004 497 1057 525 mia
1083 498 1206 533 recipiat,
1227 507 1288 534 quae
1311 499 1419 534 quidem
1448 507 1496 528 nec
1518 500 1612 528 oculus
1636 501 1711 534 vidit,
1732 509 1781 529 nec

1004 543 1078 570 auris
1102 544 1214 582 audivit,
1233 552 1283 572 nec
1311 545 1336 572 in
1359 552 1407 572 cor
1427 546 1545 573 hominis
1564 547 1700 579 ascendit,
1721 555 1780 582 qua

1003 592 1152 622 praeparata
1163 593 1225 615 sunt
1237 589 1279 616 his
1293 589 1338 623 qui
1352 590 1475 617 virtutem
1492 595 1640 624 sectantur,
1654 599 1686 619 ac
1696 592 1779 619 Deum

1001 638 1029 660 et
1043 633 1150 661 Patrem
1172 635 1284 670 diligunt
1305 636 1342 667 ι’,
1359 635 1385 662 in
1401 635 1509 663 Christo
1517 635 1579 664 Jesu
1595 637 1650 672 78
1667 638 1780 665 Domino

166 666 216 701 τὴν
233 665 335 705 βιοῦσι,
351 668 397 695 καὶ
414 669 541 703 ἀγαπῶσι
564 670 609 697 τὸν
632 670 698 697 Θεὸν
719 672 766 698 καὶ
782 672 907 709 Πατέρα,
921 674 949 705 ἐν

164 712 276 749 Χριστῷ
291 710 544 751 Ἰησοΰτῷἴίύρῖᾡ
563 711 641 753 ἡμῶν
652 735 659 746 ,
683 716 716 742 δι’
733 713 762 743 οὖ
784 718 831 744 καὶ
847 718 907 752 μεθ’
919 715 951 747 οὗ

164 754 392 796 αῠᾝξῗίῗῐῖατρὶ
409 761 457 787 σὺν
473 761 547 797 αὐτῷ
556 762 595 797 τῷ
610 761 666 798 Υέῷ
680 763 708 789 ὲν
724 763 794 798 ἁγίῳ
810 763 948 799 Πνεύματι

163 804 297 841 marist
313 807 412 842 κράτος
427 809 474 834 καὶ
489 806 552 842 δόξα
565 808 619 844 (25)
644 810 684 841 εἰς
700 808 763 842 τσὺς
783 809 880 842 αἰῶνας
893 810 948 837 τῶν

163 847 282 878 αἰίἷιῖιωνξ
304 853 399 890 Ἀμήν.

299 894 350 927 ἑοῦ
361 900 428 935 περὶ
437 901 492 936 τῆς
501 900 754 936 ὲνανθρωπῆσεως
764 903 860 937 Λόγου
876 901 943 938 (25η).

1002 683 1094 706 nostro
1114 687 1162 714 per
1189 688 1269 716 quem
1289 686 1316 709 et
1340 689 1455 716 quocum
1486 682 1536 717 ipsi
1561 682 1633 710 Patri
1648 691 1700 710 una
1717 691 1779 711 eum

1000 726 1058 760 ipso
1078 726 1146 754 Filio
1169 727 1194 754 in
1210 727 1312 762 Spiritu
1332 735 1428 756 sancto
1443 729 1478 756 sit
1493 730 1595 763 honor,
1611 734 1731 765 potestas
1751 735 1779 757 et

999 772 1083 806 gloria
1102 772 1127 800 iu
1147 772 1242 801 saecula
1256 774 1425 802 saeculorum.
1443 775 1538 802 Amen.

1035 903 1111 935 Finit
1124 907 1183 936 libri
1199 911 1230 936 de
1241 908 1356 937 humana
1370 915 1465 938 natura
1479 909 1583 938 aVerbo
1598 917 1740 946 assumpta.

199 979 221 997 "
232 979 241 1007 l
252 980 318 1009 Cor.
333 990 364 1015 ιι,
380 982 407 1010 ο.

197 1049 252 1084 (2‘2)
266 1049 311 1076 Sic
329 1050 394 1084 Reg.
404 1054 434 1077 ut
447 1054 475 1078 et
487 1049 600 1079 habetur
610 1049 690 1079 lCor.
704 1058 733 1084 ιι,
748 1049 777 1078 9.
790 1050 842 1078 Alii
854 1055 881 1078 et
890 1051 949 1078 edi-

161 1084 193 1117 ti,
208 1084 366 1120 ἀνθρώπων.

195 1117 265 1154 (25)’
278 1120 399 1156 ϐοιιιοτη
413 1125 442 1156 et
471 1120 561 1156 Felck.
581 1121 708 1156 lianon.,
723 1117 745 1155 ᾧ
767 1121 784 1156 ἡ
796 1121 869 1154 δόξα,
886 1126 938 1148 etc.

159 1155 226 1182 Aliis
245 1156 363 1192 omissis.
382 1155 446 1192 Ibid.
458 1155 502 1192 ﬁt?)
515 1155 574 1192 Υἱῷ
588 1155 707 1192 δεθιιιξιτἒ
725 1155 813 1183 habet.
833 1157 938 1192 Anglic.

158 1196 224 1226 vero
247 1190 330 1226 Boisil.
346 1196 373 1218 et
395 1185 493 1220 Felck:
511 1191 528 1218 2
541 1185 640 1222 aiiou:
656 1190 712 1226 Υῐῷ
729 1192 787 1226 sine
814 1185 938 1218 articulo.

158 1224 226 1252 Male
247 1222 310 1252 Υἱὸν
331 1227 356 1253 in
370 1226 436 1253 edit.
449 1227 578 1253 Commel.
599 1222 704 1261 legitur:
724 1225 787 1253 Post
800 1226 940 1258 δόξα,Λιι-

998 1049 1071 1090 gii_c._
1088 1048 1398 1090 additpayalootivnce
1411 1053 1466 1090 aut
1480 1055 1709 1090 μεγαλοπρέπεια,
1727 1055 1774 1084 νῦν

998 1085 1113 1125 ﬁatﬁat,
1130 1085 1187 1125 xui,
1198 1093 1250 1113 etc.
1265 1087 1330 1125 item
1342 1085 1410 1125 ibid.
1422 1085 1486 1120 τούξ
1505 1085 1614 1123 εἱειειιετζ
1630 1085 1732 1125 Anglic.
1748 1097 1775 1118 ιιι

993 1120 1078 1183 ἔπιον,
1106 1121 1206 1148 habent
1219 1129 1267 1156 pro
1287 1121 1395 1157 αὐτούς,
1411 1125 1481 1158 quod
1507 1120 1634 1153 méndose
1652 1120 1686 1153 in"
1694 1127 1773 1154 editis

1019 1164 1043 1183 Et
1059 1164 1099 1182 ur.
1543 1162 1563 1183 r’

1019 1168 1164 1226 “(afﬁxo
1181 1191 1207 1218 in
1220 1198 1269 1219 ms.
1288 1190 1400 1226 Seguer.
1411 1174 1552 1221 adduntur:

305 1324 1752 1337 ——-——————————.—_—____._._,

159 1320 285 1329 *ξ

425 1418 666 1450 ADMONITIO
686 1419 737 1450 ΙΝ
753 1418 1010 1457 SEQUENTEM
1031 1419 1152 1450 FIDE]
1172 1418 1499 1452 EXPOSITIONEM.

942 1496 976 1503 ρ...

190 1573 256 1602 Cum
271 1573 403 1602 incertum
419 1574 454 1602 sit
464 1578 569 1609 tempus
580 1581 640 1610 qua
647 1578 803 1610 sequentem
814 1573 873 1601 ﬁdei
884 1574 1077 1609 expositionem
1087 1571 1201 1602 ediderit
1217 1578 1327 1602 sanctus
1340 1573 1514 1606 Athanasius,
1528 1579 1587 1600 eam
1597 1573 1698 1609 aptiore
1709 1574 1768 1603 lacn

154 1627 207 1648 nou
217 1623 342 1655 putamus
357 1626 436 1654 posse
445 1619 582 1653 collocari,
593 1628 672 1655 qttam
687 1620 714 1648 in
730 1615 817 1648 fronte
832 1627 944 1656 operum
955 1627 1014 1656 qua:
1022 1624 1133 1649 sanctus
1143 1620 1236 1650 doctor
1249 1621 1376 1647 adversus
1386 1621 1501 1648 Ariauos
1518 1621 1687 1656 conscripsit.
1703 1621 1768 1650 Hazc

155 1672 245 1695 autem
259 1667 373 1703 duplicis
387 1673 449 1695 sunt
460 1666 566 1702 generis
582 1673 588 1692 :
605 1666 632 1693 in
650 1665 710 1692 aliis
727 1665 797 1692 enim
815 1665 894 1692 fidem
916 1665 1078 1693 catholicam
1104 1667 1233 1693 adversus
1250 1663 1377 1692 Arianam
1400 1664 1565 1698 impietatem
1581 1669 1688 1693 strenue
1705 1673 1768 1700 pro-

153 1717 257 1747 pugnat
272 1712 386 1740 invictus
401 1712 481 1739 Verbi
494 1710 621 1737 defensor
636 1717 642 1735 :
657 1711 683 1737 in
700 1709 761 1738 aliis
772 1717 837 1737 vero
851 1711 940 1737 varios
954 1711 1182 1745 gravissimOSque
1195 1716 1317 1738 recenset
1333 1719 1422 1745 casus,
1437 1719 1507 1747 quos
1521 1713 1577 1747 ipse
1588 1720 1637 1746 pro
1647 1713 1765 1747 ejusdem

155 1759 215 1786 fidei
232 1754 399 1791 defensione,
417 1758 524 1785 Arianis
542 1758 708 1791 auctoribus,
730 1762 887 1785 constanter
907 1758 1035 1793 pertulit;
1055 1766 1086 1785 ac
1108 1750 1221 1792 proinde
1244 1757 1322 1784 valde
1347 1765 1556 1787 consentaneum
1574 1759 1678 1788 videtur
1692 1759 1765 1788 illam

154 1804 233 1832 ﬁdem
249 1805 364 1840 primum
379 1805 488 1839 exponi,
503 1811 551 1837 pro
567 1804 644 1839 cujus
658 1811 740 1831 causa
766 1804 808 1830 his
828 1804 985 1838 perfunctus
1001 1808 1042 1831 est
1061 1804 1198 1831 laboribus
1221 1811 1289 1838 quos
1310 1804 1367 1838 ipse
1382 1810 1502 1837 enarrat,
1517 1810 1543 1832 et
1558 1805 1685 1840 pleraque
1706 1813 1765 1840 quae

153 1854 281 1889 deinceps
305 1857 453 1888 sequuntur
468 1853 555 1887 Opera
573 1853 734 1887 composuit.
749 1851 818 1885 Quid
846 1853 902 1879 haec
923 1852 1054 1886 expositio
1078 1853 1226 1884 contineat,
1247 1853 1304 1888 ipse
1321 1853 1399 1880 docet
1422 1854 1513 1881 titulus
1537 1861 1657 1889 :nempe
1675 1854 1764 1882 brevis

152 1907 195 1930 est
208 1902 354 1937 explicatio
371 1901 431 1928 fidei
445 1900 585 1928 catholicae
598 1900 855 1928 adversus-Ariauos
865 1919 872 1931 ,
887 1907 968 1934 quam
986 1900 1095 1934 quidem
1108 1899 1251 1927 Facundos
1267 1899 1468 1927 Hermianeasis
1483 1899 1529 1926 lib.
1555 1907 1592 1932 xl,
1605 1907 1653 1934 pro
1674 1898 1765 1926 defen-

153 1949 229 1975 sione
243 1949 322 1975 trimn
337 1947 459 1982 capitul.,
476 1955 500 1974 c.
521 1948 549 1980 2,
569 1948 689 1984 Symboli
702 1948 898 1982 expositionem
919 1947 1053 1982 appellat,
1080 1955 1139 1982 quae
1164 1947 1232 1975 forte
1256 1952 1319 1975 tunc
1343 1947 1394 1974 fuit
1417 1946 1496 1980 hujus
1513 1946 1601 1980 operis
1613 1946 1761 1981 inscriptio.

152 1996 222 2029 Quin
244 1996 266 2022 is
287 2003 365 2022 verus
380 1997 414 2022 sit
432 1996 461 2023 S.
475 1996 615 2023 Athanasii
634 1996 704 2023 fetus
725 1995 795 2022 nulla
811 2003 876 2023 sane
894 2000 936 2023 est
949 1994 1088 2021 dubitandi
1113 1995 1197 2027 ratio;
1216 2002 1301 2028 neque
1318 2002 1398 2029 porro
1418 1996 1444 2022 id
1468 1995 1583 2029 probare
1607 1993 1660 2021 ullo
1684 1995 1763 2022 modo

152 2051 220 2076 opus
235 2042 316 2069 fuerit
333 2049 339 2068 ε
356 2042 487 2076 siquidem
508 2044 564 2077 ipse
581 2044 677 2078 stylus,
696 2043 753 2077 ipsa
771 2043 893 2070 doctrina
910 2050 1033 2077 magnum
1052 2042 1229 2069 Athanasium
1243 2042 1309 2069 satis
1326 2049 1374 2076 per
1393 2049 1422 2069 se
1437 2042 1548 2069 indicat.
1564 2041 1618 2068 Nec
1639 2041 1710 2068 enim
1729 2049 1763 2069 ex

151 2094 184 2114 eo
193 2086 263 2120 quod
281 2086 324 2113 hic
342 2091 445 2113 tantum
464 2086 607 2114 humanam
624 2084 723 2115 Christi
741 2093 865 2114 naturam
879 2087 1045 2114 Dominicum
1060 2087 1190 2114 hominem
1205 2087 1320 2121 appellet
1334 2087 1363 2116 S.
1378 2087 1466 2120 Pater,
1479 2087 1547 2114 hanc
1565 2087 1761 2121 expositionem

151 2134 210 2169 ejus
227 2142 277 2161 non
293 2142 352 2162 esse
364 2134 427 2162 licet
441 2133 585 2169 suspicari,
607 2138 635 2160 ut
653 2131 788 2159 nonnullis
802 2131 911 2166 quidem
931 2132 1017 2158 visum
1034 2136 1076 2159 est
1098 2139 1105 2156 :
1125 2131 1189 2166 quin
1206 2131 1295 2166 potius
1317 2131 1387 2159 idem
1403 2132 1568 2159 contrarium
1597 2131 1761 2159 validissime

150 2181 259 2216 probat,
273 2188 334 2207 cum
349 2185 454 2207 veteres
471 2179 580 2214 quidam
597 2178 744 2210 scriptores
757 2177 814 2204 haee
831 2177 887 2211 ipsa
902 2177 985 2204 verba
1001 2182 1066 2204 vere
1077 2177 1107 2204 S.
1122 2177 1263 2204 Athanasii
1277 2184 1338 2205 esse
1353 2181 1443 2212 aperte
1459 2181 1601 2209 testentur,
1618 2181 1646 2203 ut
1668 2177 1759 2212 paucis

151 2229 253 2255 referre
265 2235 352 2261 opera:
367 2226 481 2260 pretium
494 2225 610 2251 videtur.
622 2223 735 2250 Rufinus
747 2222 875 2257 Apologia
892 2231 940 2255 pro
961 2222 1073 2258 Origene
1086 2222 1157 2249 inter
1177 2230 1258 2257 opera
1273 2222 1302 2249 S.
1316 2222 1469 2257 Hieronymi
1486 2223 1611 2250 editionis
1626 2222 1761 2249 Parisien-

150 2276 189 2304 sis
203 2276 265 2302 anni
279 2275 358 2307 1645,
376 2278 442 2300 tom.
458 2272 504 2304 IX,
522 2280 548 2307 p.
564 2273 625 2303 151,
644 2271 767 2298 meminit
791 2270 872 2298 libelli
901 2271 930 2297 S.
948 2270 1101 2303 Athanasii,
1128 2270 1173 2298 ubi
1189 2271 1229 2297 hae
1247 2277 1326 2297 voces
1343 2269 1493 2297 Dominicus
1509 2269 1584 2296 homo
1601 2269 1759 2298 exstabant;

150 2330 229 2358 quem
243 2321 351 2356 quidem
367 2321 454 2347 locum
467 2318 603 2345 abrasisse
614 2325 645 2344 ac
661 2316 758 2343 deinde
773 2315 946 2350 rescripsisse
966 2315 1035 2342 idem
1054 2316 1148 2350 objicit
1159 2316 1188 2343 S.
1204 2315 1377 2352 Hieronymo,
1394 2315 1438 2350 qui
1453 2315 1521 2342 hanc
1534 2322 1548 2341 a
1561 2322 1589 2341 se
1602 2315 1760 2350 depelleudo

149 2369 323 2400 calumniam,
341 2366 451 2393 miuitne
468 2368 547 2396 negat
564 2363 589 2390 id
612 2362 648 2389 ita
662 2362 793 2396 scriptum
808 2361 946 2388 exstitisse
969 2361 995 2388 in
1021 2361 1066 2388 illo
1137 2361 1278 2388 Athanasii
1303 2362 1401 2389 libello.
1419 2362 1517 2390 Verum
1531 2370 1564 2389 an
1581 2362 1631 2389 iste
1652 2362 1759 2390 libellus

149 2417 185 2445 sit
205 2417 262 2443 haec
278 2414 337 2441 ﬁdei
356 2411 500 2447 expositio,
517 2417 550 2436 an
562 2415 627 2436 vero
640 2409 692 2435 alia
705 2407 789 2441 major
804 2414 838 2434 ex
864 2414 915 2441 qua
934 2406 1036 2440 aliquot
1053 2405 1203 2440 fragmenta
1226 2406 1303 2434 affert
1318 2407 1519 2440 Tbeodoretus,
1543 2406 1647 2441 dialogo
1667 2407 1693 2438 5,
1711 2408 1758 2434 ubi

147 2464 247 2491 eaedem
264 2468 345 2489 voces
359 2459 502 2490 habentur.
520 2463 595 2486 certo
610 2456 738 2484 aﬁirtuari
753 2463 805 2483 non
820 2460 907 2490 potest
920 2464 927 2482 :
941 2455 993 2482 nisi
1009 2454 1077 2482 forte
1097 2455 1183 2482 fusior
1200 2455 1244 2481 illa
1262 2455 1322 2482 ﬁdei
1343 2455 1474 2489 expositio
1486 2474 1494 2486 ,
1511 2463 1589 2489 quam
1605 2454 1757 2482 Theodore-

146 2516 190 2539 tus
205 2510 330 2545 maiorem
341 2510 372 2536 de
384 2507 436 2542 ﬁde
451 2507 592 2534 arationem
603 2505 730 2540 appellat,
740 2504 844 2531 libellus
857 2503 907 2531 dici
921 2511 974 2531 non
994 2511 1074 2538 posse
1089 2504 1224 2538 aliquibus
1243 2504 1374 2531 videatur.
1384 2502 1455 2530 Utut
1466 2502 1510 2535 sit,
1528 2501 1588 2528 inde
1597 2505 1685 2529 tamen
1701 2509 1759 2536 per-

147 2560 269 2592 spicuum
286 2561 328 2584 est
348 2557 416 2583 hanc
431 2555 490 2582 lidei
505 2555 701 2590 expositionem
716 2554 826 2580 minime
839 2553 873 2580 ob
891 2553 951 2580 illas
968 2560 1048 2580 voces
1064 2553 1212 2580 Athanasio
1223 2560 1282 2580 esse
1299 2551 1502 2587 abjudicandam
1512 2570 1519 2583 ,
1535 2557 1606 2582 cum,
1620 2555 1688 2577 teste
1703 2550 1760 2577 Ru-

133 2596 213 2636 'tlno,
227 2612 287 2631 eum
303 2603 345 2630 his
359 2602 504 2636 aliquando
516 2601 600 2628 fuisse
616 2607 694 2627 usum
708 2603 822 2627 constet.
839 2599 971 2626 Cteterum
984 2597 1072 2632 major
1087 2599 1130 2625 illa
1145 2599 1177 2626 de.
1191 2599 1242 2626 ﬁde
1253 2599 1350 2631 oratio,
1365 2599 1397 2625 de
1414 2606 1465 2632 qua
1479 2597 1673 2629 Theodoretus,
1691 2597 1757 2624 nihil

148 2650 220 2677 aliud
231 2650 335 2676 videtur
349 2656 419 2680 esse,
437 2656 515 2683 quam
530 2647 613 2674 fusior
628 2651 654 2673 et
667 2646 795 2680 prolixior
810 2645 954 2680 explicatio
969 2645 1080 2677 hujusce
1089 2645 1274 2680 expositionis.
1286 2651 1333 2670 nec
1343 2644 1427 2679 major
1440 2643 1558 2674 inscribi,
1570 2643 1619 2669 nisi
1632 2643 1693 2676 quia
1705 2643 1758 2670 alia

148 2697 239 2730 etiam,
257 2703 352 2730 nempe
363 2693 431 2727 haec,
447 2695 581 2726 exstabat,
598 2701 657 2728 quae
670 2693 778 2720 brevior
793 2698 821 2720 et
833 2693 1000 2720 contractior
1015 2697 1096 2722 esset,
1115 2692 1185 2729 quod
1203 2696 1230 2718 ut
1245 2691 1344 2718 clarius
1360 2694 1461 2725 pateat,
1489 2689 1558 2716 haud
1571 2689 1604 2715 ab
1628 2695 1656 2715 re
1673 2687 1755 2715 fuerit

147 2745 236 2771 locum
252 2745 337 2777 ipsum
351 2742 457 2774 afferre,
478 2741 522 2768 ubi
534 2741 669 2772 Christus,
688 2743 716 2768 ut
731 2741 821 2772 homo,
839 2740 992 2766 Dominicus
1002 2739 1078 2765 homo
1091 2739 1199 2766 dicitur.
1220 2738 1259 2764 En
1272 2738 1352 2773 igitur
1365 2738 1445 2764 verba
1457 2738 1488 2763 ὲκ
1500 2736 1547 2763 τοῦ
1563 2735 1626 2770 περὶ
1641 2735 1759 2766 πίστεως

146 2791 225 2825 λόγου
239 2790 285 2817 τοῦ
304 2790 435 2826 μείζονος,
451 2794 480 2816 ut
491 2792 603 2826 appellat
617 2790 802 2818 Theodoretus
818 2797 825 2816 ι
853 2789 948 2823 Ἐτένει

1002 2788 1116 2824 λάζαρον
1136 2787 1321 2823 ἀσθενήσαντα
1339 2785 1498 2813 ἀποθανεῖν·
1523 2785 1539 2810 ὁ
1563 2783 1597 2809 δὲ
1617 2783 1758 2817 κυριακὸς

148 2839 300 2873 ἅνθρωπος
314 2839 363 2865 οὐκ
375 2838 535 2874 ἀσθενήσας,
552 2839 613 2866 οὐδὲ
627 2839 699 2866 ἄκων
716 2837 865 2868 ἀπέθανεν,
889 2836 946 2863 ἀλλ’
961 2836 1016 2870 ἀφ’
1041 2835 1136 2864 eam;
1155 2833 1237 2873 ἦλθεν
1255 2834 1302 2860 ἐπὶ
1320 2833 1369 2868 τὴν
1391 2831 1438 2859 τοῦ
1453 2831 1567 2858 θανάτου
1588 2829 1753 2865 οἰκονομίαν,

148 2885 402 2920 στερεοποιούμενος
416 2885 467 2911 ὑπὸ
487 2885 533 2911 τοῦ
555 2886 583 2911 ἐν
600 2884 674 2920 αὐτῷ
693 2885 852 2919 οἰκήσαντος
872 2883 939 2910 Θεοῦ
953 2883 1039 2917 Λόγου
1054 2881 1100 2908 τοῦ
1123 2881 1261 2912 εἰπόντος·
1279 2879 1383 2914 Οὐδεὶς
1403 2880 1478 2914 αἴρει
1499 2879 1555 2914 τὴν
1578 2877 1684 2912 ⁴ψυχήν
1697 2885 1758 2913 μου
