2037 3044
267 159 318 189 199
544 155 573 184 S.
596 155 783 184 ATHANASH
802 155 877 184 OPP.
897 155 987 184 PARS
1003 156 1024 182 Ι.
1044 170 1077 176 ——
1096 152 1280 182 liiSTORlCA
1298 152 1343 180 ET
1363 151 1574 180 DOGMATICA.
1825 151 1878 179 200

261 214 311 242 ἀπ’
325 213 411 248 ἐμοῦ·
432 212 482 240 ἀπ’
496 211 624 247 ἐμαυτοῦ
640 211 737 245 αὐτὴν
757 213 870 247 τίθημι·
882 212 1026 244 ἐξουσίαν
1045 211 1104 246 ἔχω
1121 211 1213 238 θεῖναι
1235 210 1347 244 αὐτὴν,
1370 210 1418 237 καὶ
1431 210 1524 236 πάλιν
1541 209 1684 241 ἐξουσίαν
1695 208 1755 242 ἔχω
1776 210 1879 237 λαϐεῖν

261 258 368 292 αὐτήν.
385 257 414 285 Id
427 262 486 285 est:
501 267 510 283 I
523 257 625 284 Accidit
637 262 664 283 ut
680 256 800 284 Lazarus
813 258 906 285 morbo
918 257 1057 284 confectus
1071 261 1221 284 moreretur
1231 265 1238 283 :
1248 261 1276 283 at
1289 256 1441 283 Dominicus
1453 256 1530 282 homo
1545 264 1596 282 non
1609 255 1634 282 vi
1645 255 1730 283 morbi
1747 263 1796 283 nec
1811 257 1877 284 iuvi-

263 313 306 336 tus
322 313 362 335 est
380 311 513 338 mortuus,
538 305 584 332 sed
599 312 646 332 sua
659 310 755 339 sponte
768 305 841 332 venit
857 307 888 331 ad
905 306 999 332 mortis
1012 305 1261 339 dispensationem,
1276 304 1470 332 corroboratus
1489 312 1503 331 a
1521 304 1575 331 Deo
1590 303 1678 331 Verbo
1690 304 1717 331 in
1734 304 1793 338 ipso
1821 313 1877 331 ma-

264 358 344 381 nente
362 353 406 388 qui
426 352 494 379 dixit
509 360 515 378 :
533 351 617 378 Nemo
629 351 697 377 tollit
708 351 822 377 animam
843 359 926 378 nteant
945 359 961 377 α
979 359 1028 382 me,
1045 350 1090 378 sed
1108 358 1154 385 ego
1171 358 1239 384 pono
1253 358 1310 376 eam
1328 358 1338 377 :
1354 355 1508 385 poteslatem
1524 350 1605 377 habeo
1625 351 1738 385 ponendi
1753 359 1823 383 eam,
1855 355 1879 377 et

264 390 356 427 rursus
375 403 525 434 poleaialem
543 397 623 424 habeo
639 397 757 423 "intendi
785 405 842 424 eam
855 397 886 424 ".
906 406 916 423 ι
931 397 993 424 liarc
1008 397 1063 430 ibi,
1080 404 1138 431 qua:
1154 396 1260 423 nonnisi
1278 396 1357 431 paulo
1380 397 1465 430 major
1481 401 1522 424 est
1539 396 1684 431 explicatio
1705 404 1799 423 eorum
1820 403 1879 431 qum

265 449 292 474 in
313 446 435 481 sequenti
449 445 617 480 expositione
631 451 744 471 numero
760 445 769 471 i
799 444 932 479 leguntur.
950 445 987 472 Ex
1002 445 1052 472 hac
1064 452 1171 479 quoque
1187 443 1246 471 iidei
1261 443 1428 478 expositione
1447 444 1616 478 excerpsisse
1632 443 1738 470 videtur
1754 443 1878 477 Augusti-

266 501 317 520 nus
335 495 391 520 hazc
406 500 464 526 qure
477 491 522 518 lib.
546 499 564 518 ιι
584 491 623 518 De
634 490 758 519 Sermone
774 492 877 520 Domini
891 494 918 520 in
934 498 1020 519 monte
1034 492 1123 524 habet,
1134 499 1159 519 c.
1179 491 1206 523 6,
1225 499 1252 519 n.
1270 491 1317 518 20.
1335 499 1344 516 ι
1359 489 1428 517 Nulli
1448 489 1539 518 licebit
1553 492 1677 526 ignorare
1693 490 1740 518 Dei
1754 499 1875 526 regnum,

269 547 329 566 cum
346 539 405 574 ejus
423 539 581 573 Unigenilus
592 545 644 564 nou
666 539 751 566 solum
770 539 971 574 intelligibiliter
992 541 1037 566 sed
1054 540 1135 567 etiam
1158 539 1299 566 visibililer
1323 538 1350 566 in
1364 538 1466 564 homine
1481 537 1618 564 Dominica
1638 537 1671 564 de
1691 536 1760 564 coelo
1775 539 1878 565 venerit

264 584 434 619 judicaturus
455 585 530 611 vivos
544 588 570 610 et
587 587 715 610 mortuos.
735 592 744 608 ι
765 583 826 611 ΙΙαιε
837 584 908 610 enim
925 589 1058 618 postrema
1072 584 1169 616 verba,
1184 584 1212 610 in
1223 584 1327 610 homine
1348 582 1484 610 Dominico
1494 582 1668 616 judicaluru
1679 582 1748 610 vivos
1767 587 1792 609 et
1806 591 1878 610 mor-

272 635 340 662 tuos,
357 630 488 657 habentur
504 630 530 656 in
550 630 643 656 eadem
659 628 836 663 expositione,
851 638 924 656 num.
940 630 965 661 l,
982 631 1080 664 quibus
1096 630 1209 657 vocibus
1231 637 1260 656 se
1278 637 1354 656 usum
1375 637 1434 656 esse
1451 629 1679 664 aitAuguslinus,
1696 629 1758 664 quia
1777 637 1824 657 eas
1841 629 1877 657 le-

267 681 342 711 gerat
357 675 426 710 apud
453 675 600 703 catholicos
619 681 742 704 auctores
759 686 766 704 :
783 677 822 705 sic
837 678 908 705 enim
927 679 1031 710 scribit,
1047 678 1094 705 lib.
1111 686 1119 706 ι
1138 677 1265 711 Remum,
1282 685 1308 705 c.
1325 678 1367 710 i9.
1389 687 1416 706 ιι.
1429 677 1465 705 8:
1486 687 1496 704 ί
1518 678 1574 706 iloc
1589 679 1696 714 quidem
1709 684 1738 706 ut
1748 679 1878 712 dicerent,

267 724 337 758 apud
353 723 480 758 quosdam
496 723 547 758 legi
562 729 720 752 tractatores
734 725 881 753 catholicos
893 726 1043 754 divinorum
1058 726 1254 762 eloquiorum.)
1271 727 1370 754 Deinde
1387 727 1460 754 addit
1472 735 1479 752 :
1490 735 1499 751 α
1516 726 1568 754 Sed
1586 727 1737 760 ubicmque
1753 725 1803 753 hoc
1811 725 1879 758 (Ιίιίι

268 771 370 799 dixisse
398 779 441 798 me
460 771 556 798 nollem
576 781 583 797 :
605 778 695 806 postea
708 774 804 809 quippe
828 775 881 802 vidi
909 782 960 802 non
977 782 1037 802 esse
1053 773 1206 807 dicendum,
1230 776 1353 810 quamvis
1372 775 1497 802 nonnulla
1519 775 1603 810 possit
1617 775 1720 802 ratione
1734 773 1850 801 defendi.
1866 783 1876 800 ι

271 819 350 847 “alio
362 825 450 846 autem
463 827 512 846 cur
523 820 580 847 haec
595 821 676 848 verba
695 822 883 856 reprehendat,
903 822 972 850 hanc
987 823 1042 857 ipse
1058 822 1156 849 ibidem
1173 821 1251 850 ail'ert
1273 831 1279 849 :
1303 831 1312 848 ι
1325 820 1381 850 Non
1397 823 1474 850 video
1487 827 1575 849 utrum
1596 826 1668 848 recte
1686 820 1789 847 dicatur
1803 820 1879 846 homo

269 865 419 893 Dominicus
432 865 477 900 qui
499 871 542 893 est
570 866 700 893 mediator
713 865 758 894 Dei
780 871 807 893 et
821 866 959 894 hominum
984 867 1064 894 homo
1080 868 1203 895 Christus
1219 867 1315 900 Jesus,
1332 876 1391 895 cum
1407 868 1442 895 sit
1454 868 1546 902 utique
1568 867 1706 894 Dominus.
1725 865 1863 893 Dominicl'

268 918 359 941 autem
373 914 453 941 homo
466 914 526 949 quis
550 914 576 941 in
592 913 649 948 ejus
667 919 759 942 sancta
776 914 876 942 familia
894 923 945 942 non
958 919 1045 950 potest
1059 915 1153 942 dici?»
1178 915 1298 951 Denique
1317 916 1458 944 Facundus
1470 913 1672 942 llermianensis
1690 912 1757 939 libro
1775 919 1800 938 xt
1832 920 1879 945 pi.

270 959 425 986 defensione
442 960 521 986 lrium
545 959 734 993 capitulorum,
752 967 777 986 c.
802 960 830 992 2,
847 961 896 987 tria
919 959 975 987 loca
993 968 1027 987 ex
1046 960 1096 988 hac
1119 960 1180 988 iidei
1203 961 1373 995 erpositione
1391 960 1420 988 S.
1441 958 1582 988 Athanasii
1604 957 1716 993 profert,
1734 957 1803 983 inter
1821 963 1880 990 qur

269 1012 340 1032 unus
352 1004 425 1033 locus
439 1010 491 1037 est,
507 1005 551 1032 ubi
575 1006 616 1033 hae
639 1004 702 1040 ipsa:
715 1012 794 1033 voces
816 1006 892 1032 homo
908 1005 1060 1033 Dominicul
1079 1006 1214 1041 leguntur.
1228 1005 1314 1034 Verba
1332 1006 1389 1042 ipsa
1405 1006 1474 1034 infra
1499 1008 1531 1035 ad
1557 1007 1665 1042 propria
1686 1005 1742 1033 loca
1767 1005 1793 1031 in
1811 1003 1880 1032 notis

271 1049 422 1078 ali‘eremus.
437 1051 473 1078 Ex
497 1051 538 1079 his
555 1051 635 1086 igitur
653 1052 763 1081 evidens
786 1057 828 1080 est
850 1053 923 1080 nullo
949 1053 1028 1081 modo
1049 1061 1129 1088 posse
1155 1055 1182 1081 iu
1206 1054 1315 1081 dubium
1343 1055 1474 1087 revocari,
1499 1060 1588 1082 utrum
1609 1055 1638 1082 S.
1667 1054 1830 1082 Athanasius
1846 1053 1880 1081 sit

271 1103 365 1126 auctor
382 1097 461 1133 hujus
486 1099 660 1134 expositionis
675 1100 746 1128 fidei.
762 1100 815 1128 Nec
830 1108 894 1128 vero
909 1101 965 1128 hac
989 1100 1088 1129 locutio
1105 1102 1130 1128 iu
1150 1101 1298 1128 Athanasio
1310 1101 1441 1136 culpanda
1459 1105 1516 1134 est,
1533 1108 1612 1135 quam
1633 1107 1730 1134 nempe
1755 1099 1823 1134 ipse,
1849 1106 1880 1126 at

275 1148 335 1178 post
349 1152 409 1171 eum
424 1145 586 1179 Epiphanius
602 1146 628 1173 in
641 1147 782 1180 Ancoralo,
802 1146 816 1183 ᾗ
835 1147 880 1180 95,
894 1151 921 1174 et
942 1147 1088 1175 Cassianus
1107 1147 1203 1175 Collat.
1221 1154 1292 1180 xt,c.
1313 1147 1358 1179 15,
1377 1152 1410 1175 et'
1418 1147 1455 1174 De
1471 1147 1651 1174 incarnatione
1667 1145 1712 1172 lib.
1728 1153 1755 1177 ν,
1771 1153 1795 1172 c.
1810 1145 1837 1178 5,
1855 1149 1880 1171 ei

273 1192 323 1220 lib.
340 1201 364 1219 tu
376 1213 383 1224 ,
407 1201 433 1221 c.
458 1193 503 1226 22,
520 1193 643 1228 forleque
659 1195 703 1222 alii
715 1195 847 1223 catholice
865 1199 1028 1230 usurparunt
1047 1203 1053 1221 :
1074 1196 1144 1222 unde
1159 1195 1216 1230 ipse
1229 1195 1401 1230 Augustinus,
1418 1195 1462 1229 qui
1476 1202 1535 1221 eam
1550 1192 1696 1226 redarguit,
1713 1197 1740 1218 Ill
1755 1191 1881 1224 vidimus.

274 1240 399 1267 nonnulla
424 1246 512 1269 tamen
526 1249 605 1277 posse
619 1243 722 1271 ratione
737 1243 842 1270 defendi
861 1242 968 1270 fatetur.
985 1242 1016 1270 Hi
1037 1242 1140 1270 scilicet
1158 1249 1226 1277 quos
1244 1243 1323 1270 modo
1347 1242 1566 1272 memoravimus,
1583 1247 1631 1275 per
1644 1239 1774 1266 hominem
1793 1237 1869 1264 Domi

271 1285 362 1312 nicum
375 1287 442 1314 nihil
459 1288 530 1315 aliud
547 1289 708 1324 intelligunt,
721 1297 801 1324 quam
817 1290 962 1316 humanam
976 1287 1074 1315 Christi
1091 1292 1226 1320 naturam,
1240 1287 1467 1322 quemadmodum
1487 1291 1562 1314 certe
1574 1294 1634 1314 cum
1659 1286 1739 1313 iidem
1760 1289 1787 1311 et
1807 1283 1852 1310 alii
1866 1290 1882 1310 e

271 1328 396 1358 Patribus
412 1331 538 1360 hominem
557 1341 571 1360 a
593 1333 680 1362 Verbo
703 1340 870 1369 assumptum
894 1339 948 1361 tant
969 1334 1065 1361 crebro
1091 1333 1203 1366 dicunt,
1225 1334 1368 1360 humanam
1396 1337 1499 1360 tantum
1527 1338 1650 1360 naturam
1675 1331 1816 1362 iudicant,
1830 1338 1882 1357 non

274 1375 427 1404 distinctam
441 1385 594 1413 personam.
608 1379 678 1408 Hinc
692 1380 875 1409 Cassianusin
887 1381 930 1407 his
947 1379 1013 1414 ipsis
1025 1379 1101 1412 locis,
1117 1379 1162 1408 ubi
1178 1378 1332 1408 Nestorium
1352 1379 1419 1406 duas
1436 1379 1462 1406 iu
1479 1378 1588 1407 Christo
1607 1385 1738 1413 personas
1752 1376 1882 1404 inducen-

272 1427 327 1452 tem
340 1425 452 1459 refellit,
469 1426 565 1455 iisdem
582 1427 637 1456 illis
652 1428 764 1456 vocibus
777 1428 814 1456 uti
829 1428 939 1455 minime
956 1426 1066 1462 refugit.

619 1581 751 1626 ,ΤΟΥ
781 1583 852 1625 ΕΝ
879 1581 1060 1626 ΑΓΙΟΙΣ
1095 1582 1310 1626 ΗΑΤΡΟΣ
1346 1582 1509 1627 ΗΜΩΝ

834 1679 1323 1749 ΑΘΑΝΑΣΙΟΥ
1375 1752 1380 1756 ,
1680 1735 1689 1745 .

461 1802 1100 1862 ΑΡΧΙΕΠΙΣΚΟΠΟΥ
1126 1798 1696 1862 ΑΛΕΞΑΝΔΡΕΙΑΣ

521 1916 1013 2004 ΕΚΘΕΣΙΣ
1053 1914 1633 2003 ΠΙΣΤΕΩΣ(²⁵).

715 2144 780 2243 ξ.
814 2145 881 2206 Ρ.
914 2145 987 2206 Ν.
1020 2142 1454 2209 ATHANASII

555 2269 1095 2317 ARCHIEPISCOPI
1142 2270 1612 2316 ALEXANDRUE

767 2363 1394 2435 EXPOSITIO'FIDEI.

314 2565 368 2602 79
387 2565 409 2592 ι.
424 2563 565 2592 Credimus
592 2563 619 2590 in
640 2571 723 2591 unum
747 2570 797 2590 non
811 2562 931 2598 genitum
960 2561 1054 2594 Deum,
1072 2566 1094 2594 Α

1089 2581 1094 2594 ι
1144 2563 1169 2590 1.
1187 2564 1353 2600 Πιστεύομεν
1374 2565 1415 2597 εἰς
1434 2565 1481 2592 ἕνα
1506 2565 1652 2600 ἀγέννητον
1680 2565 1755 2597 Θεὸν,
1785 2566 1893 2602 Πατέρα

278 2612 386 2641 Patrem
401 2612 625 2646 omnipotentem,
645 2610 766 2637 omnium
791 2610 946 2638 ciiectorem
960 2610 1055 2637 visibi-

1108 2608 1325 2644 παντοκράτορα,
1344 2609 1452 2636 πάντων
1464 2610 1578 2646 ποιητὴν
1591 2610 1694 2646 ὁρατῶν
1708 2620 1737 2637 τε
1752 2612 1798 2638 καὶ
1812 2612 1891 2647 ἀορά-

278 2659 342 2687 liutu
356 2664 383 2686 et
395 2658 579 2689 iuvisibilium,
595 2657 641 2692 qui
655 2665 670 2684 τι
686 2664 715 2684 se
729 2657 786 2692 ipso
801 2657 882 2684 habet
901 2661 930 2684 ut
949 2657 1002 2683 sit:
1029 2660 1057 2683 et

1107 2662 1170 2687 των,
1184 2654 1229 2680 τὸν
1240 2654 1334 2690 ἔχοντα
1350 2656 1396 2690 ἀφ’
1413 2656 1508 2685 ἑαυτοῦ
1519 2657 1548 2683 τὺ
1561 2655 1630 2683 εἶναι
1640 2666 1646 2672 ·
1669 2658 1714 2684 καὶ
1731 2659 1770 2690 εις
1787 2658 1833 2685 ἕνα
1848 2667 1889 2693 μο-

277 2705 305 2732 in
322 2712 402 2731 unum
428 2704 594 2738 unigenitum
612 2703 739 2736 Verbum,
752 2702 929 2737 Sapientiam,
942 2698 1054 2734 Filium,

1107 2700 1203 2735 νογενῆ
1221 2701 1316 2735 Λόγον,
1329 2702 1440 2737 Σοφίαν,
1453 2703 1526 2737 Υἰὸν,
1542 2705 1574 2730 ἐκ
1589 2703 1636 2730 τοῦ
1652 2704 1756 2740 [ἰατρὸς
1769 2704 1893 2740 ἀνάρχως

315 2784 337 2799 ³³
353 2783 431 2810 Joan.
458 2791 485 2815 ι,
499 2783 542 2810 l7.

314 2839 370 2874 (25)
387 2840 522 2874 δίψιοι-η’
535 2840 580 2867 τοῦ
609 2838 822 2874 15:95_51035t;
848 2840 974 2871 πίστεως.
1004 2840 1114 2876 Regius,

1091 2847 1114 2874 s,
1128 2838 1174 2865 τοῦ
1203 2837 1284 2865 αὐταῦ
1313 2837 1420 2869 ἔκθεσις
1457 2837 1576 2872 μεγάλου
1593 2836 1751 2863 Ἀθανασίθυ
1766 2835 1892 2869 πίστεως.
