2037 3044
231 128 285 157 2ῧ7

525 131 553 159 S.
576 131 759 161 ATHANASII
779 134 854 163 OPI’.
874 135 963 164 PARS
982 137 1002 163 Ι.

1056 152 1057 155 η
1077 137 1261 165 HISTORICA
1282 137 1326 164 ET
1345 137 1551 167 DOGMATICA.

1789 140 1841 168 208

232 186 301 215 int-la
320 193 347 215 et
360 194 447 217 creata
460 195 502 217 est
516 198 623 225 corpus,
643 192 713 226 quod
729 198 837 228 propter
853 201 902 220 nos
918 199 1005 227 gesta-

1059 195 1204 229 ἐγεννήθη
1220 195 1300 230 ἡμῖν,
1314 196 1351 228 ὥς
1368 205 1449 231 φησιν
1467 197 1482 222 ὁ
1498 196 1612 229 Παῦλος,
1629 197 1687 224 ἀπὸ
1701 197 1774 224 Θεοῦ
1791 206 1843 224 σος

232 235 268 261 vit
289 236 512 269 Dotninus,0uod
529 238 643 271 genitum
657 238 729 265 nobis
741 243 789 270 est,
802 244 829 265 ut
845 239 882 266 ait.
901 239 1009 272 Paulus,

229 289 246 307 α
264 280 316 307 Deo
331 282 460 315 sapientia
475 287 498 309 et
513 283 688 316 sanctiﬁcatio
707 290 730 311 et
747 285 852 319 justitin
868 292 892 312 et
909 288 1010 313 redem-

227 328 280 362 ptio
290 327 327 360 ";
339 328 461 362 quamvis
477 334 538 356 ante
551 337 600 357 nos
612 336 691 365 atqtte
709 339 763 358 rem
777 333 923 366 quamlibet
935 342 1009 360 crea-

229 377 281 399 lam
300 379 328 400 et
344 373 426 401 fuerit
445 380 472 402 et
486 375 521 402 sit
536 374 662 409 Verbum,
690 376 780 404 Patris
796 378 925 412 sapientia
942 379 1008 414 (51).

229 419 347 447 Sanetus
364 425 454 447 autem
472 421 590 456 Spiritus
603 422 649 458 qui
666 430 680 449 a
693 422 772 450 Patre
786 424 917 457 procedit.
935 431 1006 450 sem-

228 473 276 499 per
301 470 343 492 est
368 466 395 493 in
422 468 547 495 manibus
568 467 657 496 Patris
685 469 827 501 mittentis,
848 474 875 497 et
896 469 1008 497 ferentis

226 511 298 544 Filii,
315 520 362 547 per
378 521 456 547 quem
475 514 578 541 scilicet
593 515 682 541 omnia
696 515 818 549 replevit.
833 515 914 542 Pater
927 515 1008 550 igitur

226 558 271 591 qui
287 565 319 584 ex
333 559 420 592 seipso
435 567 505 590 esse,
521 564 549 586 ut
564 560 599 587 ita
615 560 720 594 loquar.
739 561 870 594 continuet,
896 560 1005 593 Filium,

226 605 263 631 nti
283 604 411 635 diximus.
431 606 531 640 genuit,
548 614 601 633 non
615 607 730 637 creavit,
748 615 801 633 tton
819 614 898 634 secus
913 613 944 633 ac
958 606 1007 632 llu-

224 651 298 676 vium
320 658 354 677 ex
380 650 464 682 fonte,
487 659 596 686 germen
620 660 653 679 ex
675 653 776 684 radice,
793 657 820 680 et
836 653 1004 687 splendorem

223 703 257 721 ex
276 695 344 726 luce,
361 703 421 730 quze
441 697 576 723 individua
591 705 661 729 esse,
678 703 773 725 natura
794 699 850 732 ipsa
873 698 1003 732 agnoscit.

223 740 276 768 Per
291 742 378 775 ipsum
393 746 482 769 autem
503 743 538 770 sit
563 742 637 769 Patri
659 742 754 777 gloria,
771 748 892 777 potestas
906 749 932 769 et
950 751 1006 769 ma-

1059 241 1113 274 φία
1129 241 1176 266 καὶ
1193 241 1337 275 ἁγιασμὸς
1349 242 1396 268 καὶ
1409 241 1584 276 δικαιοσύνη
1607 243 1654 269 καὶ
1672 243 1841 276 ἀπολύτρω-

1059 294 1108 318 σις
1119 294 1126 300 ·
1143 286 1243 321 καίπερ
1257 286 1309 322 πρὸ
1321 286 1398 321 ἡμῶν
1413 287 1459 313 καὶ
1472 287 1561 322 πάσης
1575 286 1686 318 κτίσεως
1702 286 1781 321 σοφία
1794 287 1840 313 τοῦ

1060 330 1164 365 Πατρός
1190 328 1224 365 ἦν
1241 331 1255 356 ὁ
1274 331 1358 364 Λόγος
1374 331 1420 356 καὶ
1436 331 1504 356 ἔστι.
1537 331 1572 356 Τὸ
1586 330 1614 357 δὲ
1627 331 1702 364 ἅγιον
1717 331 1839 366 Πνεῦμα,

1058 375 1214 410 ἐκπόρευμα
1228 375 1256 401 ὃν
1266 376 1312 402 τοῦ
1324 376 1440 411 Πατρὺς.
1454 376 1496 402 ἀεί
1507 377 1578 402 ἐστιν
1593 377 1621 402 ὲν
1635 377 1693 407 ταῖς
1705 376 1781 412 χερσὶ
1792 376 1839 402 τοῦ

1058 421 1212 456 πέμποντος
1224 422 1329 457 Ila-.95;
1346 423 1392 448 καὶ
1422 422 1469 448 τοῦ
1495 423 1621 458 φέροντος
1649 422 1713 448 Tia-Tt
1726 442 1733 453 ,
1757 422 1789 449 δι’
1808 420 1838 450 οὗ

1057 466 1199 502 ἐπλήρωσε
1215 466 1248 493 τὰ
1266 468 1361 494 πάντα.
1379 468 1407 493 Ὀ
1423 468 1526 503 Πατὴρ,
1541 467 1657 502 συνέχων
1669 467 1723 503 (52)
1734 467 1762 500 ἐξ
1780 469 1839 494 ἐαυ-

1057 512 1103 538 τοῦ
1115 513 1146 539 τὸ
1156 511 1233 545 εἶναι,
1251 513 1377 549 ἐγέννησε
1392 514 1438 540 τὸν
1454 513 1527 543 Υἱὸν,
1548 514 1585 545 ὡς
1602 513 1715 549 ἔφαμεν,
1727 514 1773 540 καὶ
1789 514 1838 540 οὐκ

1057 558 1172 591 ἔκτισεν,
1189 559 1226 590 ὡς
1241 560 1360 595 ποταμὸν
1373 560 1426 586 ἀπὸ
1438 561 1538 596 πηγῆς,
1551 559 1596 585 καὶ
1612 559 1649 591 ὡς
1661 559 1772 594 βλαστὸν
1785 559 1837 585 ἀπὸ

1076 604 1144 640 ἔζης,
1175 605 1222 631 καὶ
1252 606 1289 638 ὼς
1316 605 1485 641 ἀπαύγασμα
1514 605 1567 632 ἀπὸ
1583 606 1679 640 φωτὸς,
1701 605 1719 632 ἃ.
1735 602 1802 631 οἶδεν
1819 605 1836 640 ἠ

1056 651 1136 685 φύσις
1151 651 1303 686 ἀδιαίρετα·
1320 652 1352 678 δι’
1373 649 1404 678 οὗ
1420 651 1457 687 τῷ
1470 652 1556 687 lla-rp).
1571 651 1643 684 δὸξα,
1661 651 1769 685 κράτος,
1789 659 1837 686 με·

1055 697 1188 732 γαλοσύνη
1206 698 1258 733 πρὸ
1274 697 1380 724 πάντων
1395 697 1448 724 τῶν
1461 698 1564 724 αἰώνων
1581 697 1652 731 (53),
1666 697 1761 728 misi;
1775 696 1837 728 τοὺς

1057 743 1217 778 σύμπαντας
1231 743 1330 776 αἰῶνας
1346 743 1400 770 τῶν
1412 744 1526 770 αξώνων.
1546 743 1641 778 Ἀμήν.

224 787 308 822 iestas
330 793 392 815 ante
416 789 506 816 omnia
531 789 639 823 siccula,
653 795 680 817 et
696 790 721 816 itt
738 791 828 817 omnia
843 790 939 817 saacnla
957 798 1005 818 sa:—

224 834 358 863 culorum.
376 835 461 863 Amen

598 982 840 1014 ADMONITIO
863 983 912 1014 IN
926 983 1185 1020 SEQUENTEM
1203 984 1463 1016 TRACTATL’M.

258 1145 287 1173 In
303 1144 430 1173 Tractatu
445 1143 567 1178 sequenti
585 1150 694 1177 pravam
711 1142 817 1170 Eusebii
833 1143 1099 1177 Eusebianorumque
1113 1143 1361 1177 interpretationem
1381 1144 1406 1170 in
1428 1144 1484 1172 lucc
1502 1144 1601 1172 Christi
1621 1145 1724 1172 Domini
1742 1146 1837 1180 verba,

225 1192 320 1220 Ontnia
335 1192 397 1218 mihi
415 1191 512 1218 tradita
526 1195 584 1217 sunt
599 1198 616 1216 a
635 1189 715 1216 Patre
728 1197 784 1216 meo
797 1189 829 1223 ",
853 1189 951 1217 refellit
964 1195 1073 1217 sanctus
1093 1190 1271 1217 Athanasius.
1298 1190 1335 1217 llli
1360 1190 1432 1217 enim
1455 1198 1487 1217 ex
1509 1190 1550 1217 bis
1566 1191 1655 1218 verbis
1678 1191 1773 1218 Filium
1788 1191 1839 1218 Dei

223 1245 274 1265 nec
288 1243 418 1265 aeternum
435 1245 483 1264 neu:
502 1245 534 1264 ex
552 1237 632 1265 Patre
645 1244 705 1264 esse
719 1237 916 1264 concludebant
932 1246 941 1265 :
968 1237 1015 1265 sed
1039 1237 1133 1264 falsam
1152 1238 1340 1265 hmreticorum
1357 1241 1611 1265 commentationem
1638 1247 1697 1266 esse
1718 1240 1836 1267 ostendit

222 1289 335 1312 satietas
351 1285 456 1316 doctor,
473 1290 522 1311 nec
539 1284 596 1311 haec
613 1283 692 1310 verba
708 1290 788 1318 posse
803 1283 928 1318 intelligi,
945 1283 996 1310 nisi
1012 1283 1045 1310 de
1061 1283 1142 1310 Verbi
1166 1284 1249 1310 divini
1277 1284 1471 1316 incarnatione,
1500 1285 1526 1311 in
1553 1292 1604 1319 qua
1620 1285 1725 1312 scilicet
1741 1286 1835 1312 imma-

223 1338 287 1357 tnun
304 1338 388 1365 genus
404 1336 515 1364 peccato
528 1329 608 1365 primi
625 1331 744 1364 parentis
760 1329 910 1357 sauciatutn
935 1334 961 1356 et
981 1333 1148 1363 corruptum,
1168 1330 1206 1356 illi
1226 1333 1256 1356 ut
1277 1330 1390 1360 medii-0.
1418 1334 1446 1356 nt
1471 1330 1543 1362 vine,
1563 1335 1592 1357 ut
1612 1331 1674 1363 luci,
1691 1335 1719 1356 ιιι
1738 1330 1835 1357 rationi

222 1379 373 1405 sanandum
392 1379 519 1405 traditum
535 1384 587 1410 est,
601 1382 630 1404 ut
648 1378 774 1404 nimirum
789 1377 1017 1412 quemadmodum
1032 1378 1124 1404 omnia
1139 1384 1186 1412 per
1205 1378 1290 1410 ipsum
1305 1377 1376 1404 facta
1392 1376 1510 1408 fuerant,
1525 1376 1565 1402 sic
1585 1377 1611 1402 in
1627 1376 1685 1410 ipso
1698 1376 1833 1402 instaura-

222 1431 317 1452 rentur
341 1433 372 1453 ac
393 1426 580 1453 reﬁcerentur.
600 1426 696 1453 Postea
711 1426 833 1460 ejusdem
851 1425 930 1452 Verbi
945 1433 1005 1452 cum
1021 1424 1103 1451 Patre
1125 1425 1255 1452 unitatem
1270 1425 1366 1459 prohat
1385 1431 1415 1450 cx
1436 1424 1478 1450 his
1494 1423 1583 1450 verbis
1595 1422 1707 1449 Joannis
1720 1430 1774 1453 xvr,
1790 1422 1835 1453 l5,

223 1471 318 1498 Omnia
337 1479 497 1506 qua’cunque
512 1471 588 1498 habet
607 1471 695 1504 Pater,
718 1481 776 1498 mea
791 1476 851 1498 sunt
865 1479 874 1498 :
891 1471 953 1498 inde
968 1471 1041 1498 enitn
1062 1472 1137 1506 sequi
1165 1471 1270 1502 omnia,
1291 1478 1350 1505 qnze
1367 1476 1430 1496 sunt
1456 1470 1482 1496 in
1507 1469 1597 1500 Patre,
1613 1475 1672 1495 csse
1688 1475 1793 1502 quoque
1807 1467 1834 1494 in

222 1518 309 1546 Filio:
324 1525 356 1545 ac
369 1518 483 1553 proinde
499 1525 559 1545 cum
574 1523 690 1546 :eternus
704 1519 740 1546 sit
755 1519 842 1551 Pater,
855 1523 984 1546 atternum
1001 1526 1107 1553 quoque
1123 1526 1181 1546 esse
1198 1518 1292 1545 Filium
1309 1527 1315 1544 :
1332 1522 1359 1545 et
1384 1522 1413 1544 ut
1431 1518 1463 1545 de
1480 1516 1558 1543 Patre
1582 1525 1634 1544 non
1659 1520 1744 1551 potest
1771 1515 1835 1546 dici,

221 1564 272 1591 fuit
294 1564 438 1598 aliquando
463 1568 569 1597 tempus
589 1571 648 1590 eum
667 1571 718 1590 non
731 1569 814 1595 esset,
830 1564 871 1590 vel
889 1571 922 1590 ex
939 1563 1032 1596 nihilo,
1051 1564 1087 1590 ita
1101 1571 1151 1591 nec
1173 1564 1229 1591 hzec
1250 1563 1282 1590 de
1304 1562 1373 1590 Filio
1397 1562 1436 1590 fas
1452 1570 1513 1590 esse
1527 1563 1668 1596 suspicari.
1686 1561 1835 1588 Addit-Do-

221 1611 324 1639 minum
339 1617 417 1638 caute
435 1610 546 1642 dixisse,
559 1619 718 1646 quacunque
733 1612 809 1637 habet
829 1610 920 1641 Pater.
938 1618 972 1638 ne
992 1610 1117 1638 videlicet
1142 1611 1212 1646 ipse,
1230 1611 1310 1638 Pater
1331 1618 1391 1638 esse
1413 1611 1580 1643 crederetur,
1606 1615 1686 1643 atque
1704 1609 1772 1636 adeo
1791 1609 1834 1636 his

222 1658 303 1685 etiam
320 1659 411 1686 verbis
425 1657 535 1686 Sabellii
550 1665 671 1685 errorem
689 1656 833 1684 manifeste
849 1658 946 1684 everti.
961 1657 1103 1685 Postremo
1118 1658 1190 1685 aliud
1205 1658 1365 1685 Arianorum
1378 1661 1558 1684 commentum
1575 1655 1696 1682 dissolvit
1713 1655 1834 1681 Athana-

222 1703 290 1731 sius.
303 1704 342 1731 llli
363 1713 460 1740 nempe
475 1709 505 1733 ut
519 1712 594 1733 suam
616 1705 741 1733 hazresint
761 1705 927 1737 stabilirent,
941 1706 1077 1741 ﬁngebant
1092 1707 1231 1734 cherubim
1249 1711 1276 1734 et
1289 1707 1425 1740 seraphim
1441 1710 1481 1732 ter
1494 1712 1585 1732 vocem
1604 1703 1716 1731 Sanctus
1730 1703 1836 1730 diverse

221 1751 352 1786 proferre,
373 1753 458 1787 prima
471 1753 575 1780 scilicet
589 1753 659 1784 vice,
677 1759 773 1788 magna
787 1759 863 1785 voce,
877 1757 906 1780 ut
923 1753 1063 1780 Dominum
1077 1753 1229 1781 indicarent
1242 1763 1249 1787 ;
1269 1755 1384 1781 secunda
1396 1753 1483 1780 minus
1498 1751 1580 1781 clara,
1597 1754 1625 1776 ut
1643 1749 1833 1783 subjectioncm

225 1799 342 1834 aliquam
361 1799 565 1835 signiﬁcarent,
582 1803 698 1837 denique
726 1803 808 1830 tertia
826 1803 896 1835 vice.
914 1809 980 1831 voce
1001 1803 1145 1836 submissa,
1171 1809 1200 1831 ut
1225 1803 1380 1831 inferiorem
1406 1800 1494 1828 adhuc
1516 1798 1639 1826 ordinem
1665 1798 1836 1825 denotat-ent.

224 1845 324 1874 Verum
342 1847 411 1875 Itane
438 1848 686 1882 interpretationem
711 1849 922 1875 rommentitiam
947 1855 1007 1876 esse
1031 1850 1165 1877 convincit
1193 1855 1302 1877 sanctus
1318 1849 1422 1879 doctor,
1443 1846 1572 1878 docetque
1595 1843 1665 1869 trina
1696 1842 1738 1868 illa
1760 1842 1835 1869 νθείε

223 1890 339 1918 Sanctus
354 1891 512 1920 iterationes
527 1898 582 1920 tres
600 1893 736 1926 perfectas
751 1893 930 1919 sanctissima:
945 1892 1086 1921 Trinitatis
1099 1895 1258 1929 hypostases
1276 1893 1434 1929 signiﬁcari.
1449 1897 1500 1918 una
1521 1893 1608 1915 autem
1623 1888 1696 1914 V0039
1711 1887 1836 1914 Dominus

222 1937 440 1971 pronuntiatione
453 1945 534 1965 unam
548 1937 666 1972 ejusdem
683 1937 820 1972 designari
835 1937 1023 1964 substantiam.
1039 1938 1123 1966 Porro
1140 1940 1195 1966 haec
1208 1939 1300 1966 eadem
1311 1939 1378 1969 loca,
1395 1936 1489 1964 Omnia
1504 1933 1567 1960 mihi
1581 1934 1677 1960 tradita
1685 1933 1740 1968 82
1748 1939 1808 1960 sunt
1818 1942 1836 1961 ιι

222 1981 314 2014 Patre,
334 1987 373 2014 et,
389 1983 477 2009 omnia
495 1990 655 2017 qna-cunque
675 1983 752 2008 habet
768 1981 858 2016 Pater,
872 1989 929 2009 mea
942 1987 1011 2014 sunt,
1027 1983 1120 2010 eodem
1139 1990 1217 2010 sensu
1232 1983 1378 2016 iisdemque
1391 1981 1446 2008 fere
1459 1981 1548 2008 verbis
1568 1981 1683 2015 explicat
1703 1980 1831 2007 Oratione

223 2030 313 2061 tertia,
327 2029 392 2056 alias
406 2034 511 2064 quarta,
526 2033 619 2056 contra
633 2028 759 2056 Arianos.

259 2075 296 2103 De
312 2081 432 2111 tempore
447 2083 500 2111 quo
519 2071 634 2110 scriptus
653 2077 688 2104 sit
710 2077 761 2104 iste
777 2080 920 2107 tractatus,
937 2076 989 2104 hoc
1003 2084 1084 2102 unum
1104 2081 1208 2103 certum
1224 2075 1364 2107 habemus,
1379 2080 1441 2102 ante
1454 2075 1556 2102 obitum
1578 2073 1684 2101 Eusebii
1709 2072 1833 2100 Nicome-

223 2125 334 2155 diensis,
361 2125 386 2152 id
410 2129 450 2152 est
467 2129 528 2152 ante
552 2132 652 2152 annum
668 2125 720 2153 543
733 2125 817 2152 fuisse
837 2125 1038 2159 compositum:
1060 2124 1192 2159 siquidem
1213 2132 1245 2152 eo
1264 2124 1352 2151 adhuc
1364 2125 1469 2151 vivente
1483 2129 1542 2156 esse
1556 2121 1657 2148 editutn
1679 2124 1783 2146 constat
1798 2127 1833 2147 ex

223 2173 281 2207 ipso
295 2172 418 2200 exordio.
431 2172 470 2199 An
487 2172 550 2199 item
564 2172 668 2207 integer
680 2173 725 2205 sit.
742 2172 811 2200 forte
821 2172 977 2207 possitquis
1000 2172 1028 2199 in
1050 2172 1161 2199 dubium
1180 2179 1278 2199 vocare
1298 2179 1331 2199 ex
1355 2171 1396 2199 his
1415 2169 1509 2206 primis
1536 2167 1635 2199 verbis,
1650 2167 1697 2194 καὶ
1712 2166 1791 2194 τοῦτο
1802 2167 1835 2194 οὐ

221 2219 379 2255 νοήσαντες,
399 2223 466 2250 etc.,
482 2225 543 2253 quae
559 2218 697 2250 nimirum,
713 2217 765 2245 alia
784 2217 906 2252 quadam
919 2217 974 2252 jam
989 2217 1127 2252 praemissa
1140 2217 1264 2244 videntur
1287 2223 1447 2250 supponere.
1471 2217 1603 2244 Praeterea
1626 2216 1711 2250 prima
1727 2219 1830 2242 tantum

220 2272 283 2299 pars
297 2264 348 2292 loci
364 2264 493 2299 propositi
509 2265 553 2292 hic
567 2265 727 2299 explicatur,
740 2263 862 2298 nihilque
877 2263 987 2291 omnino
1004 2263 1102 2290 dicitur
1121 2263 1155 2290 de
1168 2263 1219 2290 alia
1235 2263 1354 2297 ejusdem
1375 2268 1461 2297 parte,
1478 2264 1600 2299 quamvis
1621 2268 1692 2290 totus
1710 2263 1785 2290 locus
1805 2262 1831 2288 in

220 2309 297 2337 titulo
312 2309 394 2337 veluti
412 2310 587 2345 explicandus
601 2315 774 2346 proponatur.
786 2310 884 2338 Verum
905 2309 938 2337 ad
951 2310 1006 2336 [nec
1020 2310 1178 2344 responderi
1193 2315 1281 2344 potest
1295 2310 1382 2344 ipsum
1396 2318 1427 2337 es
1443 2310 1587 2344 Evangelii)
1602 2308 1717 2336 Matthxi
1731 2308 1831 2341 iocum,

219 2365 301 2392 quem
316 2360 504 2392 exponendum
519 2360 632 2394 suscipit
646 2363 754 2386 sanctus
772 2358 947 2390 Athanasius,
965 2358 1050 2385 instar
1073 2357 1177 2385 exordii
1192 2365 1262 2388 esse,
1277 2365 1309 2384 ac
1319 2358 1430 2392 proinde
1443 2365 1502 2385 eum
1518 2362 1592 2384 recte
1609 2357 1728 2384 exordiri
1745 2360 1773 2382 ut
1789 2355 1834 2383 hic

220 2404 355 2432 habetur:
372 2406 469 2433 deinde
487 2407 622 2441 integrum
642 2408 702 2434 licet
716 2408 740 2434 in
756 2407 832 2434 titulo
845 2407 934 2434 locum
949 2406 1083 2440 retulerit,
1098 2407 1160 2441 quia
1186 2414 1281 2441 nempe
1299 2411 1382 2433 totum
1406 2407 1431 2432 id
1449 2411 1507 2434 erat
1522 2405 1679 2440 capitulum,
1703 2411 1754 2431 non
1774 2403 1836 2430 inde

221 2455 310 2478 tamen
331 2451 406 2486 sequi
432 2457 516 2479 totum
539 2461 646 2488 quoque
665 2454 792 2480 debuisse
813 2453 962 2487 explicare.
983 2451 1051 2479 Hinc
1071 2452 1130 2486 ipse
1145 2453 1171 2479 itt
1187 2452 1300 2479 exordio
1314 2451 1398 2479 solam
1421 2452 1534 2486 primam
1552 2454 1654 2484 partetn
1675 2449 1726 2477 sibi
1742 2454 1836 2477 contra

219 2497 336 2525 Arianos
345 2498 532 2533 explicandam
547 2500 668 2528 assumit.

521 2609 553 2636 ΙΝ
575 2609 676 2638 ILLUD
691 2620 698 2637 :
1020 2618 1042 2646 Β

220 2655 318 2682 Umnia
336 2656 399 2682 nti/ti
412 2656 510 2682 tradita
529 2660 589 2682 sunt
603 2664 619 2682 α
638 2655 716 2682 Putre
729 2664 797 2685 meo.
817 2661 841 2682 et
859 2664 933 2682 nemo
951 2663 998 2682 no-

257 2703 279 2719 ³⁰
292 2703 301 2730 l
315 2704 378 2731 (lor.
395 2711 414 2735 ι,
429 2703 474 2731 50.
513 2703 534 2719 ἰ
547 2703 640 2730 Matth.
657 2711 694 2735 χι,
710 2703 753 2730 27.

246 2750 449 2792 _(5l)._Similia
480 2750 614 2778 habentur
640 2750 666 2776 in
684 2750 796 2784 epistola
813 2749 845 2776 de
866 2749 999 2776 sententia

221 2784 404 2854 "Tigill'i‘eg"
419 2821 433 2846 ὁ
450 2820 579 2855 συνέχων.
603 2819 690 2855 Edilio
704 2819 842 2855 Co-nmclt
851 2824 877 2844 et
895 2818 912 2844 6
932 2825 998 2855 mss.

222 2855 340 2884 Fclckm.
353 2857 479 2883 mendOse
495 2853 603 2888 habent,
616 2854 735 2889 συνέχον.
753 2854 812 2882 Mos
830 2854 952 2888 Segncr.,
962 2853 999 2885 ὡς

1386 2610 1441 2637 ΕΙΣ
1460 2610 1513 2642 ΤΟ,

1386 2610 1406 2636 Ε
1422 2611 1441 2636 Σ
1460 2610 1513 2642 ΤΟ,

1051 2654 1152 2681 Πάντα
1175 2663 1225 2690 μοι
1245 2654 1391 2689 παρεδόθη
1408 2610 1467 2682 ’ἔπτὰ
1494 2654 1546 2682 τοῦ
1565 2654 1679 2688 Πατρός
1694 2661 1767 2688 μου,
1786 2651 1835 2679 καὶ

1054 2746 1293 2821 ἐῗὲξέῗξϐυιιιηςι
1312 2779 1439 2821 'Felrkm.
1469 2779 1645 2821 l_anonym..
1668 2776 1770 2821 ¹κράξίξς
1781 2776 1834 2821 “sic

1052 2810 1114 2848 τοῦς
1125 2810 1232 2848 αἰῶνας.
1254 2815 1347 2851 Ἀμήν.
1363 2815 1391 2842 Ιιι
1408 2814 1459 2842 [ine
1473 2813 1527 2841 τῶν
1543 2810 1646 2841 αἰῶνων
1660 2810 1734 2840 deest
1746 2810 1834 2839 inlic-

1052 2859 1095 2888 ειο
1108 2860 1157 2880 ms.
