2037 3044
283 138 337 166 215

563 140 592 168 S.
612 140 798 168 ATHANASII
821 141 895 169 OPP.
917 140 1008 169 PARS
1026 141 1047 168 1.
1066 156 1101 161 --
1118 140 1304 168 HISTORICA
1323 140 1367 167 ET
1388 138 1596 168 DOGMATICA.

1839 137 1896 166 216

285 199 386 226 dictum
403 203 445 227 est
459 200 548 227 omnia
562 201 631 228 Filio
649 202 747 228 tradita
761 209 822 229 esse
834 210 848 228 a
864 202 956 233 Patre,
976 202 1061 237 ipsum

1116 201 1234 232 νοοῦντες
1249 202 1272 227 οἱ
1288 199 1436 231 δυσσεϐεῖς,
1453 199 1491 230 ὡς
1504 199 1554 226 οὐκ
1569 198 1601 224 ἂν
1622 196 1768 233 χωρισθείη
1785 195 1849 222 ποτὲ
1861 194 1893 222 τὺ

284 244 387 272 idcirco
401 253 452 272 non
467 246 592 273 omnibus
607 248 751 280 praesidere
771 248 916 282 putandum
938 253 988 276 est.
1003 248 1057 276 Ob-

286 294 434 323 struantur.
464 291 584 325 inquam,
612 292 716 320 illorum
740 301 797 326 ora,
822 294 867 328 qui
896 294 1059 328 unigenitum

283 333 329 360 Dei
346 333 452 367 Filium.
467 337 511 370 qui
529 338 636 371 quidem
660 345 692 364 ex
716 343 812 365 natura
839 338 988 366 individuus
1009 344 1060 372 est,

283 380 383 405 audent
399 380 520 408 dividere
540 391 547 408 :
567 390 721 417 quanquam
742 383 828 410 insani
842 384 933 411 verbis
960 389 1061 411 tantum

284 423 417 452 dividant.
430 425 561 454 Nimirum
576 429 649 463 impii
664 436 715 455 non
731 429 884 464 intelligunt
895 429 981 457 lucem
997 430 1062 458 solis

1111 247 1170 282 φῶς
1189 247 1236 274 τοῦ
1259 247 1344 282 ἡλίου,
1360 245 1502 273 ἀλλ’ἕστιν
1526 245 1554 271 ἐν
1577 243 1650 279 αὐτῷ
1672 242 1803 278 φυσικῶς.
1828 240 1893 268 Ἀπὸ

1111 293 1166 328 γὰρ
1188 293 1242 319 τῶν
1267 294 1295 319 ἐν
1311 292 1390 328 χερσὶ
1414 292 1461 318 καὶ
1482 290 1537 325 (74)
1557 289 1678 325 συνήθων
1698 288 1780 315 εικόνι
1800 287 1892 321 πτωχῇ

1113 339 1317 374 χρησαμένους,
1341 338 1372 364 τὸ
1392 336 1533 372 νοούμενον
1562 335 1730 371 παραστῆσαι
1755 332 1793 369 τῷ
1822 332 1894 367 λόγῳ

1113 386 1166 417 δεῖ,
1188 385 1280 421 ἐπειδὴ
1302 384 1437 420 τολμηρὸν
1460 382 1618 419 ἐμϐατεύειν
1644 381 1693 416 τὴν
1717 379 1894 415 ἀπερινόητον

1116 431 1206 467 φύσιν.

287 478 302 497 a
317 471 374 498 sole
386 480 521 506 nunquam
536 481 615 508 posse
634 476 766 509 separari.
789 477 835 503 sed
863 483 969 510 semper
988 477 1146 505 naturaliter
1170 479 1195 504 in
1220 477 1277 504 sole
1305 483 1376 504 esse.
1416 475 1507 503 Liceat
1549 473 1619 501 enim
1645 471 1718 499 tenui
1740 470 1892 505 vulgarium

287 524 378 543 rerum
406 517 525 552 imagine
551 519 576 546 id
600 521 670 554 quod
703 521 877 556 intelligimus
903 523 1066 556 exprimere,
1101 522 1318 558 quandoquidem
1345 520 1433 548 nimia:
1471 518 1630 547 temeritatis
1656 520 1729 545 esset.
1754 521 1893 546 naturam.

286 570 369 598 quam
385 571 464 592 nemo
480 566 643 600 cogitatione
659 572 746 601 potest
768 568 1008 603 comprehendere,
1022 570 1155 597 curiosius
1170 569 1346 604 perscrutari.

320 610 347 638 4.
363 609 589 643 Quemadmodum
609 621 672 648 ergo
685 614 728 641 lux
741 615 816 646 solis,
834 623 893 650 qute
907 617 1062 644 universum

285 655 378 683 orbem
403 657 541 691 illuminat,
556 659 614 686 sine
643 660 700 687 sole
721 661 809 688 lucere
824 662 931 697 intelligi
947 670 998 690 non
1015 670 1062 697 po-

287 706 339 728 test
354 702 387 728 ab
405 703 447 730 his
469 711 564 738 nempe
583 707 627 739 qui
649 713 713 732 sana
735 711 800 733 sunt
818 712 915 739 mente,
936 708 996 741 quia
1018 708 1062 734 lux

289 746 367 778 solis,
380 747 498 780 ejusdem
513 754 614 776 natura:
629 751 702 776 unita
718 755 779 778 est:
796 759 828 778 ac
845 752 956 786 proinde
975 753 997 780 si
1018 753 1061 780 lux

289 791 346 826 ipsa
361 792 482 820 diceret:
498 793 595 828 Accepi
612 802 626 820 a
642 795 698 821 sole
716 800 744 822 ut
758 797 848 822 omnia
872 796 1060 830 illuminarent,

288 844 403 871 meoque
416 838 505 865 calore
522 846 650 872 augerem
667 845 695 867 et
711 841 865 868 roboraretn
883 851 889 868 :
907 849 984 868 nemo
997 843 1062 870 adeo

286 882 384 909 stultus
395 887 467 910 esset
486 888 514 910 ut
530 884 614 910 solem
635 892 649 910 a
666 891 760 912 natura
775 894 834 921 qlia:
849 894 881 913 ex
903 887 960 921 ipso
973 889 1063 914 exori-

289 931 343 958 tur,
359 935 417 961 quae
434 928 559 954 nimirmn
579 929 622 956 lnx
642 930 698 963 ipsa
719 936 770 963 est,
785 932 826 959 bis
841 933 929 960 verbis
945 934 1063 967 separari

289 972 488 1000 arbitraretur:
505 975 539 1000 ita
559 975 684 1003 similiter
707 977 824 1004 divinam
844 977 922 1005 Verbi
939 980 1064 1007 substan-

287 1018 352 1044 tiam
367 1025 415 1045 suo
429 1018 500 1045 Patri
518 1027 550 1046 ex
568 1025 663 1047 natura
686 1022 790 1049 unitam
820 1031 880 1050 esse
902 1031 963 1051 vera
979 1025 1065 1060 pietas

285 1063 361 1098 jubet
386 1064 545 1100 intelligere,
568 1066 605 1093 uti
630 1075 664 1094 ex
689 1068 739 1095 hoc
752 1069 810 1103 ipso
824 1069 883 1097 loco
895 1078 973 1104 quent
987 1072 1064 1099 modo

289 1115 437 1137 tractamus
454 1111 634 1139 clarissimum
659 1118 711 1140 est.
739 1113 877 1148 Siquidem
895 1116 951 1143 haec
969 1116 1064 1144 Salva-

288 1156 356 1183 toris
376 1155 468 1188 verba,
491 1156 587 1183 Omnia
606 1167 766 1194 quwcunque
785 1160 860 1188 habet
888 1161 979 1194 Pater,
1007 1171 1065 1190 mea

290 1207 360 1234 sunt,
374 1209 435 1229 eum
453 1210 512 1229 cum
529 1204 610 1230 Patre
623 1211 730 1239 semper
746 1214 806 1234 esse
819 1208 979 1241 signiﬁcant.
999 1209 1064 1237 Nam

287 1246 328 1274 lue
338 1247 444 1281 quidem
457 1256 547 1281 voces,
558 1257 718 1284 quwcunque
735 1252 824 1283 habet.
841 1253 929 1281 Patris
942 1254 1064 1281 domina-

290 1297 346 1319 tum
371 1293 536 1320 ostendunt:
556 1295 615 1322 ista:
636 1303 710 1328 vero,
731 1305 787 1324 mea
810 1303 882 1330 sunt,
902 1299 1064 1327 individuam

290 1337 431 1371 utriusque
443 1339 570 1366 unionem
586 1339 716 1367 indicant.
732 1341 847 1370 Necesse
858 1348 900 1370 est
920 1344 1002 1378 igitur
1018 1353 1067 1373 nos

290 1382 441 1417 intelligere
463 1385 643 1412 aeternitatem
658 1391 686 1413 et
701 1387 927 1415 immortalitatem
943 1390 969 1416 in
987 1390 1066 1418 Patre

287 1435 366 1455 esse:
385 1436 455 1461 esse,
482 1430 600 1465 inquam,
627 1439 678 1459 non
701 1437 828 1467 tanquam
846 1434 951 1467 aliena,
973 1436 1019 1463 sed
1040 1437 1065 1464 in

1148 617 1175 643 4.
1202 617 1244 648 Ὠς
1263 616 1312 643 οὐκ
1328 615 1361 642 ἂν
1385 614 1473 642 τοίνυν
1492 614 1557 641 ποτε
1572 613 1602 640 τὸ
1628 611 1658 645 ἐξ
1679 611 1754 647 ἡλίου
1771 610 1828 646 φῶς
1845 610 1895 646 τὴν

1112 662 1272 698 οἰκουμένην
1294 662 1468 696 καταλάμπον
1499 661 1581 696 χωρὶς
1605 658 1687 686 αὑτοῦ
1713 657 1894 694 περιλάμπειν

1112 708 1224 735 δυνατὸν
1248 707 1376 743 νοηθῆναι
1403 706 1478 741 παρὰ
1500 708 1556 737 τοῖς
1575 704 1737 741 ἐρρωμένοις
1758 704 1803 730 τὸν
1822 703 1893 735 νοῦν,

1112 753 1203 788 ἐπειδὴ
1217 753 1317 788 ἥνωται
1333 753 1366 788 τῇ
1388 751 1466 786 φύσει
1485 751 1531 777 τοῦ
1548 751 1621 786 ἡλίου
1635 750 1665 776 τὸ
1679 749 1708 781 ἐξ
1723 749 1803 776 αὑτοῦ
1826 748 1894 783 φῶς,

1112 799 1158 824 καὶ
1169 798 1207 829 ὡς
1223 798 1247 824 εἰ
1267 797 1340 831 λέγοι
1354 797 1384 822 τὺ
1399 796 1470 830 φῶς-
1489 796 1580 822 Πάντα
1600 794 1787 830 καταλάμπειν
1801 793 1896 829 παρεί-

1113 844 1185 878 ληφα
1205 843 1279 878 παρὰ
1299 842 1346 868 τοῦ
1371 841 1454 877 ἡλίου,
1477 842 1524 868 καὶ
1548 841 1636 867 πάντα
1657 840 1747 872 αὔξειν
1786 840 1832 867 καὶ
1853 841 1895 865 ὲν-

1115 888 1216 922 ισχύειν
1229 887 1274 914 διὰ
1287 887 1336 922 τῆς
1352 887 1379 912 ὲν
1396 887 1457 921 ἐμοὶ
1472 886 1636 922 Θερμότητος
1646 894 1653 901 ·
1669 886 1698 912 οὑ
1714 885 1837 921 χωρίζειν
1852 894 1895 917 τις

1115 933 1241 968 μεμηνὼς
1269 933 1358 968 νοήσει
1380 932 1430 967 τὴν
1451 931 1496 958 τοῦ
1523 932 1597 967 ἡλίου
1625 931 1771 967 ὀνομασίαν
1793 931 1841 966 τῆς
1866 931 1895 964 ἐξ

1113 978 1194 1005 αὑτοῦ
1212 978 1327 1012 φύσεως,
1341 978 1358 1012 ἦ
1379 978 1436 1004 ἐστι
1456 977 1486 1003 τὺ
1508 977 1577 1011 φῶς·
1603 976 1673 1003 οὕτω
1693 977 1762 1003 νοεῖν
1786 975 1896 1007 εὐσεόᾱ

1113 1025 1161 1052 καὶ
1176 1024 1224 1060 τὴν
1241 1024 1316 1051 θείαν
1333 1024 1425 1050 οὐσίαν
1441 1023 1488 1050 τοῦ
1502 1023 1587 1058 Λόγου
1602 1023 1743 1059 ἡνωμένην
1759 1022 1837 1057 φύσει
1856 1021 1894 1057 τῷ

1114 1069 1208 1096 ἑαυτοῦ
1228 1069 1323 1105 Πατρί.
1345 1069 1400 1096 Καὶ
1418 1068 1472 1104 γὰρ
1489 1068 1517 1095 τὸ
1539 1070 1567 1095 έν
1593 1069 1670 1104 χερσὶ
1687 1068 1767 1104 ῥητὸν
1782 1067 1831 1103 τὴν
1849 1076 1897 1094 σα-

1114 1118 1226 1152 φήνειαν
1248 1116 1360 1149 παρέξει
1382 1115 1429 1142 τοῦ
1462 1115 1624 1151 ζητουμένου
1653 1113 1832 1149 σαφεστάτην,
1855 1113 1896 1140 είς

1114 1161 1209 1192 πόντος
1225 1160 1271 1187 τοῦ
1294 1160 1434 1194 Σωτῆρος·
1452 1159 1562 1191 Πάντα,
1585 1159 1643 1186 ὅσα
1665 1159 1726 1193 ἔχει
1742 1160 1758 1185 ὁ
1782 1157 1894 1191 Πατὴρ,

1113 1206 1170 1241 ἐμά
1185 1207 1277 1238 ἐστιν,
1297 1207 1311 1233 ὂ
1326 1207 1400 1242 δηλοῖ
1423 1205 1503 1233 αὑτὸν
1520 1206 1564 1233 ἀεὶ
1583 1203 1651 1232 εἶναι
1674 1205 1722 1231 σὺν
1739 1203 1777 1239 τῷ
1793 1203 1894 1239 Πατρί-

1114 1253 1144 1279 τδ
1160 1253 1223 1288 γὰρ,
1238 1253 1296 1279 ὅσα
1310 1253 1385 1287 ἔχει,
1404 1253 1453 1288 τὴν
1471 1252 1628 1279 δεσποτείαν
1649 1252 1759 1286 κρατεῖν
1778 1250 1897 1277 δείκνυσι

1114 1299 1160 1325 τὸν
1175 1299 1299 1334 Πατέρα·
1315 1299 1345 1326 τὸ
1359 1300 1396 1330 δὲ,
1414 1298 1470 1332 ἐμά
1493 1299 1569 1330 ἐστι,
1591 1297 1639 1333 τὴν
1660 1296 1809 1333 ἀχώριστον
1832 1296 1898 1322 ἕνω-

1116 1353 1168 1373 σιν.
1187 1345 1303 1379 Ἀνάγκη
1316 1345 1404 1371 τοίνυν
1418 1345 1486 1370 νοεῖν
1502 1344 1575 1379 ἡμᾶς
1592 1344 1632 1370 ὅτι
1656 1343 1729 1369 ἐστιν
1747 1343 1776 1369 ὲν
1790 1341 1827 1376 τῷ
1846 1342 1898 1368 Πα-

1115 1390 1160 1426 τρὶ
1182 1390 1212 1416 τὺ
1233 1390 1325 1422 ἀΐδιον,
1347 1390 1378 1416 τὺ
1392 1389 1508 1420 αἰώνιον,
1524 1389 1553 1415 τὸ
1574 1388 1722 1415 ἀθάνατον·
1741 1387 1797 1414 ἐστι
1817 1387 1845 1414 δὲ
1868 1387 1898 1413 ὲν

1116 1436 1190 1471 αὐτῷ
1205 1435 1252 1470 οὐχ
1268 1436 1305 1467 ὼς
1319 1436 1446 1471 ἀλλότρια
1461 1435 1554 1467 αὑτοῦ,
1567 1434 1623 1461 ἀλλ’
1634 1434 1672 1466 ὡς
1687 1435 1717 1460 ὲν
1732 1435 1805 1469 πηγῇ
1821 1434 1898 1459 ἐστιν

290 1473 347 1507 ipso
363 1478 390 1500 et
411 1475 436 1501 in
455 1475 524 1503 Filio
535 1477 606 1504 velut
632 1478 658 1504 in
681 1477 755 1505 fonte
770 1480 898 1508 residere.
918 1481 983 1508 Cum
1001 1491 1066 1516 ergo

1116 1483 1144 1507 έν
1159 1481 1233 1516 αὺτῷ
1247 1481 1439 1515 ἁναπαυόμενα
1459 1481 1505 1507 καὶ
1524 1482 1552 1507 ὲν
1568 1480 1606 1514 τῷ
1625 1479 1690 1515 Υίῷ.
1708 1480 1790 1506 Ὅταν
1811 1479 1899 1505 τοίνυν

287 1519 322 1545 de
338 1519 406 1546 Filio
423 1521 542 1555 cogitare
559 1522 685 1554 volueris,
701 1524 774 1551 disce
789 1525 863 1558 prius
874 1534 995 1560 quamam
1014 1529 1068 1555 sint

289 1565 315 1591 in
330 1564 384 1600 85
400 1565 491 1599 Patre,
505 1574 591 1600 eaque
608 1569 632 1595 in
644 1568 714 1595 Filio
727 1570 808 1596 etiant
823 1578 882 1598 esse
902 1573 1013 1600 credere
1034 1582 1068 1601 tte

288 1610 404 1638 dubites.
425 1611 517 1647 Itaque
534 1613 555 1640 si
576 1613 656 1641 Pater
675 1623 717 1642 res
737 1620 779 1642 est
798 1622 888 1644 creata
914 1617 955 1644 vel
976 1618 1046 1645 facta
1059 1638 1067 1651 ,

289 1655 347 1683 hmo
374 1665 482 1692 quoque
502 1659 569 1686 Filio
585 1661 700 1688 ascribe.
727 1661 755 1688 Si
778 1663 841 1689 item
858 1663 890 1689 de
909 1662 987 1690 Patre
1004 1664 1069 1691 licet

289 1701 390 1735 dicere,
414 1703 466 1730 fuit
489 1703 631 1738 aliquando
657 1710 760 1741 tempus
780 1715 840 1734 cum
859 1715 911 1735 non
928 1715 1010 1742 esset.
1026 1711 1068 1737 vel

288 1752 328 1774 est
343 1755 377 1774 ex
391 1749 477 1776 nihilo
493 1758 500 1776 :
517 1749 544 1776 id
558 1751 639 1777 etiam
653 1751 686 1779 de
699 1751 766 1779 Filio
786 1753 903 1781 dicatur.
921 1753 967 1781 Sin
979 1759 1067 1783 autem

289 1791 347 1827 haec
362 1792 389 1819 in
401 1793 479 1820 Patre
491 1800 550 1821 esse
563 1795 665 1829 absque
677 1795 816 1830 impietate
830 1797 882 1823 dici
901 1805 953 1824 non
970 1803 1068 1831 potest,

288 1845 319 1865 ea
335 1846 442 1873 quoque
453 1839 523 1867 Filio
537 1841 663 1876 allingere
676 1841 788 1876 impium
811 1850 877 1870 sane
893 1843 985 1871 fuerit.
1004 1844 1069 1878 Quae

288 1884 361 1911 enim
380 1885 468 1913 Patris
484 1892 556 1918 sunt,
572 1887 630 1914 haec
638 1892 666 1914 et
679 1888 711 1914 ad
726 1888 822 1915 Filium
838 1889 984 1923 pertinent.
1002 1890 1068 1917 Nam

288 1930 334 1964 qui
355 1930 451 1958 Filium
476 1932 604 1964 honorat,
626 1932 733 1960 Patrem
746 1934 790 1968 qui
808 1941 868 1961 eum
889 1936 963 1963 misit
979 1936 1067 1963 hono-

290 1979 347 2002 rat:
361 1980 389 2002 et
399 1976 443 2011 qui
464 1977 559 2004 Filium
574 1979 681 2013 recipit,
697 1979 804 2007 Patrem
819 1988 880 2008 cum
894 1982 989 2009 eodem
1001 1983 1069 2010 reci—

289 2021 369 2055 pit”.
379 2021 517 2056 Siquidem
532 2025 577 2058 qui
592 2025 663 2052 videt
672 2025 780 2059 Filium,
790 2027 861 2054 videt
875 2032 902 2055 et
916 2028 1024 2056 Patrem
1034 2029 1068 2056 ".

289 2066 422 2099 Quocirca
441 2073 470 2095 ut
490 2068 572 2096 Pater
596 2078 649 2097 non
673 2076 715 2098 est
729 2080 772 2099 res
791 2077 892 2105 creata,
907 2073 942 2099 ita
959 2081 1008 2101 nec
1024 2074 1070 2101 Fi-

289 2112 360 2146 lius;
383 2118 464 2149 atque
487 2119 516 2142 ut
541 2116 574 2143 de
589 2116 635 2144 illo
648 2117 699 2144 dici
723 2119 825 2152 nequit,
844 2118 894 2146 fuit
914 2120 1068 2154 aliquando,

1118 1525 1182 1561 περὶ
1198 1525 1262 1551 Υίοῦ
1285 1526 1355 1551 νοεῖν
1375 1525 1469 1561 ἐθέλῃς
1488 1525 1542 1560 (75)
1560 1524 1652 1560 μαθὼν
1671 1524 1729 1551 τίνα
1745 1524 1803 1550 ἐστὶ
1820 1524 1853 1550 τὰ
1869 1524 1899 1550 ὲν

1117 1570 1155 1606 τῷ
1171 1572 1265 1606 Πατρὶ,
1288 1570 1374 1598 ταῦτα
1395 1571 1442 1598 καὶ
1459 1573 1487 1598 ὲν
1505 1571 1544 1606 τῷ
1563 1570 1620 1606 Υἱῷ
1642 1568 1710 1597 εἶναι
1732 1569 1851 1596 πίστευε.
1867 1569 1899 1596 Εἰ

1119 1617 1168 1651 μὲν
1186 1614 1232 1643 οὖν
1250 1616 1351 1652 κτίσμα
1364 1617 1438 1643 ἐστὶν
1449 1618 1463 1643 ό
1475 1616 1568 1651 Πατὴρ
1583 1616 1599 1651 ἢ
1615 1616 1728 1650 ποίημα,
1744 1615 1800 1641 ἐστι
1814 1613 1900 1641 ταῦτα

1117 1662 1165 1688 καὶ
1180 1662 1208 1688 ὲν
1224 1661 1263 1697 τῷ
1277 1662 1350 1698 Tth
1371 1663 1417 1688 καὶ
1433 1663 1457 1688 εί
1479 1661 1587 1696 θεμιτὸν
1608 1661 1694 1687 εἰπεῖν
1711 1660 1757 1686 ἐπὶ
1780 1659 1826 1686 τοῦ
1843 1659 1900 1685 Πα-

1117 1708 1190 1742 τρὸς,
1207 1705 1241 1743 ἦν
1253 1716 1328 1739 ποτε,
1342 1708 1385 1734 ὅτε
1403 1708 1452 1734 οὐκ
1464 1705 1508 1742 ἦν,
1523 1707 1540 1742 ἢ
1555 1707 1584 1740 ἐξ
1595 1707 1644 1733 οὐκ
1661 1706 1744 1733 ὄντων
1755 1714 1762 1721 ·
1780 1705 1900 1739 λεγέσθω

1117 1753 1196 1780 τοῦτο
1212 1755 1258 1781 καὶ
1283 1755 1329 1781 ἐπὶ
1351 1754 1398 1780 τοῦ
1421 1753 1497 1780 Υίοῦ.
1512 1753 1543 1780 Εἰ
1564 1753 1592 1779 δὲ
1614 1752 1710 1784 ἀσεϐές
1735 1753 1792 1779 ἐστι
1815 1751 1900 1779 ταῦτα

1118 1799 1206 1833 λέγειν
1225 1801 1253 1826 ὲν
1267 1799 1306 1835 τῷ
1324 1800 1411 1835 Πατρὶ
1433 1797 1512 1831 εἶναι,
1537 1799 1632 1830 ἀσεϐὲς
1655 1798 1724 1825 ἔστω
1746 1798 1792 1825 καὶ
1816 1798 1844 1824 ὲν
1860 1797 1899 1833 τῷ

1118 1845 1176 1880 Υίῷ
1203 1845 1289 1872 ταῦτα
1311 1847 1390 1872 νοεῖν.
1413 1845 1454 1871 Τὰ
1475 1845 1529 1881 γὰρ
1551 1844 1599 1871 τοῦ
1619 1844 1733 1880 Πατρὸς,
1754 1843 1838 1870 ταῦτα
1852 1842 1900 1870 τοῦ

1118 1890 1182 1917 Υἱοῦ
1198 1892 1280 1918 ἐστιν.
1298 1891 1327 1917 '0
1341 1891 1395 1926 γὰρ
1411 1891 1497 1926 τιμῶν
1509 1891 1553 1918 τὸν
1570 1890 1633 1917 Υῖὸν
1647 1891 1714 1925 τιμᾷ
1732 1890 1777 1916 τὸν
1792 1889 1901 1924 Πατέρα

1117 1935 1163 1962 τὸν
1184 1935 1328 1971 πέμψαντα
1348 1935 1438 1967 αὑτὸν,
1458 1935 1505 1962 καὶ
1524 1936 1538 1962 ὁ
1550 1935 1691 1970 δεχόμενος
1709 1934 1755 1961 τὸν
1772 1933 1844 1966 Υίδν,
1858 1934 1901 1960 δέ-

1118 1989 1194 2016 χεται
1217 1982 1264 2008 σὺν
1288 1980 1361 2016 αὐτῷ
1385 1981 1430 2007 τὸν
1452 1981 1577 2016 Πατέρα*
1594 1981 1608 2007 ὁ
1631 1980 1685 2015 γὰρ
1704 1978 1831 2015 ἑωρακὼς
1855 1978 1900 2005 τὸν

1119 2026 1182 2053 Υίὸν
1202 2026 1307 2062 ἑώρακε
1321 2026 1365 2053 τὸν
1385 2026 1504 2062 Πατέρα.
1523 2027 1567 2057 Ὦς
1586 2024 1633 2052 οὖν
1651 2026 1700 2052 οὐκ
1721 2025 1778 2052 ἐστι
1800 2025 1902 2060 κτίσμα

1118 2073 1133 2098 ὁ
1149 2073 1253 2107 Πατὴρ,
1273 2072 1358 2103 οὕτως
1374 2072 1434 2098 οὐδὲ
1448 2073 1462 2098 ὁ
1483 2072 1545 2103 Υἱός
1560 2072 1634 2106 (76)·
1651 2071 1697 2098 καὶ
1712 2071 1750 2102 ὡς
1765 2071 1813 2098 οὐκ
1826 2070 1899 2097 ἔστιν

1119 2119 1205 2144 εἰπεῖν
1227 2119 1270 2145 ἐπ’
1282 2118 1373 2150 αὐτοῦ,
1393 2116 1427 2153 ἦν
1445 2126 1518 2150 ποτε,
1533 2118 1576 2144 ὅτε
1590 2118 1639 2144 οὐκ
1659 2115 1702 2153 ἦν,
1718 2118 1735 2152 ῆ
1752 2117 1780 2150 ἐξ
1795 2117 1844 2144 οὐκ
1858 2117 1901 2144 δν-

287 2165 349 2184 eum
360 2166 412 2186 non
427 2164 511 2193 esset,
529 2161 572 2189 vel
584 2166 626 2189 est
639 2170 670 2190 ex
684 2163 768 2191 nihilo
782 2173 789 2196 ;
805 2164 843 2191 sic
859 2171 909 2192 nec
922 2172 954 2192 ea
969 2166 1002 2193 de
1023 2166 1065 2193 Fi-

1116 2172 1183 2190 των·
1200 2163 1284 2195 οὕτως
1296 2163 1343 2198 οὐχ
1357 2163 1480 2198 ἁρμόζει,
1497 2163 1550 2189 οὐδ’
1563 2156 1671 2189 ἐπίτοῦ
1688 2161 1752 2188 Υἱοῦ
1769 2161 1856 2196 λέγειν
1870 2161 1902 2188 τὸ

288 2203 323 2231 lio
332 2204 423 2232 dicere
430 2207 564 2234 convenit.
577 2208 628 2235 Sed
637 2209 726 2243 potius
739 2214 768 2236 ut
780 2210 805 2236 in
817 2209 896 2238 Patre
907 2215 950 2238 est
962 2213 1069 2239 merui-

290 2255 330 2277 tas
344 2255 370 2277 et
388 2251 586 2285 immortalitas.
599 2258 628 2280 ut
645 2255 712 2282 idem
730 2263 836 2290 semper
849 2261 900 2288 est,
917 2264 965 2284 nec
977 2264 1020 2284 res
1027 2263 1069 2286 est

287 2300 395 2329 creata;
409 2298 449 2324 sic
459 2298 552 2325 eadem
566 2299 598 2326 de
607 2299 675 2326 Filio
687 2300 789 2328 sentire
802 2308 912 2328 necesse
923 2305 974 2328 est.
985 2301 1065 2334 Nam,

289 2342 326 2368 uti
345 2343 475 2377 scriptum
490 2348 533 2371 est
551 2353 557 2371 :
583 2343 655 2372 Sicut
681 2345 762 2372 Pater
784 2345 861 2372 habet
881 2347 961 2374 vitam
978 2347 1006 2374 in
1029 2355 1068 2374 se-

288 2388 415 2420 metipso,
437 2388 474 2415 sit:
491 2389 561 2416 dedit
585 2395 608 2416 et
634 2389 706 2417 Filio
725 2391 818 2418 habere
832 2392 909 2419 vitam
930 2393 956 2419 in
972 2398 1066 2419 remet-

288 2433 344 2464 ipso
365 2433 400 2460 ⁸⁸.
421 2433 506 2461 Porro
529 2435 621 2467 Verbo.
641 2436 722 2467 dedit,
736 2444 800 2463 usus
821 2443 862 2464 est
883 2437 1017 2470 Christus,
1038 2443 1067 2465 ut

288 2478 397 2505 dantem
413 2478 518 2506 Patrem
532 2482 695 2508 ostenderet.
724 2481 757 2509 Ut
771 2487 860 2509 autem
878 2482 904 2509 in
926 2483 1007 2510 Patre
1026 2487 1068 2510 est
1083 2499 1091 2508 .

288 2525 353 2554 vita,
370 2525 406 2551 ita
420 2529 448 2552 et
462 2525 487 2552 in
502 2525 570 2553 Filio
583 2527 663 2553 vitam
676 2535 735 2554 esse
747 2528 824 2560 dixit,
841 2528 1066 2562 quoindividnam

289 2570 430 2604 utriusque
447 2575 571 2597 naturam
596 2577 622 2598 et
639 2573 815 2599 aeternitatem
834 2573 974 2600 indicaret.
1001 2573 1067 2600 llinc

288 2615 359 2640 enim
372 2620 450 2642 caute
461 2615 540 2648 dixit,
559 2615 653 2643 Omnia
665 2626 825 2652 qua’tunque
841 2618 917 2645 liabet
929 2618 1019 2651 Pater,
1036 2624 1065 2645 ut

290 2659 334 2687 hic
354 2659 462 2688 Patrem
487 2662 640 2695 nominans,
661 2663 730 2690 ident
750 2664 807 2698 ipse
827 2672 879 2691 non
903 2671 963 2692 esse
983 2664 1064 2691 Pater

1121 2211 1195 2239 αὑτό.
1218 2211 1297 2238 Ἀλλὰ
1321 2211 1419 2246 μᾶλλον
1440 2211 1478 2243 ὡς
1500 2211 1529 2238 ὲν
1548 2211 1587 2246 τῷ
1607 2211 1695 2247 Πατρὶ
1711 2210 1742 2237 τὸ
1765 2210 1856 2242 ἀΐδιον,
1871 2209 1903 2236 τδ

1119 2262 1261 2294 ἀθάνατον,
1283 2261 1314 2287 τὸ
1336 2261 1397 2294 ἀεὶ,
1420 2261 1450 2288 τὸ
1475 2261 1512 2297 μὴ
1529 2261 1644 2296 κτίσμα·
1669 2260 1740 2288 οὕτω
1770 2260 1816 2287 καὶ
1837 2259 1903 2295 τϊερὶ⁸

1120 2313 1185 2339 Υἱοῦ
1202 2314 1309 2348 φρονεῖν
1322 2313 1475 2339 ἀκόλουθον.
1494 2312 1571 2339 Κατὰ
1589 2312 1644 2348 γὰρ
1657 2312 1686 2339 τὸ
1700 2311 1901 2347 γεγραμμένον,

1118 2363 1220 2395 Καθὼς
1233 2365 1249 2390 ὀ
1260 2362 1359 2396 Πατὴρ
1376 2362 1450 2396 ζωὴν
1462 2362 1523 2397 ἔχει
1538 2362 1572 2389 ὲν
1588 2361 1691 2395 ἐαυτῷ,
1705 2362 1798 2395 οὕτως
1811 2361 1904 2388 ἔδωκε

1119 2413 1168 2441 καὶ
1184 2413 1223 2446 τῷ
1249 2412 1303 2446 Υίῷ
1322 2413 1396 2447 ζωὴν
1411 2412 1493 2447 ἔχειν
1507 2412 1542 2438 ἐν
1557 2411 1662 2444 ἐαυτῷ.
1677 2411 1788 2439 Δέδωκε
1809 2411 1837 2438 δὲ
1861 2411 1902 2438 ετ-

1122 2473 1214 2500 ρηκεν,
1231 2463 1276 2490 ἵνα
1289 2463 1333 2489 τὸν
1356 2462 1458 2490 διδόντα
1485 2461 1592 2497 Πατέρα
1611 2461 1695 2498 δείξῃ.
1714 2461 1757 2492 Ὠς
1775 2460 1804 2487 δὲ
1821 2460 1849 2487 έν
1864 2459 1904 2495 τῷ

1120 2515 1216 2549 Πατρὶ,
1235 2513 1305 2540 οὕτω
1327 2513 1374 2540 καὶ
1396 2513 1424 2538 ἐν
1444 2511 1481 2546 τῷ
1495 2511 1552 2546 Υἰῷ
1575 2511 1647 2537 ἐστιν
1666 2512 1682 2546 ἡ
1708 2510 1773 2545 ζωὴ,
1799 2510 1842 2536 ῐνα
1873 2509 1905 2536 τὸ

1121 2563 1271 2598 ἀδιαίρετον
1285 2563 1331 2589 καὶ
1345 2561 1427 2589 ἀΐδιον
1439 2560 1540 2598 διδάξῃ.
1554 2560 1601 2586 Διὰ
1615 2560 1693 2586 τοῦτο
1705 2560 1758 2596 γὰρ
1770 2559 1817 2586 καὶ
1829 2559 1904 2594 ἀκρι-

1121 2613 1176 2645 ϐῶς
1203 2614 1321 2649 εἴρηκεν,
1339 2613 1413 2639 Ὅσα
1440 2612 1502 2647 ἔχει
1528 2613 1544 2638 ὀ
1567 2610 1678 2645 Πατὴρ,
1706 2610 1766 2642 ἴνα,
1786 2610 1831 2636 καὶ
1851 2606 1904 2636 ὦδε

1119 2663 1204 2699 λέγων
1218 2664 1263 2691 τὸν
1288 2664 1414 2699 Πατέρα,
1437 2662 1474 2698 μὴ
1493 2662 1539 2689 καὶ
1560 2661 1640 2693 αὐτὸς
1665 2660 1758 2696 Πατὴρ
1777 2659 1902 2696 νομισθῇ.

324 2716 348 2732 ⁸⁸
368 2717 461 2744 Matth.
480 2725 516 2750 x,
539 2718 583 2745 40.
620 2718 642 2733 "
662 2717 738 2746 Joan.
753 2726 813 2751 ειν,
833 2719 860 2746 9.
897 2718 920 2734 "
938 2718 1015 2746 Joan.
1033 2726 1057 2750 v,
1077 2718 1122 2746 26.

327 2774 382 2806 (7A)
391 2773 445 2801 Καί
458 2775 534 2802 deest
544 2774 569 2800 in
581 2774 756 2809 Segueriano.

328 2809 553 2850 t2§)“Gobler.,et
567 2809 684 2849 Feltkm.
707 2811 718 2836 Ι
735 2818 874 2850 securim,
887 2811 1000 2850 ¹ἐθέλεις.

327 2843 382 2878 (76)
392 2844 498 2878 Regius,
514 2844 703 2878 chuerianus,
715 2850 741 2873 et
755 2843 916 2878 Basiliensis,
932 2845 1072 2879 οὓτωςούκ

1125 2774 1181 2801 ἔστι
1198 2774 1299 2810 κτίσμα
1315 2773 1415 2810 ὁ-Υίός.
1441 2771 1480 2810 Et_
1502 2772 1669 2810 paulo'post
1690 2771 1768 2798 iidem
1803 2776 1854 2810 pro
1872 2769 1905 2796 τὸ

1125 2810 1198 2841 αὑτό,
1214 2804 1310 2837 habent
1326 2806 1359 2843 ἦν
1382 2815 1448 2843 ποτε
1467 2804 1511 2843 ὅτε
1525 2807 1574 2833 οὐκ
1588 2804 1631 2842 ἧν.
1647 2806 1680 2834 Et
1694 2804 1821 2842 praeterea
1835 2804 1903 2840 Reg.

1124 2850 1151 2873 ct
1167 2845 1226 2878 Sea.
1241 2841 1343 2872 addunt
1354 2843 1370 2876 ἥ
1383 2842 1412 2876 ἐξ
1425 2842 1474 2869 οὐκ
1493 2841 1585 2869 ὅντων.
