2037 3044
164 145 217 174 217

587 149 621 178 ΙΝ
641 149 753 183 ιιιυο,
770 149 877 179 OMNIA
897 151 970 179 MIHI
992 151 1143 180 TRADITA
1161 152 1261 186 SUNT,
1280 153 1356 181 ETC.

1727 154 1780 185 218

164 206 200 232 Οὐ
216 205 270 242 γὰρ
281 206 401 242 εἴρηκεν,
423 206 562 243 Ἐγώεἱμι
572 208 587 234 ὁ
598 208 701 244 Πατὴρ,
719 208 786 241 ἀλλ’,
802 209 876 235 Ὅσα
888 208 950 243 ἔχει

1002 211 1166 238 crederetur.
1196 210 1316 245 Namque
1344 218 1396 238 non
1426 211 1505 244 dixit,
1530 211 1586 246 Ego
1607 219 1665 239 sum
1687 211 1779 248 Pater,

164 253 180 278 ὀ
194 251 305 285 Πατήρ.

199 297 224 324 5.
245 297 339 333 Πατὴρ
364 298 412 332 μὲν
429 297 498 334 γὰρ,
519 295 541 325 ὦ
568 299 711 334 ’Δρειανοὶ,
731 299 806 336 παρὰ
827 300 874 327 τοῦ
893 301 949 328 Πα-

161 342 225 378 spe;
241 343 402 378 χρηματίζοι
421 345 434 370 ό
451 344 596 379 μονογενὴς
614 345 676 376 Υἱὸς
692 346 783 377 αὑτοῦ,
798 346 827 372 οὑ
846 346 898 382 μὴν
911 347 949 379 ὡς

163 388 241 423 ὑμεῖς
255 389 423 424 πλανώμενοι
441 390 504 422 ἴσως
519 390 551 417 ἂν
566 391 734 423 ὑπολάδοιτε,
748 391 804 418 ἀλλ’
821 392 883 424 Υἱὸς
900 393 948 427 μὲν

161 433 208 460 τοῦ
235 434 412 469 γεννήσαντος
436 435 551 471 Πατρὸς,
576 436 666 471 πατὴρ
684 436 712 462 δὲ
734 436 781 462 τοῦ
807 433 948 472 μέλλοντος

163 479 269 510 αἰῶνος.
292 480 338 505 Δεῖ
353 479 407 515 γὰρ
438 480 514 514 ὑμῶν
540 481 629 512 πάσας
654 481 703 512 τὰς
723 481 849 513 ὑπονοίας
870 491 947 518 περι-

162 524 319 560 eleutqu
334 525 398 558 γοῦν
414 525 458 551 διὰ
469 526 515 552 τοῦ
531 527 668 561 προφήτου
679 535 685 542 υ
701 527 858 562 Ἐγεννήθη
874 528 948 562 ἡμῖν

166 572 243 604 Υἱὸς,
259 571 309 598 καὶ
325 571 414 605 ἐδόθη
436 571 518 606 ἡμῖν,
533 570 572 599 οὗ
592 572 612 605 ἡ
632 571 709 607 ἀρχὴ
732 572 780 599 ἐπὶ
796 572 850 600 τοῦ
866 573 946 608 ὤμου

160 617 264 649 αὑτοῦ,
288 618 336 644 καὶ
362 618 494 645 καλεῖται
518 617 553 644 τὸ
576 618 670 649 ὄνομα
694 619 787 646 αὑτοῦ
808 619 946 654 Μεγάλης

159 663 279 697 ,βουλῆς
300 662 440 698 ἄγγελος,
463 663 534 696 Θεὸς
559 665 697 699 ἰσχυρὸς,
729 664 944 698 ἐξουσιωτὴς,

160 708 259 744 πατὴρ
274 709 328 735 τοῦ
350 708 514 743 μέλλοντος
532 709 648 742 αἰῶνος.
667 710 770 737 Οὐκοῦν
789 711 836 737 καὶ
853 712 944 747 πατὴρ

159 753 207 781 τοῦ
230 754 370 789 μέλλοντος
394 754 489 786 αἰῶνος
508 755 521 780 ό
537 755 699 791 Μονογενὴς,
717 757 763 782 καὶ
780 756 844 788 Θεὸς
870 757 944 792 ἰσχυ-

162 799 217 834 ρὸς,
234 799 282 825 καὶ
296 799 468 835 ἐξουσιαστὴς
483 801 497 826 ὁ
515 800 576 831 Υἱὸς
599 801 715 836 ὑπάρχει
730 801 777 828 τοῦ
799 802 880 828 Θεοῦ·
898 803 944 829 καὶ

160 845 252 879 σαφῶς
267 844 408 878 δέδεικται,
425 846 465 872 ὃτι
481 846 578 878 πάντα,
603 847 652 873 ὅσα
669 847 724 882 ἔχει
739 849 753 874 ὁ
774 848 879 883 Πατὴρ,
897 849 944 875 αὺ-

159 890 206 916 τοῦ
220 891 288 922 ἐστι,
302 890 349 917 καὶ
366 890 457 922 καθὼς
471 890 542 927 ζωὴν
560 892 666 918 δίδωσιν
680 893 694 919 ὁ
714 893 817 928 Πατὴρ,
838 893 885 919 καὶ
905 892 944 928 τῷ
960 884 981 911 Β

160 937 217 972 Υίῷ
248 937 349 972 ὁμοίως
385 937 515 973 πάρεστιν
540 937 586 970 οὓς
609 938 680 965 ϐέλει
708 938 847 970 ζωοποιεῖν
877 939 941 974 (77).

166 983 359 1009 Ἀκούσονται
384 982 449 1018 γὰρ.
466 983 542 1017 φησὶ,
566 982 621 1017 τῆς
644 982 745 1018 φωνῆς
761 976 812 1010 ἑοῦ
834 983 901 1010 Υἰοῦ
916 986 943 1011 ol

158 1028 268 1062 νεκροὶ,
283 1028 331 1055 καὶ
348 1027 497 1062 (domm.
527 1029 581 1055 Καὶ
600 1029 629 1055 ἓν
650 1028 754 1064 θέλημα
775 1030 944 1064 Πατρὸςέαὶ

159 1030 268 1062 νεκροὶ,
283 1030 331 1055 καὶ
348 1030 497 1062 ζὴσονται.
527 1030 581 1055 Καὶ
600 1030 629 1055 ἓν
650 1030 713 1064 ϐέλη
737 1038 754 1055 α
775 1030 831 1055 Πατ
897 1031 944 1057 καὶ

159 1074 225 1113 Υίοῦ
243 1074 291 1100 καὶ
307 1074 440 1110 βούλημα,
457 1074 518 1100 ἐπεὶ
530 1075 576 1101 καὶ
592 1070 608 1110 ἦ
630 1074 708 1109 φύσις
725 1075 773 1110 μία
796 1075 842 1102 καὶ
855 1076 945 1113 Μ

157 1111 464 1156 9W6;
477 1121 501 1147 οἱ
519 1117 808 1156 Ἀρειᾱππιΐῆυσιν
821 1122 941 1154 ἑαυτοὺς,

160 1152 326 1202 μᾙοοῦντες
334 1152 431 1202 τὸψείρη
436 1167 515 1202 μένον
523 1152 589 1203 πρὸς
600 1167 654 1202 (78)
662 1167 709 1193 τοῦ
721 1168 845 1203 Σωτῆρος

159 1212 199 1244 τὸ,
217 1212 327 1245 Πάντα,
343 1212 400 1240 ὅσα
415 1214 476 1247 ἔχει
490 1214 506 1240 ὀ
518 1213 630 1247 Πατὴρ,
642 1213 698 1247 ἐμά
711 1213 804 1240 ἐστιν.
827 1214 873 1240 Ἐκ
887 1214 941 1250 γὰρ

158 1258 263 1290 τούτου,
277 1259 324 1285 καὶ
336 1260 353 1294 ἡ
373 1259 517 1285 Σαϐελλίου
536 1259 718 1294 ἀνατρέπεται
733 1261 941 1296 παραφροσύνη,

159 1304 207 1330 καὶ
224 1303 278 1331 τῶν
298 1304 345 1331 νῦν
367 1305 500 1331 Ἰουδαίων
517 1304 619 1338 ἐλέγξει
637 1305 685 1338 τὴν
701 1306 802 1333 ἄνοιαν.
824 1306 873 1332 Διὰ
889 1306 942 1342 γὰρ

158 1350 236 1377 τοῦτο
252 1350 323 1386 ζωὴν
338 1351 406 1386 ἔχων
422 1353 450 1378 ὲν
464 1351 552 1386 ἑαυτῷ
563 1352 576 1377 ό
589 1351 752 1388 Μονογενὴς,
771 1352 807 1384 ὡς
817 1353 831 1378 ὁ
849 1353 942 1389 Πατὴρ

158 1395 224 1430 ἔχει,
240 1396 287 1422 καὶ
303 1395 380 1429 μόνος
394 1393 448 1421 οἶδε
465 1395 506 1427 τίς
526 1396 598 1422 ἐστιν
613 1397 627 1422 ό
643 1396 746 1431 Πατὴρ,
760 1397 788 1423 ὲν
804 1397 842 1432 τῷ
856 1397 943 1433 Πατρὶ

155 1439 206 1472 ὢν,
220 1441 267 1466 καὶ
281 1440 350 1474 ἔχων
360 1441 389 1467 ὲν
404 1440 493 1476 ἑαυτῷ
506 1441 552 1467 τὸν
571 1441 688 1477 Πατέρα.
702 1440 791 1468 Εἰκὼν
807 1443 860 1477 γάρ
873 1443 941 1475 ἐστι,

158 1486 205 1513 καὶ
223 1486 385 1519 ἀκολούθως,
403 1486 441 1518 ὠς
454 1487 483 1513 ὲν
497 1486 595 1520 εικόνι,
617 1487 705 1515 πάντα
726 1487 759 1514 τὰ
772 1488 818 1515 τοῦ
837 1489 942 1525 Πατρὸς

157 1532 188 1558 ἐν
205 1531 278 1567 αὐτῷ
294 1528 349 1566 (79)
368 1533 436 1559 ἐστι.
455 1533 576 1568 Σφραγὶς
597 1533 650 1568 γάρ
675 1533 749 1560 ἐστιν
774 1534 897 1566 ὶσότυπος
913 1535 942 1561 ὲν

157 1576 232 1612 eaqu
257 1577 362 1609 δεικνὺς
392 1577 437 1603 τὸν
461 1577 587 1613 Πατέρα,
609 1577 694 1612 Λόγος
716 1578 781 1611 ζῶν,
803 1578 940 1614 ἀληθινὸς,

157 1622 281 1658 δύναμις,
301 1623 391 1657 σοφία,
411 1623 555 1658 ἁγιασμὸς,
574 1623 622 1649 καὶ
645 1623 833 1659 ἀπολύτρωσις
852 1624 941 1660 ἡμῶν.

165 1668 216 1695 Ἐν
236 1666 315 1700 αὐτῷ
340 1667 395 1702 γὰρ
417 1667 466 1694 καὶ
492 1666 594 1702 ζῶμεν,
619 1667 669 1694 καὶ
695 1669 868 1703 κινούμεθα,
892 1669 943 1696 καί

158 1712 267 1748 ἐσμεν·
284 1713 343 1746 καὶ,
360 1712 464 1746 οὐδεὶς
485 1711 622 1748 γινώσκει
641 1713 683 1746 τίς
702 1713 786 1740 ἐστιν
804 1715 820 1740 ό
841 1715 942 1749 Πατὴρ

158 1761 185 1786 ει
197 1759 240 1794 μὴ
257 1761 274 1786 ὁ
297 1759 372 1792 Υἱὸς,
394 1758 442 1785 καὶ
458 1758 504 1791 τίς
521 1758 606 1785 ἐστιν
623 1759 640 1785 ὀ
665 1758 730 1790 Υἱὸς
745 1759 770 1785 εἰ
783 1759 826 1793 μὴ
845 1759 861 1786 ὀ
883 1760 942 1786 Πα-

158 1813 223 1839 τηρ.

193 1851 219 1877 6.
239 1850 293 1876 Καὶ
306 1850 364 1881 πῶς
379 1849 512 1885 τολμῶσιν
523 1850 547 1875 οἱ
562 1849 700 1880 δυσσεϐεῖς
717 1848 854 1884 φλυαρεῖν,
868 1849 886 1875 ἃ
904 1849 941 1885 μὴ

159 1896 254 1932 θέμις,
278 1896 415 1933 ἄνθρωποι
438 1896 528 1927 ὄντες,
551 1895 645 1922 καὶτὰ
661 1895 707 1922 ἐπὶ
733 1896 784 1930 γῆς
799 1895 849 1931 οὐχ
869 1896 942 1931 εὑρί-

159 1951 268 1974 σκοντες
290 1942 484 1978 διηγήσασθαι;
504 1942 536 1968 Τί
558 1941 587 1968 δὲ
607 1941 677 1975 λέγω
700 1941 734 1968 τὰ
747 1942 794 1968 ἐπὶ
814 1941 882 1976 γῆς;
907 1941 942 1969 τὰ

158 1988 262 2015 ἑαυτῶν
282 1989 347 2023 ἡμῖν
369 1987 534 2019 εἰπάτωσαν,
559 1987 582 2012 εἰ
598 1986 651 2022 ἄρα
672 1986 760 2022 εὑρεῖν
783 1986 941 2022 δυνήσονται

157 2035 207 2070 τὴν
227 2034 327 2061 ἑαυτῶν
354 2033 501 2068 ἐξιχνιάσαι
525 2032 613 2067 φύσιν.
635 2032 770 2068 Τολμηροὶ
796 2032 878 2064 ὗντως
894 2033 942 2060 καὶ

158 2080 293 2112 αὐθάδεις,
309 2079 385 2112 δόξας
407 2079 436 2105 οὺ
453 2079 609 2114 τρέμοντες,
625 2077 688 2104 ἔνθα
705 2077 883 2113 ἐπιθυμοῦσιν
896 2078 942 2112 ἆγ-

157 2127 232 2162 γελοι
251 2125 420 2161 παρακῦψαι,
441 2125 488 2151 καὶ
510 2123 628 2159 τοσούτῳ
650 2124 697 2151 καὶ
718 2124 768 2159 τὴν
792 2123 871 2158 φύσιν
895 2124 942 2150 καὶ

157 2172 207 2208 τὴν
217 2172 292 2205 τάξιν
307 2171 445 2207 ἀνώτεροι.
460 2171 492 2197 Τί
507 2170 560 2206 γὰρ
579 2170 725 2205 ἐγγύτερον
742 2169 796 2196 τῶν
809 2169 941 2205 χερουσὶμ

158 2219 175 2254 ἢ
191 2219 244 2245 τῶν
261 2218 397 2253 σεραφίμ;
423 2217 471 2244 καὶ
498 2216 572 2251 ὅμως
596 2215 656 2242 οὐδὲ
679 2215 799 2251 ὁρῶντα,
822 2215 838 2250 ἢ
861 2214 939 2241 ποσὶν

157 2265 273 2296 ἑστῶτα,
286 2264 342 2292 ἀλλ’
360 2263 421 2290 οὐδὲ
436 2264 557 2298 γυμνοῖς,
574 2261 788 2297 κεκαλυμμένοις
804 2261 832 2288 δὲ
846 2261 939 2298 ὥσπερ

158 2312 277 2343 καὶτοῖς
305 2310 457 2346 προσώποις
478 2309 526 2345 τὴν
550 2308 701 2342 δοξολογίαν
730 2308 937 2343 προσφέρουσιν,

157 2357 305 2388 ἀπαύστοις
324 2357 380 2387 τοῖς
404 2355 520 2390 χείλεσιν
542 2354 616 2380 οὐδὲν
642 2353 733 2388 ’ἐτερον
752 2353 768 2388 ἢ
792 2353 841 2388 τὴν
863 2352 938 2379 θείαν

157 2405 203 2431 καὶ
216 2403 353 2439 ᾶςραστον
372 2401 500 2443 φύσει-τῇ
515 2399 701 2435 τρισαγιότητι
715 2398 867 2432 δοξάζοντα.
883 2399 938 2425 Καὶ

157 2448 274 2484 οὐδαμοῦ
290 2456 332 2479 τις
349 2446 402 2473 τῶν
418 2445 566 2472 θεσπεσίων
584 2443 739 2480 προφητῶν,
757 2443 810 2470 τῶν
823 2443 940 2478 μάλιστα.

158 2494 376 2526 καταξιωθέντων
394 2494 443 2527 τῆς
458 2491 585 2526 τοιαύτης
598 2490 670 2523 θέας,
682 2489 847 2524 ἀπήγγειλεν
863 2490 938 2524 ἡμῖν,

158 2543 198 2568 ὅτι
217 2543 245 2568 ὲν
255 2542 303 2577 μὲν
310 2541 348 2576 τῷ
363 2539 435 2571 ἅπαξ
443 2539 528 2565 εἰπεῖν
540 2538 581 2568 τὸ,
597 2537 689 2571 ἅγιος,
700 2535 803 2571 μεγάλῃ
810 2537 843 2571 τῇ
852 2537 938 2571 φωνῇ,

158 2589 188 2614 ὲν
198 2588 225 2614 δὲ
234 2587 272 2623 τῷ
283 2585 454 2621 δευτερῶσαι,
468 2582 561 2620 ἧσσον,
574 2583 603 2609 ἐν
612 2582 640 2609 δὲ
648 2581 687 2617 τῷ
698 2581 863 2616 περισσεῦσαι,
875 2581 941 2607 ὐπο-

158 2633 326 2669 δεὸηκότως·
350 2631 397 2657 καὶ
422 2630 490 2665 μετὰ
507 2628 584 2655 τοῦτο
607 2627 651 2654 τὸν
675 2627 780 2663 πρῶτον
806 2626 938 2661 ὰγιασμὸν

159 2677 375 2714 κυριολογοῦντα,
401 2676 446 2702 τὸν
471 2672 498 2701 δὲ
516 2674 640 2709 δεύτερον
668 2672 868 2704 ὑποτάσσοντα,
892 2671 938 2698 καὶ

999 256 1057 288 sed,
1073 255 1241 291 Quacunque
1255 257 1330 282 habet
1345 256 1434 284 Pater.

1033 301 1060 328 5.
1081 301 1208 336 Equidem
1229 303 1284 335 ipse
1299 302 1450 336 unigenitus
1466 303 1511 330 Dei
1531 302 1624 337 Filius,
1646 305 1778 340 oAriani,

997 351 1072 380 pater
1091 353 1196 381 quoque
1210 354 1224 373 a
1241 346 1320 373 Patre
1335 347 1491 381 appelletur,
1509 350 1556 375 sed
1572 356 1624 375 nou
1640 357 1672 377 eo
1698 359 1778 378 sensu

997 398 1076 425 quem
1090 399 1137 418 vos
1154 396 1274 418 errantes
1291 391 1359 418 forte
1384 393 1554 426 suspicamiui
1570 402 1575 420 :
1591 399 1619 420 at
1635 399 1716 428 pater
1737 396 1780 422 tu-

998 437 1051 463 turi
1074 437 1163 464 saiculi
1178 437 1285 464 dicitur.
1299 436 1411 464 Necesse
1423 443 1464 465 est
1481 438 1552 465 enim
1568 444 1673 466 vestras
1686 448 1780 467 omnes

996 482 1078 509 falsas
1098 483 1265 516 suspiciones
1293 484 1450 516 praecidere.
1473 484 1511 510 Eu
1536 485 1617 519 igitur
1639 486 1779 520 propheta:

996 528 1076 555 verba
1097 537 1103 554 :
1124 527 1232 555 Genilus
1247 533 1285 555 ut
1307 523 1379 556 nobis
1396 528 1480 556 Filius
1497 535 1521 557 et
1536 531 1613 558 datus
1632 537 1669 558 eu
1694 532 1775 562 nobis.
1794 526 1796 530 ’

995 573 1071 607 cujus
1098 574 1236 607 imperium
1259 582 1337 605 super
1357 575 1493 602 [numerum
1526 577 1600 610 ejus,
1622 581 1646 603 ει
1669 582 1777 603 voratur

995 625 1087 644 nomen
1110 618 1182 652 ejus,
1205 619 1292 653 magni
1315 619 1417 645 consilii
1442 619 1571 654 Angelul,
1601 620 1669 646 Deus
1687 619 1777 654 fortis.

994 668 1145 696 potestatem
1159 663 1265 695 habens.
1283 663 1363 690 I‘aler
1376 664 1459 698 futuri
1477 665 1566 692 swculi
1578 665 1610 691 ⁸⁷.
1623 665 1701 692 Pater
1713 672 1778 699 ergo

995 708 1076 735 futuri
1093 709 1182 736 steculi
1199 714 1240 736 est
1254 709 1404 743 unigenitus
1417 711 1462 737 Dei
1477 710 1560 737 Filius
1569 715 1632 737 utet
1640 710 1708 745 Deus
1718 710 1776 737 for-

996 755 1029 781 tis
1042 759 1069 781 et
1083 762 1188 782 summa
1205 760 1335 790 potestate
1347 756 1474 790 praeditus
1486 764 1493 783 ;
1507 761 1587 790 alque
1600 756 1714 783 dilucide
1730 764 1777 783 os-

996 805 1099 827 tensqu
1123 806 1165 827 est
1193 801 1283 827 omnia
1312 809 1479 835 quascunque
1503 801 1584 828 Pater
1609 802 1690 829 habet
1714 801 1776 829 Filii

994 853 1098 880 quoque
1111 853 1183 878 esse,
1201 847 1423 880 quemadmodum
1440 847 1521 874 Pater
1535 849 1617 874 vitam
1642 848 1776 882 impertit,

997 890 1032 916 ita
1045 895 1072 916 et
1088 890 1184 917 Filium
1203 891 1298 925 quibus
1315 891 1429 918 voluerit
1443 891 1523 918 vitam
1546 892 1674 919 tribuere.
1695 891 1774 923 Nam,

997 940 1025 963 ut
1042 935 1177 970 Scriptura
1195 941 1349 970 prtettionet.
1365 936 1463 963 Mortui
1482 937 1589 963 audient
1609 945 1693 964 vocent
1706 936 1775 964 Filii

996 984 1020 1006 et
1032 980 1114 1007 vivent
1127 981 1160 1006 ³⁸.
1179 980 1234 1007 Una
1248 988 1352 1015 quoque
1368 980 1455 1008 Patris
1468 987 1495 1008 et
1515 982 1574 1009 Filii
1594 988 1634 1009 est
1651 983 1776 1010 voluntas

996 1033 1027 1053 ac
1045 1027 1191 1060 sententia,
1205 1028 1268 1062 quia
1285 1035 1364 1055 unam
1380 1033 1408 1055 et
1426 1028 1590 1055 individuam
1611 1029 1711 1056 habent.
1727 1037 1775 1056 na-

997 1076 1093 1099 turain.
1116 1071 1226 1100 Frustra
1251 1073 1333 1108 igitur
1353 1074 1456 1109 seipsos
1483 1074 1640 1101 excruciant
1660 1075 1773 1108 Ariani,

995 1118 1057 1145 dum
1081 1119 1138 1146 haec
1164 1120 1248 1146 nostri
1270 1120 1423 1147 Servatoris
1444 1120 1524 1146 verba
1545 1121 1654 1147 minime
1675 1121 1774 1148 interli-

995 1169 1070 1199 gunt,
1085 1165 1181 1192 Omnia
1194 1174 1351 1201 quazcunquc
1367 1167 1441 1193 habet
1459 1166 1547 1199 Pater,
1569 1175 1624 1194 mea
1638 1172 1709 1194 sunt.
1729 1167 1773 1195 Si-

994 1211 1100 1243 quidem
1124 1219 1157 1238 ex
1178 1213 1220 1239 his
1247 1220 1353 1247 quoque
1379 1213 1484 1247 penitus
1506 1213 1638 1240 evertitur
1662 1214 1772 1240 insanus

996 1255 1102 1283 Subellii
1122 1265 1207 1287 error.
1232 1264 1259 1285 et
1286 1258 1383 1285 invicte
1405 1259 1560 1293 coarguitur
1582 1258 1771 1286 hodieruorum

993 1301 1145 1329 Judaeorum
1168 1303 1329 1338 insipientia.
1352 1303 1419 1331 Hinc
1440 1305 1510 1331 enim
1529 1305 1608 1331 vitam
1626 1305 1651 1331 in
1673 1311 1773 1332 semet-

995 1348 1053 1382 ipso
1076 1349 1176 1376 habens
1193 1349 1359 1384 Unigeuitus,
1375 1349 1599 1384 quemadmodum
1619 1349 1699 1377 Pater
1724 1350 1773 1377 ha-

994 1394 1048 1426 bet,
1062 1395 1134 1422 solus
1149 1395 1223 1422 novit
1235 1395 1295 1429 quis
1309 1395 1345 1422 sit
1363 1394 1453 1427 Pater,
1467 1399 1559 1429 utpote
1574 1402 1633 1421 cum
1652 1395 1711 1430 ipse
1734 1396 1771 1427 sit

994 1439 1021 1467 ili
1045 1440 1140 1472 Patre,
1161 1445 1188 1467 et
1212 1439 1318 1467 Putrem
1348 1441 1445 1467 habeat
1467 1441 1493 1467 in
1520 1440 1616 1473 seipse.
1650 1440 1772 1475 Namque

994 1485 1082 1520 imago
1098 1490 1154 1520 est,
1176 1491 1256 1520 atque
1277 1486 1342 1512 adeo
1361 1486 1451 1513 omnia
1470 1493 1529 1521 quae
1543 1486 1630 1514 Patris
1650 1491 1723 1519 sunt,
1743 1487 1771 1514 in

995 1530 1053 1566 ipso
1069 1539 1176 1566 quoque
1189 1536 1252 1558 suttt
1272 1532 1341 1558 sicut
1354 1532 1379 1558 in
1398 1532 1523 1566 imagine.
1537 1531 1641 1558 Etenim
1655 1532 1771 1566 sigillum

992 1581 1033 1604 est
1049 1577 1170 1604 eamdem
1189 1577 1300 1604 fortnam
1320 1576 1449 1609 referens.
1463 1581 1490 1604 et
1510 1577 1616 1604 Patrem
1636 1577 1662 1604 iu
1682 1579 1771 1613 seipso

992 1628 1202 1657 repraesentans,
1230 1623 1343 1650 Verbum
1367 1623 1460 1650 vivens
1481 1627 1507 1649 et
1533 1630 1645 1656 verum,
1669 1624 1770 1656 virtus,

991 1668 1134 1703 sapientia,
1150 1668 1327 1696 sanctiﬁcatio
1346 1673 1373 1696 et
1387 1668 1533 1702 redemptio
1548 1673 1648 1696 nostra.
1663 1667 1697 1696 In
1715 1669 1770 1704 ipso

991 1715 1061 1741 enim
1079 1715 1195 1746 vivimus,
1210 1719 1234 1741 et
1253 1722 1394 1746 movemur,
1415 1718 1438 1740 et
1457 1721 1546 1740 sumus
1559 1714 1593 1741 ⁸⁸.
1614 1714 1648 1741 Ει
1661 1722 1675 1742 :.
1686 1713 1770 1741 Nemo

991 1761 1122 1795 cognoscit
1139 1762 1196 1796 quis
1212 1761 1246 1787 sit
1261 1759 1354 1793 Pater,
1369 1760 1420 1787 nisi
1434 1758 1540 1792 Filius;
1561 1765 1586 1787 et
1603 1760 1661 1795 quis
1675 1761 1708 1787 sit
1724 1759 1772 1787 Fi-

991 1805 1053 1839 lius,
1072 1806 1123 1833 nisi
1138 1806 1217 1833 Pater
1229 1807 1261 1833 ³⁸.

1027 1850 1054 1878 6.
1075 1851 1143 1884 Quid
1159 1852 1239 1886 igitur
1257 1851 1331 1886 impii
1349 1851 1391 1878 his
1407 1851 1439 1878 de
1461 1852 1550 1883 rebus,
1566 1859 1633 1886 quas
1654 1854 1769 1880 scrutari

992 1896 1067 1923 nefas
1083 1901 1134 1928 est,
1150 1896 1254 1924 ell'utire
1275 1904 1326 1924 non
1349 1903 1492 1930 verentur;
1515 1897 1562 1930 illi,
1579 1898 1700 1933 inquam,
1723 1899 1769 1933 qui

992 1947 1019 1970 et
1035 1942 1158 1969 homines
1174 1947 1246 1974 Sunt,
1266 1950 1315 1970 uec
1330 1942 1372 1969 vel
1392 1943 1477 1977 ipsam
1495 1950 1583 1970 rerum
1602 1944 1768 1972 terrestrium

992 1993 1115 2014 naturain
1147 1992 1260 2021 possunt
1284 1987 1428 2015 evolvere?
1450 1988 1522 2020 lmo,
1550 1996 1609 2023 qua:
1631 1989 1674 2017 vel
1697 1989 1770 2024 ipsos

991 2037 1127 2068 spectant,
1151 2033 1200 2068 ipsi
1217 2033 1350 2068 explicent
1365 2033 1455 2066 nobis,
1476 2041 1540 2061 num
1554 2034 1678 2062 videlicet
1691 2043 1768 2063 suam

992 2079 1110 2113 ipsorum
1142 2084 1267 2106 naturam
1301 2080 1441 2114 percipere
1467 2080 1587 2114 queant?
1620 2080 1768 2108 Temerarii

991 2129 1064 2152 certe
1078 2125 1116 2151 illi
1137 2125 1303 2159 nimiumque
1320 2126 1500 2158 conlideutes,
1522 2125 1568 2160 qui
1593 2126 1689 2153 diviute
1712 2134 1769 2152 ma-

988 2171 1093 2206 jestatis
1109 2171 1221 2206 gloriam
1235 2170 1335 2205 absque
1351 2171 1405 2198 ullo
1418 2176 1534 2198 tremore
1553 2175 1718 2204 scrutantur,
1742 2173 1768 2199 in

990 2225 1070 2252 quam
1092 2217 1178 2253 angeli
1207 2224 1268 2244 cttm
1293 2221 1388 2244 natura
1415 2222 1468 2244 tum
1493 2217 1588 2244 ordine
1611 2217 1677 2251 ipsis
1701 2218 1769 2245 adeo

991 2263 1144 2297 superiores
1160 2263 1312 2290 desiderant
1328 2263 1480 2297 prospicere
1491 2263 1522 2289 ⁶¹.
1538 2263 1593 2298 86
1609 2263 1677 2296 Quid
1696 2264 1768 2290 enim

991 2308 1047 2336 Deo
1062 2308 1238 2343 propinquius
1260 2315 1339 2341 quam
1364 2307 1503 2334 cherubim
1520 2312 1548 2334 et
1569 2308 1724 2342 seraphitn?
1740 2315 1768 2336 et

991 2358 1079 2381 tamen
1103 2361 1156 2381 non
1172 2353 1271 2380 audent
1286 2353 1406 2387 aspicere
1427 2353 1467 2379 vel
1485 2353 1596 2387 pedibus
1613 2358 1697 2386 stare,
1715 2354 1770 2381 imo

992 2407 1044 2427 non
1067 2399 1136 2426 nuda
1160 2398 1207 2426 sed
1233 2399 1339 2425 obtecta
1361 2398 1442 2425 veluti
1463 2398 1532 2425 facie
1552 2398 1654 2425 divinas
1677 2399 1769 2426 laudes

989 2444 1069 2472 labiis
1085 2451 1219 2478 nunquam
1239 2443 1427 2471 deﬁcientibus
1445 2444 1592 2477 celebrant,
1609 2445 1675 2472 nihil
1696 2445 1767 2472 aliud

990 2498 1069 2526 quam
1084 2490 1180 2518 divinae
1197 2495 1225 2517 et
1248 2489 1444 2524 inexplicabilis
1466 2495 1569 2517 natura:
1590 2491 1702 2525 gloriam
1721 2492 1769 2518 tri-

989 2537 1051 2572 plici
1066 2535 1215 2563 sanctitatis
1236 2535 1314 2563 titulo
1335 2536 1522 2571 praedicantes.
1542 2535 1597 2563 Nec
1615 2544 1680 2563 vero
1698 2537 1768 2566 ullus

990 2589 1005 2609 e
1020 2580 1121 2608 sanctis
1137 2580 1284 2615 prophetis,
1300 2581 1344 2614 qui
1363 2579 1635 2616 hujusmodijisione
1651 2582 1768 2609 maxime

992 2630 1055 2654 sunt
1080 2626 1153 2660 digni
1176 2626 1280 2658 habiti,
1304 2627 1381 2653 nobis
1405 2627 1566 2653 renuntiavit
1589 2626 1648 2653 illos
1671 2635 1766 2660 inagna

991 2678 1057 2698 voce
1077 2679 1139 2698 usos
1154 2679 1213 2699 esse
1227 2679 1287 2698 cum
1301 2677 1405 2698 sanctus
1424 2671 1510 2706 prima
1528 2674 1586 2699 vice
1602 2672 1768 2706 proferrent;

195 2747 216 2764 ⁸⁷
235 2746 286 2774 lsa.
300 2754 342 2780 ix,
358 2747 384 2774 6.
422 2745 445 2762 ⁵⁸
463 2745 539 2772 Joau.
555 2752 581 2777 ν,
608 2742 652 2770 25.
689 2741 711 2757 "
731 2742 789 2768 Act.
805 2747 870 2772 xvu,
886 2739 931 2766 28.

1012 2737 1106 2765 Matth.
1120 2746 1156 2770 xi,
1171 2737 1215 2766 27.
1253 2738 1273 2754 "
1294 2738 1303 2765 Ι
1323 2738 1394 2765 Petr.
1410 2745 1429 2770 ι,
1444 2738 1487 2765 12.

194 2805 250 2849 (η)
265 2805 309 2833 Sic
321 2804 384 2839 Reg.
395 2804 458 2840 Seg.
471 2808 498 2831 et
510 2802 591 2830 Basil.
607 2801 658 2829 Alii
675 2808 736 2828 vero
751 2803 777 2827 et
787 2798 862 2831 editi,
874 2798 939 2829 ζωο-

158 2849 252 2909 Μίἓὲ)
265 2876 310 2905 Sic
329 2874 429 2909 Regius
442 2879 468 2902 et
483 2873 593 2908 Sosuer.
612 2871 662 2899 Alii
676 2877 754 2907 ,νεῖον
777 2869 849 2904 περί·

1027 2796 1082 2831 (79)
1099 2796 1206 2831 Regius,
1218 2796 1406 2831 Segueriauus,
1419 2796 1628 2825 Gohleriauuset
1639 2797 1768 2826 Basilien-

993 2832 1042 2865 sis,
1057 2833 1085 2858 ὲν
1096 2831 1192 2870 ἐαυτῷ,
1209 2837 1235 2860 ul
1247 2837 1274 2860 el
1285 2832 1364 2867 paulo
1380 2836 1450 2867 post,
1466 2832 1546 2860 Basil.
1561 2839 1685 2868 excepto.
