2031 3048
158 140 211 167 ἓΞΞ

158 199 175 233 ἡ
200 196 344 231 Ἐκκλησία
359 195 436 231 τύχῃ.
456 195 491 221 Οὑ
511 193 565 229 γὰρ
589 193 636 220 νῦν
656 191 766 224 κανόνες
788 193 834 219 καὶ
857 192 937 218 τύποι
951 195 975 223 Α

159 244 217 274 ταῖς
237 241 407 276 Ἐκκλησίαις
430 240 566 274 ἐδόθησαν,
594 238 650 265 ἀλλ’
681 239 712 264 ἐκ
741 238 794 264 τῶν
816 238 943 272 Πατὲρων

159 288 236 323 ἡμῶν
252 287 308 322 (97)
331 286 419 317 καλῶς
444 286 489 312 καὶ
516 285 630 320 βεϐαίως
654 284 860 319 παρεδόθησαν·
882 283 942 309 οὐδὲ

159 334 238 368 νῦνὴ
258 333 348 363 πίστις
369 331 478 367 ἤρξατο,
503 331 559 357 ἀλλ’
582 331 614 356 ὲκ
634 329 680 356 τοῦ
709 329 811 364 Κυρίου
827 328 870 354 διὰ
889 328 943 354 τῶν

161 379 289 415 μαθητῶν
317 380 356 410 είς
383 378 456 413 ἡμᾶς
483 377 652 412 διαϐέϐηκεν·
678 378 726 403 ”1ν“
749 375 795 402 οὖν
811 375 848 411 μὴ
864 375 898 402 τὰ
913 375 943 407 ἐξ

159 424 278 459 ἀρχαίων
288 424 382 460 μέχρις
399 423 476 458 ἡμῶν
489 422 639 459 τηρηθέντα
655 423 683 449 ὲν
697 424 756 453 ταῖς
773 421 942 457 Ἐκκλησίαις

160 470 189 496 ὲν
203 471 260 501 ταῖς
275 469 322 496 νῦν
344 469 460 504 ἡμέραις
487 469 686 505 παραπόληται,
712 470 758 494 καὶ
780 468 814 494 τὰ
835 476 943 494 πιστευ-

159 514 242 541 θέντα
254 516 319 550 ἡμῖν
335 514 437 549 ζητηθῇ
465 516 527 550 παρ’
549 514 643 549 ἡμῶν·
667 514 804 550 κινήθητε,
822 512 941 548 ἀδελφοὶ,

159 560 197 592 ὼς
209 561 342 596 οἰκονόμοι
361 560 514 596 μυστηρίων
523 560 589 586 Θεοῦ
597 560 784 595 τυγχάνοντες,
796 559 843 586 καὶ
857 558 942 586 ταῦτα

161 606 206 640 ὑφ’
221 605 319 642 ἐτέρων
331 606 385 641 (98)
401 605 577 641 ἁρπαζόμενα
592 605 764 641 θεωροῦντες.
783 605 822 631 Τὰ
836 604 884 640 μὲν
896 602 942 632 οὖν

161 649 269 675 πλείονα
285 649 359 685 παρὰ
375 650 429 676 τῶν
444 650 680 686 γραμματοφόρων
693 647 840 676 ἀκούσεσθε
854 659 861 665 ·
878 658 941 676 συν-

160 695 250 729 τόμως
275 695 303 721 δὲ
326 695 403 729 κάγὼ
433 696 552 731 σημᾶναι
578 695 727 731 ἠπείχθην,
755 695 799 722 ἵνα
825 695 863 730 τῷ
886 695 941 722 ὖντι

160 742 256 775 γνῶτε,
272 742 312 768 ὃτι
327 742 453 768 οὐδέποτε
463 741 572 769 τοιαῦτα
583 742 674 776 γένονε
689 742 759 768 κατὰ
766 743 815 778 τῆς
834 742 942 778 Ἐκκλη-

162 787 222 818 σίας
238 787 284 822 ἀφ’
301 785 334 823 ἦς
347 787 401 823 (99)
418 788 522 824 ἡμέρας
536 787 698 822 ἀναληφθεὶς
708 789 722 814 ό
735 787 829 823 Σωτὴρ
842 789 941 815 ἐνετεί-

160 831 224 858 λατο
238 834 293 864 τοῖς
311 829 442 868 μαθηταῑξ
457 832 559 867 λέγων·
580 833 787 868 Πορευθέντες,
797 835 942 868 μαθητεύ-

161 886 234 904 σατε
245 877 342 904 πάντα
363 878 397 904 τὰ
415 878 497 912 ἔθνη,
519 877 712 911 βαπτίζοντες
725 867 835 911 αὐτοὺς
852 880 895 911 εὶς
908 878 941 906 τὸ
957 867 978 894 Β

162 923 254 957 ὄνομα
265 923 316 949 τοῦ
331 923 454 956 Πατρός,
475 923 523 949 καὶ
536 923 588 950 τοῦ
613 922 691 954 Υιοῦ,
713 923 762 949 καὶ
784 923 837 950 τοῦ
856 923 941 958 ἁγίου

161 970 332 1003 Πνεύματος

196 1012 222 1038 2.
236 1013 276 1038 Τὰ
295 1013 345 1048 μὲν
361 1020 407 1039 ουν
428 1014 487 1040 καθ’
501 1013 579 1048 ἡμῶν
594 1015 640 1041 καὶ
660 1014 730 1041 κατὰ
751 1014 802 1049 τῆς
830 1014 943 1049 Ἐκκλη-

162 1057 222 1089 σίας
239 1057 463 1093 παρανομηθέντα
477 1058 547 1084 οὕτω
562 1059 667 1094 γέγονε.
681 1060 851 1094 Συναγόντων
866 1059 942 1095 ἡμῶν

163 1103 284 1139 συνήθως
299 1104 328 1131 ὲν
340 1105 435 1140 εἰρήνῃ
454 1105 504 1139 (1),
526 1105 580 1132 τῶν
595 1114 624 1132 τε
639 1106 711 1132 λαῶν
725 1106 942 1142 εὐφραινομένων

163 1150 209 1176 ἐπὶ
231 1151 289 1181 ταῖς
314 1149 450 1183 συνάξεσι,
469 1150 515 1177 καὶ
538 1152 745 1186 προκοπτόντων
761 1154 794 1187 τῇ
818 1152 855 1187 (2)
874 1152 943 1178 κατὰ

163 1196 229 1222 Θεὸν
245 1196 375 1232 πολιτείᾳ,
394 1197 447 1223 τῶν
469 1205 498 1222 τε
518 1197 731 1234 συλλειτουργῶν
749 1198 802 1224 τῶν
823 1199 882 1224 κατ’
897 1199 943 1224 Λῖ-

162 1249 273 1275 γυπτον,
289 1242 336 1268 καὶ
349 1242 480 1277 Θηῦαἲδα,
495 1243 543 1269 καὶ
559 1243 671 1278 Λιϐύην,
686 1243 795 1278 ἀγάπην
809 1245 854 1270 καὶ
869 1245 944 1280 είρή-

163 1296 211 1323 νην
223 1288 337 1323 ἐχόντων
354 1288 420 1324 πρὸς
430 1287 558 1323 ἀλλήλους
573 1289 621 1315 καὶ
635 1289 703 1324 πρὸς
719 1290 802 1324 ἡμᾶς,
817 1289 944 1324 ἐξαίφνης

162 1334 178 1359 ὸ
199 1334 316 1369 ἔπαρχος
339 1334 389 1369 τῆς
406 1334 543 1368 Αἰγύπτου
561 1335 712 1370 γράμματα
731 1334 874 1370 προτίθησι
896 1335 943 1370 δη-

165 1380 256 1416 μοσίᾳ,
272 1379 454 1415 διατάγματος
469 1380 563 1416 ἔχοντα
579 1381 674 1413 τύπον,
691 1381 728 1412 ὼς
743 1381 890 1417 Γρηγορίου
905 1381 943 1416 (5)

163 1427 235 1459 τινὸς
247 1428 279 1453 ὲκ
290 1427 484 1459 Καππαδοκίας
499 1428 687 1464 εἰσερχομένου
699 1427 820 1463 διαδόχου
833 1436 884 1463 μου
892 1427 945 1454 ἀπὸ

163 1472 210 1499 τοῦ
233 1472 377 1506 κομιτάτου
401 1472 449 1506 (4).
476 1473 529 1499 Καὶ
550 1473 565 1508 ή
592 1473 639 1508 μὲν
656 1472 764 1508 τοιαύτη
788 1472 856 1507 ἀκοὴ
882 1472 944 1504 τοὺς

164 1516 268 1548 πάντας
286 1517 418 1551 ἐτάραξε·
442 1518 532 1544 καινὸν
553 1517 607 1553 γὰρ
628 1515 661 1553 ἦν
683 1517 730 1543 καὶ
743 1517 804 1552 ἄρτι
830 1515 944 1552 πρώτως
958 1533 978 1561 C

164 1562 296 1589 ἁκουσθὲν
310 1562 341 1589 τὸ
354 1563 485 1589 τοιοῦτον·
502 1564 526 1589 ot
540 1563 567 1590 δὲ
581 1563 640 1589 λαοὶ
659 1563 705 1590 καὶ
723 1563 820 1598 μᾶλλον
841 1563 881 1594 είς
895 1563 945 1594 τὰς

165 1608 310 1643 ἐκκλησίας
328 1609 504 1644 συνήρχοντο·
522 1609 563 1635 ὅτι
581 1608 695 1644 μάλιστα
716 1607 856 1644 συνεώρων
876 1609 944 1643 μήτε

165 1655 287 1686 ἑαυτοὺς,
305 1655 371 1689 μήτε
387 1655 543 1686 ἐπίσκοπον,
573 1655 640 1689 μήτε
662 1654 854 1690 πρεσϐύτερον,
877 1655 943 1690 μήτε

163 1700 231 1732 ὅλως
248 1701 322 1732 τινὰς
339 1701 376 1740 (ξ)
395 1700 586 1737 μεμψαμένους
607 1701 679 1736 ἡμᾶς
707 1709 780 1726 ποτε.
797 1700 902 1732 Μόνους
916 1700 944 1726 δὲ

170 1745 325 1780 ’Λρειανοὺς
346 1745 437 1782 ἑώρων
458 1747 506 1773 σὺν
523 1745 606 1780 αὐτῷ,
629 1746 675 1772 καὶ
706 1746 842 1781 Ἀρειανὸν
865 1746 944 1772 αὑτὸν

165 1790 346 1823 ἐπεγίνωσκον
362 1791 413 1817 ὑπὸ
433 1791 486 1817 τῶν
501 1791 564 1826 περὶ
578 1790 706 1817 Εὐσέϐιον
723 1791 778 1821 τοῖς
801 1790 945 1825 Ἀρειανοῖς

164 1835 358 1862 ἀποσταλέντα
378 1836 473 1862 Οἴδατε
485 1836 513 1862 δὲ
528 1836 577 1871 (6),
599 1836 718 1870 ἀδελφοὶ,
738 1836 782 1862 ἀεὶ
796 1836 858 1867 τοὺς
881 1836 945 1871 περὶ

165 1880 292 1907 Εὐσέϐιον
305 1881 458 1916 προστάτας
472 1881 518 1907 καὶ
532 1881 674 1912 κοινωνοὺς
685 1880 734 1915 τῆς
746 1880 859 1911 ἀσεϐοῦς
871 1880 947 1915 αἱρέ-

165 1934 234 1958 σεως
247 1927 302 1953 τῶν
330 1926 538 1962 ’Δρειομανιτῶν
557 1926 728 1961 γενομένους,
745 1926 791 1952 καὶ
805 1925 838 1952 δι’
856 1925 945 1952 αὐτῶν

164 1973 208 1999 ἀεὶ
219 1973 283 2008 ἡμῖν
300 1972 553 2004 ὲπιὸουλεύσαντας,
579 1972 625 1998 καὶ
638 1971 687 2006 τῆς
712 1972 751 2002 εἰς
769 1970 817 2002 τὰς
831 1971 946 2002 Γαλλίας

165 2018 318 2052 ἀποδημίας
334 2018 435 2050 αἰτίους
451 2018 516 2053 ἡμῖν
544 2017 703 2052 γενομένους
718 2017 767 2051 (7).
791 2016 840 2043 Διὰ
859 2016 945 2043 ταῦτα

165 2063 220 2099 γὰρ
236 2064 347 2096 εἰκότως
359 2064 407 2091 καὶ
422 2065 447 2091 οί
464 2064 523 2091 λαοὶ
539 2064 718 2098 ἠγανάκτουν,
733 2064 779 2090 καὶ
798 2063 944 2096 κατεϐόων,

167 2111 366 2146 μαρτυρόμενοι
381 2111 443 2142 τοὺς
466 2110 561 2142 ἄλλους
575 2110 702 2142 δικαστὰς
725 2110 771 2136 καὶ
793 2110 882 2137 πᾶσαν
896 2111 945 2146 τὴν

166 2157 253 2190 πόλιν,
266 2157 306 2183 ὃτι
321 2157 454 2192 μηδεμιᾶς
469 2156 597 2191 μέμψεως
614 2155 665 2182 ὑπὸ
682 2155 735 2182 τῶν
756 2155 944 2191 ἐκκλησιαστι-

757 134 924 162 EPISTOLA
944 128 1144 163 ENCYCLICA.

1716 131 1768 159 226

989 192 1054 219 ﬁdes
1067 199 1174 227 pessum
1189 196 1260 219 eant.
1275 191 1424 224 Utrumque
1439 190 1510 218 enim
1526 190 1700 224 periclitatur,
1716 190 1768 218 nisi

993 244 1082 265 vestra
1102 245 1183 272 opera
1212 239 1281 265 Deus
1307 238 1426 264 facinora
1444 237 1488 264 illa
1511 237 1564 263 cito
1587 237 1723 271 corrigat,
1743 241 1771 264 et

993 285 1111 312 Ecclesia
1134 284 1292 312 vindicetur.
1316 284 1373 310 Non
1400 284 1470 311 enim
1495 291 1565 310 nunc
1589 284 1704 318 primmn
1722 290 1769 310 ca-

993 337 1076 357 nones
1089 334 1117 357 et
1128 335 1224 357 statuta
1248 330 1374 358 Ecclesiae
1388 331 1450 357 data
1465 335 1539 362 sunt,
1550 329 1595 356 sed
1613 337 1627 356 a
1645 329 1771 357 Patr-ibus

994 375 1070 402 nobis
1091 380 1164 402 recte
1182 375 1346 410 lirmiterque
1367 381 1429 402 sunt
1453 375 1550 402 tradita
1571 382 1578 402 :
1595 383 1681 410 neque
1698 383 1769 402 nunc

994 420 1059 448 ﬁdes
1079 421 1188 456 incepit.
1211 421 1257 449 sed
1280 429 1295 448 a
1312 421 1423 448 Domino
1439 429 1486 456 per
1509 421 1654 455 discipulos
1669 421 1702 448 ad
1722 429 1770 448 nos

994 474 1077 500 usque
1091 467 1221 501 pervenit.
1245 466 1284 494 Ne
1299 467 1379 502 igitur
1398 474 1428 494 ea
1444 475 1503 502 quae
1523 467 1558 494 ab
1570 467 1687 501 antiquis
1708 467 1772 494 hac-

993 518 1070 540 tenus
1094 518 1199 540 servata
1223 519 1285 541 sunt
1305 514 1330 540 in
1355 513 1493 545 Ecclesiis,
1513 513 1572 540 istis
1592 513 1647 547 jam
1677 513 1771 540 diebus

992 566 1099 592 pessum
1115 560 1225 591 abeant,
1239 558 1314 587 ‘ueve
1333 560 1366 587 de
1383 559 1417 587 iis
1437 566 1496 593 quas
1519 559 1595 586 nobis
1617 559 1769 591 concredita

993 610 1055 632 sunt
1079 606 1196 633 rationes
1213 611 1384 641 repetantur,
1408 606 1570 639 incitemini,
1592 605 1705 637 fratres,
1727 611 1771 632 ut-

992 655 1054 685 pote
1069 651 1266 684 dispensatores
1283 651 1479 690 ‘mysteriorum
1503 650 1566 683 Dei,
1587 651 1650 677 dum
1667 642 1712 677 ilia
1736 651 1771 677 ab

992 697 1051 723 aliis
1074 696 1152 731 diripi
1177 696 1301 724 cernitis.
1318 696 1399 723 Plura
1420 704 1434 723 a
1460 696 1608 723 tabellariis
1632 696 1770 729 ediscetis.

991 740 1113 768 festinari
1135 746 1223 768 tamen
1251 741 1342 776 paucis
1367 749 1397 768 ea
1423 741 1593 776 significare,
1617 749 1671 776 quo
1693 741 1772 776 plane

991 787 1066 814 vobis
1089 790 1226 814 constaret
1246 794 1382 821 nunquam
1401 786 1463 813 talia
1480 787 1609 813 adversus
1624 786 1770 813 Ecclesiam

991 837 1143 867 perpetrata
1166 840 1235 863 esse.
1252 840 1286 860 ex
1300 841 1351 867 qua
1367 833 1411 860 die
1425 833 1551 860 Salvator
1565 834 1591 859 in
1607 832 1705 859 coelum
1727 840 1772 859 as-

992 883 1114 913 sumptus
1132 879 1268 913 discipulis
1283 880 1419 913 przecepit,
1433 879 1544 906 dicens:
1565 878 1664 906 Euntex
1682 879 1772 906 docete

992 933 1079 952 omnes
1101 930 1204 960 genus,
1226 925 1385 960 baptizantes
1406 933 1448 952 eos
1468 926 1495 952 in
1516 926 1618 952 nomine
1638 924 1728 952 Patris
1746 929 1772 952 et

993 969 1057 996 Filii
1071 975 1094 997 et
1111 970 1225 1005 Spiritus
1239 971 1322 997 sancti
1335 970 1369 997 ".

1026 1015 1052 1042 ‘2.
1073 1016 1138 1049 Quae
1155 1016 1234 1051 igitur
1253 1016 1353 1043 scelera
1372 1017 1513 1043 adversum
1531 1023 1579 1043 nos
1594 1019 1622 1042 et
1642 1015 1772 1043 adversus

992 1061 1139 1088 Ecclesiam
1154 1061 1297 1088 conuuissa
1318 1065 1389 1093 sunt,
1405 1061 1443 1088 sic
1462 1068 1490 1088 se
1506 1061 1614 1088 habent.
1633 1060 1701 1088 Cum
1723 1068 1773 1087 nos

993 1107 1026 1134 de
1043 1114 1117 1134 more
1134 1107 1159 1133 in
1181 1113 1248 1140 pace
1261 1107 1476 1139 conveniri-mus,
1498 1105 1641 1140 populique
1661 1106 1689 1133 in
1708 1113 1773 1132 con-

994 1152 1115 1179 ventibus
1130 1151 1186 1187 89
1197 1151 1350 1178 laetarentur
1364 1158 1395 1177 ac
1407 1151 1468 1178 vitae
1492 1151 1614 1179 instituto
1624 1151 1771 1179 secundum

994 1199 1075 1226 Deum
1089 1198 1268 1232 proficerent:
1286 1198 1478 1225 comministris
1490 1205 1595 1232 quoque
1609 1198 1710 1225 nostris
1724 1205 1772 1232 per

993 1245 1148 1280 Egyptum,
1161 1244 1323 1271 Thebaidem
1335 1248 1362 1270 et
1373 1243 1494 1278 Libyam.
1510 1244 1668 1271 charitatem
1680 1248 1707 1271 et
1721 1251 1771 1278 pa-

993 1298 1052 1318 cem
1068 1291 1138 1318 inter
1158 1297 1187 1316 sc
1211 1298 1243 1318 ac
1263 1291 1400 1318 nobiscum
1421 1290 1608 1322 servantibus;
1628 1290 1773 1325 derepente

994 1335 1135 1370 praefectus
1152 1335 1260 1371 Egypti
1278 1336 1380 1362 litteras
1399 1336 1505 1370 publice
1520 1335 1633 1370 profert,
1651 1335 1702 1362 sub
1714 1335 1770 1362 for.

995 1388 1066 1408 nam
1077 1380 1167 1411 edicti.
1183 1381 1280 1415 quibus
1291 1380 1445 1408 declarabat
1455 1380 1613 1415 Gregorium
1630 1380 1771 1414 quemdam

993 1434 1027 1454 ex
1043 1426 1208 1461 Cappadocia
1225 1426 1290 1453 mihi
1304 1433 1488 1454 successorem
1503 1433 1536 1453 ex
1552 1426 1679 1453 comitatu
1695 1426 1773 1453 indu-

994 1478 1066 1499 ctum
1079 1480 1148 1500 esse.
1168 1472 1271 1505 Quibus
1284 1473 1382 1500 auditis
1401 1472 1563 1499 consternati
1580 1476 1642 1499 sunt
1656 1479 1749 1499 omnes
1763 1481 1770 1498 :

996 1525 1092 1545 novum
1115 1518 1214 1552 quippe
1238 1518 1301 1544 illud
1323 1523 1382 1545 erat
1403 1521 1430 1544 et
1461 1517 1591 1544 hactenus
1613 1516 1770 1544 inauditum.

996 1564 1087 1597 Populi
1103 1570 1191 1591 autem
1205 1571 1238 1590 eo
1253 1563 1418 1598 frequentius
1438 1563 1464 1590 in
1483 1563 1613 1590 ecclesias
1629 1564 1774 1591 convenie-

995 1608 1070 1639 bant,
1088 1608 1157 1642 quod
1179 1615 1269 1635 secum
1293 1612 1449 1642 reputarent
1473 1616 1522 1636 nec
1545 1616 1584 1640 se,
1600 1616 1649 1636 nec
1668 1608 1773 1643 episco-

995 1661 1068 1688 pum,
1092 1657 1137 1680 ant
1155 1653 1351 1688 presbyterum,
1378 1659 1424 1680 aut
1447 1654 1527 1681 alium
1552 1654 1716 1689 quempiam,
1740 1654 1774 1682 de

995 1698 1072 1725 nobis
1085 1706 1201 1733 unquam
1223 1704 1400 1732 conquestum
1422 1706 1492 1729 esse.
1515 1699 1640 1734 solosque
1657 1699 1775 1727 Arianos

995 1748 1136 1770 cernerent
1151 1751 1209 1771 cum
1227 1744 1282 1776 illo.
1296 1752 1374 1778 quem
1392 1745 1473 1772 etiam
1486 1746 1613 1772 Arianum
1628 1750 1655 1772 et
1668 1746 1776 1774 Arianis

996 1789 1028 1816 ab
1056 1789 1170 1817 Eusebio
1200 1790 1334 1824 sociisque
1357 1791 1416 1825 ejus
1445 1792 1556 1818 tnissum
1579 1792 1772 1825 agnoscebant.

997 1835 1078 1862 Scitis
1108 1841 1208 1868 autem,
1235 1834 1342 1868 fratres,
1364 1843 1470 1871 semper
1493 1836 1660 1865 Eusebianos
1685 1837 1774 1872 impiae

995 1882 1224 1909 Ariomanitarum
1241 1882 1352 1910 hmresis
1371 1888 1508 1918 patronos,
1529 1883 1632 1918 ipsique
1651 1891 1774 1911 commu-

996 1928 1076 1955 nione
1089 1927 1196 1962 junctos
1212 1928 1307 1960 fuisse,
1321 1936 1468 1963 eorumque
1482 1936 1563 1962 opera
1578 1929 1656 1956 nobis
1670 1937 1775 1964 semper

997 1973 1149 2005 insidiatos,
1167 1975 1252 2001 nostri
1274 1974 1355 2001 etiam
1374 1975 1400 2001 in
1421 1974 1520 2002 Gallias
1543 1975 1631 2003 exsilii
1653 1980 1776 2004 auctores

996 2018 1089 2047 fuisse.
1109 2019 1172 2047 Haec
1186 2027 1267 2047 causa
1288 2019 1339 2047 fuit
1363 2025 1392 2048 ut
1423 2021 1511 2056 populi
1538 2021 1601 2056 jure
1633 2023 1775 2057 indignati,

996 2063 1097 2098 ingenti
1122 2063 1240 2091 clamore
1276 2065 1479 2093 obtestarentur
1508 2074 1569 2094 cum
1602 2067 1670 2096 alios
1703 2068 1777 2102 judi-

995 2116 1051 2142 ces,
1087 2113 1143 2136 tum
1167 2110 1319 2138 universam
1348 2111 1452 2145 urbem,
1481 2113 1551 2147 quod
1578 2112 1648 2140 nulla
1665 2120 1777 2141 accusa-

997 2156 1069 2184 tione
1083 2158 1117 2186 ab
1132 2158 1323 2187 ecclesiasticis
1339 2160 1427 2193 facta,
1444 2161 1491 2188 sed
1513 2160 1649 2188 haereticis
1666 2161 1776 2189 Arianis

165 2203 222 2231 κῶν
233 2203 389 2238 γενομένης,
413 2202 480 2228 ἀλλὰ
505 2201 558 2228 τῶν
577 2200 614 2237 (8)
635 2201 778 2237 αἱρετικῶν
802 2201 945 2237 Ἀρειανῶν

997 2203 1061 2231 illud
1080 2208 1174 2232 eontra
1192 2212 1240 2232 nos
1255 2205 1435 2238 molientibus,
1451 2213 1499 2237 res
1513 2207 1581 2234 adeo
1597 2214 1664 2233 nova
1678 2211 1705 2233 et
1723 2207 1774 2233 ini-

166 2249 235 2277 αὐτὰ
247 2249 308 2276 καθ’
321 2249 398 2284 ἡμῶν
414 2248 575 2281 παιξάντων,
593 2247 750 2283 καινοτομία
771 2256 813 2278 τις
827 2247 874 2274 καὶ
893 2256 944 2274 πα-

168 2295 282 2330 ρανομία
293 2293 401 2330 τοιαύτη
421 2295 490 2320 κατὰ
502 2293 551 2328 τῆς
572 2293 733 2328 Ἐκκλησίας
746 2292 899 2327 γεγένηται.
914 2293 944 2318 Et

166 2341 220 2376 γὰρ
232 2341 278 2367 καὶ
288 2341 355 2372 ὅλως
367 2341 404 2376 (9)
417 2338 450 2375 ἦν
466 2348 509 2372 τις
526 2339 590 2369 καθ’
612 2339 690 2375 ἡμῶν
711 2338 814 2374 μέμψις
839 2339 944 2374 κρατή-

207 2411 230 2427 ⁶⁸
248 2411 343 2438 Matth.
354 2418 450 2442 uvrn.
467 2410 509 2438 l9.

213 2468 258 2503 97)
274 2468 339 2502 Reg.
357 2469 433 2503 ἡμῖν.

214 2501 258 2531 98)
269 2503 305 2530 Ita
316 2501 383 2531 Rea.
399 2503 481 2530 solus.
489 2502 541 2530 Alii
555 2510 614 2530 cum
626 2501 690 2529 editi
702 2505 756 2529 tum
776 2510 841 2531 mss.
850 2501 897 2528 καὶ
913 2501 944 2530 τὲ

167 2539 212 2573 ὑφ’
225 2538 335 2573 ἑτέρων.
355 2537 446 2564 Lectio
463 2538 538 2573 Regii
552 2538 642 2565 sanior
654 2537 768 2564 videtur.

203 2573 259 2608 (99)
272 2573 336 2608 Reg.
348 2573 436 2606 ἀφείς.

203 2606 254 2649 (1)
271 2607 339 2649 Haec
359 2608 439 2649 item"
459 2611 636 2649 recensentur,
660 2607 685 2647 in
721 2606 828 2649 Ap‘olog.
855 2612 945 2634 contra

165 2641 290 2704 Adrian“,
316 2647 343 2670 et
363 2643 390 2669 in
415 2641 500 2676 Epist.
522 2643 555 2669 ad
578 2643 721 2669 solitariae.
747 2641 812 2676 Reg.
830 2650 945 2675 συναγα-

165 2686 183 2704 γ
199 2686 277 2703 ψτων.

199 2686 267 2703 ντων
270 2697 277 2703 .

165 2686 277 2712 γοψτων.

202 2714 240 2748 ('2)
270 2711 315 2748 Sic
339 2720 433 2740 omnes
462 2720 525 2739 mss.
554 2711 624 2739 Editi
655 2712 726 2739 κατὰ
767 2711 832 2748 Θεόν
858 2711 947 2748 minus

164 2753 250 2809 Recte?
277 2747 337 2775 Mox
383 2747 436 2774 τῶν
468 2752 530 2774 ante
557 2748 616 2774 κατ’
647 2749 784 2782 Αἴγυπτον
816 2747 891 2774 deest
919 2747 945 2772 in

187 2789 246 2809 ast.

187 2783 246 2809 asil.

196 2813 240 2852 ’(5)
248 2817 317 2844 Editi
326 2821 353 2844 et
362 2825 455 2844 omnes
465 2825 529 2844 mss.
539 2817 623 2851 Regio
635 2823 747 2852 cxccpto
757 2816 945 2851 nbiqueI‘swp—

165 2852 225 2886 γίου
238 2853 344 2880 habent.
361 2853 395 2879 At
409 2852 482 2887 Regii
502 2852 642 2879 lectionum
659 2854 800 2888 genuinam
817 2859 875 2879 esse
887 2859 945 2878 mo-

328 2898 465 2928 PATROL.
489 2898 548 2928 Gn.
571 2898 670 2929 XXV.

997 2256 1050 2283 qua
1066 2249 1194 2278 adversus
1207 2250 1354 2277 Ecclesium
1368 2255 1575 2284 perpetraretur.
1592 2251 1620 2278 Si
1635 2259 1686 2286 qua
1703 2252 1775 2278 enim

998 2292 1140 2321 adversum
1156 2301 1204 2322 nos
1221 2294 1375 2321 criminatio
1391 2295 1443 2321 vim
1458 2296 1578 2328 haberet,
1595 2297 1712 2329 oportuit
1727 2303 1775 2322 nec

997 2339 1140 2373 Arianum,
1170 2347 1219 2367 nec
1246 2339 1352 2367 Arianae
1373 2341 1513 2367 sentcntiae
1538 2341 1682 2371 hominem_
1701 2341 1774 2368 ordi-

999 2473 1116 2492 ntntnus.
1126 2465 1186 2501 Mox
1201 2464 1266 2500 Reg.
1277 2465 1417 2501 ἐτάραττε.

1032 2498 1279 2535 (4)Κομιτάτου,ήιιι
1288 2498 1400 2527 caeteras
1409 2500 1486 2533 hujus
1494 2499 1566 2535 vocis
1573 2499 1729 2535 omillamus
1738 2498 1776 2525 si-

997 2533 1193 2570 gniﬁcationes,
1201 2535 1335 2568 dequibus
1341 2535 1432 2568 Cangii
1439 2533 1602 2570 Glossarium
1608 2533 1726 2565 consule,
1734 2541 1776 2570 κο-

1000 2569 1110 2605 μίτατος
1123 2571 1195 2603 apud
1215 2570 1391 2596 Athanasium
1415 2577 1463 2596 usu
1478 2569 1550 2596 venit
1565 2576 1612 2603 pro
1625 2569 1775 2605 turmami-

999 2603 1074 2631 iitum
1108 2605 1316 2639 clientiumque.
1344 2605 1551 2639 imperatorem,
1578 2608 1624 2629 aut
1650 2603 1774 2629 comitem

997 2640 1150 2674 quemdam,
1167 2644 1213 2665 aut
1227 2639 1383 2672 praefectum
1399 2639 1553 2666 comitante.

1034 2674 1072 2710 (5)
1086 2674 1152 2710 Reg.
1171 2674 1240 2700 τινά.
1260 2708 1276 2710 _
1314 2708 1329 2710 ἡ
1398 2708 1416 2710 _
1435 2708 1441 2710 _
1460 2707 1467 2710 _
1534 2708 1549 2710 __
1610 2694 1616 2700 .

1033 2707 1072 2742 (6)
1087 2707 1212 2736 Aé‘deest
1224 2711 1248 2735 in
1260 2708 1341 2735 Basil.
1356 2713 1382 2735 et
1397 2707 1515 2736 Felckm.
1533 2708 1550 2736 5
1561 2715 1643 2735 anon.

1034 2743 1072 2779 (7)
1087 2744 1152 2779 Reg.
1163 2743 1266 2774 αἰτίους
1282 2743 1503 2779 γεγεννημένους,
1518 2743 1618 2779 omisso
1631 2743 1708 2779 ﬁght.

1017 2775 1070 2821 ,(8)
1088 2775 1141 2807 8ίό
1149 2779 1215 2814 Reg.
1227 2775 1307 2814 Augl.
1320 2775 1347 2806 et
1361 2775 1451 2806 Féick.
1469 2779 1486 2806 5
1500 2787 1545 2806 an.
1559 2777 1629 2806 Editi
1642 2775 1711 2805 me
1730 2775 1780 2804 καὶ

996 2822 1061 2842 των.

1032 2850 1071 2885 (9)
1088 2850 1155 2886 Reg.
1171 2850 1217 2877 καὶ
1227 2849 1304 2880 ὅλως,

1604 2892 1623 2923 8
