2031 3048
159 166 210 195 229

768 168 934 198 EPISTOLA
953 171 1156 201 ENCYCLICA.

1721 173 1775 201 230

159 225 260 256 νοῦντο,
278 224 324 251 καὶ
341 225 459 260 ἔπασχον
475 225 492 252 ἃ
511 226 547 262 μὴ
563 226 657 262 θέμις’
674 227 711 262 μὴ
722 227 883 263 ἀνεχόμεναι
899 229 934 262 δὲ,

989 231 1149 265 periclitari;
1164 229 1288 257 monachi
1302 228 1451 256 ronculcati
1464 227 1619 263 exspirare;
1636 227 1681 255 alii
1692 228 1774 255 discis

158 271 341 298 ἐκινδύνευον·
374 273 534 307 μονάζοντες
565 273 782 307 κατεπατοῦντο,
810 275 856 301 καὶ
886 276 939 302 ἀπ-

159 317 288 352 έθνησκον
299 325 306 332 ·
325 317 371 344 καὶ
385 319 409 344 oi
431 319 480 353 μὲν
494 318 662 345 ὲδισκεύοντο
677 319 743 354 (l9),
762 321 786 346 οἱ
807 321 836 347 δὲ
852 320 940 355 ξίφεσι

158 362 203 388 καὶ
226 362 353 397 ῥοπάλοις
373 364 536 399 ἀνῃροῦντο·
552 365 626 391 ἄλλοι
647 365 875 401 ἐτρωματίζοντο
894 367 941 394 καὶ

157 407 309 435 ἐτύπτοντο.
335 409 395 435 Ἐπὶ
411 409 439 436 δὲ
451 410 500 445 τῆς
515 410 595 444 ἁγίας
611 411 750 446 τραπέζης
774 412 854 448 ἡλίκη
876 413 939 439 ἀσέ-

157 452 216 480 ϐεια
244 453 291 480 καὶ
317 455 471 490 παρανομία
498 455 625 490 γέγονενί
653 456 733 492 ὄρνεα
763 458 810 484 καὶ
835 457 940 493 στροῦία

157 499 217 531 λους
232 500 288 535 (20)
307 501 456 533 ἐθυσίαζον,
478 501 663 537 εὐφημοῦντες
682 502 730 537 μὲν
747 502 836 529 αὐτῶν
855 503 888 529 τὰ
902 503 940 529 εῖ-

155 545 238 573 δωλα·
256 547 457 583 δυσφημοῦντες
476 548 504 574 δὲ
526 549 554 574 ἐν
574 548 671 580 αὑταῖς
696 549 756 580 ταῖς
779 549 939 585 ἐκκλησίαις

156 592 199 618 τὸν
213 593 313 628 Κύριον
331 594 377 620 καὶ
393 594 505 630 Σωτῆρα
527 594 604 630 ὴμῶν
628 594 731 629 Ἰησοῦν
751 595 877 630 Χριστὸν,
893 596 938 623 τὸν

157 638 218 664 Υἰδν
232 638 278 665 τοῦ
296 639 362 665 Θεοῦ
388 639 433 666 τοῦ
452 639 566 672 ζῶντος,
589 640 639 672 τὰς
658 641 733 672 θείας
754 641 808 668 τῶν
822 641 938 678 Γραφῶν

156 683 270 718 βίϐλους,
283 684 316 716 ἃς
329 684 453 720 εὕρισκον
467 686 495 712 ἐν
512 687 544 721 τῇ
557 681 699 722 ἐκκληὰίᾳ,
721 688 875 715 κατέκαιον.
890 689 938 721 Εἰς

154 729 224 756 δὲτὸ
235 730 310 764 ἀγιον
324 731 526 767 βαπτιστήριον,
556 731 607 767 φεῦ
627 733 678 767 τῆς
703 733 820 768 τόλμηςί
839 734 863 760 oi
880 735 938 761 Κυ-

156 776 285 811 ριοκτόνοι
308 777 426 803 Ἰουδαῖοι
443 777 490 804 καὶ
508 778 532 804 oi
561 777 634 804 ἀθεοι
656 778 756 805 ἐθνικοὶ
776 779 937 813 ἀφυλάκτως

153 822 347 857 εἰσερχόμενοι,
362 822 474 850 τοιαῦτα
491 823 592 859 αἰσχρὰ
606 824 662 860 (21)
681 824 872 860 διεπράττοντο
891 827 937 852 καὶ

153 867 262 894 ἐλάλουν
287 868 452 903 γυμνοῦντες
480 868 602 900 ἑαυτοὺς,
629 869 666 900 ὼς
692 869 865 904 αἰσχύνεσθαι
889 872 936 897 καὶ

994 277 1101 311 impeti;
1124 276 1168 303 alii
1192 276 1287 311 gladiis
1307 275 1476 310 fustibusque
1495 275 1626 308 intertici;
1646 274 1691 301 alii
1716 274 1775 301 vul-

993 323 1081 350 nerari
1093 327 1121 350 et
1131 322 1269 357 vapulare.
1283 321 1311 348 ln
1323 328 1428 348 sacram
1437 323 1526 348 autem
1538 327 1660 346 mensam
1672 326 1773 354 quanta

994 368 1116 402 impietas
1129 367 1311 402 iniquitasque
1326 364 1487 392 commissa!
1511 370 1576 391 aves
1591 362 1774 396 strobilosque

993 412 1191 444 sacriﬁcabant,
1209 411 1278 439 idola
1293 411 1401 446 quidem
1417 417 1465 437 sua
1478 409 1602 437 laudibus
1613 407 1771 440 eﬂ'erentes;

993 457 1133 485 Dmninum
1167 462 1256 484 autem
1281 461 1308 485 et
1340 457 1507 484 Salvatorem
1531 460 1653 482 nostrum
1681 452 1772 481 Jesum

992 504 1140 536 Christum,
1164 503 1258 531 Filium
1286 503 1331 530 Dci
1353 503 1478 536 viventis,
1512 501 1539 529 in
1563 502 1629 537 ipsis
1650 495 1773 528 ecclesiis

992 551 1140 578 maledictis
1153 551 1316 578 insectantes
1326 570 1333 582 ,
1347 549 1452 577 divinos
1464 548 1667 583 Scripturarum
1678 546 1771 576 libros,

991 603 1059 631 quos
1071 597 1098 623 in
1112 595 1226 623 ecclesia
1241 595 1412 626 invenerunt,
1425 593 1608 621 combussere.
1621 592 1650 619 ln
1665 599 1772 619 sacrum

992 645 1080 668 autem
1097 641 1296 676 baptisterium,
1318 639 1386 674 proh
1404 638 1526 666 facinusl
1542 636 1714 666 Dominicidze
1726 634 1774 663 Ju-

991 687 1041 715 dzei
1054 692 1080 714 et
1097 687 1168 714 athci
1195 686 1295 714 ethnici
1319 690 1422 713 temere
1440 686 1554 720 ingressi
1574 691 1618 712 res
1630 684 1698 711 adeo
1714 688 1773 711 tnr-

990 741 1037 768 pes
1052 738 1251 768 perpetrarunt,
1270 739 1301 760 ac
1315 732 1419 767 seipsos
1435 732 1569 759 nudantes
1587 736 1641 758 tam
1655 730 1772 758 obscena

991 779 1126 813 protulere
1139 779 1232 812 verba,
1247 783 1274 805 nt
1297 786 1327 805 ea
1342 779 1440 813 pudeat
1453 778 1565 805 referre.
1589 777 1645 805 lmo
1663 777 1772 812 quidam

991 824 1064 859 impii
1088 825 1137 851 viri
1154 825 1370 859 persecutionum
1393 825 1567 852 acerbitatem
1587 824 1695 857 imitati,
1718 824 1773 850 vir-

989 870 1066 906 gincs
1077 876 1105 898 et
1122 871 1290 898 continentes
1313 871 1452 904 tnulieres,
1477 871 1601 898 manibus
1621 875 1773 905 pertractas

153 913 239 947 λέγειν
262 914 342 940 αὐτά.
368 913 422 940 Καί
446 922 518 946 τινες
540 915 648 947 ἀσεϐεῖς
669 914 774 950 ἀνδρες,
797 915 830 942 τὰ
851 916 934 951 πικρὰ

990 921 1162 959 raptatasqne
1191 917 1324 951 cogebant
1348 916 1538 952 blasphemare
1568 921 1596 944 et
1629 916 1771 944 Dominum

152 959 204 985 τῶν
219 959 346 995 διωγμῶν
370 961 541 996 μιμούμενοι,
565 961 707 997 παρθένων
728 962 774 988 καὶ
796 961 937 998 ἐγκρατῶν

152 1004 314 1041 κρατοῦντες
324 1007 373 1038 τὰς
389 1008 483 1043 χεῖρας
495 1007 551 1043 (22)
566 1005 656 1034 εἷλκον
667 1017 674 1024 ·
692 1008 739 1035 καὶ
752 1007 934 1044 διασύροντες,
956 1017 966 1029 ο

152 1053 289 1086 ἐϐιάζοντο
310 1054 488 1091 βλασφημεῖν,
517 1057 564 1082 καὶ
604 1055 742 1092 ἀρνεῖσθαι
786 1055 831 1082 τὸν
856 1055 968 1091 Κύριον,

151 1108 222 1128 τσυν.

186 1148 212 1175 4.
237 1148 292 1175 Καὶ
317 1148 385 1184 πρὸς
414 1149 519 1181 τούτοις
539 1150 555 1185 ἡ
577 1149 722 1186 θαυμαστὴ
749 1150 796 1178 καὶ
821 1150 936 1186 λαμπρὰ

150 1193 250 1225 εῖσοδος
266 1193 416 1230 Γρηγορίου
439 1194 486 1221 τοῦ
507 1195 655 1230 Ἀρειανοῦ,
680 1196 796 1231 ήδομένη
810 1195 865 1231 (⁸25)
879 1197 936 1228 τοῖς

149 1239 277 1272 τοιούτοις
301 1242 406 1272 κακοῖς,
434 1240 528 1276 ὥσπερ
554 1241 669 1268 ἔπαθλον
693 1242 739 1269 καὶ
770 1242 865 1277 μισθὸν
885 1243 935 1278 τῆς

150 1286 275 1321 τοιαύτης
295 1286 453 1322 παρανόμου
473 1287 551 1322 νίκης
570 1287 726 1323 παρέχουσα
746 1289 802 1319 τοῖς
819 1287 934 1320 ἐθνικοῖς

149 1332 197 1358 καὶ
218 1333 274 1363 τοῖς
304 1332 450 1365 Ἰουδαίοις,
474 1332 521 1359 καὶ
543 1334 598 1365 τοῖς
620 1333 654 1360 τὰ
670 1333 724 1369 (24)
742 1333 853 1360 τοιαῦτα
873 1334 934 1360 καθ’

149 1378 227 1414 ἡμῶν
241 1379 438 1414 ἐργασαμένοις
456 1379 495 1410 εὶς
520 1379 620 1414 πρέδαν
643 1379 741 1406 δέδωκε
763 1379 811 1415 τὴν
836 1380 934 1420 ἐκκλη-

149 1423 220 1451 σίαν.
246 1425 300 1451 Καὶ
324 1424 373 1460 τῆς
401 1424 528 1460 τοιαύτης
553 1425 724 1461 παρανομίας
746 1426 792 1453 καὶ
821 1426 934 1460 ἀταξίας

990 963 1123 997 abnegare
1137 970 1145 988 :
1160 969 1228 998 quas
1250 962 1276 990 id
1289 962 1380 990 facere
1395 968 1553 990 recusantes
1570 962 1708 990 caedebant
1723 969 1771 997 pe-

989 1008 1119 1043 dibusque
1134 1009 1284 1036 calcabam.

987 1056 1033 1083 καὶ
1071 1057 1108 1094 μὴ
1149 1057 1319 1093 ἁρνουμένας
1359 1057 1528 1085 κατέκοπτον
1567 1058 1614 1085 καὶ
1651 1057 1772 1084 κατεπά-

1022 1151 1049 1178 4.
1071 1150 1111 1178 Ad
1135 1149 1193 1178 haec
1214 1149 1348 1178 mirabilis
1367 1150 1411 1178 ille
1436 1157 1468 1178 ac
1489 1150 1635 1185 praeclarus
1646 1150 1770 1186 Gregorii

987 1196 1079 1224 Ariani
1095 1197 1242 1231 ingressus,
1258 1196 1304 1231 qui
1321 1196 1475 1230 hnjusmodl
1490 1196 1570 1224 malis
1583 1196 1729 1231 gaudebat.-
1740 1202 1772 1224 ut

987 1250 1036 1278 pro
1048 1242 1098 1270 hac
1113 1242 1203 1277 iniqua
1218 1242 1341 1276 victoria,
1355 1242 1484 1275 ethnicis,
1496 1242 1606 1276 Iudaeis,
1623 1242 1711 1277 iisque
1723 1243 1770 1277 qui

987 1289 1045 1316 haec
1065 1287 1165 1323 ﬂagitia
1186 1293 1279 1316 contra
1305 1296 1354 1315 nos
1373 1288 1579 1320 commiserant,
1601 1288 1678 1323 quasi
1700 1296 1769 1323 pra:-

986 1335 1069 1361 minm
1083 1335 1211 1362 tribueret
1230 1342 1262 1362 ac
1274 1335 1436 1366 mercedem,
1452 1335 1594 1362 ecclesiam
1611 1335 1637 1362 in
1652 1337 1769 1370 praedam

987 1380 1053 1415 ipsis
1068 1381 1188 1408 tradidit.
1211 1381 1297 1408 Porro
1319 1388 1448 1409 concessa
1471 1381 1522 1409 hac
1539 1381 1628 1416 inique
1646 1389 1677 1409 ac
1694 1386 1770 1416 petu-

987 1426 1074 1453 lanter
1089 1427 1184 1461 agendi
1198 1426 1332 1458 libertate,
1346 1433 1406 1461 quae
1417 1425 1516 1453 dehinc
1534 1430 1608 1460 gesta
1627 1430 1689 1453 sunt
1700 1425 1769 1453 bello

149 1470 386 1506 συγχωρηθείσης,
412 1470 446 1497 τά
471 1470 596 1506 πολέμων
622 1471 714 1498 λοιπὸν
739 1471 864 1508 χείρονα,
889 1473 934 1499 καὶ

987 1477 1051 1500 sunt
1075 1472 1166 1506 pejora
1188 1477 1215 1499 et
1246 1472 1388 1500 latrocinio
1412 1471 1582 1505 crudeliora;
1608 1472 1645 1499 ita
1670 1477 1699 1499 ut
1722 1472 1769 1500 alii

147 1516 254 1553 λῃστῶν
264 1516 390 1552 ὠμότερα
415 1517 528 1551 ἐγίνετο.
549 1518 580 1544 υί
596 1517 645 1552 μὲν
665 1517 718 1553 γὰρ
740 1518 775 1544 τὰ
791 1518 933 1545 ἀπαντῶν-

147 1572 181 1590 τα
197 1563 253 1598 (25)
269 1562 432 1598 διήρπαζον·
446 1564 470 1590 oi.
487 1563 515 1590 δὲ
527 1563 576 1595 τὰς
586 1563 769 1598 ἀποκειμένας
787 1563 867 1590 τινῶν
882 1572 934 1590 πα-

148 1608 271 1644 ραθήκας
285 1607 426 1643 διῃροῦντο
435 1616 442 1623 ·
461 1608 507 1634 τὸν
519 1605 588 1634 οἶνον
605 1607 688 1635 πολὺν
702 1608 766 1635 ὄντα
780 1608 796 1644 ἢ
809 1608 900 1635 ἔπινον
915 1608 931 1644 ἢ

146 1653 286 1686 ἐξεκένουν
302 1654 318 1689 ἢ
333 1654 467 1690 ἀπέφερον
477 1663 483 1669 ·
496 1655 526 1681 τὺ
545 1654 725 1690 ἀποκείμενον
737 1654 825 1682 ἔλαιον
840 1656 933 1691 ἥρπα-

147 1699 210 1731 ζον·
235 1699 284 1731 τὰς
310 1699 393 1734 θύρας
421 1699 468 1726 καὶ
494 1701 556 1731 τοὺς
585 1700 752 1734 καγκέλλους
777 1700 815 1733 ὠς
848 1701 933 1728 σκῦλα

147 1745 262 1777 ἕκαστος
281 1745 416 1781 ἐλάμϐανε
443 1745 515 1781 (26)·
544 1746 594 1778 τὰς
623 1746 732 1782 λυχνίας
757 1748 884 1783 παραυτὰ
904 1749 933 1775 ἐν

146 1791 186 1826 τῷ
199 1791 292 1826 τοιχίῳ
306 1791 478 1824 ἀπετίθεσαν,
491 1792 554 1823 τοὺς
568 1792 709 1827 κηριόλους
721 1793 771 1828 τῆς
787 1792 934 1828 ἐκκλησίας

144 1838 202 1868 τοῖς
213 1836 331 1869 εἰδώλοις
344 1837 479 1872 ἀνῆπτον·
499 1837 545 1864 καὶ
563 1837 631 1870 ὅλως
651 1838 761 1875 ἁρπαγὴ
781 1839 827 1865 καὶ¹
851 1839 933 1867 θάνα-

144 1891 192 1914 τος
208 1881 242 1919 ἦν
251 1884 281 1909 ἐν
296 1885 328 1919 τῇ
345 1883 494 1919 ἐκκλησίᾳ*
511 1884 558 1919 καὶ
571 1884 622 1910 οὐκ
634 1884 746 1920 ᾐδοῦντο
755 1886 780 1912 οἱ
794 1885 932 1918 δυσσεϐεῖς

151 1929 284 1964 ’Λρειανοὶ
299 1929 400 1956 τούτων
413 1930 580 1965 γιγνομὲνων
601 1929 657 1965 (27)
667 1939 674 1945 ·
693 1930 750 1957 ἀλλ’
765 1930 804 1957 ἔτι
824 1932 932 1968 χείρονα

144 1975 193 2002 καὶ
203 1975 329 2011 ὠμότερα
343 1975 517 2012 προσετίθουν
526 1984 533 1991 ·
552 1976 731 2012 πρεσόύτεροι
746 1976 800 2013 γὰρ
817 1979 862 2004 καὶ
875 1978 932 2005 λαῖ-

144 2020 189 2047 κοὶ
214 2020 361 2056 ἐξέσθησαν
392 2020 463 2056 (28),
498 2020 627 2056 παρθένοι
658 2021 929 2058 ἀπομαφοριζόμεναι

179 2088 236 2123 (l9)
260 2088 358 2122 Regius
384 2087 560 2115 ἐδισκεύοντο.
583 2088 757 2122 Anglicanus,
779 2094 806 2117 et
831 2089 925 2117 Fclt-k-

143 2124 237 2150 manui
266 2123 374 2157 quintus
403 2131 552 2158 anonymns
575 2123 756 2151 ἐδιεπκεύοντο
785 2126 923 2152 ιιιιξιιιιοςο.

141 2158 195 2194 Alii
226 2165 287 2194 cum
305 2158 401 2194 editis,
426 2157 596 2194 ἐδημεύοντο.
627 2158 696 2185 lnl‘ra
713 2159 812 2194 Regius
841 2161 925 2187 codrx

141 2193 217 2219 ἄλλοι
247 2192 277 2218 δὲ
303 2193 360 2228 ἐτρ.
388 2193 416 2220 lo
437 2192 530 2220 eodem
546 2193 612 2226 haec,
641 2194 688 2221 καὶ
704 2192 859 2226 ἐτύπτοντο,
879 2196 925 2222 de-
942 2203 962 2229 ι)

179 2261 236 2298 (20)
245 2263 432 2299 Στρρϐίλους.
440 2261 529 2299 Hujus
535 2263 609 2299 vocis
623 2263 760 2298 complura
770 2269 832 2291 sunt
840 2265 923 2299 signi-

141 2297 222 2324 ﬁcata
238 2306 244 2324 :
260 2298 286 2324 l.
300 2297 441 2333 Στρύσιλος
463 2297 595 2330 signiﬁcat
612 2297 704 2332 pinum
722 2299 762 2326 vel
773 2297 923 2333 nucenfpi-

140 2340 222 2360 neam
240 2341 247 2359 :
263 2332 343 2368 quam
368 2333 394 2359 in
415 2334 530 2368 quadam
554 2332 636 2360 Italia:
659 2334 766 2368 regione
788 2335 922 2360 strobilum

139 2367 235 2394 vocari
258 2366 296 2394 ait
315 2367 427 2400 Plinius,
451 2366 526 2399 cujus
551 2368 607 2394 hanc
623 2366 730 2395 videtur
743 2376 806 2395 vera
824 2369 921 2402 lectio;

139 2410 207 2430 nam
224 2402 250 2429 in
266 2403 424 2437 quibusdam
436 2403 526 2432 editis.
542 2402 676 2436 mendose,
694 2404 813 2438 stipulas.
832 2404 858 2430 in
885 2404 924 2431 ul-

139 2438 209 2464 tima
232 2438 462 2478 vero_editione_,_
483 2438 578 2478 libato!
605 2438 712 2478 legitunr.
730 2439 756 2466 2.
782 2438 924 2478 Signiﬁcat

137 2479 228 2507 genus
242 2472 375 2513 quoddam
389 2472 513 2499 cochleae.
534 2472 591 2498 Alia
608 2473 770 2513 significata,
783 2472 843 2509 qua:
858 2474 923 2500 nihil

137 2508 174 2533 ad
189 2511 309 2534 nostrum
328 2508 477 2534 tnstitutum
486 2511 620 2540 spectant,
638 2509 736 2536 vtdesrs
753 2509 779 2535 in
806 2508 921 2536 Lexicis.

137 2541 276 2578 incertum
287 2547 328 2568 est
338 2547 426 2578 utram
437 2549 470 2578 ex
479 2541 821 2578 allatisinterpretationem
832 2549 924 2578 postu-

136 2576 176 2614 let
200 2577 243 2614 hic
269 2576 433 2614 στροϐίλουςἶ
450 2577 576 2614 ln_editis
596 2577 757 2614 στροσήλους
776 2576 922 2614 legebatur.

136 2611 201 2639 Mox
212 2612 288 2646 Reg.,
296 2611 399 2638 ἑαυτῶν
408 2612 441 2639 τὰ
454 2611 502 2638 είδ.

175 2647 230 2681 (2t)
246 2646 325 2682 Reg.,
341 2647 470 2688 αἰσχρῶς.
484 2646 542 2689 μοις
557 2646 638 2674 Basil.
662 2653 689 2675 et
711 2648 889 2677 Fclckmanni
908 2650 924 2676 5

134 2688 266 2716 anonym.
284 2683 448 2726 γυμνρῦντες
464 2682 570 2714 αὐτούς.
678 2719 684 2725 ι

155 2716 228 2758 “(22)
246 2716 415 2758 T&g__xstpa;
440 2726 466 2744 ιιι
484 2717 549 2758 Reg.
565 2722 593 2744 et
607 2718 712 2758 Anglic.
732 2718 924 2758 legtmtttr._ln

132 2751 271 2790 aliiscuin
279 2751 358 2790 editis
367 2758 421 2790 tuin
434 2760 497 2790 mss.
508 2751 705 2790 «iesuntll’aulo
714 2751 773 2790 post
784 2754 863 2790 ch.,
873 2755 923 2790 ἀρ-

130 2786 291 2825 νεῖσθαιτὸν
298 2787 426 2825 Χριστόνἶ
435 2787 505 2814 lnira
514 2787 578 2823 Reg.
585 2810 592 2821 ,
600 2786 759 2825 Γρηγορίου.
769 2786 925 2817 ΑΙίἴὸιιιιιὶτε

130 2822 217 2858 ad.et
230 2830 308 2858 "155.,
322 2822 467 2858 Γεωργίου.

173 2857 231 2898 (εξ)
243 2856 370 2898 Βιι-διιηῃ
382 2856 527 2898 δεδομένη.
543 2857 621 2893 Reg.,
638 2867 717 2894 quem
733 2860 882 2895 acquimur,
907 2861 924 2895 ἠ

129 2890 266 2928 ἡδομένη.
278 2892 306 2920 In
325 2890 384 2920 aliis
397 2894 414 2928 ἡ
429 2890 512 2920 deest.

985 1517 1064 1545 obvia
1082 1524 1195 1552 qumque
1209 1517 1359 1552 diriperent
1375 1525 1382 1544 :
1398 1516 1442 1544 alii
1456 1517 1632 1551 quorumdam
1645 1516 1769 1552 deposita

986 1563 1136 1591 dividerent
1150 1572 1155 1590 :
1171 1570 1293 1598 magnam
1309 1561 1362 1589 vini
1377 1561 1482 1596 copiam
1501 1561 1555 1588 illic
1570 1567 1704 1596 repertam
1723 1567 1769 1589 aut

984 1608 1136 1638 ebiberent,
1152 1611 1199 1634 aut
1215 1606 1394 1638 eﬂ'nnderent,
1409 1611 1455 1633 aut
1473 1611 1662 1642 asportarent;
1677 1607 1767 1634 oleum

986 1653 1154 1681 reconditum
1182 1653 1336 1685 auferrent;
1361 1652 1460 1686 jannas
1481 1656 1510 1679 et
1531 1653 1666 1681 cancellos
1690 1653 1767 1688 quasi

985 1699 1068 1734 spolia
1091 1699 1188 1733 singuli
1213 1703 1357 1734 raperent;
1385 1698 1548 1726 candelabra
1578 1699 1612 1726 ad
1635 1699 1767 1734 parietem

984 1745 1075 1772 statim
1090 1749 1269 1778 reponerent;
1287 1744 1410 1772 ecclesiae
1425 1752 1519 1772 cereos
1540 1744 1618 1773 idolis
1637 1745 1767 1773 accende-

984 1795 1055 1818 rent.
1074 1790 1186 1818 Demum
1198 1790 1314 1824 direptio
1325 1794 1352 1817 et
1364 1797 1438 1817 mers
1447 1789 1589 1818 ecclesiam
1601 1796 1766 1826 occuparat:

985 1843 1035 1864 nec
1048 1836 1194 1871 quidquam
1214 1835 1310 1870 impios
1323 1835 1439 1863 Arianos
1451 1836 1570 1871 pudebat
1589 1836 1685 1864 horum
1701 1836 1768 1865 faci-

983 1889 1091 1910 norum.
1115 1882 1185 1915 Quin
1205 1881 1287 1909 etiam
1311 1881 1353 1909 his
1370 1882 1492 1916 graviora
1510 1885 1537 1909 et
1551 1881 1704 1909 crudeliora
1719 1882 1767 1909 ad-

981 1929 1109 1956 diderunt
1124 1937 1132 1955 :
1154 1928 1306 1963 presbyteri
1326 1928 1398 1955 enim
1411 1932 1439 1955 et
1462 1927 1522 1955 laici
1538 1927 1624 1963 plagis
1636 1928 1764 1962 lacerari,

981 1975 1099 2010 virgines
1122 1974 1243 2002 detracto
1267 1973 1392 2006 maforte,
1409 1973 1462 2009 91
1489 1973 1522 2000 ad
1544 1974 1664 2002 tribunal
1689 1974 1766 2002 ducis

981 2020 1111 2055 pertrahi,
1135 2024 1163 2047 et
1183 2021 1209 2047 in
1235 2027 1372 2047 carcerem
1398 2019 1520 2054 conjici:
1546 2019 1593 2048 alii
1619 2021 1765 2056 proscribi,

1013 2087 1069 2125 (2t)
1095 2087 1123 2125 l_n
1147 2087 1216 2125 Reg.
1234 2087 1268 2114 τά
1282 2088 1377 2125 Αιίθοει.
1389 2087 1465 2125 jlox
1480 2087 1573 2125 Basil”
1590 2088 1706 2125 πραίδαν
1722 2098 1767 2117 so-

978 2122 1030 2151 lus.
1050 2122 1171 2150 Ecclesia
1191 2122 1256 2150 vero
1273 2123 1306 2150 de
1323 2130 1375 2157 qua
1389 2123 1434 2150 hic
1451 2123 1518 2158 agit,
1536 2122 1628 2158 Cyrin't'
1650 2125 1766 2152 vocaba-

979 2163 1033 2191 tur,
1047 2163 1075 2185 ut
1090 2159 1128 2184 ait
1153 2158 1316 2186 Athanasius
1335 2159 1369 2185 ad
1393 2158 1539 2193 solitarios,
1555 2159 1599 2186 ubi
1628 2159 1686 2186 haec
1708 2160 1763 2193 ipsi

979 2199 1162 2221 recensentur.
1181 2193 1266 2228 Porro
1276 2195 1302 2220 in
1316 2193 1429 2226 epistola
1444 2192 1520 2224 Julii,
1534 2201 1613 2227 quam
1630 2192 1764 2228 integram

977 2228 1141 2256 Athanasius
1154 2227 1246 2264 refert,
1263 2227 1339 2261 Apol.
1359 2233 1450 2254 contra
1468 2227 1591 2264 Arianae,
1609 2227 1760 2264 sacra'tny-

977 2264 1062 2290 steria
1078 2264 1111 2290 ab
1126 2263 1241 2290 ethnicis
1260 2264 1363 2297 direpta
1387 2268 1414 2290 et
1437 2263 1597 2290 conculcata
1619 2263 1764 2295 feruntur;

976 2298 1047 2334 quod
1062 2305 1112 2326 cur
1134 2298 1160 2334 in
1181 2298 1232 2325 hac
1251 2296 1364 2334 epistola
1389 2298 1543 2334 omittatur,
1565 2298 1634 2334 haud
1658 2296 1766 2334 diﬂicile

976 2332 1019 2360 est
1029 2333 1166 2367 augurari,
1182 2340 1277 2367 nempe
1288 2333 1446 2360 Athanasio.
1454 2333 1499 2366 qui
1513 2332 1592 2368 paulo
1602 2337 1663 2368 post
1673 2333 1764 2368 fugant

977 2369 1124 2404 suamﬁhazc
1141 2367 1261 2401 scripsit.
1277 2369 1394 2395 nondum
1405 2368 1496 2396 omnia
1507 2367 1562 2395 iliic
1573 2367 1661 2404 gesta,
1675 2367 1764 2404 explo-

976 2408 1035 2430 rata
1049 2403 1131 2429 fuisse
1142 2407 1275 2436 poterant.

977 2438 1068 2500 θήβὸ)
1101 2436 1168 2472 Reg.
1197 2437 1332 2464 ἁπάντων.
1363 2437 1423 2466 Mox
1445 2437 1563 2473 Anglic.,
1589 2438 1670 2465 τινῶν
1697 2438 1764 2466 ἀπο-

1013 2481 1072 2500 καί.

1013 2481 1072 2504 κας.

1096 2507 1151 2535 lloc
1166 2507 1225 2534 loco
1241 2507 1308 2535 mire
1323 2508 1410 2534 variat
1429 2507 1527 2542 Regius
1541 2515 1618 2539 mss.;
1634 2508 1674 2536 sic
1690 2509 1762 2537 enim

977 2543 1073 2570 habet:
1084 2542 1138 2578 καὶ
1147 2542 1210 2578 τοῦς
1225 2542 1390 2578 καγκέλλους
1401 2542 1454 2569 τῶν
1466 2543 1619 2578 ἐκκλησιῶν
1628 2543 1666 2575 ὡς
1677 2543 1763 2571 σκῦλα

976 2577 1251 2614 ἕκαστος-ἐλάμϐανε,
1275 2577 1323 2608 τὰς
1344 2577 1454 2614 λυχνίας
1473 2577 1600 2614 παραυτά
1614 2579 1643 2604 ἐν
1658 2578 1697 2614 τῷ
1705 2587 1761 2606 τοι-

955 2630 959 2634 ι
977 2614 1027 2649 χίῳ
1038 2612 1180 2649 ἀπέθεντο,
1192 2614 1254 2644 τοὺς
1268 2612 1422 2649 κηνριιξλους,
1440 2618 1491 2639 etc.
1502 2612 1519 2649 ζ
1531 2620 1564 2640 ex
1581 2612 1760 2646 quibus-hate,

977 2647 1018 2679 ὡς
1031 2648 1116 2674 σκῦλα
1133 2647 1247 2680 ἕκαστος
1266 2647 1428 2683 ἐλάμὸανεν,
1455 2648 1561 2683 saniora
1579 2649 1703 2675 videntur
1728 2649 1762 2677 iis

978 2691 1038 2719 qua:
1055 2684 1080 2710 in
1096 2684 1176 2710 editis
1186 2682 1353 2719 legebantur,
1369 2682 1416 2719 νῷς
1431 2682 1553 2709 σκύϐαλα
1567 2683 1682 2715 ἕκαστος
1697 2683 1761 2712 ἐδά-

979 2718 1085 2756 σταζεν,
1104 2726 1188 2756 (μιαρέ
1199 2718 1224 2745 in
1237 2719 1289 2756 hoc
1299 2718 1374 2756 Regii
1386 2718 1526 2756 lectionem
1539 2719 1688 2756 sequimur.
1701 2720 1760 2756 Κη-

979 2754 1092 2791 ριόλους.
1101 2753 1151 2791 §ic
1165 2753 1230 2791 R_eg.
1241 2753 1380 2791 etAngch.
1393 2753 1460 2780 Editi
1472 2754 1602 2791 cumaliis
1617 2761 1694 2786 mss.,
1707 2753 1761 2791 κη-

979 2786 1087 2822 ρίωνας.
1099 2788 1158 2816 Mox
1177 2786 1242 2824 Reg.
1255 2786 1338 2820 solus,
1347 2786 1434 2824 ἦπτον
1443 2796 1490 2824 pro
1505 2787 1634 2824 ἀνῆπτον.

1014 2824 1069 2859 (27)
1085 2824 1162 2859 Reg.,
1173 2823 1281 2854 ἀσεϐεῖς
1298 2823 1430 2858 Ἀρειανοὶ
1440 2823 1520 2859 οὐδὲν
1535 2823 1600 2851 τῶν.

1012 2857 1069 2893 (28)
1086 2857 1163 2894 Reg,
1182 2860 1276 2891 Basil.,
1289 2857 1406 2895 Anglic.,
1422 2857 1581 2895 ἐξέσθησαν.
1602 2860 1673 2888 Editi
1690 2867 1760 2887 male

977 2893 1204 2930 ἐξέθησανᾙΗεο
1220 2895 1277 2929 ipsa
1300 2893 1342 2922 sic
1363 2894 1489 2930 leguntur
1509 2893 1536 2923 in
1560 2896 1672 2930 epistola
1695 2895 1758 2924 Julii
