2031 3048
159 167 210 194 255

770 165 935 195 EPISTOLA
957 168 1157 197 ENCYCLICA.

1721 169 1776 197 22H

160 233 235 253 κασιν
252 223 361 259 (56).οἱ
378 224 427 260 μὲν
449 224 504 260 γὰρ
525 225 654 259 ’Έλληνες
680 225 863 260 ηὐφραίνοντο
881 225 942 251 δυσ-

1006 231 1056 253 'ent
1080 227 1240 253 laetabantur
1261 235 1267 252 :
1294 224 1440 259 Gregorius
1465 231 1540 257 vero,
1563 224 1777 252 Eusebianornm

158 270 309 305 ωπούμενοι
320 269 368 305 τὴν
383 269 522 306 ἡμέρανιό
534 270 562 296 δὲ
576 270 734 305 Γρηγόριος,
753 270 818 302 ἴσως
835 270 943 301 ἐντολὰς

160 314 270 351 πληρῶν
284 314 339 341 τῶν
354 315 417 349 περὶ
434 314 575 347 Εὐσέϐιον,
601 315 709 341 πενθεῖν
721 315 860 349 ἠνάγκαζε
881 316 944 346 τοὺς

160 361 335 397 Χριστιανοὺς
351 361 405 396 [57)
414 362 447 396 τῇ
459 361 577 387 κακώσει
587 360 642 387 τῶν
655 360 772 396 δεσμῶν.
785 361 832 387 Διὰ
844 360 945 396 ταύτης

160 408 244 434 τοίνυν
274 406 324 441 τῆς
339 406 399 442 βίας
415 407 429 433 ὁ
456 406 567 441 ἡγεμὼν
588 406 696 441 ἥρπασε
717 405 767 438 τὰς
787 406 943 441 ἐκκλησίας,

160 453 204 479 καὶ
216 452 351 488 ἀρπάσας,
364 452 506 487 Γρηγορίῳ
513 452 622 483 καὶτοῖς
635 451 662 477 Ἀ
666 459 762 486 ρειομα
767 451 851 483 νιταις
857 460 947 486 παρα-

160 497 348 524 δέδωκε..Καὶ
370 498 395 523 οἱ
417 497 466 532 μὲν
477 498 642 533 ὲκκήρυκτοι
661 497 814 532 παρ’-ἡμῶν
830 497 874 524 διὰ
897 497 946 532 τὴν

161 544 286 571 ἀσέϐειαν
307 543 459 579 γενόμενοι,
484 543 672 579 ὲγκαυχῶνται
697 543 751 578 (58)
775 544 807 578 τῇ
835 543 946 578 ἁρπαγῇ

161 590 213 616 τῶν
228 590 388 624 ἐκκλησιῶν·
403 591 417 616 ὁ
437 590 464 616 δὲ
484 589 531 616 τοῦ
558 589 624 616 Θεοῦ
644 589 708 621 λαὸς
720 589 767 616 καὶ
782 590 806 616 οἱ
823 589 947 625 κληρικοὶ

163 635 210 670 τῆς
230 635 374 670 καθολικῆς
393 634 555 670 Ἐκκλησίας
575 634 741 670 βιάζονταιῆ
757 636 894 661 κοινωνεῖν
915 636 947 670 τῇ

162 680 271 716 ἀσεϐείᾳ
294 681 347 707 τῶν
360 681 502 716 αἱρετικῶν
518 681 674 716 Ἀρειανῶν,
688 681 705 716 ἢ
727 681 764 717 μὴ
778 681 948 717 εῑσέρχεσθαι

162 729 201 759 είς
217 727 266 758 τὰς
278 727 434 761 ἐκκλησίας.
452 727 505 753 Καὶ
524 727 578 762 γὰρ
592 727 638 753 καὶ
654 727 708 758 τοῖς
726 726 888 763 ναυκλήροις
903 728 950 754 καὶ

161 775 217 806 τοῖς
229 773 319 805 ἄλλοις
336 773 391 808 (59)
412 774 468 804 τοῖς
483 773 532 808 τὴν
550 773 682 800 Θάλατταν
699 773 825 800 πλέουσιν
834 774 884 800 οὐκ
897 773 949 800 ὀλί-

162 828 211 854 γην
226 819 285 854 βίαν
301 819 348 845 καὶ
365 819 486 854 ἀνάγκην
498 818 633 853 ὲπέθηκεν
648 819 662 845 ὁ
674 818 833 854 Γρηγόριος,
846 818 889 845 διὰ
902 819 950 845 τοῦ

163 865 294 901 ἡγεμόνος
322 865 475 900 βασανίζων
498 865 545 892 καὶ
563 864 709 900 μαστίζων,
737 864 832 896 ἄλλους
854 864 882 890 δὲ
904 865 950 891 καὶ

161 911 298 946 δεσμεύων
313 911 361 938 καὶ
374 912 413 942 εἰς
431 910 461 937 τὸ
474 910 807 946 δεσμωτήριονὲμὸἀλλων
822 910 889 945 (40)·
907 911 949 936 ἵνα
968 903 986 930 3

165 958 231 993 μηδὲ
248 957 406 991 ἀντιλέγωσι
419 959 451 992 τῇ
461 957 618 993 παρανομίᾳ
628 956 721 988 αὐτοῦ,
731 956 797 983 ἀλλὰ
808 957 854 983 καὶ
862 956 950 992 γράμ-

165 1011 236 1039 ματα
260 1005 324 1038 παρ’
339 1003 420 1030 αὑτοῦ
434 1003 601 1038 λαμὸάνωσι.
616 1003 670 1029 Καὶ
693 1003 736 1030 ἵνα
756 1003 792 1039 μὴ
809 1004 873 1039 ἄχρι
887 1003 949 1030 τού-

163 1057 215 1076 των
228 1049 358 1084 ἁρκεσθῇ,
371 1049 439 1076 ἀλλὰ
452 1049 500 1076 καὶ
515 1049 562 1076 τοῦ
576 1049 690 1084 αἵματος
708 1049 785 1084 ἡμῶν
797 1049 949 1085 ὲμτρορηθῇ.

164 1096 296 1132 πεποίηκε
309 1096 354 1122 τὸν
369 1096 507 1130 ὠμότατον
529 1097 575 1123 καὶ
592 1096 721 1131 συνεργὸν
733 1095 813 1122 αὐτοῦ
830 1096 951 1131 ἡγεμόνα

163 1141 290 1177 ψήφισμα
304 1142 341 1174 ὠς
355 1142 387 1169 ἐκ
400 1141 546 1177 προσώπου
560 1141 606 1168 τοῦ
617 1142 681 1168 λαοῦ
697 1143 757 1169 κατ’
766 1142 832 1177 ἐμοῦ
848 1142 951 1177 γράψαι

164 1188 203 1224 τῷ
217 1188 402 1224 εὖσεϐεστάτῳ
420 1188 525 1224 βασιλεῖ
547 1189 727 1224 Κωνσταντίῳ
741 1189 807 1224 (Μ),
820 1189 951 1224 ἐπίφθονα

167 1234 276 1270 ῥήματα
288 1234 424 1270 περιέχον,
439 1235 486 1269 ἀφ’
499 1233 530 1262 οὗ
546 1234 583 1270 μὴ
600 1235 678 1269 μόνον
694 1234 752 1261 ἔστι
765 1237 870 1269 φυγεῖν.
885 1235 952 1262 ἀλλὰ

166 1280 212 1307 καὶ
230 1280 341 1316 μυρίους
366 1280 498 1312 θανάτους
513 1280 676 1315 προσδοκᾷν.
698 1280 752 1306 Καὶ
765 1281 780 1307 ὁ
791 1281 840 1315 μὲν
858 1280 888 1306 τὸ
901 1281 953 1316 ψή-

167 1334 254 1360 φισμα
261 1325 368 1361 γράψας
379 1326 437 1352 ἐστὶ
446 1325 605 1361 παραϐάτης
613 1326 646 1352 ἐκ
657 1326 837 1362 Χριστιανῶν,
845 1326 891 1353 καὶ
898 1326 952 1362 (42)

166 1371 262 1398 εῖδωλα
277 1371 461 1407 ἀναισχύντως
475 1371 644 1407 προσκυνῶψ
660 1373 684 1398 οἱ
701 1371 729 1398 δὲ
746 1372 953 1408 ὑωγράψαντὲς

167 1418 236 1443 εἰσιν
250 1416 351 1443 ἐθνικοὶ
376 1417 423 1443 καὶ
433 1417 562 1452 νεωκόροι
576 1416 630 1443 τῶν
641 1417 769 1450 εἰδώλων,
780 1418 826 1444 καὶ
849 1417 897 1444 σὺν
909 1418 954 1444 αὐ-

166 1463 224 1494 τοῖς
245 1462 388 1498 Ἀρειανοί.
411 1462 466 1488 Καὶ
486 1462 529 1488 ἵνα
552 1462 590 1497 μὴ
607 1461 689 1494 πολὺς
719 1463 747 1488 ὲν
773 1462 812 1498 τῷ
836 1463 953 1498 γράφειν

167 1507 300 1542 γένωμαι,
313 1507 432 1542 διωγμὸς
452 1507 525 1534 ἐστιν
544 1506 668 1538 ἐνταῦθα,
694 1507 741 1534 καὶ
755 1507 872 1542 διωγμὸς
898 1504 954 1539 οἷος

997 271 1113 298 fortasse
1142 271 1216 305 jussa
1250 271 1397 305 complens,
1429 270 1597 298 vinculorum
1630 271 1779 298 acerbitate

996 318 1166 345 Christianos
1178 317 1212 345 ad
1224 317 1322 344 luctum
1334 318 1473 352 compulit.
1485 317 1540 344 Hoc
1553 317 1633 351 igitur
1645 316 1783 344 violentia:

998 364 1097 398 impetu
1117 363 1174 391 dux
1197 363 1327 391 ecclesias
1345 363 1498 399 occupavit,
1516 367 1661 397 occupatas
1675 362 1777 398 Grego-

998 408 1039 435 rio
1052 415 1079 435 et
1094 409 1270 436 Ariomanitis
1285 409 1406 436 tradidit.
1421 408 1454 435 Et
1469 408 1515 442 qui
1531 407 1566 435 ob
1581 408 1746 442 impietatem
1762 415 1777 434 a

997 455 1076 481 nobis
1088 454 1166 488 ejecti
1181 453 1298 486 fuerant,
1313 454 1488 481 ecclesiarum
1505 453 1643 480 invasione
1661 452 1779 487 glorian-

999 506 1050 528 tur.
1070 500 1186 535 Populus
1202 505 1292 527 autem
1318 500 1364 527 Dei
1380 505 1408 526 ct
1422 499 1561 526 catholicae
1581 498 1707 525 Ecclesia!
1729 497 1781 524 cle-

999 546 1059 577 rici,
1076 551 1123 572 attt
1137 546 1325 573 haereticorum
1340 544 1502 572 Arianorum
1514 544 1646 578 inipietati
1662 551 1781 571 commu-

998 593 1090 619 nicare
1105 597 1247 626 coguntur,
1263 596 1309 619 aut
1322 591 1500 618 ecclesiarum
1516 590 1627 617 introitu
1641 593 1778 616 arcentur.

998 639 1054 666 lino
1067 644 1094 666 et
1111 639 1245 666 nuucleris
1265 642 1292 665 et
1311 638 1371 665 aliis
1389 638 1435 672 qui
1459 639 1484 664 in
1519 636 1585 663 mari
1605 636 1780 670 navigabant,

999 691 1051 711 non
1065 684 1196 710 modicam
1211 683 1265 710 vim
1279 687 1306 710 et
1319 683 1508 710 necessitatem
1521 681 1612 708 intulit
1622 681 1779 715 Gregorius,

999 730 1062 757 dum
1085 737 1167 764 opera
1188 729 1263 756 ducis
1284 728 1350 756 alios
1369 728 1508 755 excruciat
1529 726 1674 762 ﬂagrisque
1689 726 1781 759 caedit,

1000 776 1067 803 alios
1088 775 1203 802 vinculis
1217 775 1380 810 constringit
1410 779 1437 801 et
1458 774 1636 800 incarcerem
1656 773 1780 808 conjicit;

1000 826 1029 849 ut
1042 822 1101 856 ejus
1116 821 1253 856 iniquitati
1270 829 1322 848 non
1339 820 1568 852 contradicerent,
1583 819 1636 846 imo
1650 819 1752 846 litteras
1767 827 1782 846 a

1002 876 1031 895 se
1046 868 1211 903 acciperent.
1238 866 1338 894 Verum
1371 875 1405 894 ne
1428 867 1470 893 his
1493 865 1601 900 quidem
1627 869 1781 897 contentus,

1001 921 1055 947 quo
1078 920 1108 940 se
1128 918 1221 939 nostro
1243 912 1375 947 sanguine
1396 911 1520 943 satiaret,
1536 910 1723 938 crudelissimo
1740 910 1782 937 fa-

1001 961 1123 987 cinorum
1147 959 1221 986 socio
1245 959 1305 986 duci
1329 963 1423 986 auctor
1449 957 1511 989 fuit,
1541 961 1571 984 ut
1592 956 1667 991 quasi
1692 956 1783 990 populi

1001 1004 1137 1039 snli‘ragio,
1163 1009 1222 1031 acta
1249 1004 1392 1031 adVersum
1420 1003 1474 1038 92
1503 1010 1545 1030 me
1568 1002 1669 1030 odiosis
1693 1002 1784 1029 verbis

1001 1056 1130 1085 concepta
1151 1050 1270 1084 piissimo
1289 1050 1444 1084 imperatori
1461 1049 1618 1076 Constantio
1639 1048 1783 1079 scriberet,

1002 1097 1072 1123 unde
1086 1104 1138 1123 non
1154 1096 1242 1124 solutn
1259 1095 1377 1130 eil'ugere
1393 1103 1444 1122 non
1462 1095 1565 1127 liceret,
1585 1094 1632 1122 sed
1651 1099 1785 1122 sexcenta:

1003 1148 1104 1170 mortes
1116 1141 1305 1177 ex-pectandm
1317 1147 1416 1168 essent.
1433 1140 1516 1169 Porro
1533 1140 1578 1175 qui
1592 1145 1652 1168 acta
1667 1140 1786 1167 conscri—

1003 1188 1057 1222 psit
1077 1187 1215 1223 transfuga
1230 1194 1272 1215 est
1291 1195 1323 1214 ex
1339 1186 1511 1220 Christianis,
1526 1187 1570 1221 qui
1587 1185 1657 1213 idola
1672 1186 1785 1220 turpiter

1003 1234 1096 1261 adorat
1110 1243 1116 1260 :
1134 1234 1178 1268 qui
1193 1238 1282 1260 autem
1302 1233 1486 1267 subscripsere
1500 1237 1562 1260 sunt
1572 1232 1671 1259 ethnici
1684 1236 1712 1258 et
1726 1231 1784 1258 ido-

1003 1281 1089 1307 lorum
1117 1281 1218 1312 atditui,
1239 1287 1271 1307 ac
1290 1287 1351 1307 cum
1370 1280 1435 1315 ipsis
1453 1279 1559 1307 Ariani.
1583 1279 1615 1306 Et
1634 1286 1668 1305 ne
1687 1277 1786 1305 multus

1003 1329 1054 1355 sim
1066 1327 1092 1354 in
1105 1326 1258 1358 scribendo,
1270 1326 1422 1360 persecutio
1436 1326 1516 1353 isthic
1532 1326 1618 1357 adest,
1632 1325 1687 1353 imo
1698 1323 1786 1359 qualis

1003 1381 1140 1409 nunquam
1161 1373 1290 1400 adversus
1311 1372 1459 1400 Ecclesiam
1479 1372 1594 1399 exstitit.
1611 1370 1676 1398 Nam
1692 1371 1718 1397 in
1741 1377 1787 1397 su-

1003 1420 1102 1456 periori
1125 1419 1233 1454 quidem
1254 1419 1451 1454 persecutione,
1475 1418 1569 1444 saltem
1591 1417 1636 1452 qui
1660 1415 1788 1451 effugerat

1004 1474 1093 1499 orare,
1118 1471 1146 1493 et
1170 1466 1215 1500 qui
1240 1465 1365 1492 latitabat
1391 1463 1523 1498 baptizari
1547 1466 1653 1497 poterat
1685 1470 1692 1488 :
1718 1468 1789 1488 nunc

1005 1518 1094 1540 autem
1118 1512 1214 1547 ingens
1236 1511 1281 1538 illa
1306 1510 1454 1538 crudelitas
1476 1509 1555 1536 etiam
1581 1507 1788 1544 Babyloniorum

167 1553 293 1580 οὐδέποτε
305 1553 399 1588 γέγονε
414 1553 484 1580 κατὰ
497 1553 546 1588 τῆς
564 1553 827 1588 Ἐκκλησίας.”ολως
841 1553 890 1589 μὲν
899 1554 953 1589 γὰρ

1006 1558 1170 1592 impietatem
1190 1561 1232 1585 est
1245 1556 1382 1584 aemulata.
1400 1555 1434 1583 Ut
1447 1555 1518 1583 enim
1533 1554 1571 1582 illi
1587 1553 1736 1587 Danielein,
1749 1554 1790 1580 sic

168 1600 199 1626 ἐν
208 1599 247 1635 τῷ
262 1599 315 1634 πρὸ
328 1599 422 1626 τούτου
437 1599 549 1635 διωγμῷ
559 1599 610 1626 κᾶν
625 1599 678 1634 (45)
686 1599 794 1634 φεύγων
809 1608 852 1631 τις
870 1608 954 1635 προσ-

169 1645 277 1680 ηύχετο,
289 1645 335 1672 καὶ
350 1645 537 1681 κρυπτόμενος
551 1645 720 1677 ὲϐαπτίζετιν
729 1646 790 1681 ἄρτι
804 1646 831 1672 δὲ
848 1646 956 1681 ὴπολλὴ

169 1690 279 1726 ὠμότης
310 1691 357 1717 καὶ
377 1691 426 1725 τὴν
445 1690 617 1718 Βαϐυλωνίαν
644 1691 777 1727 ἀθεότητα
793 1692 956 1727 μεμίμηται.

178 1736 221 1767 Ὠς
236 1736 290 1772 γὰρ
308 1737 332 1763 οί
348 1736 409 1763 τότε
431 1736 502 1763 κατὰ
517 1736 563 1763 τοῦ
582 1737 690 1772 Δανιὴλ,
717 1737 788 1764 οὕτω
804 1738 852 1764 καὶ
869 1739 882 1764 ό
893 1737 955 1765 θαυ-

173 1783 272 1818 μαστὸς
291 1783 438 1818 Γρηγόριος
460 1782 507 1809 νῦν
520 1784 584 1814 τοὺς
600 1783 628 1809 ἐν
641 1784 701 1814 ταῖς
717 1783 816 1815 οίκιαις
842 1792 957 1819 προσευ-

172 1828 301 1863 χομένους
315 1828 450 1856 διαϐάλλει
461 1828 500 1861 τῷ
512 1829 635 1864 ἡγεμόνι,
651 1829 697 1856 καὶ
709 1830 772 1861 τοὺς
787 1829 958 1864 λειτουργοὺς

173 1874 242 1909 μετὰ
257 1875 347 1910 πάσης
363 1874 467 1910 ὓῦρεως
481 1876 689 1910 παρατηρεῖται,
711 1875 749 1906 ὡς
758 1875 790 1902 ὲκ
803 1875 853 1911 τῆς
866 1875 960 1903 τοσαύ-

171 1930 222 1957 της
237 1921 293 1956 (44)
311 1921 369 1956 βίας
394 1920 506 1952 πολλοὺς
522 1921 572 1956 μὲν
591 1921 772 1953 ἀϐαπτίστους
786 1921 958 1954 κινδυνεύειν,

173 1967 287 1998 πολλοὺς
305 1966 334 1993 δὲ
357 1966 440 2002 χωρὶς
465 1966 518 1993 τῶν
544 1966 784 2001 ὲπισκεπτομένων
807 1969 893 1994 νοσεῖν
913 1968 961 1994 καὶ

173 2012 326 2048 ὀδύρεσθαι,
345 2012 511 2048 πικροτέραν
528 2012 577 2047 τῆς
593 2013 671 2039 νόσου
688 2013 737 2048 τὴν
748 2014 875 2049 τοιαύτην
893 2023 961 2049 συμ-

174 2059 261 2095 φορὰν
272 2059 447 2094 ἡγουμένους.
460 2059 519 2085 Τῶν
535 2059 588 2095 γὰρ
603 2059 766 2095 λειτουργῶν
778 2060 827 2094 τῆς
848 2060 962 2094 Ἐκκλη-

1008 1604 1154 1639 praeclarus
1167 1603 1313 1638 Gregorius
1326 1610 1373 1630 eos
1394 1602 1438 1636 qui
1461 1601 1532 1629 domi
1555 1602 1634 1629 orant
1644 1601 1678 1628 ad
1693 1600 1789 1627 ducem

1008 1649 1105 1682 defert,
1133 1653 1160 1677 et
1174 1649 1313 1676 ministros
1324 1655 1385 1675 cum
1404 1648 1505 1682 ingenti
1520 1646 1683 1675 contumelia
1696 1645 1791 1673 obser-

1009 1702 1063 1728 vat,
1079 1696 1114 1723 ita
1130 1699 1160 1722 ut
1172 1703 1204 1723 ex
1223 1695 1274 1722 hac
1286 1694 1415 1721 violentia
1432 1693 1508 1721 multi
1526 1693 1643 1721 nondum
1662 1692 1790 1726 baptizati

1009 1739 1205 1774 periclitentur.
1235 1738 1346 1765 Plurimi
1373 1746 1437 1766 vero
1456 1738 1527 1773 quod
1550 1737 1611 1764 dum
1631 1742 1762 1772 aegrotant
1777 1745 1791 1762 τι

1011 1785 1083 1812 nullo
1104 1784 1254 1811 invisantur
1266 1783 1354 1819 (quod
1370 1783 1406 1810 illi
1423 1783 1494 1811 baud
1509 1783 1568 1810 sine
1585 1782 1711 1818 lacrymis
1728 1782 1794 1809 tole-

1011 1830 1114 1865 rarint)
1128 1829 1259 1865 ejusmodi
1273 1829 1453 1857 calamitatem
1477 1829 1535 1863 ipso
1554 1828 1648 1855 morbo
1671 1828 1795 1855 acerbio—

1011 1883 1068 1903 rem
1087 1875 1254 1902 existimant.
1280 1876 1345 1902 Dum
1364 1874 1435 1902 enim
1451 1875 1578 1902 Ecclesiae
1601 1875 1716 1902 ministri
1733 1882 1794 1908 per-

1012 1922 1176 1949 secutionem
1190 1923 1339 1957 patiuntur,
1354 1922 1443 1957 populi
1456 1922 1501 1956 qui
1518 1922 1706 1950 haereticorum
1723 1923 1796 1948 Aria-

1011 1976 1106 1995 norum
1121 1968 1285 2002 impietatem
1299 1972 1487 1999 exsecrantur,
1502 1968 1605 1995 malunt
1617 1968 1652 1994 ita
1665 1971 1796 2002 :cgrotare

1012 2022 1043 2041 ac
1054 2014 1212 2049 periclitari,
1225 2022 1306 2049 quam
1326 2018 1354 2041 ut
1368 2014 1530 2042 Arianorum
1545 2021 1641 2041 manus
1654 2013 1735 2048 capiti
1747 2019 1796 2041 suo

1013 2062 1195 2095 imponantur.

176 2104 236 2136 σίας
250 2105 431 2141 διωκομένων,
443 2106 468 2132 οἰ
485 2105 554 2138 λαοὶ,
570 2102 819 2139 καταγινώσκοντες
832 2106 882 2141 τῆς
896 2106 1021 2137 ἀσεϐείας
1039 2106 1093 2133 τῶν
1120 2105 1264 2142 αἱρετικῶν
1279 2106 1434 2141 Ἀρειανῶν,
1449 2105 1586 2141 αἱροῦνται
1604 2104 1703 2140 μᾶλλον
1725 2102 1798 2131 οὕτω

175 2152 263 2177 νοσεῖν
287 2157 334 2177 και
348 2151 511 2177 κινδυνεύειν
525 2150 623 2185 (45),¹ῆ
647 2152 726 2186 χεῖρα
739 2151 793 2177 τῶν
815 2151 960 2186 Ἀρειανῶν
980 2151 1066 2178 ἐλθεῖν
1080 2153 1126 2180 ἐπὶ
1139 2152 1187 2188 τὴν
1198 2151 1317 2187 κεφαλὴν
1331 2151 1428 2178 αὐτῶν.

212 2197 238 2224 6.
261 2197 397 2233 Ἀρειανὸς
405 2195 450 2224 οὖν
463 2199 536 2224 ἐστιν
547 2199 561 2224 ὸ
574 2198 722 2234 Γρηγόριος
735 2198 782 2224 καὶ
798 2200 853 2229 τοῖς
861 2199 952 2234 Ἀρεια

1051 2199 1079 2225 6.
1099 2199 1218 2226 Arianus
1239 2199 1321 2232 igitur
1338 2202 1378 2224 est
1393 2197 1540 2231 Gregorius
1560 2200 1585 2223 et
1607 2194 1714 2221 Arianis
1731 2194 1796 2220 mis-

176 2243 232 2274 νοῖς
248 2243 417 2275 ἀποσταλείς·
432 2245 463 2271 οὐ
478 2244 532 2278 γάρ
547 2252 589 2276 τις
603 2244 683 2270 αὐτὸν
695 2245 814 2280 ᾐτήσατο
827 2244 896 2280 πλὴν
914 2245 962 2280 μό-

177 2298 231 2316 νων
256 2290 355 2316 αὐτῶν·
380 2291 426 2317 καὶ
452 2291 497 2317 διά
520 2290 598 2318 τοῦτο
622 2291 660 2323 ὼς
687 2290 819 2326 μισθωτὸς
851 2290 898 2317 καὶ⁵
926 2291 963 2322 ὡς

215 2401 272 2438 (36)
288 2401 413 2438 SiciReg.
428 2401 479 2427 Alii
496 2408 562 2438 cum
575 2399 669 2438 _editi_~'
691 2399 863 2425 πεποίηνται.
878 2397 961 2424 Paulo

179 2442 239 2472 post
250 2435 323 2468 editi,
331 2435 475 2472 Γεώργιος,
496 2435 562 2471 Reg.
575 2435 733 2472 Γρηγόριος.

218 2472 312 2507 (57)ln
329 2468 419 2499 editis
434 2471 494 2497 τότε
518 2468 580 2498 ante
599 2468 881 2507 ’τοὺςίΧριστιανούα
910 2468 963 2495 Nos

180 2504 293 2542 Regium
322 2507 440 2534 codicetn
458 2507 541 2542 secuti
570 2506 759 2542 expnnximns.
784 2504 845 2542 Mox
869 2511 963 2542 omnes

180 2539 246 2569 editi
266 2548 293 2569 et
314 2550 377 2569 mss.
396 2547 493 2576 prJ'ter
519 2541 586 2576 Reg.
611 2540 666 2576 διάν
680 2539 781 2575 ταύτης
806 2540 893 2576 τοίνυν
914 2539 963 2572 τῆς

182 2577 255 2612 βίας.
271 2577 345 2611 Regii
368 2575 418 2604 ms.
437 2575 580 2612 lectionem
592 2575 810 2612 amplectendam
827 2575 961 2602 duximus.

184 2610 241 2639 Mox
254 2610 329 2642 editi,
344 2612 482 2647 Γεωργιῳ.
507 2611 573 2647 Reg.
591 2610 743 2646 Γρηγορίῳ.

219 2648 275 2681 (38)
289 2647 359 2683 Reg.
381 2646 546 2683 καυχῶνται.

219 2683 273 2718 (59)
285 2682 350 2717 Reg.
362 2684 417 2714 τοῖς
429 2683 511 2714 λαοῖς.

218 2714 273 2752 (40)
305 2714 350 2744 Sic
381 2718 446 2751 Reg.
479 2718 529 2744 Alii
558 2725 623 2744 vero
657 2724 716 2743 cum
750 2715 846 2752 editis.
877 2714 963 2752 Γεωρ-

182 2749 243 2786 γιος
267 2751 311 2779 διὰ
331 2753 378 2780 τοῦ
414 2749 547 2788 ’ἡγεμόνος
588 2752 756 2787 βασανίζων,
782 2750 877 2782 ἄλλους
905 2749 966 2776 δεσ-

185 2787 289 2823 μεύων,
305 2788 413 2815 omissis
426 2787 599 2822 interpositis.

224 2823 278 2858 (41)
292 2823 357 2856 Reg.
372 2823 568 2858 Κωνσταντίνῳ
580 2822 717 2850 mendose.

223 2855 278 2891 (42')
292 2855 359 2890 Kal,
369 2863 395 2885 et
408 2859 486 2893 paulo
497 2855 565 2886 infra
577 2858 656 2891 εἰσίν,
664 2858 759 2887 desunt
772 2858 798 2886 in
813 2857 901 2886 editis.
915 2855 967 2884 Nos

187 2902 220 2922 ex
239 2893 303 2928 ch.
319 2894 491 2928 sumpsimus.

1015 2251 1061 2271 sus
1076 2254 1081 2270 :
1095 2251 1156 2270 nam
1169 2243 1222 2271 illis
1233 2242 1297 2270 solis
1309 2241 1440 2276 exceptis.
1454 2248 1532 2268 nemo
1546 2241 1619 2267 illum
1633 2239 1776 2274 postulavit
1789 2250 1795 2266 :

1017 2293 1179 2323 quapropter
1201 2289 1278 2324 quasi
1297 2287 1480 2315 mercenarius
1493 2291 1520 2315 et
1539 2291 1694 2319 extraneus,
1706 2287 1797 2320 gravia

1047 2397 1102 2430 (45)
1119 2397 1186 2431 Reg.
1203 2397 1337 2424 xalJnfra
1349 2396 1418 2423 idem
1430 2395 1495 2430 Reg.
1509 2393 1688 2431 Βαϐυλώνιον,
1699 2398 1725 2420 et
1733 2401 1798 2431 inm

1014 2428 1139 2467 ἐνίκησεν
1154 2428 1201 2468 pro
1217 2433 1380 2468 μεμίμηταιἸ
1392 2428 1548 2468 Paulo‘post
1565 2430 1634 2456 idem
1651 2428 1798 2464 Γρηγόριοε

1013 2468 1061 2495 νῦν
1077 2465 1157 2499 τούς(
1169 2465 1237 2494 ΕιΙίὶί
1252 2465 1552 2502 νειοτεώργιοςγτούς.

1041 2498 1142 2538 (4.1)1ιιι
1153 2503 1217 2536 Reg.
1226 2502 1294 2538 Editi
1303 2498 1439 2538 τοιαύτης.
1452 2501 1508 2538 illo);
1518 2501 1584 2526 idem
1594 2498 1673 2538 Reg,
1682 2503 1739 2538 post
1748 2507 1791 2538 κιν

1013 2533 1141 2569 δυνεύειν,
1153 2533 1294 2566 sic—habet.
1308 2533 1418 2563 κωλύων
1424 2544 1452 2562 τε
1467 2535 1529 2566 τοὺς
1543 2534 1685 2565 νοσοῦντας
1693 2533 1798 2560 ἐπισκέ-

1017 2573 1142 2604 πτεσθαι,
1153 2572 1200 2599 καὶ
1208 2572 1261 2598 ἀπὸ
1268 2572 1361 2598 τούτου
1368 2570 1550 2601 ὰῆαπτίστους
1561 2569 1687 2604 τελευτᾷν
1693 2569 1799 2600 αὐτοὺς,

1018 2608 1181 2644 πικροτέραν
1197 2607 1247 2644 τῇς
1262 2608 1339 2633 νόσου
1358 2607 1405 2633 καὶ
1415 2606 1460 2632 τοῦ
1472 2605 1586 2631 θανάτου
1599 2605 1648 2644 τὴν
1665 2604 1799 2644 τοιαύτην,

1018 2640 1078 2677 (ιυιὲ
1093 2640 1159 2670 sane
1171 2640 1309 2669 ἀσύστατα
1325 2648 1396 2673 sunt,
1411 2648 1437 2668 et
1453 2649 1514 2668 cum
1529 2640 1743 2672 praecedentibus
1757 2648 1794 2673 par

1020 2687 1077 2706 rum
1097 2679 1244 2706 cohaerent.

1054 2714 1109 2748 (45)
1126 2713 1193 2748 Reg.
1219 2713 1318 2747 μᾶλλον
1342 2714 1429 2748 νοσεῖν
1451 2711 1498 2748 καὶ.
1520 2708 1694 2748 κινδυνεύειν,
1708 2707 1799 2748 ῆιτῶν

1020 2744 1126 2775 ἀσεϐῶν
1145 2744 1261 2782 ἐπὶίλτῆς
1280 2747 1401 2782 κεφαλῆς
1415 2745 1517 2772 ἑαυτῶν
1545 2744 1800 2782 ἐπιτιθέναιηξιιίοιῐι

1027 2783 1161 2820 Ἀρειανὸς
1176 2779 1222 2809 οὖν
1241 2779 1348 2820 iis-telo
1360 2779 1519 2820 Γρηγόριοςῑ
1540 2785 1592 2820 etc.
1610 2779 1673 2820 Ubi“
1684 2779 1747 2820 editi
1770 2779 1800 2805 de

1021 2814 1095 2846 more
1108 2818 1250 2854 Γεῴργιος.
1268 2818 1326 2854 Min:
1343 2814 1414 2844 idem
1509 2815 1638 2854 ᾐτήσατῇ
1655 2814 1723 2854 Edili
1739 2821 1800 2854 vero

1021 2854 1119 2889 ᾔτηται
1145 2848 1339 2886 Paiilnposttb;
1352 2858 1414 2880 ante
1427 2848 1564 2886 ἀλλότριος
1580 2850 1606 2878 in
1619 2848 1685 2885 Reg.
1696 2849 1810 2885 legitur,

1024 2893 1048 2917 in
1063 2889 1141 2918 editis
1156 2889 1335 2917 desideratur.
