2031 3048
174 181 228 208 257

793 182 960 209 EPISTOLA
982 181 1183 210 ENCYCLICA.

1739 183 1791 209 958

175 238 224 264 καὶ
236 239 311 273 κοινῇ
335 238 435 269 πάντες
450 238 656 274 ἁπεκηρύξατε·
677 240 766 267 οἴδατε
787 240 876 266 δὲκαὶ
898 241 955 271 τοὺς

1011 240 1093 266 vatim
1111 243 1138 266 et
1152 239 1256 274 publice
1267 247 1360 267 omnes
1376 239 1584 275 condemnaslis)
1597 260 1604 272 ,
1623 247 1672 267 nec
1687 239 1792 274 ignora-

176 284 240 319 περὶ
247 283 430 316 Εὑσέϐιον,ὡς
447 286 587 320 προεῖπον.
601 285 651 320 τῆς
665 286 748 322 αὐτῆς
761 285 873 317 ἐκείνοις
883 285 961 317 ϐντας

175 329 314 365 αἱρέσεως,
336 329 369 356 δι’
391 329 425 365 ἢν
437 331 484 356 καὶ
499 330 581 357 πάλαι
593 331 648 366 (55)
661 332 726 366 ἡμῖν
746 332 958 358 ἐπεϐούλευσαν.

175 375 214 401 Τὰ
226 375 255 401 δὲ
268 375 316 401 νῦν
328 375 361 401 δι’
373 375 470 407 αὐτοὺς
484 376 530 402 καὶ
550 376 596 402 ὑπ’
611 376 700 403 αὐτῶν
721 377 854 412 γενόμενα
869 377 961 412 πικρὸ-

174 428 240 455 τερα
249 420 383 455 πολέμων,
394 420 513 456 ἐδήλωσα
528 421 602 456 ὑμῖν,
620 422 672 453 ἵνα,
683 421 756 449 κατὰ
770 423 819 458 τὴν
831 422 860 455 ἐξ
874 423 960 458 ἀρχῆς

176 466 295 501 ιστορίαν
309 466 489 502 μισοπόνηρον
516 466 595 502 ζῆλον
622 468 820 500 ἀναλαϐόντες,
846 467 960 503 ὲξάρητε

174 513 238 544 τοὺς
263 511 298 538 τὰ
322 512 432 539 τοιαῦτα
463 513 568 548 πονηρὰ
593 513 796 549 ἐργασαμένους
824 513 894 539 κατὰ
911 513 960 547 τῆς

182 558 351 593 Ἐκκλησίας.
367 558 398 585 El
414 558 469 594 γὰρ
476 559 523 585 καὶ
535 559 647 594 πέρυσιν
665 559 722 594 (56)
734 560 757 586 οἰ
768 560 837 586 κατὰ
852 558 960 593 Ῥώμην

175 602 294 636 ἀδελφοὶ,
327 604 410 638 μήπω
436 603 537 629 τούτων
552 604 715 639 γενομένων,
733 604 789 631 ἀλλ’
807 604 887 630 ἕνεκα
906 604 959 630 τῶν

174 646 300 682 πρώτων,
319 647 425 674 σύνοδον
441 647 564 684 ἔγραψαν
575 649 713 683 γενέσθαι,
729 649 772 675 ἵνα
787 649 898 676 κάκεῖνα
915 650 960 675 ἐκ-

173 692 280 728 δικηθῇ⁸
295 693 382 729 ἥνπερ
396 693 587 729 εὐλαϐούμενοι
608 695 631 721 οι
650 695 712 730 περὶ
728 695 865 728 Εὖσέϐιον,
881 694 960 730 προῦ-

173 738 254 765 λαϐον
265 739 421 776 διαταράξαι
430 740 479 776 τὴν
491 740 662 776 Ἐκκλησίαν,
678 740 726 767 καὶ
738 740 873 776 ἠθέλησαν
885 741 959 776 ἡμᾶς

173 784 287 818 ἀνελεῖν,
309 785 353 812 ἶνα
378 785 469 812 λοιπὸν
485 786 528 812 ἐπ’
545 785 637 817 ἀδείας
653 786 808 822 πράττωσιν
821 786 839 812 ὃ.
856 786 960 821 βούλον-

172 838 229 862 ται,
249 831 296 857 καὶ
315 830 352 866 μὴ
379 831 463 867 ἔχωσι
479 831 523 858 τὸν
540 831 693 867 ἐλέγχοντα¹
709 831 784 867 πόσῳ
802 831 901 867 μᾶλλον
912 832 958 858 ἐπὶ

172 876 228 908 τοῖς
241 875 410 911 τηλικούτοις
419 877 648 913 παρανομήμασιν
659 877 847 912 ἀγανακτῆσαι
855 877 958 912 ὀφείλε-

171 930 212 956 τε,
230 923 278 949 καὶ
299 922 538 958 καταψηφίσασθαι
562 923 662 952 αὐτῶν.
677 923 731 958 ὅσῳ
746 923 888 950 καὶταῦτα
903 925 958 956 τοῖς
975 920 995 947 Β

173 969 314 1004 προτέροις
327 968 518 1004 προσέθηκαν;
533 969 696 1004 Παρακαλῶ,
714 969 751 1004 μὴ
769 970 899 1006 παρίδητε
923 969 958 997 τὰ

171 1014 330 1048 τηλικαῦτα,
349 1014 416 1050 μηδὲ
439 1015 605 1050 ἐπιτρέψητε
629 1015 678 1050 τὴν
706 1015 868 1051 περιϐόητον
886 1015 958 1042 Ἀλε-

172 1059 305 1095 ξανὸρέων
317 1060 479 1096 Ἐκκλησίαν
496 1060 548 1087 ὑπὸ
562 1059 707 1096 αίρετικῶν
722 1061 955 1096 καταπατηθῆναι.

171 1105 219 1132 Διὰ
235 1105 320 1132 ταῦτα
340 1105 393 1141 γάρ
409 1106 521 1138 εἰκότως
539 1106 586 1133 καὶ
607 1107 631 1132 οἱ
639 1106 699 1132 λαοὶ
713 1107 760 1133 καὶ¹
773 1107 797 1133 οἱ
808 1106 958 1142 λειτουργοὶ⁸

171 1152 231 1179 καθ’
248 1151 360 1185 ἑαυτούς
374 1152 440 1187 εἱσι,
451 1151 496 1180 διὰ
510 1152 560 1188 μὲν
644 1152 689 1181 ’τθῦ
702 1153 821 1188 ἐπάρχου
833 1152 892 1188 βίας
901 1152 956 1187 (57)

172 1198 336 1231 σιωπῶντες,
352 1199 394 1226 διὰ
413 1199 441 1226 δὲ
458 1200 507 1237 τὴν
528 1200 653 1227 ἀσέϐειαν
672 1200 725 1228 τῶν
751 1198 957 1236 Ἀρεειομανιτῶν

171 1245 373 1280 ἐκτρεπόμενοι.
397 1244 460 1272 Ἐὰν
476 1245 565 1272 τοίνυν
586 1245 679 1281 γράφῃ
702 1245 769 1281 πρὸς
792 1246 862 1281 ὑμᾶς
885 1243 956 1281 rp»

171 1290 272 1326 γόριος,
288 1290 305 1326 ἢ
322 1290 400 1322 ἄλλος
414 1299 455 1322 τις
470 1293 534 1326 περ).
547 1290 640 1322 αὐτοῦ,
662 1291 700 1326 μὴ
709 1291 955 1326 δέξησθε,ἀδελφοὶ,

171 1336 206 1363 τὰ
218 1336 367 1371 γράμματα
386 1336 478 1370 αὐτοῦ,
491 1336 558 1363 ἀλλὰ
580 1337 701 1372 σχίσατε,
717 1338 764 1363 καὶ
778 1337 956 1373 δυσωπήσατε

170 1383 233 1413 τοὺς
243 1382 416 1417 κομίζοντας,
439 1383 477 1415 ὡς
492 1382 618 1414 ἀσεϐείας
632 1382 688 1418 (58)
704 1383 751 1409 καὶ
763 1383 893 1419 πονηρίας
911 1383 955 1410 δν-

170 1435 218 1459 τας
227 1427 375 1459 διακόνους.
399 1427 462 1455 Ἐὰν
482 1428 510 1455 δὲ
522 1428 568 1454 καὶ
579 1428 663 1455 τύπον
684 1428 820 1464 εἰρηνικὸν
832 1428 957 1465 τολμήσῃ

171 1474 297 1510 τράφειν,
316 1474 382 1510 μηδὲ
395 1474 481 1501 ταῦτα
494 1475 616 1509 δέχησθε·
634 1475 672 1510 τῷ
686 1475 740 1511 γὰρ
755 1475 829 1510 φόϐῳ
837 1475 882 1501 τοῦ
894 1476 957 1510 ἠγε-

173 1518 253 1553 μόνος
268 1520 292 1546 οἱ
310 1519 448 1555 δεχόμενοι
468 1519 610 1555 κομίζουσι
628 1520 671 1547 διὰ
685 1521 736 1552 τὰς
761 1520 860 1552 πολλὰς
873 1520 955 1547 αὑτοῦ

173 1564 242 1599 βίας.
258 1565 365 1599 Ἐπειδὴ
378 1565 406 1592 δὲ
422 1565 494 1598 ιίκδς
500 1566 547 1592 καὶ
557 1567 618 1598 τοὺς
630 1567 693 1602 περὶ
704 1567 831 1594 Εὐσέϐιον
842 1567 956 1603 γράφειν

172 1610 237 1644 ὑμῖν
268 1611 332 1646 περὶ
354 1611 448 1643 αὐτοῦ,
477 1611 521 1638 διὰ
546 1611 625 1638 τοῦτο
649 1613 857 1648 προῡπομνῆσαι
885 1613 955 1649 ὑμᾶς

171 1655 334 1688 ἐσπούδασα,
364 1656 406 1683 ῐνα
428 1657 474 1683 καὶ
495 1658 524 1684 ὲν
546 1657 632 1693 τούτῳ
653 1658 684 1684 τὸ
707 1658 955 1694 άπροσωπόληπτον

171 1699 218 1727 τοῦ
236 1700 304 1727 Θεοῦ
323 1702 518 1737 μιμησάμενοι,
538 1701 682 1736 ὲκδιώξητε
696 1702 759 1733 τοὺς
774 1703 838 1735 παρ’
851 1702 951 1729 αὐτῶν·

171 1746 212 1772 ὅτι
219 1747 247 1773 ὲν
254 1747 366 1782 τοιούτῳ
374 1747 462 1782 καιρῷ
472 1747 617 1782 διωγμοὺς,
630 1748 676 1774 καὶ
687 1747 789 1783 φθοράς
803 1748 954 1782 παρθένων,

172 1791 218 1818 καὶ
243 1792 384 1824 θανάτους,
403 1793 449 1820 καὶ
463 1793 589 1828 ἁρπαγὰς
603 1793 657 1820 τῶν
672 1794 700 1820 ὲν
716 1795 776 1825 ταῖς
787 1794 954 1829 ἐκκλησίαις,

172 1837 219 1864 καὶ
226 1838 373 1873 πυρκαϊὰν,
381 1839 428 1865 καὶ
436 1838 539 1874 βλασφη
545 1839 607 1874 μίας
619 1840 648 1866 ὲν
654 1841 715 1871 ταῖς
725 1836 954 1876 ἔκκλησίαις(59],

170 1884 264 1911 ἕνεκεν
274 1884 328 1911 τῶν
348 1883 557 1920 Ἀρειομανιτῶν
565 1883 767 1912 κατεσκεύασαν
783 1885 834 1912 ὑπὸ
842 1885 955 1912 ἐθνικῶν

171 1929 218 1955 καὶ
241 1929 375 1956 Ἰουδαίων
401 1928 537 1963 γενέσθαι.
558 1930 615 1957 Οὐκ
641 1930 675 1956 ἂν
702 1930 729 1956 δὲ
750 1930 764 1956 ὁ
790 1930 891 1966 ἀσεϐὴς
909 1932 955 1958 καὶ

173 1974 300 2011 μεμηνὼς
312 1975 459 2011 Γρηγόριος
468 1975 617 2012 ἀρνήσηται
629 1976 723 2003 ἑαυτὸν
732 1974 800 2003 εἶναι
808 1977 953 2013 Ἀρειανὸν,

172 2020 240 2055 ἔχων
252 2020 362 2056 ἔλεγχον
377 2021 421 2048 τὸν
439 2021 632 2056 ὑπογράφοντα
647 2021 727 2049 αὑτοῦ
745 2021 779 2048 τὰ
793 2022 954 2058 γράμματα.

179 2065 289 2101 Ἀμμὼν
301 2067 355 2102 γὰρ
366 2064 463 2099 οὗτοςό
476 2068 651 2103 ὑπογράφων,
661 2067 777 2094 ἔκπαλαι
787 2069 834 2103 μὲν
842 2069 894 2095 ὑπὸ
908 2069 954 2096 τοῦ

173 2112 322 2148 μακαρίτου
348 2113 520 2150 Ἀλεξάνδρου
532 2114 580 2141 τοῦ
596 2113 649 2149 πρὸ
667 2114 734 2150 ἐμοῦ
746 2115 895 2142 ἐπισκόπου
909 2116 955 2142 ἐπὶ

172 2158 278 2189 πολλοῖς
292 2160 386 2191 κακοῖς
410 2158 466 2194 (60)
489 2160 535 2186 καὶ
555 2160 601 2187 ἐπὶ
615 2160 726 2196 ἀσεϐείᾳ
747 2160 876 2197 ἐξεϐλήθη
905 2161 955 2196 τῆς

179 2203 348 2239 Ἐκκλησίας.
366 2205 476 2232 Πάντων
491 2203 538 2232 οὖν
552 2205 644 2232 ἕνεκεν
655 2206 702 2232 καὶ
715 2207 879 2242 ἀντιγράψαι
890 2208 954 2243 ἡμῖν

1013 287 1055 319 tis,
1071 291 1098 312 ut
1115 294 1193 321 supra
1206 286 1272 317 dixi,
1286 285 1428 313 Eusebium
1440 286 1551 320 ejusque
1571 286 1657 313 socios
1672 285 1791 318 ejusdem

1011 338 1072 358 esse
1089 331 1232 364 hzeresens,
1251 332 1328 366 cujus
1353 332 1438 366 gratia
1456 331 1534 359 nobis
1561 331 1657 358 iterum
1681 331 1791 357 insidias

1010 382 1143 404 struxere.
1159 377 1224 410 Quae
1243 384 1308 405 vero
1330 385 1401 404 nunc
1418 377 1525 404 illorum
1545 384 1646 409 causa,
1672 377 1725 403 imo
1741 375 1792 403 illis

1010 422 1166 449 auctoribus
1186 427 1259 457 gesta
1281 427 1361 454 sunt,
1387 422 1463 450 bellis
1477 430 1542 449 sane
1560 422 1697 450 acerbiora
1715 422 1791 448 vobis

1009 467 1172 502 signilicavi;
1196 473 1236 501 ut,
1259 468 1406 495 secundum
1429 467 1564 495 historiam
1585 467 1662 495 initio
1682 475 1791 495 enarra-

1009 517 1074 543 tam.
1093 513 1183 540 studio
1197 513 1349 548 iniquitatis
1362 512 1521 541 ulciscendae
1546 513 1665 540 instructi
1676 534 1683 544 ,
1699 512 1790 539 talimn

1009 559 1035 585 iu
1053 558 1201 586 Ecclesiam
1217 557 1353 586 scelerum
1373 563 1495 586 auctores
1510 559 1658 593 (lt-ponatis.
1675 559 1702 585 Si
1719 558 1789 585 enim

1008 614 1078 633 anno
1095 605 1233 640 praeterito
1251 605 1349 632 fratres
1374 606 1457 632 nostri
1471 606 1515 640 qui
1539 605 1630 632 Romae
1648 609 1724 637 sunt,
1749 605 1790 632 bis

1009 652 1123 680 nondum
1145 652 1223 684 actis,
1250 651 1296 679 sed
1316 656 1426 687 propter
1438 651 1490 678 alia
1506 658 1564 686 qua:
1583 651 1656 685 prius
1670 651 1790 685 contige-

1009 703 1078 730 rant,
1102 698 1231 733 synodum
1253 697 1401 733 cogendam
1423 704 1484 724 esse
1500 697 1673 731 scripserunt,
1696 700 1726 723 ut
1747 696 1789 723 illa

1007 744 1108 771 scelera
1130 743 1344 771 ulciscerentur:
1372 750 1454 778 quant
1483 742 1689 770 reformidantes
1709 741 1790 769 Euse-

1006 788 1065 816 bius
1082 792 1110 815 et
1128 788 1205 820 socii,
1229 788 1377 816 Ecclesiam
1401 788 1564 815 conturbare
1587 793 1799 825 przeverterunt,‘

1007 843 1110 870 nosque
1132 835 1285 862 interﬁcere
1299 834 1450 865 voluerunt.
1473 838 1502 861 ut
1525 841 1574 869 pro
1593 834 1705 862 libidine
1715 834 1789 861 deiu-

1007 889 1070 916 ceps
1081 889 1160 916 agere
1173 881 1277 913 liceret,
1293 887 1342 907 nec
1357 880 1487 908 haberent
1497 880 1542 914 qui
1560 887 1590 907 se
1599 881 1788 916 redargueret;

1007 932 1109 962 quanto
1125 927 1211 962 magis
1226 926 1283 954 hzcc
1297 931 1371 953 tanta
1387 926 1488 954 scelera
1505 926 1613 961 indigne
1627 926 1697 953 ferre
1713 926 1789 953 illos-

1006 981 1058 1007 que
1073 974 1203 1000 damnare
1220 972 1333 1005 debetis,
1358 979 1418 1000 cum
1439 972 1554 999 maxime
1575 972 1624 998 ista
1645 972 1789 1006 superiori-

1008 1018 1057 1045 bus
1070 1017 1238 1044 addiderint?
1251 1016 1369 1044 Obsecro
1380 1025 1412 1044 ne
1425 1017 1481 1044 haec
1497 1021 1557 1044 tam:
1566 1017 1658 1052 gravia
1672 1017 1789 1052 negliga-

1008 1063 1051 1095 tis,
1077 1062 1146 1090 neve'
1167 1062 1291 1098 inclytam
1322 1062 1566 1090 Alexandrinorum
1586 1055 1733 1090 Ecclesiatn
1754 1063 1788 1089 ab

1007 1107 1142 1135 haneticis
1165 1107 1319 1134 conCulcari
1340 1107 1453 1140 sinatis,
1482 1106 1614 1142 siquidem
1639 1107 1729 1141 populi
1756 1114 1788 1133 ac

1007 1153 1134 1185 ministri.
1157 1153 1218 1188 jure
1235 1152 1332 1180 merito
1346 1152 1458 1179 secrsim
1479 1152 1594 1187 degunt,
1613 1152 1648 1179 ob
1669 1152 1786 1187 praefecti

1007 1199 1178 1227 formidinem
1206 1199 1280 1227 taciti
1308 1199 1428 1231 quidem,
1449 1199 1673 1225 Ariomanitarum
1698 1203 1787 1225 tamen

1007 1245 1173 1281 impietatem
1191 1249 1374 1272 exsecrantes.
1397 1244 1424 1271 Si
1448 1244 1529 1277 igitur
1546 1249 1592 1272 aut
1614 1244 1672 1279 ipse
1685 1243 1787 1279 Grego-

1007 1292 1073 1325 rius,
1089 1295 1136 1319 θυι
1150 1289 1220 1318 alius
1236 1289 1554 1326 quispiamJlliuseausa
1566 1288 1599 1316 ad
1614 1296 1661 1315 vos
1673 1289 1788 1323 scripse-

1007 1338 1051 1370 rit,
1065 1345 1099 1364 ne
1121 1337 1270 1372 recipiatis,
1291 1337 1400 1369 fratres,
1426 1337 1484 1371 ejus
1505 1334 1619 1365 litteras.
1646 1333 1698 1363 Sed
1717 1335 1787 1370 ipsas

1006 1383 1131 1415 lacerate,
1155 1382 1363 1417 tabellariosque
1388 1383 1490 1417 pudore
1517 1382 1670 1415 sulfundite,
1697 1388 1788 1417 utpote

1006 1429 1152 1464 impietatis
1174 1429 1333 1460 etmalitiaa
1353 1429 1501 1456 ministros.
1526 1428 1579 1455 Sed
1607 1429 1712 1456 etiamsi
1738 1430 1787 1455 sub

1005 1475 1118 1509 pacifica
1138 1474 1225 1502 forma
1249 1475 1370 1502 scribere
1389 1475 1469 1507 ausit,
1493 1481 1526 1501 ne
1538 1474 1577 1501 sic
1596 1481 1702 1508 quoque
1719 1475 1786 1501 rcci-

1006 1520 1103 1554 piatis:
1122 1525 1193 1547 metu
1211 1520 1283 1547 enim
1298 1520 1376 1548 ducis
1397 1527 1444 1548 eas
1457 1519 1581 1547 deferunt
1595 1520 1640 1553 qui
1656 1519 1689 1546 ad
1701 1520 1788 1546 vitan-

1007 1565 1067 1592 dam
1089 1565 1148 1600 ejus
1177 1566 1331 1593 violentiam
1352 1566 1423 1600 ipsas
1444 1570 1627 1600 susceperunt.
1655 1565 1786 1598 Quoniam

1007 1617 1095 1638 autem
1110 1611 1259 1639 verisimile
1276 1616 1318 1638 est
1331 1611 1496 1639 Eusebianos
1511 1611 1586 1638 vobis
1608 1611 1633 1637 in
1648 1610 1704 1644 ejus
1723 1619 1784 1645 gra-

1007 1656 1070 1682 tiam
1095 1656 1254 1690 scripturos,
1281 1656 1340 1683 ideo
1369 1663 1536 1690 praemonere
1563 1663 1611 1682 vos
1634 1655 1734 1687 studui,
1758 1660 1786 1682 ut

1007 1701 1088 1728 Deum
1105 1701 1201 1728 imitati
1215 1701 1273 1728 sine
1287 1701 1340 1727 ttlla
1360 1708 1535 1735 personarum
1551 1700 1714 1734 acceptione,
1734 1699 1785 1726 bo-

1006 1747 1092 1773 tuines
1106 1746 1140 1773 ab
1154 1746 1207 1773 illis
1224 1746 1320 1774 missos
1334 1746 1484 1780 expellatis.
1505 1745 1561 1774 Hoc
1574 1746 1645 1773 enim
1666 1751 1786 1780 tempore

1005 1793 1234 1820 Ariomanitarum
1251 1799 1342 1826 causa,
1358 1793 1570 1826 persecutiones.
1586 1792 1717 1827 virginum
1732 1798 1786 1819 stu-

1006 1845 1065 1872 pra,
1086 1837 1181 1870 mdes,
1206 1837 1384 1864 ecclesiarum
1402 1837 1597 1872 populationes,
1619 1837 1783 1871 incendium,

1004 1881 1186 1916 blasphemias
1202 1882 1229 1908 in
1246 1881 1311 1915 ipsis
1326 1881 1450 1908 ecclesiis
1468 1881 1502 1908 ab
1517 1881 1632 1908 ethnicis
1651 1886 1677 1909 et
1688 1881 1786 1909 Iuda-is

1006 1928 1062 1955 tieri
1078 1932 1215 1955 curarunt.
1229 1927 1320 1962 Neque
1345 1927 1417 1954 enitn
1436 1926 1533 1962 impius
1551 1927 1596 1954 ille
1619 1931 1645 1954 et
1667 1927 1786 1954 furiosus

1005 1973 1151 2008 Gregorius
1166 1980 1195 2001 se
1207 1973 1336 2000 Arianum
1352 1979 1411 2000 esse
1425 1972 1529 2000 inllcias
1544 1972 1584 2000 ire
1600 1973 1708 2007 poterit,
1724 1981 1784 2000 cum

1005 2019 1028 2047 is
1048 2019 1092 2054 qui
1110 2019 1206 2046 litteris
1226 2018 1283 2052 ejus
1300 2018 1462 2049 subscribit,
1478 2024 1664 2054 argtuueutnm
1681 2019 1705 2046 in
1721 2026 1786 2046 con-

1006 2064 1116 2091 trarium
1137 2064 1264 2099 praebeat.
1287 2064 1400 2091 Ammon
1417 2064 1489 2091 enim
1507 2065 1557 2092 iste
1578 2065 1622 2099 qui
1641 2064 1786 2092 subscribit

1002 2110 1103 2145 jamdiu
1124 2117 1139 2137 a
1161 2110 1247 2137 beatae
1263 2110 1399 2138 memoria:
1414 2109 1568 2138 Alexandro
1590 2116 1653 2138 ante
1672 2118 1715 2138 me
1728 2111 1786 2145 epi-

1005 2163 1098 2190 scopo,
1119 2155 1154 2182 ob
1171 2155 1254 2182 multa
1272 2155 1377 2183 scelera
1394 2160 1421 2183 et
1438 2157 1472 2183 ob
1489 2157 1666 2191 impietatem,
1684 2156 1718 2183 ab
1735 2156 1783 2183 Ec-

1004 2200 1085 2228 clesia
1108 2201 1211 2234 eiectus
1222 2205 1273 2228 est.
1299 2201 1400 2228 Horum
1417 2202 1498 2236 igitur
1512 2203 1631 2229 ontuium
1651 2210 1742 2234 causa.
1757 2206 1785 2230 et

171 2247 312 2284 θελήσατε,
326 2250 370 2276 καὶ
386 2251 555 2284 καταγνῶναι
575 2251 628 2278 τῶν
647 2251 763 2283 ἀσεϐῶν,
781 2252 824 2279 ἵνα
836 2253 882 2279 καὶ
907 2252 954 2279 νῦν

1006 2246 1101 2278 nobis.
1122 2254 1230 2281 quaeso,
1251 2247 1403 2280 rescribite,
1428 2252 1456 2275 et
1482 2248 1577 2283 impios
1597 2248 1782 2280 condemnale,

171 2294 195 2320 οἱ
223 2294 271 2329 μὲν
294 2294 454 2331 λειτουργοὶ,
469 2298 492 2323 ot
509 2296 634 2330 ἐνταῦθα,
650 2297 697 2324 καὶ
718 2299 742 2324 oi.
754 2298 811 2325 λαοὶ
824 2298 890 2334 (6|),
903 2299 952 2334 τὴν

170 2339 324 2375 ὀρθοδοξίαν
337 2341 384 2368 καὶ
405 2343 600 2379 μισοπονηρίαν
608 2343 684 2379 ὑμῶν
700 2343 824 2379 ὁρῶντες,
837 2345 950 2380 εὐφραί-

170 2393 268 2411 νωνται
281 2387 313 2421 τῇ
326 2387 366 2418 είς
381 2387 498 2421 Χριστὸν
517 2388 646 2423 ὁμοψύχῳ
660 2388 736 2423 ὑμῶν
753 2389 852 2422 πίστει,
872 2390 896 2416 οἱ
921 2390 949 2416 δὲ

170 2427 280 2455 τοιαῦτα
292 2429 361 2456 κατὰ
380 2430 430 2465 τῆς
451 2430 612 2467 Ἐκκλησίας
633 2433 885 2468 παρανομήσαντες,
903 2443 949 2468 με-

206 2549 262 2586 (55)
274 2550 353 2586 Reg.,
369 2552 450 2579 πάλιν
478 2560 525 2586 pro
542 2553 635 2580 πάλαι.
651 2553 708 2580 Mox
725 2555 817 2586 Anglic
833 2576 840 2585 .
852 2555 885 2581 δι’
903 2555 951 2582 αὐ-

171 2585 323 2646 Ξιὲοᾶαιῖσυιο
337 2593 396 2621 post
418 2585 485 2623 Reg;
501 2588 643 2623 πολέμων,
670 2590 716 2616 καί
729 2589 772 2616 διὰ
793 2590 872 2617 τοῦτο
895 2590 953 2625 ἐδή-

187 2628 254 2647 ωσα.

208 2655 334 2697 (56)]ιη
351 2656 587 2697 πέρυσιν-ἀθεειῐη
603 2660 681 2697 Reg;
697 2659 742 2687 sed
756 2667 816 2686 cum
829 2659 854 2687 in
866 2661 953 2697 omni-

173 2690 222 2716 bus
238 2690 300 2728 aliis
322 2690 393 2718 cum'
411 2693 490 2719 editis
506 2699 560 2720 tum
584 2690 786 2728 mssrlegatur.
803 2700 829 2721 et
849 2695 949 2728 alioqui

173 2732 243 2764 verte
258 2725 335 2764 hujus
348 2729 477 2761 temporis
492 2729 610 2756 historiae
622 2725 749 2763 congruat
762 2751 769 2760 ,
782 2725 948 2756 retinendqu

171 2760 287 2800 videtur.
301 2760 373 2800 Natn_
380 2760 409 2800 ιιι
421 2771 481 2800 mox
496 2764 599 2800 dicetur
626 2764 653 2791 in
669 2760 771 2791 monito
788 2766 821 2791 ad
850 2764 947 2798 Apolo-

173 2796 255 2834 giant.
273 2802 346 2834 anno
357 2796 421 2828 540,
439 2797 517 2834 [ρεισιί
538 2798 687 2830 Athanasii.
705 2807 737 2826 ac
762 2800 842 2826 etiam
864 2796 948 2827 Euse-

173 2829 254 2866 Μηιῂ
263 2832 394 2866 svnodum
409 2840 423 2858 a
437 2831 508 2859 Julio
518 2833 695 2866 postularunt.

175 2899 182 2904 I
195 2859 346 2904 _(5'l)_'f_{eg.
363 2874 411 2904 pro
427 2866 497 2904 βίας,
512 2859 591 2904 liabet
608 2859 749 2903 βασῶους.
776 2869 840 2896 Post
861 2876 946 2903 pluca

175 2899 255 2933 idem,
270 2899 432 2929 Ἅνίτοίνυν.⁷
442 2901 504 2929 Mox.
516 2903 595 2937 idem,
608 2899 774 2939 Τρηγὸρίος.
791 2899 949 2937 Εσὶιῖνεω,

1005 2296 1035 2319 ut
1051 2292 1167 2320 ministri
1184 2293 1292 2327 quidem
1314 2292 1360 2327 qui
1382 2293 1442 2320 istic
1458 2293 1558 2328 degunt
1571 2293 1722 2328 populique.
1736 2300 1783 2320 ve-

1004 2343 1087 2366 stram
1113 2343 1140 2365 et
1163 2338 1339 2366 orthodoxam
1357 2339 1507 2366 doctrinam
1526 2344 1697 2374 vestrumun
1719 2346 1782 2374 erga

1004 2382 1133 2409 malitiam
1165 2382 1255 2410 odium
1284 2389 1445 2416 cernentes,
1475 2383 1508 2410 de
1538 2389 1626 2410 vestra
1651 2383 1782 2418 gaudeant

1003 2428 1127 2456 concordi
1159 2429 1184 2456 in
1211 2429 1349 2456 Christum
1380 2429 1448 2460 fide;
1476 2429 1514 2456 illi
1538 2435 1626 2456 autem
1653 2430 1782 2464 ejusmodi

1004 2555 1146 2589 Γεὼργιος.

1167 2590 1234 2623 Reg.
1250 2591 1300 2618 Alii
1326 2599 1386 2618 cum
1415 2592 1507 2623 editis.
1524 2591 1641 2623 ἀσεϐεῖς.
1668 2590 1783 2617 Praestat

1006 2625 1080 2662 Regii
1099 2626 1187 2662 lectio.
1201 2626 1283 2662 Paulo
1291 2631 1350 2658 post
1360 2627 1440 2658 idem,
1449 2627 1588 2662 τολμήσει.

1040 2661 1095 2696 (59)
1115 2661 1162 2687 Ἐν
1174 2661 1237 2694 ταῖς
1252 2661 1437 2695 ἐκκλησίαις.
1454 2660 1515 2688 Haec
1526 2660 1623 2689 absunt
1638 2668 1651 2687 a
1662 2660 1742 2687 Basil.
1757 2665 1782 2687 ct

1005 2696 1195 2732 Anglictlnfra
1210 2696 1453 2732 Bca.,l‘pqyéptoc.
1471 2697 1550 2729 Editi,
1564 2696 1707 2732 Γεώργιος.

1041 2731 1095 2772 (60)
1110 2730 1166 2772 Xox
1183 2732 1277 2772 κακοῖς
1290 2730 1394 2772 inltch
1407 2731 1530 2772 babetur.
1547 2730 1660 2772 eamque
1677 2730 1780 2772 videtur

1002 2764 1097 2797 legisse
1112 2766 1242 2798 Nannius.
1260 2764 1452 2800 interpretatur
1473 2766 1556 2799 enim,
1570 2767 1657 2793 multis
1682 2764 1778 2798 malis,-

1001 2801 1035 2828 ab
1046 2801 1107 2827 aliis
1120 2801 1206 2829 abest.

1035 2836 1090 2874 (ιξι)
1106 2836 1229 2874 ῐίεμηοὶ
1254 2835 1338 2874 gnat.
1356 2835 1414 2874 bin;
1440 2835 1528 2874 idem.
1541 2837 1596 2874 xei
1616 2836 1665 2872 τὴν
1681 2846 1783 2874 μισοπ.

1002 2870 1084 2899 Paulo
1095 2870 1155 2906 post
1169 2872 1239 2899 idem
1253 2871 1331 2907 lteg.,
1342 2872 1375 2907 τῇ
1386 2872 1425 2903 εἰς
1436 2870 1502 2898 Θεὸν
1512 2870 1649 2908 ὁμοψύχῳζ
