2031 3048
251 141 302 169 ‘259

250 200 382 227 Scelerum
416 201 442 228 in
477 202 626 231 Ecclesiam
658 210 799 241 auctores,
832 210 930 237 vestris
960 211 1032 238 litte-

251 246 287 272 ris
312 246 345 274 ad
365 246 500 275 meliorem
527 249 630 283 frugem
659 254 788 285 revocati,
815 254 856 281 vel
884 263 945 283 sero
973 262 1033 284 tan-

249 291 309 318 dem
330 293 499 327 resipiscam.
516 294 637 323 Salutate
651 305 721 330 eam,
744 299 800 336 95
814 309 874 335 quae
894 303 964 338 apud
987 312 1035 332 vos

249 341 299 368 est,
321 336 529 367 fraternitatem.
553 341 666 370 Fratres
680 351 773 372 omnes
790 347 834 380 qui
853 336 955 375 mecum
971 355 1034 377 sunt

249 390 296 410 vos
325 385 453 412 salutant.
486 386 615 416 Dominus
632 397 680 417 vos
705 391 870 426 incolumes,
895 397 1033 431 nostrique

249 437 383 458 memores
400 439 553 467 conservet,
570 435 671 464 domini
691 446 756 465 vere
769 440 1002 470 desideratissimi.

551 147 579 175 S.
598 148 783 178 ATllANAb‘ll
802 151 876 179 OPP.
897 152 987 183 PARS
1006 155 1027 182 1.
1048 172 1081 176 -
1101 157 1285 187 HISTORICA
1307 159 1350 188 ET
1372 160 1580 191 DOGMATICA.

1820 167 1872 194 ξω

1086 215 1310 248 ταπαιδευθέντες
1334 218 1371 245 ὲκ,
1381 217 1434 244 τῶν
1448 219 1525 254 ὑμῶν
1548 219 1728 255 γραμμάτων,
1752 221 1802 248 κᾶν
1822 223 1871 256 ὀψέ

1085 269 1149 286 ποτε
1176 260 1308 298 δυνηθῶσι
1337 265 1515 299 μεταγνῶναι.
1545 266 1711 302 Προσείπατε
1735 267 1784 303 τὴν
1807 270 1873 303 παρ’

1085 306 1148 341 ὑμῖν
1171 307 1347 344 ἀδελφότητα.
1371 311 1403 336 Οἱ
1433 311 1481 337 σὺν
1503 312 1564 347 ἐμοὶ
1582 313 1638 347 (62)
1654 313 1754 345 πάνφες
1765 313 1874 348 ἀδελφοὶ

1084 353 1332 389 προσαγορεύουσιν
1357 355 1438 390 ὑμᾶς.
1473 357 1662 392 Ἐῥρωμένους
1691 359 1738 385 καὶ
1772 367 1874 393 μνημο-

1084 397 1212 431 νεύοντας
1237 400 1313 435 ὑμῶν
1338 402 1352 428 ὁ
1375 401 1477 438 Κύριος
1491 403 1563 438 ὑμᾶς
1579 403 1761 438 διαφυλάξειε,
1781 405 1874 441 utipth

1085 444 1192 480 ἀληθῶς
1201 445 1391 474 ποθεινότατοι.

250 540 1841 572 Ἣ

546 639 609 683 ΙΝ
648 639 1002 686 APOLOGIAM
1041 642 1278 689 CONTRA
1315 644 1577 693 ARIANOS

848 749 1278 808 ADMONITIO.
1341 724 1346 728 ’

287 931 306 959 Ι.
325 932 451 967 Apologia
466 941 558 961 contra
580 934 692 961 Ariona:
705 955 712 967 ,
737 943 806 970 quat,
823 936 893 970 qunti
918 937 1045 972 pleraque
1072 938 1266 974 complectatur
1282 945 1472 974 monumenta,
1497 939 1621 970 ϐοηθειῐο
1644 949 1872 972 monumentorum

252 987 267 1006 a
283 979 419 1007 nonnullis
438 980 636 1009 recentioribus
652 987 775 1016 vocatur,
792 984 817 1010 in
833 984 957 1012 omnibus
971 993 1032 1012 cum
1052 987 1132 1013 editis
1148 992 1204 1013 tum
1220 989 1412 1023 Inanuscriptis
1427 989 1554 1024 Apologia
1569 990 1682 1016 secunda
1703 990 1873 1023 inscribitur.

251 1026 314 1060 quia
328 1026 454 1053 nimirum
471 1031 532 1061 post
547 1026 702 1061 Apologiam
717 1028 749 1055 de
763 1028 827 1064 fuga
837 1030 1006 1064 collocatur;
1029 1033 1136 1060 tametsi
1150 1041 1209 1060 cam
1225 1039 1288 1061 ante
1300 1034 1367 1062 alias
1380 1035 1520 1062 Athanasii
1535 1035 1678 1070 Apologias
1692 1038 1870 1073 conscriptam

251 1073 335 1102 fuisse
347 1077 450 1101 certntn
467 1078 518 1102 est.
540 1073 677 1109 Siquidem
689 1074 841 1110 Apologiam
853 1078 887 1103 ad
897 1077 1092 1112 Constantium,
1108 1084 1135 1107 et
1153 1080 1309 1115 Apalogt‘am
1322 1081 1353 1108 de
1368 1081 1431 1118 fuga
1445 1082 1478 1109 ad
1494 1089 1592 1109 annum
1604 1081 1657 1108 556
1673 1083 1808 1116 pertinere
1822 1091 1874 1110 suo

251 1123 310 1149 loco
325 1123 423 1150 dicturi
440 1130 542 1150 sumus.
564 1123 599 1149 At
612 1121 739 1157 Apologia
754 1129 844 1149 contra
856 1124 970 1152 Arianos
989 1134 1040 1152 non
1058 1126 1103 1153 diu
1120 1132 1182 1162 post
1194 1128 1335 1155 Athanasii
1361 1136 1394 1156 ex
1420 1129 1539 1156 secundo
1556 1129 1652 1156 exsilio
1671 1129 1786 1156 reditum
1799 1149 1806 1163 ,
1825 1131 1872 1165 qui

251 1175 323 1194 anno
337 1166 389 1194 349
405 1167 529 1202 contigit,
542 1167 625 1195 scribi
641 1169 738 1202 potuit.
759 1167 798 1195 Ex
811 1169 994 1204 compluribus
1006 1171 1078 1198 enim
1097 1172 1176 1206 hujus
1188 1173 1320 1209 Apologia:
1336 1174 1401 1201 locis
1414 1195 1421 1209 ,
1438 1183 1470 1202 ac
1484 1183 1517 1203 ex
1531 1176 1587 1210 ipso
1599 1177 1768 1211 potissimum
1784 1178 1873 1210 initio,

250 1213 334 1248 liquet
348 1215 447 1242 cditam
470 1214 552 1242 fuisse
568 1219 712 1250 antequam
728 1215 858 1244 UrSacius
881 1223 908 1245 et
921 1217 1029 1251 Valens,
1053 1220 1097 1254 qui
1112 1220 1146 1247 ab
1157 1220 1266 1248 Arianis
1284 1222 1404 1256 partibus
1429 1223 1580 1250 resilierant
1600 1229 1626 1251 et
1648 1232 1723 1251 suam
1744 1224 1873 1252 adversus

250 1262 428 1289 Athanasium
453 1262 658 1298 sycophantiam
677 1263 792 1301 confessi
821 1263 937 1296 fuerant,
956 1265 980 1292 in
1007 1266 1171 1301 impietatem
1198 1267 1358 1302 reciderent,
1384 1273 1410 1296 et
1426 1270 1555 1298 adversus
1567 1270 1745 1299 Athanasium
1762 1272 1873 1299 Arianis

251 1310 339 1338 denuo
351 1318 411 1338 sese
423 1311 578 1346 jungerent,
592 1310 675 1345 quod,
687 1315 715 1337 ut
731 1311 843 1344 tardius,
856 1319 928 1339 anno
939 1312 1001 1343 352,
1015 1313 1162 1348 contigisse
1171 1313 1237 1340 alias
1249 1315 1488 1343 demonstrabilur.
1500 1316 1556 1344 Huc
1566 1318 1671 1346 accedit
1686 1318 1770 1352 ipsius
1784 1319 1870 1345 Atha—

251 1359 319 1386 nasii
335 1359 519 1386 testimonium
541 1353 662 1387 num-59
687 1358 768 1393 hujus
790 1359 937 1395 Apologire,
956 1361 1000 1388 ubi
1024 1362 1057 1388 de
1073 1367 1209 1396 postremo
1226 1370 1275 1390 suo
1289 1370 1372 1397 agens
1391 1363 1486 1391 exsilio
1508 1364 1545 1392 ait
1568 1363 1587 1392 ὁ.
1602 1365 1649 1392 νῦν
1667 1365 1797 1398 πέπονθα,
1811 1373 1872 1400 quae

249 1403 304 1437 jam
320 1411 416 1439 passus
430 1412 501 1436 sum,
521 1413 575 1440 quo
593 1405 694 1433 indicat
706 1414 734 1433 5e
749 1407 829 1442 paulo
852 1413 913 1443 post
927 1409 1042 1436 reditum
1060 1417 1136 1436 suum
1155 1411 1224 1438 hanc
1239 1411 1390 1446 Apologiam
1407 1410 1610 1448 conscripsisse.
1632 1413 1756 1449 Nihilque
1772 1419 1875 1442 nostra

251 1451 394 1478 sententia}
414 1451 534 1480 oﬂiciunt
547 1460 605 1486 qua:
628 1453 661 1481 de
683 1453 782 1481 Liherii
798 1460 825 1482 et
839 1454 911 1483 Hosii
926 1456 1022 1483 exsilio
1036 1457 1086 1484 sub
1113 1457 1191 1484 tinent
1209 1457 1343 1493 leguntur,
1370 1465 1401 1485 ea
1421 1459 1519 1494 Quippe
1542 1460 1588 1487 diu
1613 1465 1673 1495 post
1689 1461 1871 1496 conscriptam

252 1497 408 1532 Apulogiam
424 1499 515 1526 addita
533 1499 617 1528 fuisse
636 1501 734 1529 ibidem
750 1503 888 1537 probaturi
904 1512 1008 1531 sumus.

291 1540 320 1569 ll.
334 1542 418 1576 Hujus
434 1544 584 1573 scribenti-.c
597 1546 655 1573 haec
669 1554 749 1574 causa
773 1548 833 1575 fuit.
860 1549 1038 1582 Athanasius,
1063 1558 1095 1578 ex
1111 1550 1279 1590 Sardicensis
1294 1554 1389 1588 synodi
1403 1554 1522 1586 decreto,
1546 1562 1576 1582 ac
1591 1555 1783 1590 imperatorum
1797 1555 1870 1584 Con-

253 1587 351 1614 stantis
367 1593 395 1615 et
405 1587 555 1616 Constantii
582 1591 656 1626 jussu
683 1596 778 1628 patriae
792 1601 819 1621 et
833 1595 959 1623 Ecclesiae
976 1604 1031 1624 sua:
1055 1587 1205 1630 restitutus,
1224 1606 1285 1625 cum
1310 1587 1493 1634 comperisset
1513 1601 1571 1628 illas
1589 1602 1678 1629 tandiu
1699 1601 1813 1636 iactatas
1829 1607 1871 1628 lo-

253 1635 358 1669 tiesqne
374 1637 528 1665 confutatas
546 1640 760 1675 criminationes,
777 1643 810 1670 de
823 1644 930 1671 Arsenii
955 1652 1029 1675 nece.
1046 1645 1079 1672 de
1093 1646 1178 1673 calice
1202 1646 1297 1679 fracto,
1312 1647 1399 1682 deque
1414 1655 1506 1675 mensa
1520 1648 1659 1680 subversa,
1674 1653 1728 1676 etc.
1739 1668 1748 1679 .
1763 1651 1871 1675 rursum

254 1682 289 1708 ab
302 1682 410 1710 Arianis
426 1685 578 1720 pervulgari
593 1706 600 1716 ,
622 1687 667 1721 qui
683 1687 764 1714 etiam
789 1688 940 1715 niterentur
954 1689 1011 1716 haec
1027 1690 1084 1724 ipsa
1098 1691 1186 1717 denuo
1207 1690 1232 1717 in
1258 1691 1390 1724 judicium
1411 1701 1516 1726 vocare,
1531 1695 1684 1728 Apologiam
1705 1694 1799 1724 edidit,
1825 1693 1872 1720 ubi

255 1729 330 1756 varia
344 1733 516 1757 monumenta
533 1735 560 1758 et
575 1731 703 1766 epistolas
720 1733 771 1760 hac
782 1733 815 1760 de
830 1741 860 1761 re
883 1734 1048 1769 conscriptas
1066 1735 1091 1762 in
1106 1743 1188 1763 unum
1204 1736 1322 1771 collegit.
1343 1743 1419 1766 ratus
1442 1739 1506 1766 nihil
1524 1745 1600 1772 aeque
1623 1738 1655 1766 ad
1679 1739 1719 1766 sui
1737 1737 1873 1773 purgatiO-

255 1785 317 1805 nem
334 1779 496 1813 conducere,
522 1787 553 1806 ac
567 1781 590 1807 si
604 1788 636 1808 cx
654 1780 721 1814 ipsis
737 1788 826 1808 rerum
843 1786 978 1817 gestarum
995 1783 1064 1811 actis
1077 1791 1165 1811 causa;
1190 1792 1244 1811 suae
1257 1785 1399 1813 sinceritas
1417 1786 1546 1814 eluceret.
1568 1786 1667 1814 Horum
1684 1791 1872 1814 monumento-

255 1831 315 1850 rum
337 1823 395 1850 duae
408 1829 471 1851 sunt
486 1829 577 1859 partes
598 1829 761 1860 praepostero
775 1827 870 1854 ordine
887 1827 920 1854 ab
936 1828 993 1862 ipso
1009 1829 1157 1856 Athanasio
1170 1830 1288 1865 digesue.
1315 1831 1403 1858 Prima
1426 1833 1613 1867 complectitur
1623 1832 1751 1867 epistolas
1764 1831 1872 1868 synodi-

254 1877 301 1898 cas
319 1870 439 1905 aliasque
459 1871 492 1898 de
505 1879 584 1899 causa
595 1873 732 1901 Athanasii
747 1876 927 1911 conscriptas,
942 1877 975 1904 ab
991 1885 1061 1905 anno
1080 1878 1133 1905 540
1148 1879 1180 1906 ad
1195 1887 1295 1906 annum
1312 1880 1375 1911 550,
1394 1888 1505 1915 quarunt
1524 1888 1667 1908 commune
1683 1886 1872 1916 argumentum

255 1923 307 1952 est,
331 1918 482 1947 confutatio
497 1919 692 1949 calumniarum
712 1923 745 1950 ab
759 1924 918 1952 Eusebianis
943 1926 970 1952 in
996 1927 1100 1962 synodo
1117 1927 1209 1962 Tyria,
1234 1928 1259 1954 in
1277 1927 1395 1955 Mareole
1416 1933 1443 1956 et
1459 1929 1521 1956 alibi
1546 1929 1674 1955 adversus
1693 1928 1870 1954 Athanasium

253 1973 429 1995 structarum.
456 1969 580 1996 Secunda
605 1977 666 2005 pars
696 1971 835 1999 historiam
856 1972 954 2000 Meletii
965 1993 973 2007 ,
990 1981 1133 2008 rerumque
1148 1975 1181 2002 ab
1196 1975 1317 2011 lschyra,
1331 1976 1447 2003 Arsenio
1464 1980 1489 2002 et
1506 1975 1664 2003 Eusebianis
1678 1979 1772 2001 contra
1783 1974 1871 2000 Atha-

255 2016 362 2043 nasium
383 2020 533 2051 gestarum,
550 2024 581 2045 ac
600 2026 651 2045 una
668 2021 824 2047 earumdem
841 2026 1017 2048 monumenta
1035 2023 1241 2056 comprehendit
1253 2025 1286 2051 ab
1303 2032 1374 2051 anno
1388 2023 1441 2051 300
1455 2024 1488 2050 ad
1502 2022 1564 2050 338.
1579 2023 1616 2050 De
1630 2021 1741 2056 singulis
1757 2021 1783 2047 in
1800 2025 1872 2047 utra-

253 2071 306 2099 que
322 2069 398 2098 parte
409 2063 531 2092 collectis
546 2065 729 2092 monumentis
742 2065 863 2099 quaedam
878 2067 1067 2100 pertractanda
1084 2073 1157 2095 sunt.

291 2111 335 2141 lll.
354 2112 382 2139 l-n
400 2112 485 2147 priori
503 2117 579 2146 parte
599 2113 687 2147 primo
696 2111 939 2147 occurritepistola
957 2104 1092 2148 encyclica
1105 2115 1292 2142 Alexandrinm
1305 2116 1399 2151 synodi
1419 2117 1452 2143 ad
1466 2122 1559 2144 omnes
1578 2114 1717 2149 episcopos
1731 2116 1764 2139 et'
1774 2112 1808 2139 ad
1821 2110 1871 2139 Ju—

253 2158 318 2185 linm
342 2166 437 2193 papam
456 2159 548 2191 missa,
569 2165 621 2192 qua
635 2157 820 2184 Athanasiusa
833 2157 976 2184 calumniis
986 2158 1198 2186 Eusebianorum
1211 2161 1373 2188 vindicatur
1388 2161 1453 2188 Eum
1466 2167 1562 2194 nempe
1577 2159 1740 2186 accusabant
1752 2156 1871 2184 hmretici

255 2204 325 2238 quod
344 2209 404 2239 post
427 2211 504 2231 stmm
522 2210 554 2230 ex
577 2203 670 2230 Galliis
687 2203 801 2230 reditum
830 2202 975 2229 multarunt
1000 2203 1111 2231 caedium
1128 2209 1222 2231 auctor
1245 2204 1347 2236 fuisset.
1370 2206 1441 2240 quod
1461 2206 1644 2241 episcopatum
1658 2203 1870 2232 Alexandrinum

252 2253 408 2285 invasisset,
422 2252 570 2286 furtimque
584 2249 725 2277 ordinatus
748 2248 858 2282 fuisset,
875 2248 944 2282 quod
965 2248 1128 2276 frumentum
1153 2250 1258 2277 alendis
1278 2250 1366 2277 viduis
1384 2251 1558 2283 destinatum,
1574 2252 1600 2278 in
1616 2251 1752 2285 proprium
1765 2249 1868 2275 lucrum

254 2298 420 2326 divertisset.
438 2296 492 2324 Has
509 2303 605 2325 omnes
620 2294 836 2325 criminationes,
854 2301 958 2320 necnon
979 2297 1085 2321 veteres
1099 2294 1168 2326 illas,
1185 2294 1218 2322 de
1228 2295 1334 2322 Arsenii
1352 2303 1429 2327 nece,
1442 2300 1495 2323 etc.
1507 2316 1515 2330 ,
1529 2295 1703 2323 validissimis
1726 2301 1870 2330 argumen-

254 2346 288 2374 tis
302 2345 444 2373 confutant
455 2343 576 2380 Ευριῆ
591 2341 722 2377 episcopi,
736 2346 763 2369 et
776 2348 828 2367 una
845 2340 910 2367 Pisti
923 2341 1018 2368 Ariani
1035 2341 1155 2376 episcopi
1170 2342 1368 2370 ordinationem
1387 2343 1480 2377 paucis
1497 2343 1691 2378 perstringunt.
1713 2340 1776 2368 Htec
1789 2347 1871 2367 causa

255 2393 305 2421 fuit
321 2393 400 2428 hujus
418 2393 512 2428 synodi
532 2390 658 2427 cogendae
671 2398 679 2423 ;
692 2396 745 2423 quo
760 2393 849 2415 autem
866 2395 937 2415 anno
949 2396 981 2415 ea
996 2388 1129 2416 celebrata
1146 2393 1172 2416 et
1188 2389 1245 2416 haec
1257 2389 1368 2424 epistola
1386 2390 1537 2425 conscripta
1554 2389 1599 2422 sit,
1616 2396 1668 2417 non
1694 2387 1818 2415 convenit
1834 2387 1872 2414 in-

254 2446 295 2468 ter
309 2444 436 2467 auctores
447 2431 577 2474 {quidam
587 2438 657 2465 enim
669 2436 702 2463 ad
717 2443 816 2464 annum
830 2436 883 2463 359
895 2435 1027 2468 referunt,
1041 2436 1085 2463 alii
1101 2443 1164 2464 vero
1176 2437 1209 2464 ad
1225 2437 1278 2464 540
1294 2437 1391 2471 quibus
1405 2437 1531 2465 libentius
1543 2438 1716 2465 assentimur.
1732 2435 1870 2471 Siquidem

253 2495 286 2515 ex
301 2488 358 2522 ipsa
372 2486 435 2514 Julii
449 2485 562 2520 epistola
580 2489 686 2512 conatat
701 2483 841 2510 Athanasii
857 2487 884 2510 et
896 2483 1086 2511 Alexandrina:
1102 2484 1197 2519 synodi
1223 2485 1325 2520 legatos
1340 2492 1371 2512 eo
1394 2486 1454 2520 ipso
1470 2492 1540 2512 anno
1554 2485 1606 2512 540
1629 2484 1742 2512 Romam
1759 2490 1872 2511 conces-

253 2535 331 2566 sisse,
347 2541 379 2561 ac
391 2541 452 2560 cum
465 2531 626 2560 Eusebianis
637 2536 807 2565 congressos,
823 2529 955 2563 synodum
966 2537 1016 2556 una
1032 2537 1092 2557 cum
1106 2530 1159 2557 illis
1172 2531 1321 2565 postulasse
1334 2540 1340 2557 :
1353 2532 1424 2565 quod
1442 2532 1467 2557 in
1485 2531 1645 2566 praecedenti
1663 2529 1798 2565 encyclica
1813 2530 1872 2563 epi-

252 2580 332 2612 stola,
361 2587 433 2607 anno
448 2579 498 2607 541
518 2578 630 2613 scripta,
648 2577 750 2604 diserte
776 2581 890 2604 testatur
903 2575 1086 2608 Alhanasius;
1115 2576 1154 2602 ait
1170 2576 1242 2603 enim
1268 2576 1378 2612 πέρυσι,
1396 2576 1421 2604 id
1448 2581 1489 2603 est
1518 2583 1589 2603 anno
1607 2576 1753 2610 praeterito,
1774 2575 1872 2602 fratres

252 2627 345 2654 Romae
359 2626 490 2661 synodum
511 2624 672 2661 postulasse.
691 2622 775 2649 Porro
792 2621 939 2649 verisimile
951 2621 1062 2648 omnino
1077 2624 1118 2648 est
1129 2622 1258 2656 synodum
1283 2628 1309 2649 et
1331 2622 1389 2656 ejus
1414 2622 1574 2656 legationem
1588 2622 1613 2649 in
1631 2623 1754 2649 eumdem
1771 2629 1871 2648 annum

251 2673 360 2700 cadere.
379 2671 441 2699 Haec
459 2671 605 2702 sententia,
626 2669 725 2703 alioqui
747 2667 979 2703 probabilissima,
996 2671 1072 2693 extra
1085 2665 1196 2693 dubium
1219 2666 1283 2698 erit,
1303 2666 1324 2693 si
1341 2666 1446 2693 Socrati
1466 2666 1531 2694 ﬁdes
1544 2666 1685 2698 habeatur,
1700 2666 1745 2701 qui
1763 2664 1872 2692 Eusebii

252 2720 279 2746 in
295 2720 387 2747 sedem
409 2716 737 2753 Constantinopolitanam
759 2714 938 2742 intrusionent
964 2713 1047 2740 refert
1061 2713 1094 2739 ad
1116 2720 1216 2740 annum
1233 2714 1296 2747 540,
1322 2719 1382 2748 post
1406 2722 1498 2741 necem
1516 2713 1620 2740 scilicet
1634 2711 1803 2739 Constantini
1825 2710 1871 2744 ju-

253 2766 348 2792 nioris.
364 2766 432 2793 Cum
451 2766 523 2792 enim
540 2766 598 2791 haec
611 2764 727 2800 epistola
743 2763 815 2791 illam
831 2762 940 2791 Eusebii
955 2762 1120 2790 invasioncm
1139 2768 1283 2795 memoret,
1312 2770 1372 2790 eam
1397 2770 1450 2791 non
1476 2767 1536 2790 ante
1552 2768 1651 2788 annum
1669 2760 1722 2788 560
1744 2759 1873 2793 scriptam

253 2812 335 2839 fuisse
352 2811 528 2846 conspicuum
545 2812 608 2837 erit.

289 2870 343 2904 (02)
357 2870 421 2903 Reg,
432 2870 479 2895 σὺν
495 2871 569 2904 ἡμῖν.
