2031 3048
193 177 242 205 241
620 179 788 209 APOLOGIA
809 181 947 210 CONTRA
968 182 1127 211 ARIANOS.
1149 200 1163 204 -
1200 182 1366 211 MONITUM.
1445 199 1450 205 -
1753 185 1806 212 ﬁli

231 237 275 265 Ν.
293 237 422 272 Sequitur
442 243 534 274 postea
553 239 666 273 epismla
681 239 743 266 Julii
754 240 786 267 ad
801 241 964 269 Eusebianos
978 243 1104 277 prmsules
1118 243 1162 277 qui
1174 243 1320 270 Antiochia.
1339 243 1470 277 synodum
1487 243 1666 274 celebrat-ant,
1681 250 1748 277 quos
1758 242 1806 270 ob-

192 281 284 319 jurgat
297 286 367 319 quod
385 285 436 312 sibi
456 290 580 321 proterve
600 287 809 321 rescripsissem,
825 294 853 315 et
866 289 936 323 quod
951 291 983 316 ad
1002 291 1132 325 synodum
1146 298 1224 325 quam
1242 292 1348 327 ipsimet
1366 291 1543 325 postulassent
1557 290 1684 316 accedere
1700 290 1805 315 renuis-

195 337 256 360 sent
271 342 279 360 :
296 338 445 368 purgatque
461 334 636 361 Athanasium
665 343 679 361 a
695 335 798 370 jamdiu
814 336 927 370 objectis
944 338 1191 370 criminationibus,
1217 345 1320 365 necnon
1337 337 1491 364 Marcellum
1507 336 1679 370 Ancyranum
1690 355 1697 365 ,
1713 335 1806 361 Ascle-

194 386 256 414 Pam
271 379 432 421 (ξπεηδεηιν
450 379 570 414 aliosque
597 382 736 417 episcopos
763 384 798 410 ab
821 384 979 412 Ensebianis
1002 386 1059 412 dire
1074 391 1183 412 vexatos
1195 405 1203 418 ,
1223 393 1291 420 quos
1315 394 1330 412 a
1355 391 1407 412 tota
1422 385 1524 419 synodo
1540 383 1572 410 ad
1588 382 1803 410 cmnmunionent

192 425 253 460 jure
269 430 392 460 receptos
405 427 452 454 ait.
468 425 520 452 Sed
544 429 682 462 complura
697 429 724 456 in
741 429 791 456 hac
805 430 917 464 epistola
933 429 1075 463 habentur,
1102 438 1160 464 quze
1187 431 1308 466 ingentes
1334 429 1535 458 contraversias
1555 427 1624 461 apud
1645 426 1728 452 nostri
1753 425 1802 452 τι·νί

195 474 341 508 scrlptorcs
359 473 518 501 excitarunt,
544 472 679 506 Quaeritur
702 473 772 499 enim
790 482 797 500 :
818 481 870 508 quo
890 481 961 500 anno
985 473 1105 501 Romana
1124 476 1244 510 synodus
1264 476 1299 502 sit
1315 476 1448 502 celebrata
1461 494 1469 506 ,
1486 477 1513 500 et
1533 472 1591 499 hare
1608 471 1719 505 epistola
1740 479 1803 498 con-

195 519 294 553 scripta
316 527 322 546 :
344 526 377 546 an
397 519 489 554 synodi
509 520 567 546 dna:
588 518 726 545 Athanasii
747 526 827 545 causa
851 519 942 546 Romae
960 524 1061 546 coactae
1089 521 1143 547 sint
1161 527 1169 547 :
1187 529 1220 546 an
1237 520 1401 548 Athanasius
1420 526 1480 555 post
1497 528 1574 548 suum
1592 527 1624 546 ex
1647 518 1741 546 Galliis
1759 526 1803 545 re-

193 566 279 593 ditum
306 565 348 593 his
368 565 480 593 Romatn
501 566 621 600 petierit,
644 570 672 592 et
690 573 723 592 an
744 566 893 592 octodecim
924 574 1049 600 menses,
1079 575 1147 602 quos
1171 575 1232 595 eum
1251 568 1344 595 Romae
1363 573 1557 596 commoratum
1574 567 1660 595 Julius
1678 571 1801 598 testatur,

194 613 228 639 ah
247 612 304 647 ejus
323 614 412 647 primo
431 613 543 640 Romam
564 613 681 640 adventu
702 613 816 639 ducendi
836 614 891 640 sint
909 622 914 639 :
934 622 1050 648 quonam
1072 619 1192 650 tempore
1220 615 1342 650 Elpidius
1360 622 1387 642 et
1406 615 1570 642 Philoxeous
1598 613 1747 648 presbyteri
1768 613 1803 640 ab

193 658 263 686 Julio
281 659 407 694 pontiﬁce
429 660 462 686 ad
487 658 654 686 Eusebianos
672 658 843 685 Antiochiam
864 659 938 686 missi
958 660 1022 687 sint.
1055 660 1169 689 Omissis
1189 662 1271 688 variis
1292 662 1471 689 recentiorum
1491 660 1648 692 sententiis,
1667 667 1700 686 ex
1719 659 1802 685 Atha-

195 704 269 732 nasio
287 705 354 738 ipso,
370 712 384 730 a
400 711 454 738 quo
471 705 528 730 solo
544 703 588 730 lux
605 703 631 729 in
648 703 729 730 tantis
744 703 863 730 tenebris
879 704 944 730 oriri
960 710 1050 738 queat,
1076 711 1178 732 rectam
1204 705 1324 733 historiae
1338 707 1434 733 seriem
1451 712 1478 734 et
1497 711 1646 740 temporum
1668 705 1801 732 rationem

192 755 315 777 statuere
329 750 497 777 conabimur.

231 794 261 823 V.
281 795 458 830 Presbyteros
472 796 506 822 ab
521 795 670 822 Athanasio
683 798 709 822 et
723 802 737 821 a
753 795 856 830 synodo
871 794 1052 821 Alexandrina
1066 794 1178 821 Romam
1197 795 1292 822 missos
1312 803 1372 822 Clllll
1391 794 1500 821 Eusebii
1516 794 1609 828 legatis
1625 801 1715 821 coram
1731 793 1801 821 Julio

193 840 318 875 pontiﬁce
335 848 405 867 anno
421 841 474 868 540
486 848 644 875 congressos
668 847 729 867 esse
756 840 810 875 jatn
839 840 965 871 diximus,
997 848 1083 874 neque
1107 848 1149 867 res
1178 841 1203 867 in
1229 840 1337 867 dubimn
1360 841 1426 866 verti
1445 847 1524 873 posse
1538 840 1652 866 videtur.
1675 839 1801 872 Utrisque

192 891 280 914 autem
302 886 397 922 legatis
414 887 439 914 id
457 887 620 922 petentibus,
646 888 765 923 synodus
783 887 875 914 Romae
892 895 906 914 a
924 894 1030 914 summo
1053 886 1179 921 pontillce
1199 885 1337 917 indicitur,
1361 891 1390 912 ut
1407 892 1519 914 testatur
1529 887 1615 914 Julius
1631 888 1657 914 in
1675 888 1724 914 hac
1741 887 1800 921 cpi-

192 932 270 966 stola,
289 940 360 959 nttm.
375 932 417 960 53.
438 932 579 960 Eusebiani
596 939 661 959 vero
675 939 763 958 rerum
779 939 794 958 a
809 938 838 958 se
856 931 975 965 improbe
989 935 1124 966 gestarum
1147 930 1310 957 conscientia
1327 930 1379 965 95
1397 933 1543 964 exagitati,
1566 937 1594 959 ut
1611 933 1736 960 Romanae
1754 939 1800 967 sy-

193 978 255 1005 nodi
281 979 419 1005 decretum
440 981 641 1013 praeverterent,
665 977 815 1004 Antiochia:
832 978 995 1004 conveniunt
1018 977 1094 1004 initio
1111 976 1173 1003 anni
1195 975 1257 1006 5M,
1275 975 1365 1009 ibique
1387 980 1515 1010 synodum
1530 978 1677 1010 celebrant,
1693 980 1725 1005 de
1748 986 1799 1011 qua

192 1026 314 1060 pluribus
327 1026 354 1053 in
371 1026 439 1054 libro
453 1026 492 1053 De
503 1025 611 1061 synodis
627 1033 755 1061 agemus;
770 1026 833 1052 hinc
845 1025 1004 1059 Gregorium
1021 1025 1153 1052 Arianum
1170 1024 1279 1050 militari
1301 1031 1381 1050 manu
1397 1024 1524 1058 stipatum
1539 1024 1728 1051 Alexandriam
1741 1024 1800 1058 epi-

191 1081 300 1109 scopum
315 1075 434 1108 mittunt,
455 1074 531 1107 cujus
546 1073 662 1101 furorem
680 1078 708 1100 ut
725 1074 822 1101 vitaret
833 1073 1014 1105 Athanasius,
1032 1072 1145 1099 Romam
1162 1079 1191 1099 se
1207 1072 1330 1104 contulit,
1357 1077 1417 1105 post
1442 1073 1539 1100 festum
1557 1072 1666 1100 Pascha!
1680 1072 1799 1106 ejusdem

191 1123 252 1150 anni
270 1123 332 1151 5M.
349 1123 385 1150 De
399 1123 498 1158 duplici
514 1126 602 1150 autem
618 1121 676 1157 ejus
692 1121 803 1148 Romam
821 1121 987 1156 profectione
1011 1128 1044 1148 ne
1059 1121 1169 1148 verbum
1187 1120 1295 1155 quidem
1315 1121 1383 1154 apud
1399 1120 1575 1147 Athanasium
1592 1121 1722 1154 reperias,
1739 1120 1800 1147 licet

191 1169 291 1203 pluries
306 1169 350 1196 ille
374 1169 408 1196 de
431 1176 480 1195 suo
494 1169 606 1196 Romam
632 1169 747 1196 adventu
763 1169 926 1196 mentionem
945 1169 1028 1196 iaciat
1041 1173 1068 1196 et
1080 1168 1196 1195 maxime
1213 1168 1239 1194 in
1253 1167 1382 1202 Apologia
1400 1168 1434 1193 ad
1447 1167 1628 1193 Constantium
1643 1187 1650 1197 ,
1667 1167 1711 1193 ubi
1727 1175 1769 1194 res
1783 1174 1798 1193 a

191 1225 220 1244 se
233 1222 295 1244 tunc
311 1218 438 1253 temporis
455 1223 544 1252 gestas
558 1218 653 1245 ordine
668 1222 807 1251 recenset;
827 1223 858 1244 ut
878 1218 974 1244 mirum
995 1217 1030 1245 sit
1043 1213 1164 1244 eruditos'
1178 1216 1261 1248 viros,
1279 1223 1340 1243 eum
1359 1215 1400 1243 bis
1415 1215 1527 1242 Romam
1547 1214 1651 1241 venisse
1666 1213 1737 1240 nulla
1754 1221 1800 1239 co-

191 1268 271 1298 gente
287 1265 447 1291 necessitate
459 1264 638 1293 existimasse.
659 1265 712 1292 Nec
726 1271 768 1292 est
784 1266 855 1301 quod
871 1266 989 1294 Socratis
1010 1265 1164 1293 testimonio
1187 1272 1353 1293 moveamur,
1374 1264 1418 1298 qui
1436 1261 1568 1296 duplicem
1590 1261 1729 1288 Athanasii
1745 1259 1799 1287 Ro-

193 1316 262 1335 mam
281 1308 474 1343 profectionem
498 1314 652 1337 memorat:
675 1310 697 1336 is
713 1310 783 1336 enim
812 1314 912 1336 tantam
942 1310 1022 1337 rebus
1048 1308 1161 1342 hujusce
1186 1309 1314 1343 temporis
1339 1307 1417 1335 aﬁ'ert
1443 1309 1695 1343 perturbationem,
1711 1312 1738 1334 ut
1754 1307 1798 1334 vix

191 1355 337 1391 quidquam
353 1357 418 1384 certi
435 1365 467 1384 ex
481 1358 538 1390 ejus
555 1357 669 1384 Historia
684 1358 766 1384 statui
781 1357 873 1391 possit,
888 1358 959 1392 quod
983 1357 1051 1384 infra
1078 1357 1200 1391 pluribus
1223 1358 1434 1384 demonstratur.
1451 1356 1604 1384 Octodecim
1621 1346 1708 1382 autem
1725 1364 1798 1382 inen-

192 1403 273 1435 sium,
293 1411 362 1437 quos
378 1404 554 1431 Athanasium
572 1404 663 1431 Roma:
680 1409 816 1431 versatum
832 1409 965 1432 memorat
981 1403 1076 1437 Julius,
1104 1405 1207 1432 initium
1233 1404 1386 1431 rectissime
1409 1404 1517 1431 ducitur
1532 1404 1564 1430 ab
1581 1402 1638 1437 ejus
1658 1407 1715 1436 post
1731 1401 1798 1429 Gre-

191 1447 259 1482 gorii
277 1448 444 1476 invasionem
463 1449 574 1477 Romam
593 1451 720 1481 adventu.
735 1456 765 1477 ut
780 1458 812 1478 ex
829 1451 1003 1485 sequentibus
1020 1451 1107 1486 palam
1125 1452 1186 1478 erit.

227 1494 270 1522 Vl.
282 1495 348 1522 Cum
366 1495 478 1523 Romam
495 1497 646 1525 advenisset
660 1498 832 1531 Athanasius,
848 1497 934 1526 Julius
945 1506 1011 1533 papa
1024 1498 1124 1534 legatos
1140 1498 1214 1525 misit
1230 1497 1361 1532 Elpidinm
1379 1501 1406 1524 et
1420 1496 1594 1524 Philoxenum
1609 1495 1794 1530 presbyteros,

191 1539 224 1566 ad
241 1539 407 1567 Eusebianos
418 1541 568 1568 Antiochiae
589 1545 697 1569 coactos
712 1562 719 1574 ,
735 1543 833 1577 quibus
854 1543 926 1570 diem
939 1543 1045 1571 dicebat
1058 1548 1086 1570 ttt
1099 1551 1158 1570 sese
1176 1543 1208 1570 ad
1224 1544 1354 1577 synodmn
1371 1542 1463 1569 Romae
1479 1540 1669 1568 celebrandam
1691 1539 1797 1566 confar-

193 1591 260 1618 rent,
278 1587 310 1614 de
322 1588 401 1614 rebus
417 1591 510 1614 contra
525 1588 703 1616 Athanasium
727 1589 810 1624 gestis
825 1590 956 1617 rationem
975 1590 1117 1617 reddituri.
1134 1590 1219 1617 Porro
1233 1590 1393 1624 legationem
1410 1589 1505 1624 Elpidii
1522 1593 1548 1615 et
1562 1587 1711 1617 Philoxeni,
1737 1591 1797 1620 post

190 1631 313 1666 Gregorii
333 1632 510 1660 intrusionem
522 1638 548 1661 et
559 1638 618 1668 post
632 1634 772 1662 Athanasii
787 1634 901 1662 Romam
913 1636 1056 1663 adventum
1067 1635 1164 1663 factam
1178 1640 1371 1667 esse,testatur
1384 1635 1439 1669 ipse
1453 1634 1616 1660 Athanasius
1635 1633 1660 1659 in
1678 1630 1796 1666 Epistula

191 1677 225 1703 ad
239 1676 381 1709 solitarius,
395 1685 446 1704 non
463 1678 542 1712 longe
563 1680 598 1706 ab
616 1680 701 1708 initio.
721 1681 812 1716 Legati
829 1681 904 1716 Julii,
921 1683 967 1717 qui
983 1684 1054 1710 circa
1078 1691 1198 1710 mensem
1218 1682 1316 1710 Maium
1333 1683 1395 1709 anni
1411 1681 1460 1708 5M
1476 1680 1559 1708 Roma
1574 1679 1685 1715 profecti
1713 1684 1776 1707 sunt
1787 1699 1795 1710 .

192 1720 260 1747 ultra
280 1721 432 1748 condictum
450 1723 519 1748 diem
543 1724 575 1749 ah
592 1723 750 1752 Eusebianis
763 1726 882 1758 detenti,
899 1734 992 1755 mense
1017 1731 1120 1755 tantum
1135 1727 1264 1755 Januario
1278 1727 1340 1754 anni
1356 1726 1408 1753 542
1421 1730 1484 1753 sunt
1497 1725 1609 1752 dimissi.
1621 1724 1693 1758 Quos
1709 1724 1796 1751 media

189 1767 278 1795 hieme
297 1769 431 1803 profectos
454 1770 600 1797 verisimile
615 1776 657 1798 est
668 1772 768 1800 diutius
783 1774 808 1800 in
820 1774 915 1801 itinere
930 1774 1022 1803 fuisse.
1036 1776 1147 1802 Romam
1161 1783 1221 1802 cum
1239 1774 1410 1801 advenissent
1426 1778 1451 1800 et
1469 1773 1679 1800 Eusebianorum
1692 1772 1796 1798 litteras

190 1815 351 1849 arrogantia:
376 1821 403 1843 et
426 1817 594 1851 querelarum
619 1819 711 1852 plenas
723 1819 793 1847 Julio
807 1821 987 1854 obtulissent,
1008 1821 1145 1849 Romanus
1161 1821 1282 1856 pontifex
1293 1841 1300 1853 ,
1319 1829 1353 1848 ne
1365 1819 1460 1847 Patres
1476 1820 1512 1846 ibi
1527 1826 1638 1845 numero
1656 1818 1689 1845 50
1707 1818 1792 1845 coacti

190 1857 404 1886 Eusebianornm
417 1861 580 1894 proterviam
591 1869 662 1897 agre
679 1864 792 1898 ferrent,
807 1865 910 1893 litteras
928 1866 1093 1900 aliquantutn
1109 1866 1237 1900 temporis
1252 1868 1321 1901 apud
1340 1873 1369 1893 se
1385 1864 1512 1896 servavit,
1528 1869 1558 1891 ut
1574 1864 1629 1898 ipse
1642 1863 1668 1890 in
1682 1863 1794 1900 epistola

191 1915 237 1934 sua
251 1912 374 1938 testatur,
389 1915 501 1942 sperans
515 1917 547 1937 ex
563 1910 721 1940 Eusebianis
734 1915 864 1948 quosdam
878 1915 989 1950 _tandem
1000 1919 1128 1941 venturos
1145 1922 1204 1941 esse
1220 1918 1246 1941 et
1261 1913 1293 1940 ad
1312 1913 1448 1940 meliorem
1468 1912 1570 1947 frugem
1585 1919 1613 1938 se
1629 1916 1792 1945 recepturos.

191 1951 245 1979 Sed
271 1961 331 1979 culti
349 1952 437 1980 nullus
452 1955 617 1989 accederet,
633 1957 739 1986 litteras
753 1961 859 1987 tandem
884 1960 1009 1988 Patribus
1022 1969 1053 1989 eo
1067 1961 1236 1996 congregatis
1256 1960 1370 1992 aperuit.
1392 1959 1459 1986 llinc
1478 1959 1608 1994 synodus,
1634 1958 1795 1984 examinatis

190 1998 342 2030 Athanasii,
360 1998 491 2031 Marcelli,
507 2000 628 2036 Asclcpze
652 2004 820 2040 aliorumque
843 2006 1031 2041 episcoporum
1047 2007 1137 2034 causis
1149 2027 1156 2037 ,
1169 2014 1215 2033 eos
1228 2006 1292 2032 nulli
1307 2013 1339 2032 ex
1362 2004 1474 2039 objectis
1490 2004 1652 2031 criminibtts
1664 2003 1796 2029 obnoxios

190 2044 352 2076 ἀεειππινίιν
373 2046 446 2071 “13d
465 2049 678 2076 communionem
701 2051 823 2082 admisit,
841 2050 965 2086 Jnlioque
981 2053 1107 2086 episcopo
1121 2059 1213 2079 curam
1227 2051 1334 2085 reliquit
1346 2049 1504 2077 Eusebianis
1521 2048 1695 2076 rescribendi.
1712 2047 1795 2074 Porro

191 2093 342 2127 legatorum
364 2100 436 2118 mora
453 2092 478 2119 in
495 2097 567 2119 tanto
578 2093 675 2120 itinere
693 2095 804 2121 adversa
821 2100 978 2130 tempestate
991 2096 1157 2124 conﬁciendo
1168 2105 1175 2129 ;
1186 2097 1256 2123 haud
1272 2096 1406 2123 modicum
1423 2095 1485 2122 illud
1498 2099 1601 2128 tempus
1616 2102 1669 2128 quo
1689 2094 1792 2120 litteras

190 2147 204 2166 a
226 2137 320 2172 legatis
341 2138 444 2165 oblatas
467 2139 536 2173 apud
557 2147 586 2167 se
608 2138 694 2167 Julius
719 2141 849 2175 retinuit;
871 2146 975 2177 tempus
991 2143 1054 2170 item
1077 2151 1091 2170 a
1111 2143 1212 2178 synodo
1239 2142 1360 2170 Romana
1381 2143 1544 2174 insumptum
1562 2141 1589 2166 in
1607 2138 1794 2166 examinandis

189 2183 329 2210 Athanasii
352 2183 519 2218 aliorumque
533 2183 678 2210 multorutn
693 2185 781 2211 causis
794 2204 801 2217 ,
819 2193 868 2212 nos
883 2186 962 2213 facile
977 2186 1109 2214 deducent
1122 2194 1137 2213 a
1154 2194 1246 2214 mense
1262 2186 1389 2213 Januario
1401 2185 1464 2212 anni
1481 2184 1547 2217 542,
1565 2191 1618 2218 quo
1632 2183 1710 2217 lcgati
1738 2183 1794 2208 Ati-

191 2229 289 2256 tiochia
314 2228 425 2262 profecti
453 2233 527 2261 sunt,
553 2229 585 2256 ad
617 2229 763 2258 Octobrem
781 2232 823 2258 vel
850 2232 1027 2260 Novembrem
1052 2232 1173 2268 ejusdem
1201 2233 1275 2260 anni.
1299 2232 1390 2267 quue
1417 2238 1497 2266 pacto
1517 2231 1698 2258 coniiciuntur
1718 2234 1794 2256 oclo-

190 2277 277 2303 decim
305 2284 413 2304 menses
433 2285 501 2312 quos
521 2277 686 2304 Athanasius
709 2277 802 2305 Romae
828 2284 1011 2307 commorattts
1029 2285 1068 2307 est
1082 2300 1090 2312 ,
1107 2287 1201 2315 nempe
1215 2287 1230 2306 a
1248 2287 1339 2306 mense
1359 2280 1469 2306 circiter
1484 2278 1553 2304 Maio
1566 2277 1629 2303 anni
1654 2277 1716 2309 541,
1743 2284 1796 2310 quo

191 2331 310 2358 tempore
325 2332 386 2352 enm
403 2324 466 2364 illuc
481 2324 623 2351 advenisse
639 2329 743 2352 certum
759 2329 811 2358 est,
827 2327 859 2353 ad
874 2325 1017 2354 Octobrth
1032 2327 1074 2354 vel
1091 2327 1269 2354 Novembrem
1286 2327 1348 2353 anui
1375 2326 1438 2358 512,
1455 2335 1508 2362 qtto
1528 2324 1613 2352 Julius
1634 2325 1810 2355 Ensebianis

191 2370 342 2397 rescribens
361 2369 540 2397 Athanasium
565 2377 613 2405 per
639 2377 739 2398 annum
768 2376 796 2399 et
820 2369 962 2399 dimidium
983 2372 1075 2400 Romae
1098 2377 1293 2400 commoratum
1318 2376 1442 2399 testatur.
1460 2371 1524 2405 Quae
1540 2371 1602 2397 item
1620 2369 1669 2396 fuit
1693 2368 1791 2395 Valesii

189 2418 333 2444 sententia.

215 2464 279 2499 _Vll.
295 2464 388 2500 Neque
405 2465 494 2493 minus
508 2469 612 2493 certum
627 2465 732 2492 videtur
745 2465 849 2491 unicam
872 2469 974 2492 tantum
995 2472 1044 2499 pro
1057 2465 1198 2492 Athanasii
1213 2473 1292 2492 causa
1314 2465 1443 2501 synodum
1462 2464 1553 2491 Batnae
1566 2469 1689 2491 coactam
1702 2463 1792 2490 fuisse.

195 2509 281 2544 Quam
294 2511 365 2537 enim
380 2510 541 2537 celebratam
553 2511 672 2538 nonnulli
687 2511 779 2538 volunt
790 2518 862 2537 anno
877 2511 939 2542 540,
955 2515 1093 2544 postquam
1121 2511 1264 2543 Macarius,
1281 2511 1425 2546 Martyrius
1437 2516 1464 2537 et
1475 2509 1624 2545 llesycbius
1634 2510 1667 2536 ab
1678 2509 1794 2536 Eusebio

189 2558 268 2592 legati
282 2551 394 2585 Romam
407 2558 554 2589 venissent,
572 2557 670 2584 nullam
689 2555 771 2584 fuisse
786 2563 819 2583 ex
839 2556 904 2590 ipsis
919 2555 981 2584 Julii
993 2557 1084 2584 verbis
1098 2557 1186 2591 palam
1205 2563 1256 2584 est.
1278 2547 1407 2591 Objurgat
1419 2557 1491 2583 enim
1510 2555 1595 2582 Julius
1613 2555 1790 2587 Eusebianos,

189 2606 261 2639 quod
285 2607 318 2632 ad
337 2605 468 2641 synodum
482 2605 630 2632 Romanam
645 2604 773 2631 accedere
787 2605 949 2636 tenuissent,
963 2612 1043 2638 quam
1058 2605 1164 2639 ipsimet
1183 2605 1224 2632 sui
1243 2605 1323 2640 legati
1336 2605 1527 2639 postulassent.
1545 2605 1582 2632 De
1602 2612 1667 2639 qua,
1689 2612 1790 2639 qua-so,

189 2653 293 2687 synodo
316 2653 360 2680 hic
371 2653 425 2687 agit
441 2652 539 2685 Julius,
555 2653 605 2679 nisi
618 2653 651 2679 de
668 2659 700 2679 ea
715 2659 794 2686 quam
818 2651 978 2679 Eusebianis
998 2653 1206 2686 postulantibus,
1223 2653 1280 2687 ipse
1303 2660 1350 2686 per
1369 2653 1470 2685 legatos
1489 2660 1553 2679 suos
1568 2653 1602 2679 ad
1625 2659 1722 2678 annum
1738 2651 1787 2678 3M

188 2697 334 2729 indixerat,
355 2705 414 2731 quae
430 2697 465 2724 ob
479 2697 690 2724 Eusebianorum
706 2697 904 2723 contumaciam
924 2697 956 2723 ad
974 2697 1030 2723 542
1043 2697 1123 2724 dilata
1140 2697 1202 2724 est?
1222 2698 1291 2731 quod
1309 2705 1340 2724 cx'
1354 2697 1416 2724 Julii
1434 2699 1523 2727 verbis
1540 2707 1613 2726 num.
1628 2699 1662 2726 50
1688 2698 1790 2733 liquido

188 2747 312 2775 constat;
327 2743 503 2777 conqueritur
516 2741 589 2769 enim
602 2740 646 2767 ille
661 2741 730 2774 quod
752 2740 893 2767 Eusebiani
909 2740 1039 2774 judicium
1053 2749 1067 2767 a
1081 2749 1110 2768 se
1127 2741 1233 2768 indictae
1246 2743 1341 2776 synodi
1359 2745 1577 2777 praevertissent;
1594 2747 1790 2778 praevenerunt

188 2794 290 2822 autem,
305 2795 333 2816 ut
345 2791 371 2817 in
387 2790 511 2818 confesso
528 2788 597 2823 apud
623 2795 717 2815 omnes
727 2794 779 2821 est,
795 2788 822 2815 in
841 2790 944 2823 synodo
963 2788 1131 2816 Antiochena
1142 2789 1218 2816 initio
1232 2789 1296 2816 anni
1307 2789 1369 2821 3M,
1383 2790 1490 2825 quando
1499 2791 1657 2826 Gregorium
1669 2790 1788 2818 Alexan-

189 2834 277 2861 driam
290 2835 444 2870 episcopum
462 2827 603 2863 iniscrunt'.
632 2836 700 2862 llinc
716 2835 805 2869 palam
817 2841 869 2869 est,
886 2837 1017 2871 synodum
1032 2844 1113 2872 quam
1131 2837 1216 2865 Julius
1237 2845 1307 2865 anno
1322 2838 1374 2866 540
1387 2839 1529 2871 indixerat,
1545 2847 1594 2866 non
1609 2837 1712 2870 eodem,
1738 2838 1786 2865 sed

191 2883 317 2918 sequenti
339 2890 412 2910 anno
429 2884 615 2912 celebrandam
640 2884 723 2912 fuisse
735 2904 743 2918 ,
759 2892 818 2919 quae
835 2889 922 2912 tamen
946 2885 980 2912 ob
1003 2885 1211 2914 Eusebianorum
1227 2887 1386 2920 proterviam
1413 2887 1446 2914 ad
1467 2893 1564 2913 annum
1580 2885 1631 2912 542
1645 2884 1724 2912 dilata
1739 2889 1781 2911 est
