2031 3048
247 165 301 194 ειδ
534 164 562 192 S.
581 163 768 192 ATBANASII
788 163 864 192 OPP.
886 164 975 192 PARS
994 165 1015 192 l.
1033 179 1066 184 —
1087 163 1273 192 HISTORICA
1294 163 1337 191 ET
1355 163 1563 192 DOGMATICA.
1814 163 1865 192 ΞΜ

249 223 334 250 Certe
350 230 383 250 ne
399 223 510 250 verbum
531 223 640 257 quidem
661 224 701 252 vel
716 225 742 252 in
756 225 868 259 epistola
895 225 959 253 Julii
975 226 1017 253 vel
1042 226 1111 260 apud
1136 226 1312 253 Athanasium
1328 226 1361 252 de
1379 225 1424 252 illa
1443 226 1526 260 priori
1550 225 1653 260 synodo
1670 225 1797 253 habetur.
1825 225 1863 252 Ex

250 269 389 303 pradictis
406 274 494 296 autem
509 269 600 304 ‘liqnet
614 272 746 306 synodum
767 272 917 300 Romanam
941 273 983 300 bis
1000 273 1127 300 indictam
1144 273 1226 300 fuisse
1240 282 1246 299 :
1262 273 1379 307 prinutm
1402 280 1473 300 anno
1488 273 1550 304 540,
1566 278 1627 308 post
1648 273 1757 300 Macarii
1773 278 1799 301 et
1821 281 1864 300 so-

250 317 358 344 ciorum
372 317 586 344 Eusebianorum
601 317 783 354 legationem;
795 321 911 347 scdcnnt
928 320 1071 348 Eusebiani
1082 320 1214 354 judicium
1230 321 1358 347 Romana
1373 321 1467 356 synodi
1484 321 1633 348 Antiochia
1642 322 1861 354 autevertissent,

250 373 283 393 ea
303 366 362 401 ipsa
376 371 439 393 tunc
453 366 536 394 dilata
555 367 622 401 fuit;
638 369 737 397 dehinc
748 375 809 404 post
828 369 951 405 Gregorii
966 370 1143 397 intrusionent
1160 370 1255 396 iterutn
1270 370 1382 400 indicta,
1393 376 1424 396 ac
1437 369 1544 396 denmm
1561 377 1632 397 attno
1649 369 1700 397 562
1713 370 1860 401 celebrata.

253 413 291 439 uti
310 421 390 448 supra
407 413 532 440 diximus.

291 459 355 487 Vill.
369 460 433 488 Post
444 459 508 487 Julii
521 460 663 494 epistolam
679 460 853 495 subsequitur
865 461 1036 488 Sardicensis
1053 461 1147 496 synodi
1164 460 1275 487 historia
1290 461 1384 494 paucis
1396 465 1522 487 enarrata
1539 469 1546 488 :
1563 460 1662 488 dehinc
1672 465 1728 488 tres
1741 461 1860 496 ejusdem

252 509 346 544 synodi
363 508 493 542 epistola.
509 508 598 535 Prima
614 508 646 534 ad
663 508 765 535 clerum
793 512 820 535 et
847 508 974 543 p0pulum
986 508 1197 536 Alexandrinum
1208 529 1214 540 ,
1227 515 1305 541 quem
1322 509 1356 535 de
1370 508 1510 536 Athanasii
1535 509 1688 536 innocentia
1711 509 1737 536 in
1759 510 1862 544 synodo

251 554 424 589 comprobata
437 554 580 581 certiorem
600 553 674 585 facit,
692 558 837 588 monetque
847 558 876 581 ut
891 554 1068 581 Athanasium
1089 559 1254 587 caterosque
1266 554 1312 588 qui
1328 554 1387 588 ejus
1403 561 1484 581 causa
1507 555 1663 582 exsularant
1675 556 1815 583 redeuntes
1827 556 1862 582 li-

252 602 348 629 benter
363 602 503 637 recipiant.
528 603 652 629 Secunda
664 621 671 633 .
686 602 816 630 hactenus
829 603 940 634 inedita,
954 602 986 629 ad
1001 601 1142 636 episcopos
1157 601 1267 636 (Egypti
1284 605 1311 628 et
1327 601 1435 637 Libya,
1456 609 1517 636 qua
1528 609 1590 629 cum
1610 607 1683 630 esset
1700 603 1860 637 praecedenti

252 649 400 681 simillima,
414 655 447 675 ex
462 649 652 682 manuscriptis
668 656 737 683 pene
751 648 878 675 omnibus
891 647 1041 679 exciderat,
1054 647 1260 674 amanuensiutn
1276 655 1371 680 nempe
1387 647 1560 682 negligentia,
1573 648 1618 682 qui
1629 648 1712 675 etiam
1727 648 1862 676 clausulas

253 693 397 721 nonnullas
412 701 473 728 qua
487 693 521 720 ad
542 693 612 720 hanc
635 694 807 728 pertinebant
824 693 985 728 pracedenti
1009 692 1174 726 adjecerant.
1194 692 1284 720 Tertia
1297 697 1324 720 et
1342 692 1479 729 eucyclica
1503 693 1536 720 ad
1553 700 1648 720 omnes
1666 693 1816 729 episcopos.
1835 694 1861 721 in

252 747 304 774 qua
320 744 465 766 narrantur
477 738 620 766 calumnia
633 739 667 766 ab
681 739 839 766 Eusebianis
852 738 1011 770 Athanasio,
1029 737 1165 769 Marcello,
1176 743 1203 766 et
1215 738 1335 772 Asclepa
1347 738 1478 774 imposita
1494 748 1500 765 :
1518 739 1612 767 horum
1631 747 1695 767 vero
1708 740 1862 768 innocentia

252 784 414 814 declaratur.
428 784 576 819 Arianique
586 783 704 818 episcopi
729 783 894 810 damnantur
904 787 932 809 et
946 783 1128 816 depmmntur.
1146 781 1213 809 Tum
1229 787 1381 816 sequuntur
1399 783 1507 810 nomina
1525 784 1712 819 episcoporum
1731 785 1777 819 qui
1798 785 1861 812 Sar-

252 829 354 857 dicensi
370 831 473 864 synodo
486 829 682 864 subscripsere.
774 820 779 826 ⁴

289 874 334 902 IX.
347 875 501 903 Occurrunt
514 874 611 901 deinde
627 880 682 902 tres
697 874 847 902 Constantii
862 873 974 908 Augusti
990 873 1113 908 cpistola
1126 874 1158 900 ad
1171 873 1348 901 Athanasium
1362 894 1370 905 ,
1386 881 1465 908 quem
1482 873 1605 901 hortatur
1622 880 1650 902 ut
1661 883 1691 903 se
1705 875 1794 907 adeat.
1806 884 1862 911 quo

253 931 314 949 cum
331 929 396 955 pace
414 922 447 948 ad
462 922 576 957 patriam
593 928 620 948 et
633 921 780 949 Ecclesiam
799 929 874 949 suam
891 922 1103 949 transmittatur.
1120 921 1187 948 Tum
1211 921 1328 956 epistola
1351 920 1413 948 Julii
1442 922 1475 948 ad
1506 921 1607 949 clertnn
1631 928 1658 949 et
1683 923 1717 949 ad
1734 924 1858 958 populum

252 968 478 1001 Alexamlrinnm,
493 967 590 1002 quibus
601 968 632 994 de
646 966 784 994 Athanasii
803 966 890 993 reditu
903 966 1063 1000 gratulatur.
1079 965 1147 993 Hinc
1166 965 1278 1000 epistola
1298 967 1435 1001 encyclica
1448 966 1601 995 Constantii
1620 969 1731 1003 Augusti
1749 969 1780 996 ad
1803 977 1862 996 om-

254 1024 302 1044 nes
314 1016 455 1051 episcopos
468 1020 495 1042 et
508 1016 696 1050 presbyteros,
709 1021 762 1048 qua
773 1014 895 1041 declarat
914 1013 1092 1041 Athanasium
1113 1013 1208 1048 patria
1220 1018 1247 1042 et
1261 1013 1388 1042 Ecclesia
1405 1022 1462 1042 sua
1478 1017 1630 1044 restitutum
1645 1023 1673 1045 et
1684 1019 1795 1053 pristina
1809 1027 1862 1054 qna

253 1063 317 1090 olim
331 1071 390 1090 cum
401 1062 476 1090 clero
491 1069 541 1090 suo
557 1061 696 1090 fruebatur
720 1062 890 1090 immunitate
913 1062 998 1089 fuisse
1015 1062 1157 1091 donatum.
1179 1062 1270 1091 Altera
1294 1063 1357 1090 item
1373 1062 1494 1096 ejusdem
1510 1064 1661 1093 Constantii
1679 1066 1711 1094 ad
1737 1067 1861 1102 populum

254 1111 463 1138 Alexandrinum
476 1129 484 1142 ,
500 1117 580 1144 quem
598 1110 720 1138 hortatur
745 1114 775 1137 ut
802 1110 957 1137 redeuntem
974 1110 1152 1136 Athanasium
1181 1109 1272 1137 libenti
1302 1110 1394 1138 animo
1411 1111 1550 1147 suscipiat.
1568 1112 1659 1140 Tertia
1681 1112 1798 1147 ejusdem
1827 1115 1862 1141 ad

255 1158 407 1186 Nestorium
430 1157 540 1193 [Egypti
563 1158 732 1192 prafectnm,
750 1165 802 1192 qua
825 1157 903 1192 jubet
922 1157 1014 1185 omnia
1029 1157 1162 1185 hactenus
1179 1158 1310 1185 adversus
1324 1159 1502 1187 Athanasium
1523 1160 1624 1194 scripta
1640 1160 1733 1193 deleri,
1760 1161 1863 1196 ipsique

255 1211 286 1230 ac
301 1203 375 1231 clero
400 1203 460 1237 ejus
483 1204 624 1238 pristinam
646 1203 842 1230 immunitatem
859 1202 976 1230 restitui.
994 1203 1048 1230 Has
1061 1203 1163 1238 excipit
1188 1203 1304 1238 epistola
1320 1205 1414 1239 synodi
1442 1205 1690 1242 llierosolymitana
1714 1208 1762 1242 ipsi
1779 1209 1863 1235 Atha-

255 1249 332 1276 nasio
349 1249 501 1276 transeunti
520 1249 629 1279 tradita,
654 1247 687 1274 ad
701 1246 842 1282 episcopos
858 1246 966 1282 Egypti
990 1252 1017 1274 et
1034 1246 1123 1282 Libyte
1137 1251 1164 1273 et
1190 1247 1224 1273 ad
1246 1247 1348 1274 clerum
1363 1256 1395 1274 ac
1416 1249 1542 1283 populum
1558 1249 1780 1283 Alexandrinum,
1799 1252 1861 1285 qui-

255 1299 306 1323 hus
328 1296 361 1323 de
377 1296 462 1323 redittt
486 1294 625 1322 Athanasii
641 1301 813 1328 summopere
835 1294 1005 1328 gratulantur
1021 1293 1149 1327 praesules
1167 1292 1230 1319 illnc
1255 1293 1353 1320 coacti.
1382 1293 1492 1320 lietnum
1507 1294 1619 1329 epistola
1638 1294 1741 1322 Ursacii
1762 1301 1788 1324 et
1809 1297 1862 1324 Va-

254 1341 335 1369 lentis
351 1341 384 1368 ad
401 1340 500 1368 Julium
518 1348 625 1376 papam,
640 1349 692 1376 qua
709 1341 840 1374 fatentur,
857 1348 1025 1376 quacunque
1038 1340 1169 1368 hactenus
1190 1341 1224 1367 de
1244 1341 1395 1368 Athanasio
1409 1342 1551 1376 dixissent,
1565 1350 1654 1371 meras
1664 1343 1746 1372 fuisse
1760 1345 1862 1373 calum-

256 1387 335 1420 nias,
350 1392 498 1422 rogantque
515 1391 544 1413 ut
568 1387 601 1414 ad
621 1387 678 1422 ejus
701 1388 919 1416 communionem
945 1386 1000 1422 96
1022 1386 1210 1413 admittantnr.
1235 1385 1302 1413 Tum
1328 1386 1411 1414 altera
1436 1388 1592 1415 eorumdem
1609 1389 1642 1416 ad
1665 1390 1863 1423 Athanasium,

255 1442 336 1469 quem
363 1439 459 1470 rogant
481 1439 511 1462 ut
526 1441 556 1462 se
577 1435 610 1462 ad
627 1441 720 1468 pacem
738 1439 766 1461 et
785 1433 819 1460 ad
840 1433 1056 1461 communionem
1081 1432 1214 1460 admittat.
1238 1432 1270 1460 Et
1294 1433 1334 1461 sic
1353 1435 1512 1463 terminatur
1526 1435 1613 1470 prima
1628 1436 1707 1472 hujus
1730 1438 1863 1474 Apologitl

256 1489 328 1517 pars.

291 1529 324 1558 Χ,
339 1530 368 1558 In
387 1531 506 1559 secunda
529 1535 624 1566 parte,
641 1536 695 1564 quo
713 1535 742 1557 se
766 1528 827 1564 jure
855 1528 952 1555 merito
975 1526 1127 1555 absolutunt
1151 1531 1179 1554 et
1205 1526 1333 1554 Ecclesia
1350 1534 1406 1555 sua
1423 1528 1576 1556 restitutum
1597 1530 1783 1564 demonstret,
1805 1539 1862 1559 rem

257 1579 339 1605 altius
353 1580 451 1614 repetit
469 1584 497 1606 et
512 1579 545 1606 ab
561 1579 619 1614 ipso
635 1577 733 1605 Meletii
751 1576 898 1604 schismate
911 1575 1052 1602 historiam
1066 1574 1183 1601 orditur.
1196 1574 1265 1601 Hinc
1277 1575 1311 1602 ad
1325 1575 1433 1602 Ariana
1447 1576 1582 1605 hareseos
1593 1583 1682 1606 ortum
1701 1587 1860 1615 progressus

254 1627 287 1654 de
314 1626 420 1654 Nicana
451 1627 555 1662 synodo
582 1626 700 1654 breviter
723 1624 800 1659 agit,
822 1624 910 1659 deque
934 1622 1043 1650 Eusebii
1058 1630 1123 1650 cura
1141 1627 1169 1649 ut
1189 1622 1272 1650 Arius
1286 1623 1429 1651 damnatus
1445 1624 1471 1652 in
1490 1625 1637 1654 Ecclesiam
1662 1627 1861 1656 admitteretur.

253 1675 343 1707 Quare
369 1674 539 1702 Constantini
568 1674 602 1701 ab
630 1673 689 1708 ipso
718 1671 834 1700 Eusebio
863 1670 1041 1698 circumventi
1068 1670 1189 1705 epistola
1214 1670 1394 1706 fragmentum
1418 1671 1513 1705 affert,
1538 1681 1591 1709 qua
1611 1675 1763 1703 Athanasio
1782 1677 1862 1704 exsi-

255 1721 319 1749 \inm
337 1722 530 1750 intermittatur
554 1721 581 1748 ni
597 1720 692 1748 Arium
722 1727 784 1747 cum
801 1719 856 1746 suis
872 1718 995 1752 recipiat.
1013 1717 1110 1745 Postea
1137 1718 1285 1746 calumnias
1299 1724 1408 1746 enarrat
1431 1720 1465 1748 ab
1483 1721 1591 1750 Arianis
1606 1727 1633 1750 et
1651 1723 1797 1752 Meletianis
1812 1727 1862 1753 ad-

253 1776 360 1796 versum
387 1775 416 1795 se
436 1772 555 1795 structas
571 1786 579 1799 .
601 1773 632 1793 ac
660 1764 742 1792 refert
769 1763 911 1798 epistolam
938 1770 953 1790 a
977 1763 1158 1791 Constantino
1181 1763 1372 1791 Alexandrinis
1398 1765 1547 1800 scriptam,
1571 1775 1624 1803 qua
1651 1769 1783 1804 ejusmodi
1804 1773 1861 1799 eri-

253 1816 433 1842 ..inationum
449 1820 576 1842 auctores
588 1814 763 1841 vehementer
777 1812 905 1846 exagitat.
929 1811 1059 1846 Sequitur
1074 1810 1171 1837 deinde
1189 1811 1301 1838 historia
1322 1811 1440 1847 lscbyra
1469 1818 1497 1842 et
1518 1815 1626 1843 Arsenii
1644 1837 1653 1850 ,
1677 1823 1733 1846 tum
1761 1821 1862 1848 rescri-

253 1867 326 1895 ptum
349 1861 486 1896 lschyra,
508 1861 554 1897 qui
573 1867 603 1888 se
625 1859 727 1887 fatetur
744 1865 759 1885 a
783 1857 935 1885 Meletianis
961 1862 1106 1888 coactum,
1125 1861 1155 1883 ut
1182 1864 1301 1884 mensam
1326 1858 1483 1886 subversam
1510 1865 1538 1888 et
1561 1863 1671 1890 calicem
1694 1864 1862 1893 contractu.

255 1907 427 1934 ttlt‘ﬂlil‘lflur.

290 1965 334 1992 XI.
351 1966 560 2000 Subsequuntur
572 1965 695 2000 quadam
711 1964 844 2000 epistola.
863 1963 952 1991 Prima
969 1983 978 1995 ,
990 1961 1084 1990 Pinnis
1103 1963 1260 1990 monasterii
1277 1962 1503 2000 Ptemencyrceos
1516 1966 1666 2003 presbyteri
1683 1969 1716 1996 ad
1729 1968 1863 1998 Joannem

254 2015 424 2042 Meletianum
435 2034 443 2046 ,
455 2015 499 2042 cui
515 2015 600 2042 refert
616 2013 758 2040 Arsenium
773 2013 843 2047 apud
858 2020 888 2039 se
908 2012 1035 2038 latentem
1055 2011 1089 2039 ab
1103 2011 1243 2038 Athanasii
1259 2011 1373 2039 diacono
1398 2012 1594 2047 deprehensum
1619 2020 1646 2042 et
1669 2016 1861 2046 Alexandriam

253 2060 394 2087 deductum
407 2059 490 2087 fuisse
506 2069 514 2087 ;
532 2064 677 2094 monetque
691 2064 720 2086 ut
734 2066 767 2086 ne
784 2058 852 2085 ultra
870 2057 1047 2085 Athanasium
1061 2057 1096 2084 de
1114 2057 1229 2084 Arsenio
1246 2057 1409 2092 interempto
1426 2059 1525 2086 audeat
1540 2059 1708 2090 insimulare.
1724 2062 1861 2097 Secunda,

252 2103 420 2131 Constantini
446 2104 480 2131 ad
504 2104 683 2131 Athanasium
699 2124 706 2132 .
732 2110 783 2137 qtta
814 2107 950 2129 tantarum
984 2101 1181 2129 calumniarum
1209 2106 1334 2130 auctores
1363 2103 1538 2132 vehementer
1565 2107 1747 2142 exagitantur.
1771 2108 1861 2137 Tertia

253 2148 360 2176 Arsenii
373 2149 406 2176 ad
423 2148 620 2180 Athanasium,
634 2156 714 2183 quem
728 2152 808 2182 rogat
821 2152 850 2174 ut
867 2155 897 2174 se
911 2148 944 2174 ad
958 2147 1176 2175 communionem
1196 2147 1310 2181 recipiat
1323 2168 1330 2181 ,
1345 2156 1428 2183 seque
1443 2157 1579 2185 nunquam
1599 2159 1660 2180 cum
1681 2153 1862 2184 schismaticis

253 2196 513 2225 communicaturum
531 2196 682 2231 pollicetur.
700 2195 801 2229 Quarta
816 2215 824 2227 ,
841 2194 1013 2222 Constantini
1031 2195 1066 2222 ad
1081 2194 1212 2222 Joannem
1237 2194 1410 2223 Meletianum
1424 2217 1432 2230 ,
1453 2204 1532 2231 quem
1546 2198 1671 2226 hortatur
1682 2204 1711 2227 ut
1725 2208 1755 2228 se
1771 2202 1862 2235 adeat,

252 2244 397 2279 laudatque
413 2243 484 2278 quod
501 2243 632 2278 depositis
643 2242 866 2270 altercationibus
884 2249 944 2269 cum
966 2242 1114 2269 Athanasio
1126 2242 1181 2277 jam
1198 2242 1420 2271 communicaret.
1437 2244 1491 2271 Has
1506 2253 1601 2274 omnes
1614 2247 1640 2274 in
1655 2250 1770 2276 secunda
1783 2255 1862 2284 parte

252 2292 351 2320 relatas
373 2292 501 2328 epistolas
522 2292 556 2320 ab
571 2299 642 2319 anno
657 2291 710 2319 525
726 2291 758 2318 ad
776 2290 830 2318 355
854 2290 972 2325 scriptas
994 2290 1077 2318 fuisse
1090 2296 1193 2318 certum
1210 2296 1266 2322 est;
1282 2291 1329 2318 sed
1350 2291 1584 2327 unicuiquesuum
1601 2299 1707 2331 tempus
1724 2297 1862 2332 assignate

253 2349 306 2369 tton
323 2339 454 2368 valemus.

259 2391 263 2394 ’
290 2399 345 2426 XII.
364 2399 463 2427 Narrat
481 2404 575 2434 postea
600 2408 644 2428 res
666 2402 692 2428 in
714 2401 837 2438 Tyriensi
852 2401 957 2437 synodo
976 2407 1078 2436 gestas,
1093 2400 1138 2428 ubi
1151 2401 1293 2429 calumnia
1305 2401 1338 2428 de
1353 2401 1440 2430 calice
1464 2402 1549 2430 fracto
1562 2403 1648 2438 deque
1663 2404 1768 2432 Arsenii
1797 2413 1862 2434 nece

252 2449 340 2475 denuo
360 2449 473 2483 objecta
491 2453 564 2476 sunt.
582 2448 616 2476 Ut
640 2451 736 2484 probet
758 2455 845 2477 autem
868 2449 1033 2476 Athanasius
1056 2448 1193 2485 Ischyram
1213 2457 1350 2484 nunquam
1367 2449 1552 2485 presbyterum
1569 2450 1672 2484 fuisse,
1688 2456 1769 2486 atque
1796 2452 1862 2479 adeo

254 2501 306 2520 non
320 2494 449 2529 potuisse,
462 2501 495 2522 eo
510 2495 673 2523 sacrificium
687 2497 829 2530 oii'erente,
845 2505 965 2525 mensam
981 2497 1100 2525 subverti
1123 2497 1288 2532 calicemque
1305 2497 1452 2533 confringi,
1468 2498 1506 2524 ait
1525 2506 1586 2526 entn
1601 2507 1634 2526 ne
1647 2507 1661 2526 a
1684 2499 1792 2527 Meletio
1803 2500 1848 2534 qui

254 2541 314 2568 dem
330 2541 513 2573 schismatico,
530 2542 626 2569 nedum
646 2551 661 2570 a
674 2544 794 2579 legitimo
807 2546 944 2580 episcopo.
960 2545 1115 2572 ordinatum
1134 2544 1228 2572 fuisse.
1251 2546 1358 2574 Profert
1380 2547 1478 2573 deinde
1494 2545 1660 2573 Breviarium
1684 2545 1794 2579 Melctii,
1816 2553 1861 2573 seu

253 2588 417 2624 Catalcgum,
433 2597 512 2624 quem
536 2594 598 2625 post
620 2589 755 2618 Nicanam
773 2591 904 2626 synodum
922 2589 1076 2617 Alexandro
1090 2589 1198 2625 prasuli
1216 2589 1402 2618 Alexandrino
1414 2589 1512 2618 obtulit
1527 2589 1647 2617 Meletius
1660 2611 1666 2621 .
1682 2590 1708 2616 in
1729 2597 1782 2623 quo
1805 2590 1859 2624 epi~

256 2644 363 2672 scapos.
381 2638 554 2674 presbyteros
577 2638 756 2673 diaconosque
771 2646 786 2664 a
804 2646 833 2665 se
845 2638 984 2665 ordinatos
997 2641 1137 2671 recenset,
1154 2637 1199 2664 ubi
1214 2645 1346 2672 nusquam
1361 2642 1498 2672 comparet
1517 2636 1649 2671 lschyras.
1663 2636 1725 2663 Post
1740 2637 1797 2663 hac
1809 2637 1861 2671 agit

251 2686 418 2714 Athanasius
439 2687 473 2714 de
486 2685 618 2720 legatione
633 2687 666 2714 ad
683 2686 830 2719 Mareoten,
848 2687 1031 2722 epistolasque
1056 2686 1159 2721 profert
1174 2686 1225 2714 hac
1245 2687 1279 2714 de
1303 2695 1334 2714 re
1352 2686 1531 2721 conscriptas.
1550 2686 1650 2718 Prima,
1666 2685 1730 2712 cleri
1747 2684 1849 2712 Alexan

253 2730 322 2757 drini
340 2730 372 2758 ad
392 2729 571 2766 Theognium.
587 2730 695 2764 Marim,
711 2731 896 2758 Macetlonium
910 2751 917 2763 ,
930 2731 1120 2764 Theodorum,
1138 2730 1281 2759 Ursacium
1297 2736 1326 2759 et
1340 2731 1480 2759 Valentem
1507 2731 1610 2766 legatos
1622 2751 1630 2762 ,
1652 2731 1722 2765 apud
1737 2738 1805 2765 quos
1831 2731 1859 2757 dt

253 2778 335 2806 rebus
348 2784 441 2806 contra
463 2778 506 2812 jus
522 2778 615 2814 fasque
631 2780 713 2814 gestis
735 2784 945 2813 coitqueruntnr.
963 2778 1099 2811 Secunda,
1115 2779 1180 2806 cleri
1193 2778 1331 2807 Mareotici
1349 2780 1383 2807 ad
1402 2779 1534 2815 synodum
1552 2778 1670 2814 Tyriam,
1694 2785 1755 2813 qua
1770 2778 1860 2805 eadem

253 2826 310 2860 ipsa
323 2827 453 2854 continet.
469 2826 578 2861 Tertia,
593 2828 714 2862 ejusdem
729 2827 868 2854 Mareotici
884 2827 948 2854 cieri
975 2826 1008 2854 ad
1030 2826 1196 2861 Philagrium
1208 2846 1216 2858 ,
1234 2826 1354 2861 ejusdem
1371 2826 1534 2862 argumenti.
1550 2825 1662 2859 Quarta,
1676 2825 1858 2860 episcoportnr

254 2872 362 2908 A‘ngpti
382 2873 428 2907 qui
441 2873 565 2907 'l'yriensi
580 2873 685 2908 synodo
700 2873 847 2901 intererant
861 2873 893 2900 ad
918 2871 1036 2907 reliquos
1050 2873 1078 2900 itt
1090 2872 1184 2901 eadem
1204 2871 1306 2908 synodo
1323 2871 1473 2907 episcopos,
1485 2871 1605 2906 ejusdem
1617 2871 1682 2898 item
1701 2870 1854 2906 argumenti
