2031 3048
172 174 226 202 sts
597 175 766 205 APOLOGIA
789 178 926 206 comma
949 180 1109 210 ARIANOS.
1129 196 1161 201 —
1183 163 1352 210 nostrum.
1739 187 1791 214 sua

172 232 283 266 Quintal
301 232 433 261 hactenus
455 234 567 267 inedita,
594 238 750 266 eorumdem
778 239 811 266 ad
833 239 991 276 Dionysium
1006 241 1131 269 comitem
1145 262 1153 274 ,
1167 249 1227 276 qua:
1239 243 1310 277 quod
1325 243 1486 278 praecedenti
1504 244 1639 272 simillima
1661 250 1736 273 esset
1757 254 1790 274 ex

173 282 358 318 compluribus
374 291 439 312 mss.
456 286 604 312 exciderat.
617 284 711 319 Sexta,
727 288 885 315 eorumdem
897 289 990 316 eadem
1011 289 1044 317 de
1068 297 1097 317 re
1120 291 1153 318 ad
1176 290 1331 326 Dionysium
1346 292 1482 319 comitem.
1499 292 1632 328 Septima,
1645 293 1791 320 Alexandri

173 329 426 358 Thessalonicensis
443 331 477 358 ad
492 335 616 360 eumdem
634 332 802 369 Dionysium,
819 342 872 369 qua
897 339 1012 363 testatur
1022 344 1051 364 se
1068 338 1299 372 conspirationem
1317 339 1447 368 adversus
1469 341 1646 370 Athanasium
1660 348 1790 369 structam

174 377 394 411 deprehendisse.
409 378 510 407 Octava
527 379 646 415 Dionysii
660 381 767 408 comitis
781 383 814 409 ad
828 382 995 411 Eusebianos
1006 405 1014 418 ,
1026 392 1094 419 quos
1105 386 1139 413 de
1161 386 1258 413 litteris
1275 386 1309 414 ab
1329 387 1483 418 Alexandro
1500 389 1733 418 Tbessalouicensi
1758 391 1791 416 ad

173 433 203 453 se
214 426 304 454 missis
316 427 447 455 certiores
464 427 539 455 facit.
1582 432 1584 434 ’

211 471 278 499 XIII.
301 472 402 500 Deinde
427 473 470 500 ιιιιὶ
500 481 575 500 suam
591 473 663 509 Tyro
680 473 771 508 fugam
796 477 945 508 enarravit,
969 477 1052 505 refert
1068 479 1210 512 epistolam
1230 481 1424 516 psendosynodi
1452 481 1702 517 Hierosolymitanrc
1715 502 1721 513 ,
1737 489 1789 516 qua

171 516 265 544 Arittnt
278 525 293 545 a
309 526 338 545 se
352 520 386 546 ad
405 519 624 546 communionem
640 525 776 554 receptum
796 526 928 549 testantur
951 524 1069 559 episcopi
1098 525 1242 553 Eusebiaui
1261 535 1267 553 :
1285 531 1374 553 utrum
1388 531 1477 553 autem
1493 516 1580 554 Arius
1588 527 1766 554 hatresiarcha
1780 545 1788 558 .

171 564 212 590 Vel
229 565 296 591 alter
307 565 390 593 Arius
408 570 470 593 tunc
481 566 515 593 ad
531 568 750 596 communionem
767 569 804 596 sit
817 571 950 599 admissus
961 591 969 604 ,
985 572 1084 600 ibidem
1100 574 1279 609 disputamus.
1296 575 1411 608 Exinde,
1427 583 1489 603 cttm
1519 575 1545 602 in
1568 576 1719 603 mercedem
1746 583 1790 611 sy-

171 612 321 645 cophantia:
341 612 485 641 Eusebiani
498 613 680 649 episcopatum
694 616 811 652 lscbyrre
828 618 854 644 in
868 621 984 652 quodam
996 621 1057 648 vico
1072 622 1288 655 constituissent,
1305 623 1446 657 epistolam
1473 623 1582 658 subiicit
1597 623 1682 650 Flavii
1699 622 1790 650 Hime-

172 659 204 686 rii
230 659 363 688 Catholici
386 661 420 689 ad
444 667 599 690 exactorem
624 663 778 699 Mareotea,
802 667 844 693 cui
867 675 960 695 curam
987 668 1114 698 Ecclesia:
1140 678 1189 705 pro
1215 671 1324 708 lschyra
1353 672 1518 699 aedificanda:
1542 672 1696 699 demandat.
1714 671 1789 700 Hanc

170 705 272 740 excipit.
299 705 414 740 epistola
438 707 608 735 Constantini
638 708 727 746 Magni
743 711 776 738 ad
793 712 934 747 episcopos
958 713 1099 749 Tyriensis
1126 717 1242 751 synodi,
1260 705 1327 751 quos
1352 718 1466 745 accersit
1489 725 1580 744 rerum
1606 725 1622 745 a
1646 725 1676 744 se
1695 723 1787 745 contra

170 750 349 778 Athanasium
369 757 506 786 gestarum
521 755 653 784 rationem
670 759 833 788 reddituros.
848 759 926 792 Hinc,
940 761 1034 795 paucis
1045 761 1078 789 de
1091 750 1147 790 suo
1160 763 1186 790 in
1198 750 1300 791 Gallias
1315 764 1412 791 exsilio
1429 763 1575 797 enarratis,
1600 764 1684 791 refert
1695 765 1789 792 ultimo

168 796 308 830 epistolam
331 796 500 827 Constantini
527 799 666 834 Junioris,
690 811 771 838 quam
797 805 821 832 is
840 806 865 832 in
891 807 1005 840 gratiam
1029 807 1171 835 Athanasii
1196 809 1231 836 ab
1254 810 1350 837 exsilio
1379 811 1516 838 redeuntis
1536 811 1568 838 ad
1591 810 1788 838 Alexandrinos

169 845 252 871 misit.
274 845 385 873 Demum
412 847 507 883 paucis
529 848 683 884 Apologiam
707 859 782 879 suam
808 853 934 887 claudit,
964 862 1024 890 qua:
1046 855 1081 883 56
1106 856 1147 884 vel
1170 856 1299 891 epistolas
1322 857 1364 885 vel
1386 858 1437 884 alia
1466 864 1637 886 monumenta
1662 858 1789 893 comple—

167 891 259 919 ctitur.

202 939 324 989 XIV-uiis
350 941 402 969 hac
430 943 512 978 igitur
528 945 657 981 Apologia
671 947 742 976 velut
765 957 798 976 ex
814 951 960 984 purissimo
983 952 1057 980 fonte
1077 961 1141 980 vera
1169 953 1261 981 saeculi
1287 954 1375 989 quarti
1404 953 1517 980 historia
1535 952 1720 980 ecclesiastica
1750 950 1786 980 ‘ah

166 991 237 1034 ξιηικξ
257 984 309 1012 500
324 988 470 1034 usquehad
492 989 545 1016 550
560 995 602 1017 est
628 991 787 1020 haurienda.
812 993 952 1029 Siquidem
975 996 1140 1025 Athanasius
1165 984 1303 1026 omnibus.
1315 999 1374 1026 aliis
1400 999 1478 1034 hujus
1502 998 1622 1026 historiae
1638 998 1787 1032 scriptori—

166 1029 216 1056 bus
227 1029 306 1064 ⁸01³88
322 1031 452 1065 Ρνποεηίι
465 1041 473 1065 ς
487 1037 541 1061 ιιηιι
565 1037 635 1069 quod
650 1037 708 1071 ipse
728 1039 850 1067 oculatus
865 1041 1023 1077 plerumque
1046 1045 1121 1071 testis
1139 1043 1238 1077 fuerit,
1255 1049 1311 1071 tum
1325 1045 1395 1079 qttod
1410 1029 1616 1072 accuratissime
1635 1053 1677 1072 res
1695 1049 1787 1079 gestas

165 1082 294 1110 enarret,
319 1084 347 1106 et
371 1078 429 1113 ipsa
446 1087 618 1110 monumenta
632 1104 640 1116 ,
658 1085 755 1118 quibus
779 1087 845 1114 nihil
865 1088 968 1122 tutius,
989 1097 1060 1124 saepe
1084 1089 1190 1118 afferat.
1209 1091 1230 1118 Ε
1245 1095 1338 1118 contra
1362 1100 1427 1120 vero
1446 1093 1490 1120 alii
1507 1099 1632 1120 auctores
1644 1113 1652 1125 ,
1669 1093 1783 1120 Rufinus

165 1134 284 1160 nempe,
310 1127 459 1164 Socrates,
489 1129 656 1159 Sozomenus
678 1139 705 1160 et
730 1134 919 1164 Theodoretus
953 1136 1109 1166 cautissime
1146 1145 1206 1166 sunt
1235 1140 1403 1173 adhibendi,
1432 1141 1483 1168 nisi
1510 1149 1570 1168 cuttt
1600 1141 1649 1176 ipsi
1679 1148 1786 1176 quoque

165 1182 255 1201 rerum
275 1182 412 1211 gestarum
431 1185 604 1207 monumenta
619 1181 736 1209 afferunt
749 1203 757 1214 ,
778 1185 849 1218 quod
865 1187 954 1214 rarius
966 1189 1109 1224 contingit.
1125 1190 1191 1218 Nam
1214 1196 1393 1227 praeterquam
1415 1190 1486 1226 quod
1505 1190 1640 1217 interdum
1657 1189 1785 1217 llislorias

167 1221 256 1249 minus
269 1227 361 1250 certas
372 1229 515 1255 enarrant.
533 1233 577 1253 res
587 1229 677 1261 gestat
689 1230 840 1264 saepissime
856 1233 1033 1266 confundunt,
1051 1221 1171 1270 tempora
1189 1221 1279 1264 autem
1295 1221 1457 1272 praepostere
1473 1236 1599 1263 ordinant
1614 1236 1783 1270 :exemplum

167 1267 179 1278 ι
195 1268 209 1278 γε
222 1277 226 1278 ,
259 1277 270 1278 η
289 1271 295 1276 ι
314 1270 320 1278 1
378 1271 384 1278 ι
434 1271 440 1278 s
473 1273 478 1278 Ι
675 1276 690 1278 ..
765 1277 771 1278 κ
1717 1274 1721 1278 η

165 1267 243 1303 hujus
258 1271 295 1297 rei
314 1270 555 1300 Iuculentissimum
580 1276 734 1310 suppeditat
760 1277 899 1312 Socrates,
911 1281 956 1315 qui
972 1289 1016 1309 res
1035 1282 1060 1309 itt
1077 1267 1163 1318 prima
1175 1284 1253 1317 hujus
1271 1267 1407 1320 Apologia:
1420 1290 1498 1320 parte
1519 1274 1731 1318 comprehensas
1748 1284 1784 1311 ita

164 1315 258 1342 refert.

200 1359 257 1388 XV.
273 1362 319 1410 Ait
332 1362 491 1399 Gregorium
512 1365 546 1392 ab
572 1365 735 1395 Eusebianis
751 1368 861 1404 Syriani
877 1370 952 1398 ducis
968 1377 995 1399 et
1012 1373 1132 1407 quinque
1149 1373 1261 1401 millium
1282 1374 1395 1402 militum
1414 1375 1540 1410 praesidio
1558 1375 1654 1402 fultum
1668 1375 1785 1402 Alexan-

164 1407 250 1435 driam
264 1409 377 1438 missum
406 1410 502 1445 fuisse,
517 1412 665 1453 eodemque
688 1413 805 1449 Syriano
828 1417 971 1444 ecclesiam
985 1419 1126 1447 obsidente
1137 1440 1145 1452 ,
1159 1420 1337 1448 Athanasium
1356 1421 1381 1448 in
1395 1407 1483 1449 media
1507 1422 1681 1457 psallentium
1706 1421 1783 1449 turba

163 1455 291 1483 evasisse.
319 1456 465 1485 Eusebium
497 1463 589 1493 postea
618 1459 782 1494 legationem
819 1462 933 1490 Romam
964 1464 1091 1497 misisse,
1121 1473 1172 1500 qua
1203 1470 1287 1493 totum
1317 1466 1454 1501 negotium
1483 1455 1554 1494 Julio
1583 1468 1782 1500 committeret;

163 1503 279 1532 Eusebio
304 1509 392 1532 tatuen
418 1511 506 1535 morte
530 1514 716 1543 praeoccupato
742 1510 813 1537 haud
841 1511 948 1539 licuisse
968 1513 1034 1540 tanti
1052 1514 1151 1548 negotii
1171 1514 1249 1541 finem
1270 1513 1371 1542 videre.
1391 1508 1494 1543 Dehinc
1519 1516 1647 1549 Arianos,
1671 1515 1783 1550 Grego—

163 1549 204 1576 rio
228 1549 262 1577 ab
287 1549 469 1579 Alexandrina
493 1553 556 1580 sede
578 1559 683 1587 amoto,
700 1554 758 1589 ejus
771 1555 830 1583 loco
845 1556 992 1592 Georgium
1015 1559 1196 1586 substituisse.
1220 1559 1331 1587 Interim
1348 1568 1413 1587 vero
1427 1560 1619 1594 Athanasium,
1636 1569 1696 1588 cuttt
1721 1567 1781 1596 post

163 1597 261 1625 ntultos
286 1598 393 1626 labores
419 1599 532 1627 Romam
561 1603 750 1637 pervenisset,
775 1612 789 1631 a
815 1603 885 1632 Julio
909 1606 1035 1641 pontifice
1060 1606 1145 1635 fuisse
1170 1609 1335 1636 restitutum.
1364 1609 1467 1636 Dehinc
1490 1609 1638 1638 Athanasio
1662 1610 1781 1638 Alexan-

162 1643 248 1671 driam
277 1645 464 1680 ingrediente,
483 1645 591 1683 Georgii
615 1648 708 1675 Ariani
732 1657 862 1685 sequaces
885 1652 1045 1680 seditionem
1069 1653 1213 1681 excitasse.
1237 1653 1301 1681 Post
1329 1655 1386 1681 lucc
1410 1655 1589 1683 Athanasium
1614 1656 1648 1683 ab
1673 1655 1782 1683 Arianis

162 1698 317 1720 accusatum
336 1695 407 1727 quod
422 1694 586 1723 frumentuttt
604 1695 708 1724 alendis
719 1699 882 1733 pauperibus
894 1699 1057 1728 destinatum
1087 1701 1113 1728 in
1132 1709 1209 1729 suam
1240 1710 1297 1729 rem
1317 1702 1482 1736 divertisset,
1500 1703 1588 1730 minas
1610 1703 1782 1737 imperatoris

161 1740 277 1768 Veritum
302 1741 415 1769 Romam
438 1742 586 1778 aufugisse.
603 1744 670 1771 Tum
694 1745 836 1781 episcopos
852 1746 961 1782 Egypti
980 1755 1028 1783 pro
1042 1748 1193 1776 Athanasio
1211 1750 1316 1778 litteras
1331 1749 1444 1778 Romam
1463 1750 1580 1778 tnisisse.
1597 1750 1644 1777 llis
1663 1750 1699 1777 ita
1716 1758 1779 1778 nar-

162 1785 227 1813 ratis
239 1806 247 1820 ,
262 1786 308 1814 vix
320 1787 427 1815 tandem
441 1788 474 1815 ad
490 1788 663 1818 Sardicensis
676 1791 770 1826 synodi
788 1793 928 1820 historiam
945 1794 1053 1822 advenit
1067 1815 1074 1828 ,
1092 1795 1136 1823 cui
1152 1796 1233 1822 etiam
1257 1796 1341 1823 ntulta
1355 1797 1500 1832 praeposuit
1515 1796 1607 1824 decem
1628 1802 1688 1831 post
1702 1797 1781 1824 annis

159 1836 243 1866 gesta.

198 1879 263 1908 XVI.
282 1880 311 1908 In
329 1881 378 1909 hac
393 1887 467 1909 certe
480 1880 601 1911 Socratis
619 1882 731 1910 historia
749 1883 792 1911 vix
813 1885 960 1919 quidquam
974 1894 1068 1914 sanum
1087 1887 1206 1922 reperire
1216 1891 1257 1915 est
1272 1896 1277 1914 :
1293 1895 1353 1915 nam
1368 1895 1429 1922 quae
1443 1887 1476 1915 de
1495 1886 1623 1923 Syriano,
1642 1886 1675 1914 de
1701 1886 1780 1921 quin-

160 1937 213 1963 qtte
225 1929 339 1957 militum
357 1930 488 1964 millibus,
503 1932 591 1965 deque
606 1932 719 1959 ecclesia
735 1933 844 1960 obsessa
861 1935 998 1968 dicuntur,
1009 1934 1119 1970 Georgii
1134 1942 1186 1962 nou
1202 1940 1295 1963 autem
1313 1935 1436 1971 Gregorii
1455 1935 1631 1963 intrusiouem
1645 1940 1778 1969 spectant.

159 1976 268 2004 Eusebii
283 1976 444 2012 legationem
459 1985 600 2014 perperam
620 1983 681 2015 post
692 1979 816 2015 Gregorii
831 1982 1023 2010 Alexandriam
1048 1983 1199 2018 ingressum
1214 1983 1315 2016 refert,
1334 1991 1395 2010 cuin
1408 1990 1467 2010 eam
1483 1987 1562 2010 antea
1577 1982 1724 2017 contigisse
1741 1988 1780 2010 te-

158 2029 245 2050 stetur
266 2023 324 2058 ipse
346 2023 523 2053 Athanasius.
545 2026 612 2055 IIinc
636 2027 776 2055 Athanasii
795 2030 821 2056 in
844 2030 935 2057 sedem
953 2031 1151 2058 rcstitutionem
1169 2039 1229 2065 quae
1250 2039 1265 2058 a
1290 2030 1360 2059 Julio
1378 2029 1505 2066 pontice
1523 2036 1659 2063 nunquam
1685 2036 1779 2063 reapse

160 2068 233 2096 facta
248 2075 306 2102 est,
322 2070 378 2104 ipse
393 2077 533 2105 perperam
550 2077 671 2100 enarrat.
688 2072 744 2101 Nec
758 2075 844 2109 magis
858 2083 920 2102 vera
941 2080 1005 2103 sunt
1019 2084 1078 2111 quae
1098 2077 1132 2104 de
1146 2077 1271 2112 ingressu
1287 2077 1429 2105 Athanasii
1444 2076 1649 2108 Alexandriam,
1663 2075 1779 2110 Georgio

158 2117 281 2148 sedente,
296 2124 354 2152 post
371 2117 429 2145 haec
439 2125 596 2147 oceurrunt.
614 2120 678 2153 Qua:
694 2124 844 2156 sequuntur
860 2128 951 2151 autem
966 2124 999 2152 de
1014 2124 1149 2152 calumnia
1168 2125 1344 2158 Arianorum,
1362 2127 1449 2161 deque
1463 2125 1575 2160 epistola
1590 2124 1776 2160 Egyptiorum

159 2168 305 2202 prmsulum
326 2168 359 2195 ad
378 2168 480 2196 Iulium
494 2175 590 2203 papam
607 2176 772 2204 praepostere
784 2173 896 2199 omnino
912 2177 1099 2200 recensentur.
1114 2173 1182 2201 Ilinc
1197 2175 1399 2202 animadvertas
1419 2181 1500 2208 quam
1516 2178 1595 2200 caute
1606 2173 1722 2207 scriptor
1734 2171 1779 2199 ille

158 2214 195 2241 sit
208 2214 386 2243 adhibendus.
406 2215 500 2250 Neque
514 2223 578 2243 vero
592 2216 667 2244 solus
683 2216 821 2251 Socrates,
835 2219 881 2245 sed
903 2219 984 2246 etiam
1004 2219 1204 2252 'I‘heodoretus,
1221 2220 1359 2255 ntultoqtte
1382 2223 1469 2257 magis
1486 2221 1598 2248 Ruﬁnus
1610 2226 1638 2248 et
1652 2221 1779 2248 Somnic-

157 2270 218 2295 nus,
233 2270 276 2290 res
292 2262 512 2298 frequentissime
526 2264 568 2291 vel
581 2272 659 2293 secus
670 2273 750 2300 quam
765 2266 820 2301 97
837 2272 918 2301 gestae
931 2271 1004 2300 sunt,
1019 2268 1061 2295 vel
1074 2273 1240 2304 przrpostere
1254 2274 1394 2296 enarrant.
1409 2269 1486 2302 Quod
1503 2273 1592 2296 tamen
1607 2268 1678 2295 absit
1695 2273 1725 2294 ut
1743 2269 1775 2295 ad

157 2310 253 2338 borum
265 2316 407 2338 auctorum
422 2312 615 2340 contumeliam
631 2318 734 2348 vergat.
749 2313 848 2341 Vitium
873 2322 990 2350 namque
1003 2315 1075 2343 artati
1100 2316 1191 2350 potius
1205 2323 1286 2351 quam
1311 2317 1488 2352 scriptoribus
1508 2321 1550 2344 est
1564 2316 1751 2343 ascribendum
1767 2325 1775 2342 :

154 2358 253 2393 quippe
271 2367 323 2386 non
347 2360 469 2388 solebant
487 2359 532 2388 illo
545 2369 602 2389 aavo
621 2369 664 2390 res
678 2367 734 2390 tam
759 2363 899 2392 intricatas
915 2369 990 2392 tanto
1007 2365 1099 2393 studio
1118 2366 1258 2401 indagare,
1273 2373 1305 2394 ac
1321 2366 1348 2393 in
1371 2366 1466 2400 primis
1489 2370 1638 2402 temporum
1660 2366 1777 2393 rationes

155 2406 337 2442 negligebant.

198 2465 280 2493 XVII.
300 2466 398 2493 Restat
411 2470 441 2493 ttt
454 2466 487 2494 de
501 2466 615 2494 historia
629 2474 644 2493 a
660 2466 760 2495 Rufino
776 2468 902 2503 primum,
915 2469 1012 2497 dehinc
1028 2469 1060 2496 ah
1073 2469 1132 2496 aliis
1147 2468 1306 2504 quibusdam
1321 2469 1405 2496 relata
1421 2468 1522 2502 aliquid
1540 2469 1707 2503 disputemus
1721 2476 1729 2494 :
1742 2467 1776 2495 do

158 2511 317 2538 muliercula
333 2511 437 2539 Scilicet
460 2512 493 2538 ad
510 2511 669 2548 Tyriensetn
683 2515 813 2550 synodum
829 2515 863 2542 ab
877 2516 986 2542 Ariauis
1001 2515 1143 2550 producta,
1158 2523 1218 2550 qua:
1233 2515 1266 2542 de
1281 2515 1356 2542 illato
1382 2519 1475 2548 stupro
1496 2514 1671 2541 Athanasium
1696 2521 1775 2540 accu-

153 2559 234 2585 sarit.
251 2558 316 2591 Qua:
326 2559 460 2585 calumnia
472 2558 607 2588 Timothei
625 2562 776 2597 presbyteri
792 2570 822 2591 se
835 2563 1013 2590 Athanasium
1030 2571 1091 2591 esse
1104 2563 1257 2591 simulantis
1270 2562 1390 2594 solertia,
1404 2561 1479 2589 elusa
1496 2561 1541 2589 sit.
1553 2560 1639 2593 Hanc,
1653 2560 1772 2595 inquam,

154 2604 297 2632 historiam
315 2605 462 2632 admodum
477 2612 630 2641 suspectam
646 2616 706 2636 esse
721 2616 800 2636 nemo
815 2615 859 2637 eat
874 2610 989 2642 inficias,
1005 2611 1104 2646 quippe
1114 2618 1174 2645 quae
1190 2618 1240 2637 nec
1254 2611 1324 2645 apttd
1337 2609 1526 2642 Athanasium,
1542 2608 1587 2644 qui
1617 2608 1774 2644 plerumque

155 2660 200 2680 res
216 2653 242 2679 in
257 2654 362 2688 synodo
375 2652 501 2689 Tyriensi
517 2661 617 2690 gestas,
635 2657 841 2692 calumniasque
855 2651 997 2685 adiersum
1013 2666 1042 2685 se
1055 2663 1173 2685 structas
1187 2661 1319 2684 memorat
1335 2665 1343 2689 ;
1369 2664 1418 2684 ttec
1432 2657 1458 2684 in
1478 2656 1592 2691 epistola
1605 2655 1699 2692 synodi
1709 2655 1774 2682 Ale-

155 2701 296 2728 xandrinas
310 2709 317 2731 :
333 2709 382 2729 nec
395 2702 422 2729 in
437 2701 502 2729 Iulii
517 2709 592 2736 papa:
605 2703 717 2737 epistola
733 2712 741 2737 ;
765 2711 815 2731 nec
831 2704 857 2730 in
873 2703 1044 2731 Sardicensis
1060 2703 1154 2738 synodi
1164 2703 1298 2736 epistolis,
1317 2703 1343 2729 in
1367 2701 1466 2737 quibus
1482 2706 1571 2728 tamen
1587 2708 1631 2728 res
1645 2700 1710 2736 Tyri
1724 2707 1767 2736 ge-

152 2750 202 2771 stze
212 2744 271 2772 fuse
286 2746 495 2780 expenduntur,
509 2751 535 2773 et
552 2749 622 2781 quod
640 2749 757 2776 maxime
770 2753 875 2783 urgeat,
889 2756 924 2775 ne
942 2749 968 2775 in
979 2749 1117 2784 encyclica
1136 2748 1242 2783 quidem
1264 2748 1432 2776 Sardiccnsis
1456 2749 1551 2785 synodi
1569 2749 1695 2785 epistola,
1718 2756 1772 2784 qua

153 2790 249 2818 Ariani
263 2792 382 2827 episcopi
395 2793 516 2821 damnati
533 2798 558 2819 et
573 2793 687 2827 depositi
704 2793 874 2825 nuntiantur,
889 2792 1094 2827 all‘orunturque
1107 2793 1186 2828 hujus
1197 2793 1377 2820 damnationis
1391 2800 1478 2820 causa:
1491 2802 1498 2825 ;
1513 2795 1655 2822 calumniae
1668 2794 1772 2822 scilicet

151 2837 284 2865 adversus
301 2838 483 2865 Athanasium
504 2845 624 2871 structae,
644 2847 706 2866 cutn
721 2839 782 2866 aliis
800 2839 962 2866 Arianorum
979 2838 1138 2867 sceleribus.
1152 2839 1296 2866 Enimvero
1310 2839 1338 2866 in
1358 2845 1475 2867 mentem
1490 2842 1582 2869 venire
1604 2846 1707 2876 nequit,
1721 2849 1775 2869 cur

154 2887 208 2911 tam
226 2887 304 2912 atros
321 2885 500 2922 sycophantia
518 2886 574 2914 illic
591 2887 626 2914 sit
645 2886 756 2914 omissa.
772 2885 827 2914 Nec
840 2887 893 2914 dici
907 2890 994 2921 potest
1009 2893 1069 2914 eam
1088 2894 1120 2914 ex
1134 2888 1202 2915 actis
1217 2886 1424 2915 Sardicensibus
1446 2888 1591 2919 excidisse.
1617 2896 1677 2917 cum
1691 2894 1772 2918 testo.-
