2031 3048
270 157 323 185 247
550 156 580 184 S.
600 157 784 185 ATIIANASII
804 157 879 186 ΟΡΡ.
900 158 990 199 ΡΑΒὸ
1008 159 1029 186 1.
1050 175 1057 180 -

1108 159 1290 187 ΗΙδΤΟΙῐΙῦΑ
1308 159 1353 187 ΕΤ
1373 158 1580 186 DOGMATICA.
1827 159 1881 186 248

278 220 324 241 tur
337 214 505 242 Sozomenns
522 215 593 241 illam
614 223 664 243 suo
687 223 745 243 aevo
759 224 891 250 nusquam
909 217 943 244 ibi
962 217 1156 252 comparuisse.
1174 216 1265 252 Neque
1280 216 1349 244 valet
1363 217 1435 251 quod
1459 217 1517 251 ipse
1529 217 1579 248 ait,
1595 223 1650 244 rem
1666 221 1758 252 utpote
1774 221 1881 251 turpem

272 265 300 288 et
317 262 460 288 ridiculam
472 262 580 288 silentio
598 263 806 296 praetermissam
828 262 930 290 fuisse:
959 271 1013 298 quo
1041 264 1145 298 turpior
1175 263 1259 296 enim,
1285 271 1318 291 eo
1331 264 1417 298 magis
1439 265 1472 290 ad
1483 264 1578 298 synodi
1594 264 1620 290 in
1640 264 1804 298 deponendis
1825 265 1884 297 ejus

273 311 431 338 auctoribus
444 311 599 346 aequitatem
615 312 879 355 commonstraodam
899 312 1069 339 contulisset.
1093 312 1206 339 Exstant
1221 319 1288 339 sane
1303 311 1443 346 permultae
1462 311 1531 345 apud
1549 308 1675 336 Ruﬁnum
1691 307 1822 342 ejusmodi
1838 309 1882 336 hi-

271 360 373 392 storize,
393 359 537 386 admodum
555 359 642 386 dubia:
656 357 730 384 fidei.
745 358 807 385 [hoc
820 363 909 385 autem
940 359 990 394 ipsi
1004 359 1110 386 Socrati
1124 359 1170 393 qui
1196 358 1322 385 liulinum
1337 359 1405 385 alias
1421 358 1478 385 fere
1501 357 1635 392 sequitur,
1652 361 1778 390 suspecta
1797 355 1883 383 fuisse

271 405 390 437 videtur,
403 405 502 439 quippe
515 404 561 438 qui
575 404 608 430 de
623 403 667 430 illa
684 411 717 430 ne
734 403 845 430 verbum
859 403 967 437 quidem
983 403 1087 430 fecerit.
1106 403 1161 430 Hac
1176 404 1209 430 de
1227 411 1254 430 re
1273 405 1353 430 etiam
1371 404 1396 430 in
1410 404 1550 431 Athanasii
1570 402 1627 429 Vim
1639 407 1727 429 actum
1743 406 1794 429 est.

308 449 399 477 XVIII.
417 451 544 483 Quzcdam
564 451 598 477 de
622 450 741 477 Marcelli
765 457 846 477 causa
863 451 975 477 dicenda
989 446 1160 485 supererant,
1176 451 1224 478 sed
1243 458 1287 478 res
1311 450 1479 478 commodius
1496 450 1521 476 in
1550 449 1668 483 Epistola
1688 449 1722 475 a'd
1749 447 1883 475 solitario:

271 499 440 532 expendetur
455 507 461 524 :
480 499 525 526 ubi
536 499 616 526 ctiam
628 498 660 523 de
675 497 757 523 Puulo
771 497 1072 533 Constantinopolitano
1086 502 1114 524 et
1129 498 1163 525 de
1180 497 1263 525 Lucio
1276 497 1516 532 Adrianopolitano
1527 497 1609 524 multa
1619 496 1777 532 disputanda
1792 501 1882 523 erunt.

639 656 752 699 ΤΟΥ
787 657 860 700 ΕΝ
895 657 1076 700 ΑΓΙΟῘΣ
1107 658 1322 700 ΠΑΤΡΟΣ
1358 657 1521 702 ΗΜΩΝ

834 750 1321 820 ΑΘΑΝΑΣΙΟΥ

803 867 1084 895 ΛΡΧῙΕΠΙΣΚΟΠΟΥ
1101 867 1358 895 ΑΛΕΞΑΝΔΡΕΙΑΣ

396 947 1020 1010 ΑΠΟΛΟΓΗΤΙΚΟΣ
1049 952 1257 1008 ΚΑΤΑ
1284 953 1660 1012 ΑΡΕΙΑΝΩΝ
1690 945 1766 1010 ((³⁵).

709 1171 772 1235 S.
806 1172 873 1234 P.
913 1174 989 1237 N.
1020 1170 1456 1236 ATHANASII

827 1289 1085 1319 ARCHIEPISCOPI
1097 1288 1344 1325 ALEXANDPJAE]

561 1378 909 1437 APOLOGlA
950 1379 1240 1436 CONTRA
1278 1377 1610 1436 ARIANOS.

313 1564 512 1591 LArbitrahar
528 1565 653 1600 equidem
674 1572 736 1600 p051
762 1571 803 1594 tot
825 1573 982 1603 argumenta
1006 1576 1054 1603 pro

1141 1569 1168 1596 1.
1187 1568 1258 1603 Ἐγὼ
1276 1569 1325 1604 μὲν
1339 1567 1416 1603 ᾢμην
1430 1567 1498 1603 μετὰ
1512 1567 1561 1599 τὰς
1579 1566 1711 1598 τοσαύτας
1726 1567 1795 1603 ὑπὲρ
1810 1567 1895 1604 ἡμῶν

278 1614 369 1635 nostra
387 1608 543 1636 defensione
562 1609 654 1642 allata,
678 1611 848 1639 adversarios
871 1617 978 1640 nostros
1002 1621 1056 1647 pra:

1108 1615 1256 1650 γενομένας
1292 1614 1441 1647 ἀποδείξεις
1479 1612 1658 1640 καταδύεσθαι
1699 1612 1790 1639 λοιπὸν
1826 1614 1892 1643 τοὺς

279 1655 439 1682 verecundia
451 1662 512 1683 sese
531 1655 682 1689 abdituros,
700 1662 781 1692 atque
804 1665 838 1684 ex
861 1658 1055 1686 calumniarum

278 1707 390 1728 auarum
415 1701 580 1728 conscientia
599 1708 658 1730 sese
685 1703 927 1736 damnaturos.At,
950 1705 1056 1738 quando

280 1753 314 1772 ne
329 1746 365 1772 ita
381 1747 495 1773 convicti
511 1747 618 1781 quidem
636 1748 799 1776 erubescunt
813 1768 820 1780 ,
838 1750 884 1776 sed
904 1750 940 1777 ob
958 1751 1057 1778 mentis

279 1795 417 1825 stuporem
432 1792 677 1820 obtrectationibus
690 1801 738 1821 nos
749 1794 891 1828 impetum,
906 1795 956 1822 rati
967 1796 1057 1822 omnia

280 1836 370 1863 denuo
387 1837 412 1864 in
427 1837 558 1872 judicium
572 1839 693 1866 vocanda
708 1839 766 1866 fore
779 1847 787 1872 ;
803 1847 855 1866 non
870 1845 900 1866 ut
916 1841 966 1873 ipsi
984 1841 1053 1875 judi-

280 1887 385 1915 ceutur,
401 1881 465 1909 illud
482 1883 554 1910 enim
575 1882 728 1918 refugiunt,
756 1884 802 1911 sed
817 1889 847 1911 ut
867 1892 916 1912 nos
932 1890 960 1911 et
973 1886 1058 1913 since-

282 1933 373 1952 rorum
392 1927 497 1954 animae
512 1927 632 1955 molestia
647 1928 763 1956 alliciam
777 1937 785 1961 ;
801 1925 986 1957 necessarium
1004 1932 1059 1958 exi-

280 1972 386 1999 stimavi
403 1973 473 2006 apud
492 1980 538 2001 vos
550 1973 683 2007 meipsum
696 1982 821 2008 purgare,
853 1983 888 2002 ne
903 1976 972 2003 ultra
999 1976 1059 2004 illos

281 2017 515 2046 abmurmnranles
541 2019 736 2052 toleretis,imo
750 2021 838 2054 potius
868 2029 960 2048 eorum
979 2023 1058 2049 mali-

281 2063 408 2097 goitatem
421 2068 445 2090 ct
458 2063 606 2091 calumnias
618 2065 792 2099 dignoscatis.
813 2065 896 2093 Vobis
925 2067 1057 2101 siquidem

281 2109 394 2136 sinceris
406 2109 560 2137 hominibus
576 2111 705 2138 rationem
733 2112 834 2138 reddo:
853 2112 982 2139 adversus
1008 2113 1059 2139 liti-

280 2155 370 2190 giosos
381 2161 472 2183 autem
490 2156 615 2190 loquendi
632 2157 755 2184 ﬁduciam
781 2158 848 2184 mihi
867 2159 989 2192 praebent
1011 2167 1056 2185 ar-

280 2206 407 2234 gumenta
423 2202 522 2236 quibus
535 2202 572 2229 illi
595 2203 802 2230 convincuntur.
825 2204 970 2231 Enimvero
986 2205 1056 2238 quod

1106 1661 1228 1696 ἐχθροὺς,
1241 1661 1287 1687 καὶ
1301 1660 1399 1696 μᾶλλον
1415 1661 1446 1686 ἐκ
1471 1660 1572 1686 τούτων
1602 1658 1815 1691 καταγινώσκειν
1833 1658 1889 1694 (63)

1107 1705 1219 1737 ἑαυτῶν,
1244 1705 1286 1739 ἐφ’
1311 1703 1351 1736 οἷς
1376 1705 1421 1731 καὶ
1444 1705 1506 1736 τοὺς
1529 1703 1626 1735 ἄλλους
1650 1704 1889 1739 ὲσυκοφάντησαν·

1107 1750 1199 1785 ἐπειδὴ
1223 1750 1251 1777 δὲ
1277 1750 1331 1776 οὐδ’
1352 1750 1423 1776 οὕτω
1453 1749 1689 1783 καταγνωσθέντες
1719 1749 1891 1784 ὲρυθριῶπιν.

1107 1796 1164 1822 ἀλλ’
1179 1796 1225 1822 ὑπ’
1240 1795 1416 1831 ἀναισθησίας
1438 1795 1551 1830 ἓρπουσι
1571 1795 1630 1826 ταῖς
1645 1794 1832 1826 καταλαλιαῖς,
1847 1803 1892 1820 vo—

1110 1842 1231 1877 μίξαντες
1245 1841 1358 1868 ἀνάδικα
1377 1841 1464 1867 πάντα
1486 1840 1624 1875 γίνεσθαι,
1641 1841 1689 1876 οὐχ
1711 1841 1753 1867 ἴνα
1776 1840 1891 1875 κριθῶσι

1109 1887 1248 1922 (φεύγουσι
1261 1886 1401 1922 γάρ),ἀλλ¹
1416 1885 1448 1912 ἶν’
1458 1886 1531 1920 ἡμᾶς
1545 1885 1592 1912 καὶ
1604 1885 1653 1917 τὰς
1667 1885 1754 1920 ψυχὰς
1764 1885 1818 1911 τῶν
1828 1886 1892 1911 ἀκε-

1109 1933 1193 1968 ραίων
1205 1932 1356 1959 σκύλλωσιν
1365 1952 1373 1963 ,
1387 1932 1533 1965 ἀναγκαῖον
1547 1931 1692 1966 ἡγησάμην
1710 1932 1773 1966 ὑμῖν
1793 1931 1894 1957 ἀπολο-

1108 1977 1254 2012 γήσασθαι,
1269 1978 1312 2003 ἵνα
1324 1977 1422 2012 μηκέτι
1438 1976 1487 2011 μὲν
1504 1976 1593 2003 αὐτῶν
1608 1975 1740 2010 ἀνέχησθε
1757 1976 1811 2011 (65)
1829 1984 1892 2010 γογ-

1108 2023 1252 2057 γυζὸντων,
1267 2022 1423 2057 καταγνῶτε
1437 2022 1465 2048 δὲ
1481 2022 1530 2057 τῆς
1543 2022 1674 2057 πονηρίας
1696 2022 1742 2048 καὶ
1756 2029 1892 2056 συκοφαν-

1107 2069 1167 2100 τίας
1182 2069 1280 2096 αὐτῶν.
1302 2069 1382 2104 Ὑμῖν
1398 2069 1446 2103 μὲν
1461 2068 1515 2104 γὰρ
1531 2069 1588 2100 τοῖς
1604 2067 1726 2102 γνησίοις
1743 2067 1892 2101 ἀπολογοῦ-

1110 2122 1174 2149 μαι·
1191 2114 1259 2148 πρὸς
1282 2113 1310 2140 δὲ
1334 2113 1398 2143 τοὺς
1423 2112 1639 2147 φιλονεικοῦντας
1667 2111 1893 2148 παρῤησιάζομαι

1108 2160 1164 2190 τοῖς
1175 2159 1234 2186 κατ’
1246 2159 1334 2185 αὐτῶν
1347 2158 1477 2193 ἐλέγχοις.
1493 2158 1590 2184 Οὐκέτι
1602 2158 1656 2193 γὰρ
1669 2158 1786 2193 κρίσεως
1807 2158 1892 2184 δεῖται

1107 2204 1142 2231 τὰ
1156 2204 1216 2231 καθ’
1233 2205 1321 2239 ἡμᾶς’
1338 2204 1463 2239 κέκριται
1480 2203 1533 2238 γὰρ
1552 2203 1600 2238 οὺχ
1619 2202 1709 2235 ἅπαξ,
1728 2203 1788 2229 οὐδὲ
1803 2203 1894 2229 δεύτε-

281 2247 313 2273 ad
330 2254 378 2274 nos
399 2252 514 2280 spectat,
531 2248 632 2283 judicio
655 2249 730 2276 nullo
745 2257 814 2284 opus
833 2255 892 2282 est;
907 2250 1056 2284 iudicatum

1111 2259 1155 2285 ρον
1170 2250 1234 2286 (66),
1248 2250 1316 2277 ἀλλὰ
1326 2250 1372 2276 καὶ
1388 2249 1526 2280 πολλάκις·
1542 2249 1649 2284 πρῶτον
1658 2249 1717 2284 μὲν,
1731 2249 1760 2275 ὲν
1773 2251 1805 2284 τῇ
1823 2250 1893 2285 ἡμε-

280 2293 352 2320 enim
377 2293 433 2327 jam
461 2300 513 2326 est.
527 2302 580 2323 non
603 2295 699 2327 semel,
713 2303 800 2330 neque
811 2296 862 2329 his,
879 2297 926 2323 sed
937 2304 1058 2331 smpenu-

281 2347 365 2367 mero.
378 2339 497 2368 Primum
510 2341 618 2375 quidem
633 2341 659 2369 in
675 2346 767 2369 nostra
782 2342 921 2376 provincia
936 2343 962 2370 in
976 2351 1057 2370 unum

280 2391 382 2418 coacta,
398 2387 431 2425 ab
452 2387 585 2422 episcopis
611 2395 695 2423 prope
721 2393 841 2417 centum.
865 2389 989 2416 Secundo
1005 2388 1059 2416 Ro-

281 2438 340 2463 mae,
355 2439 415 2458 cum
429 2436 490 2466 post
501 2432 597 2460 missas
613 2433 678 2460 illuc
688 2433 721 2460 ab
736 2432 851 2460 Eusebio
867 2433 983 2466 litteras,
996 2441 1056 2461 cum

282 2477 330 2510 ipsi
345 2482 399 2503 tum
415 2485 464 2504 nos
479 2478 559 2505 etiam
581 2479 607 2506 in
619 2479 749 2513 judicium
763 2480 849 2507 vocati
878 2487 982 2513 sumus,
996 2488 1059 2507 eon-

280 2523 437 2559 grcgatique
460 2529 524 2552 sunt
552 2525 587 2553 ibi
613 2525 731 2561 episcopi
758 2525 818 2561 plus
850 2527 1055 2562 quinquaginta.

319 2612 374 2646 (63)
392 2614 497 2648 Scripta
515 2622 586 2642 anno
602 2615 710 2642 circuter
723 2615 786 2643 350.
797 2630 833 2635 —
847 2614 874 2641 In
897 2615 974 2642 titulo
989 2614 1052 2641 illud

282 2648 352 2685 κατὰ
367 2648 512 2684 Ἀρειανῶν
533 2650 607 2676 deest
622 2650 647 2676 in
674 2650 768 2685 chio,
794 2651 838 2682 qui
863 2657 922 2676 cum
937 2649 1060 2677 omnibus

282 2683 342 2710 aliis
360 2683 416 2720 tum
442 2685 522 2711 editis
551 2690 604 2711 tum
633 2693 698 2713 mss.
717 2683 940 2720 V‘Amlomnxb;
968 2685 1059 2711 δεύτε-

283 2725 341 2754 ροςγ
359 2719 456 2751 habet,
480 2721 526 2746 sed
547 2727 697 2754 perperam,
724 2729 784 2747 cum
816 2721 886 2747 milia
903 2724 965 2746 ante
991 2720 1058 2746 hanc

284 2753 403 2788 :tpol0gia
426 2754 526 2787 scripta
543 2753 639 2785 sit,’ul
663 2755 717 2789 jam
737 2756 897 2782 IIIOIIIIIIIIIIS.
925 2755 977 2781 Sed
999 2755 1058 2781 ideo

283 2793 394 2824 Vocatur
417 2789 622 2824 secunquuia
643 2794 700 2824 post
728 2790 882 2823 Apologiam
896 2790 927 2815 de
948 2789 1010 2824 fuga
1023 2790 1056 2819 :in

281 2822 363 2858 editis
376 2827 403 2849 et
415 2823 442 2850 in
454 2822 650 2858 manuscriptis
660 2822 820 2855 collocatur,
830 2832 889 2858 qua:
900 2822 988 2852 tamen
1004 2831 1056 2852 non

283 2861 324 2882 est
340 2856 398 2890 ejus
415 2859 522 2892 propria
534 2856 624 2892 sedes,
640 2859 678 2887 uti
691 2867 770 2894 supra
784 2856 884 2887 dictum
898 2864 948 2886 est.

1107 2296 1176 2331 τέρᾳ.
1188 2295 1264 2331 χώρᾳ
1275 2295 1445 2331 συναγομένῃ
1455 2294 1507 2321 ὑπὸ
1518 2294 1674 2321 ἐπισκόπων
1686 2294 1768 2328 ἐγγὺς
1780 2294 1892 2321 ἑκατόν·

1108 2341 1232 2376 δεύτερον
1243 2341 1271 2368 δὲ
1285 2342 1314 2368 ὲν
1326 2342 1358 2376 τῇ
1378 2340 1482 2377 Ῥώμῃ,
1508 2339 1663 2376 γράψαντος
1682 2340 1811 2366 Εὑσεΰιου
1824 2360 1831 2371 ,
1840 2340 1893 2379 ¹καὶ

1110 2388 1262 2423 κληθέντων
1287 2387 1376 2414 αὐτῶν
1399 2395 1428 2413 τε
1459 2386 1507 2413 καὶ
1530 2386 1620 2422 ἡμῶν,
1646 2386 1692 2412 καὶ
1709 2385 1894 2421 συναχθέντων

1110 2434 1277 2465 ἐπισκόπων,
1293 2434 1374 2460 κάκεῖ
1388 2433 1469 2459 πλέον
1486 2433 1667 2468 πεντήκοντα·
1686 2433 1731 2458 καὶ
1749 2432 1840 2468 τρίτον
1865 2433 1895 2458 ἐν

1110 2481 1144 2516 τῇ
1159 2480 1264 2516 μεγάλῃ
1282 2479 1383 2514 συνόδῳ
1399 2480 1432 2513 τῇ
1452 2479 1480 2504 ὲν
1501 2477 1619 2514 Σαρδικῇ
1643 2477 1803 2513 συναχθείσῃ
1824 2476 1895 2504 κατὰ

1111 2526 1258 2562 πρόσταξιν
1269 2526 1322 2552 τῶν
1335 2524 1548 2559 θεοφιλεστάτων
1561 2523 1691 2559 βασιλέων
1703 2523 1893 2550 Κωνσταντίου

1140 2613 1167 2646 (ϐ
1173 2613 1195 2647 ί)
1208 2613 1263 2639 Vox
1275 2611 1508 2646 καταγιγνώσκειν
1520 2611 1590 2646 apud
1599 2611 1785 2647 Athanasium.
1796 2610 1891 2643 depre-

1113 2648 1422 2679 hewlere,convincere.
1445 2647 1503 2673 falsi
1530 2654 1652 2680 arguere.
1682 2647 1735 2672 imo
1762 2646 1893 2680 damnare

1111 2682 1257 2716 signiﬁcat,
1273 2683 1319 2709 sed
1335 2690 1383 2716 pro
1398 2679 1745 2714 condemnatibnejuridica
1762 2680 1811 2716 vix_
1822 2679 1891 2716 apud

1111 2713 1235 2744 vuﬁndem
1252 2713 1387 2749 usuvenit,
1400 2717 1447 2743 sed
1467 2721 1542 2751 prout
1558 2717 1688 2743 damnare
1702 2716 1772 2742 idem
1789 2713 1892 2748 signiti—

1110 2758 1154 2779 cat
1167 2760 1198 2778 ac
1214 2752 1377 2786 improbare.

1146 2787 1202 2822 (65)
1217 2785 1282 2822 mg.
1300 2785 1464 2821 ἀνάσχησθε.
1489 2785 1559 2813 Infra
1580 2786 1661 2819 idem,
1688 2785 1738 2820 τῆς
1761 2789 1895 2817 συκοφαν-

1107 2831 1176 2853 τιας.

1146 2856 1201 2893 (66)
1219 2857 1285 2892 Reg.
1301 2856 1331 2882 οὺ
1343 2855 1477 2891 δεύτερον.
