2031 3048
184 161 236 189 269

742 160 912 198 APOLOGIA
929 160 1069 197 CONTRA
1088 161 1248 189 ARIANOS.

1743 163 1793 192 ὶῦυ

174 221 230 259 ⁸καὶ
245 218 421 252 Κώνσταντος
433 228 440 235 ⁸
457 220 486 246 ὲν
505 217 580 257 ᾖκαὶ
601 221 625 246 οἱ
653 220 713 246 καθ’
729 220 807 255 ἡμῶν
831 220 959 255 γενόμενο

1022 219 1113 247 Tertio
1127 221 1153 247 in
1168 227 1263 255 magna
1274 220 1377 255 synodo
1391 218 1502 248 Sardice
1519 225 1624 253 coacta,
1637 219 1715 253 jussu
1731 221 1795 247 reli-

183 265 372 300 καθῃρέθησαν
387 266 424 297 ὠς
440 266 616 300 συκοφάνται,
630 267 687 297 τοῖς
699 274 728 292 τε
741 266 872 301 κριθεῖσιν
896 266 964 302 ὑπὲρ

182 310 259 346 ἡμῶν
280 310 495 345 συνεψηφίσαντο
511 311 560 345 μὲν
582 310 723 337 ἐπίσκοποι
740 311 846 342 πλείους
857 319 965 346 τριακο-

183 356 247 382 σίων
260 356 326 391 (67),
339 357 367 389 ἐξ
381 356 518 392 ἐπαρχιῶν
535 356 683 391 Αἰγύπτου,
701 356 813 392 Λιϐύης,
835 358 882 384 καὶ
896 358 963 383 Πεν-

183 402 338 436 ταπὸλεως,
354 403 551 438 Παλαιστίνης,
572 402 713 437 Ἀραϐίας,
737 403 884 439 Ἱσαυρίας,
909 403 965 430 Κύ-

183 457 251 484 πρου
261 468 269 481 ,
286 448 464 484 Παμφυλίας,
479 448 595 481 Λυκίας,
610 449 741 480 Γαλατίας
753 469 760 480 ,
777 449 893 480 Δακίας,
907 450 964 476 Μυ-

185 495 260 525 σίας,
279 494 405 529 Θρᾴκης,
423 493 570 529 Δαρδανίας
584 513 591 524 ,
613 493 794 525 Μακεδονίας,
818 493 962 529 Ἦπείρων,

183 538 347 570 Θεσσαλίας,
371 538 496 573 ’Δχαῒα;,
510 539 637 573 Κρήτης,
655 538 824 573 Δαλματίας,
843 538 961 571 Σισκίας,

183 584 345 616 Παννονίων,
356 583 480 619 Νωρικοῦ
494 603 500 615 ,
522 583 649 616 Ἰταλίας,
668 584 786 618 Πικηνοῠ
796 603 803 615 ,
818 584 962 616 Τουσκὶας,

184 630 357 665 Καμπανίας,
374 629 542 665 Καλαόρέας,
560 629 717 660 Ἀπουλίας,
732 630 878 665 Βρουττίας
896 630 961 665 (68),

183 675 320 706 Σικελίας,
347 674 478 710 Ἀφρικῆς
507 674 612 709 πάσης,
640 674 802 710 Σαρδανίας,
827 674 961 706 Σπανιῶν,

184 720 312 752 Γαλλιῶν,
337 719 513 755 Βρεττανιῶν.
540 719 783 755 Ἐπεμαρτύρησαν
805 719 834 746 δὲ
859 719 962 750 τούτοις

184 767 334 802 Οὑρσάκιος
347 767 392 793 καὶ
403 765 516 801 Οὐάλης,
532 765 557 792 οἱ
567 765 696 801 πρότερον
708 766 755 800 μὲν
766 765 961 797 διαὸάλλοντες,

184 812 296 848 ὕστερον
307 812 334 838 δὲ
350 811 525 847 μεταγνόντες
537 820 544 826 ·
556 812 586 837 οὺ
599 811 652 848 γὰρ
664 811 742 846 μόνον
755 811 919 844 ἀπεδέξαντο
928 811 962 838 τὰ

184 857 312 893 κριθέντα
338 857 407 893 ὑπὲρ
432 857 519 892 ήμῶν,
544 857 612 884 ἀλλὰ
646 858 692 883 καὶ
712 857 765 892 (69)
791 857 961 891 συκοφάντας

184 903 295 934 ἑαυτούς
306 911 335 929 τε
348 903 396 930 καὶ
410 903 473 935 τοὺς
483 903 578 935 ἄλλους
593 904 655 934 τοὺς
676 903 736 930 καθ’
750 903 828 938 ἡμῶν
849 903 960 938 γενομέ-

183 957 243 980 νους
264 948 450 984 ὡμολόγησαν.
478 949 510 975 01
539 948 593 984 γὰρ
607 948 692 980 οὕτως
714 948 890 983 μεταγνόντες
915 949 962 975 καὶ

183 994 268 1025 οὕτως
281 994 434 1029 γράψαντες
453 994 526 1030 δῆλοί
542 996 593 1021 εἰσι
612 994 657 1021 καὶ
677 995 738 1026 τοὺς
759 994 822 1030 περὶ
836 994 962 1025 Εὑσέϐιον

184 1039 349 1074 ἐλέγχοντες,
369 1039 437 1074 μετὰ
459 1039 513 1075 γὰρ
539 1040 626 1066 αὐτῶν
643 1041 718 1075 κοινῇ
739 1039 787 1075 τὴν
802 1039 863 1066 καθ’
886 1039 962 1075 ἡμῶν

184 1085 389 1120 ἐμηχανήσαντο
411 1085 554 1120 συσκευήν.
580 1084 619 1111 Τὰ
643 1085 731 1112 τοίνυν
756 1085 808 1111 ὑπὸ
829 1086 962 1112 τοσούτων

187 1129 242 1164 (70)
265 1130 311 1156 καὶ
332 1130 497 1165 τηλικούτων
519 1131 673 1157 ἐπισκόπων
696 1131 893 1166 δοκιμασθέντα
916 1132 962 1158 καὶ

183 1175 321 1210 κριθέντα,
348 1176 538 1211 ἀποδειχθέντα
561 1185 590 1202 τε
616 1176 727 1208 λευκῶς,
746 1177 870 1212 περιττὸν
894 1175 963 1204 εἶναι

183 1220 262 1247 πάλιν
275 1220 464 1256 ἀνακρίνεσθαι
480 1221 533 1252 πᾶς
553 1221 676 1247 ὁστισοῦν
694 1222 884 1258 ὁμολογήσειεν
895 1242 902 1254 ,
920 1223 963 1249 ἵνα

184 1265 231 1301 μὴ,
250 1265 300 1292 κᾶν
322 1265 368 1292 νῦν
382 1265 527 1300 ὲξετασθῇ,
547 1265 625 1292 πάλιν
645 1266 775 1302 ἀνακριοῇ
787 1287 794 1298 ,
826 1268 872 1293 καὶ
886 1265 962 1299 αὖθις

183 1311 324 1348 ὲξετασθῇ,
342 1313 389 1339 καὶ
400 1312 485 1344 οὕτως
501 1313 556 1347 (71)
570 1314 610 1345 εις
626 1313 776 1348 ἀπέραντον
797 1313 831 1340 τὰ
843 1313 896 1340 τῶν
915 1320 964 1340 πε-

183 1357 402 1393 ριεργαζομένων
414 1359 524 1393 γένηται

977 890 997 916 Β

213 1496 244 1523 -2,
262 1497 360 1532 Ἤρκει
374 1497 422 1532 μὲν
437 1496 490 1532 γὰρ
503 1497 550 1523 καὶ
562 1498 577 1532 ἡ
591 1496 645 1523 τῶν
658 1496 790 1523 τοσούτων
806 1497 962 1523 ἐπισκόπων

181 1541 269 1578 ψῆφος
283 1542 441 1577 δυσωπῆσαι
467 1543 529 1574 τοὺς
540 1542 579 1569 ἔτι
602 1542 652 1569 κᾶν
669 1542 875 1577 προσποιεῖσθαι
899 1542 959 1569 καθ’
974 1556 995 1585 c

182 1587 259 1622 ήμῶν
274 1587 462 1623 βουλομένους’
480 1587 524 1613 ὅτε
545 1587 573 1613 δὲ
596 1587 642 1612 καὶ
665 1586 756 1621 ἐχθροὶ
779 1585 961 1621 μαρτυροῦσιν

183 1633 253 1668 ὑπὲρ
265 1633 342 1669 ἡμῶν
364 1642 394 1659 τε
411 1633 456 1660 καὶ
477 1632 538 1659 καθ’
553 1632 671 1664 ἑαυτῶν,
689 1633 838 1667 φάσκοντες
857 1633 889 1659 τὰ
903 1632 961 1658 καθ’

183 1676 260 1711 ἡμῶν
287 1674 355 1702 εἶναι
373 1675 516 1711 συσκευὴν,
542 1675 584 1707 τίς
610 1675 648 1702 ἔτι
672 1675 762 1702 λοιπὸν
788 1675 963 1710 ἀμφιθάλλων

182 1722 232 1748 οὐκ
248 1721 420 1756 αἰσχύνεταις
436 1722 489 1748 Τοῦ
503 1721 556 1756 γὰρ
571 1721 651 1756 νόμου
668 1721 822 1752 κελεύοντος
838 1721 884 1746 ἐπὶ
905 1721 964 1746 στό-

185 1776 268 1803 ματος
292 1768 338 1795 δύο
357 1769 403 1795 καὶ
423 1768 505 1804 τριῶν
535 1768 678 1804 μαρτύρων
694 1768 818 1794 ἵστασθαι
841 1768 889 1799 τὰς
902 1768 962 1804 κρί-

182 1822 249 1846 σεις,
266 1813 319 1840 ἰδοὺ
333 1813 457 1840 τοσοῦτον
474 1813 574 1848 πλῆθος
599 1813 667 1848 ὑπὲρ
689 1813 766 1848 ἡμῶν
785 1814 843 1839 ἐστι
862 1813 963 1848 μαρτύ-

185 1867 247 1894 ρων,
261 1859 321 1894 ἔχον
332 1859 488 1895 προσθήκην
503 1859 550 1886 καὶ
564 1858 612 1894 τὴν
625 1859 701 1894 παρὰ
710 1859 763 1885 τῶν
775 1859 879 1894 ἐχθρῶν
894 1859 962 1885 ὁ.πὸ-

180 1905 279 1938 δειξιν·
297 1905 366 1932 ὥστε
381 1905 426 1932 καὶ
444 1906 507 1936 τοὺς
531 1905 755 1940 ὑπολειπομένους
768 1905 863 1940 μηκέτι
881 1913 963 1940 προσ-

183 1951 254 1986 έχειν
278 1949 329 1983 οἷς,
346 1951 383 1983 ὡς
404 1951 556 1986 ἠθέλησαν,
582 1951 724 1983 ἐδίκασαν,
739 1951 806 1977 ἀλλὰ
824 1950 962 1986 βιάζεσθαι

182 1997 286 2030 λοιπὸν,
298 1997 344 2023 καὶ
355 1998 415 2023 ἀντὶ
427 1996 480 2023 τῶν
491 1997 607 2030 εὐλόγων
615 1997 716 2023 ἀδικεῖν
730 1996 792 2027 τοὺς
803 1996 963 2031 ἐλέγχοντας

180 2043 288 2075 αὐτούς.
307 2043 390 2070 Τοῦτο
406 2043 460 2079 γὰρ
472 2044 569 2075 αὐτοὺς
581 2043 696 2078 μάλιστα
710 2043 798 2075 λυπεῖ,
814 2044 963 2079 ἐπειδήπερ

183 2089 254 2124 ἆπερ
266 2088 384 2124 ἔκρυψαν
399 2089 474 2115 αὐτοὶ
491 2088 650 2124 πράξαντες,
666 2088 713 2114 κει).
728 2088 788 2114 καθ’
803 2088 914 2120 ἑαυτοὺς
934 2090 962 2115 ἐν

188 2134 268 2169 γωνίᾳ
284 2133 432 2166 συνέθεντο,
446 2132 533 2159 ταῦτα
554 2132 658 2164 υὺάλης
680 2132 734 2167 (72)
751 2132 797 2158 καὶ
813 2133 963 2168 Οὺρσάκιος

184 2180 326 2215 ἐξήγαγον,
343 2179 390 2206 καὶ
403 2179 596 2213 ἀπεκάλυψαν·
611 2178 657 2205 καὶ
672 2179 760 2205 ἴσασιν
776 2179 907 2214 ἀκριϐῶς,
925 2178 963 2210 ὡς

1016 265 1229 300 giosissimorum
1244 266 1436 300 imperatorum
1450 265 1598 293 Constantii
1622 271 1648 293 et
1660 266 1794 294 Constan-

1017 313 1051 339 tis
1067 321 1073 339 :
1089 312 1133 339 ubi
1146 312 1295 339 adversarii
1312 312 1395 339 nostri
1415 312 1490 345 quasi
1518 313 1691 346 sycophanta:
1717 311 1794 338 dam-

1016 358 1072 384 nati
1092 358 1262 393 depositique
1286 362 1358 384 sunt.
1386 358 1419 384 lis
1437 365 1499 384 vero
1512 366 1571 391 quze
1594 358 1680 384 nostri
1704 358 1791 392 gratia

1015 402 1122 430 decreta
1148 404 1257 430 fuerunt
1274 403 1411 438 suﬂragati
1439 408 1501 430 sunt
1525 403 1665 438 pltigquam
1681 403 1792 430 trecenti

1014 449 1145 484 episcopi,
1170 455 1201 475 ex
1220 448 1366 482 provinciis
1397 447 1517 482 Egypti,
1536 448 1642 483 Libyze,
1659 447 1793 481 Pentapo-

1015 494 1081 527 leos,
1098 494 1258 525 Palmstinte,
1275 494 1397 527 Arabiae,
1418 494 1535 523 Isauriae.
1551 493 1642 528 Cypri,
1660 493 1794 528 Pamphy-

1014 539 1066 572 lia,
1081 539 1177 574 Lyciae,
1189 538 1309 569 Galatia,
1326 538 1421 568 Dacia.
1433 537 1532 572 Mysiae,
1541 537 1672 570 Thraciae,
1690 538 1791 564 Darda—

1014 586 1073 619 niae,
1086 585 1142 620 98
1152 585 1321 616 Macedoniae,
1336 585 1484 618 Epirorum,
1497 584 1652 613 Thessaliaa.
1671 583 1791 616 Acbaim,

1013 633 1108 664 Cretas,
1142 631 1296 662 Dalmatiae,
1328 630 1428 662 SlSCltB,
1453 630 1662 660 Pannoniarum.
1690 630 1792 662 Norici,

1013 678 1106 711 Italiae,
1118 677 1220 708 Piceni,
1231 677 1344 708 Tuscia,
1354 677 1516 711 Campania},
1527 676 1666 708 Calabrim,
1678 676 1791 709 Apulim,

1012 723 1136 756 Bruttiae,
1164 724 1275 756 Siciliae,
1292 723 1372 750 totius
1396 722 1503 755 Africae,
1522 723 1665 756 Sardiniae,
1694 723 1793 757 Hispa-

1013 769 1129 801 niarum,
1147 768 1305 800 Galliarum,
1321 768 1530 795 Britanniarum.
1555 768 1654 795 Horum
1678 774 1791 796 semen-

1014 814 1078 840 tiam
1090 814 1243 841 testimonio
1257 821 1305 840 suo
1319 814 1529 848 comprobarunt
1541 813 1668 841 Ursacius
1692 819 1718 840 et
1736 813 1787 841 Va-

1013 858 1080 889 lens.
1097 858 1141 892 qui
1158 863 1233 885 anlea
1252 859 1358 893 quidem
1378 865 1420 886 me
1440 859 1593 886 calumniati
1608 859 1723 894 fuerant,
1739 860 1786 887 sed

1014 908 1105 939 postca
1122 904 1267 938 resipuere.
1295 903 1350 931 Non
1367 904 1452 930 solum
1476 904 1546 930 enim
1566 912 1624 938 qua:
1640 912 1688 939 pro
1711 906 1789 933 nobis

1013 950 1119 975 decreta
1136 948 1242 975 fuerant
1254 949 1456 983 approbarunt;
1472 949 1517 976 sed
1529 949 1609 975 etiam
1624 957 1653 975 se
1665 953 1791 977 caeteros-

1013 1002 1065 1028 que
1083 994 1128 1029 qui
1145 995 1223 1022 nobis
1233 995 1381 1022 adversarii
1398 994 1695 1030 fuerantsycoplmntas
1708 996 1792 1024 fuisse

1013 1039 1129 1066 confessi
1145 1044 1216 1067 sunt.
1237 1039 1303 1066 Nam
1318 1040 1336 1066 ii
1349 1047 1417 1074 quos
1446 1041 1481 1067 ita
1504 1040 1635 1068 factorum
1652 1042 1789 1075 paenituit.

1012 1090 1039 1114 et
1051 1086 1095 1120 qui
1112 1093 1144 1112 eo
1158 1086 1236 1112 modo
1245 1085 1387 1121 scripsere,
1400 1086 1544 1113 Eusebium
1556 1095 1617 1114 cttm
1626 1088 1682 1114 suis
1696 1093 1789 1123 aperte

1012 1137 1148 1166 arguunt,
1172 1131 1330 1165 quibuscum
1360 1132 1585 1166 conspirationem
1617 1139 1710 1160 contra
1742 1141 1791 1161 nos

1014 1176 1096 1204 moliti
1110 1177 1229 1204 fuerant.
1245 1176 1310 1209 Qua:
1332 1177 1414 1211 igitur
1429 1186 1443 1204 a
1459 1182 1498 1205 tut
1514 1178 1664 1212 talibusqtte
1685 1179 1790 1213 episco-

1013 1223 1053 1256 pis
1065 1223 1203 1256 explorata
1215 1241 1223 1253 ,
1241 1222 1348 1249 decreta
1366 1229 1398 1249 ac
1426 1223 1527 1257 liquido
1541 1224 1675 1251 declarata
1704 1229 1788 1258 sunt,

1011 1275 1240 1301 supervacaneum
1253 1268 1350 1294 essein
1363 1268 1494 1302 judicium
1507 1276 1633 1296 revocare
1643 1277 1721 1297 nemo
1736 1278 1788 1296 non

1012 1312 1157 1347 fatebitur;
1172 1321 1205 1340 ne
1221 1314 1243 1340 si
1259 1322 1328 1341 nunc
1344 1322 1449 1350 quoque
1470 1316 1648 1346 examinetnr,
1677 1324 1785 1343 rursum

1012 1362 1104 1392 postea
1128 1357 1276 1392 juilicetur,
1297 1366 1328 1386 ac
1354 1366 1396 1386 res
1417 1361 1503 1386 denuo
1518 1360 1543 1386 i'n
1573 1361 1788 1394 disquisitionem

1012 1407 1136 1435 vocetur,
1162 1408 1190 1431 et
1206 1404 1245 1431 sic
1273 1404 1298 1430 in
1328 1404 1463 1431 inlinitmn
1487 1405 1603 1432 inaniter
1628 1406 1790 1433 inuuirendo

1013 1449 1183 1483 procedatur.

1047 1493 1251 1528 2.3atqnidem
1279 1498 1419 1521 cssenttot
1435 1495 1623 1530 episcoporum
1649 1495 1786 1531 sulfragia,

1013 1540 1046 1566 ad
1063 1540 1263 1567 confumlendos
1274 1548 1322 1566 eos
1336 1541 1380 1575 qui
1403 1542 1549 1568 etiamnum
1577 1543 1676 1575 aliquid
1694 1549 1786 1568 contra

1013 1593 1062 1613 nos
1073 1586 1240 1612 comminisci
1264 1591 1403 1620 exoptant.
1431 1586 1480 1613 Ubi
1497 1594 1562 1613 vero
1577 1587 1625 1620 ipsi
1639 1587 1787 1613 adversarii

1013 1639 1061 1665 pro
1076 1631 1153 1658 nobis
1172 1635 1199 1658 et
1219 1637 1313 1658 contra
1342 1632 1446 1666 seipsos
1477 1632 1658 1658 testimonium
1677 1632 1786 1663 ferunt,

1013 1677 1184 1711 fatenturqne
1206 1684 1265 1711 qua:
1293 1681 1387 1704 contra
1409 1683 1457 1703 nos
1472 1676 1557 1702 delata
1574 1681 1636 1702 sunt
1652 1683 1711 1702 esse
1723 1683 1788 1702 cou—

1013 1723 1197 1758 spirationem,
1219 1725 1280 1756 quis
1301 1727 1394 1756 postea
1409 1722 1458 1749 hac
1481 1723 1513 1748 de
1529 1729 1558 1748 re
1583 1722 1624 1749 vel
1653 1722 1789 1757 ambigere

1013 1776 1066 1795 non
1084 1768 1240 1795 erubuerit?
1257 1768 1326 1802 Lege
1353 1768 1423 1794 enim
1441 1766 1552 1800 iubente
1564 1767 1588 1793 in
1605 1775 1653 1794 ore
1666 1768 1781 1794 duorum

1013 1813 1054 1840 vel
1065 1815 1145 1840 trium
1166 1814 1276 1840 testium
1302 1812 1402 1848 judicia
1418 1813 1608 1840 constituenda
1629 1820 1697 1842 esse.
1724 1820 1788 1840 ecce

1013 1863 1087 1886 tanta
1102 1859 1208 1885 testium
1225 1866 1273 1892 pro
1290 1859 1365 1884 nobis
1380 1858 1456 1884 adest
1471 1857 1625 1890 multitudo,
1657 1857 1699 1884 cui
1731 1857 1787 1891 ipsa

1013 1904 1183 1931 inimicorum
1196 1903 1342 1930 declaratio
1363 1903 1549 1930 additamenta
1560 1907 1621 1935 est;
1647 1903 1682 1930 ita
1704 1908 1733 1929 ut
1748 1910 1789 1929 re-

1013 1950 1078 1984 liqui
1093 1957 1125 1976 ex
1142 1949 1302 1977 adversariis
1329 1949 1396 1976 nihil
1423 1948 1492 1975 ultra
1511 1949 1652 1975 attendant
1670 1949 1703 1975 iis
1728 1956 1789 1984 qua:

1013 1995 1123 2029 ipsimet
1139 2001 1187 2029 pro
1201 1994 1311 2021 libidine
1322 1994 1486 2028 judicavere,
1497 1992 1542 2019 sed
1555 2000 1587 2020 eo
1594 1994 1702 2020 demum
1715 2000 1790 2020 com-

1014 2041 1149 2075 pellantur
1173 2045 1211 2073 ut,
1232 2039 1291 2066 vice
1310 2044 1549 2067 cunsentanearum
1574 2041 1719 2072 rationum,
1743 2047 1790 2066 eos

1013 2085 1060 2121 qui
1074 2093 1103 2113 se
1116 2085 1282 2112 convincunt
1297 2085 1403 2119 injuriis
1415 2084 1543 2112 alliciant.
1559 2084 1624 2112 Illud
1635 2085 1710 2112 enim
1724 2085 1790 2119 ipsis

1014 2132 1131 2160 maxime
1148 2131 1293 2158 molestum
1309 2135 1361 2163 est,
1386 2131 1457 2165 quod
1480 2138 1538 2164 quae
1553 2138 1568 2157 a
1584 2138 1614 2158 se
1633 2131 1701 2158 clam
1715 2136 1789 2166 gesta

1013 2184 1042 2206 et
1058 2177 1086 2205 in
1099 2178 1196 2213 angulo
1209 2181 1312 2204 structa
1327 2181 1400 2208 sunt,
1423 2177 1480 2204 haec
1493 2176 1592 2203 Valens
1607 2182 1634 2203 et
1661 2175 1790 2204 Ursacius

185 2227 199 2261 ἡ
213 2225 314 2252 τούτων
328 2226 455 2260 μετάνοια
469 2223 625 2260 κατακρίνει
651 2225 699 2260 μὲν
713 2224 832 2256 ἐκείνους
842 2243 850 2256 ,
864 2224 962 2251 δικαιοῖ

1015 2224 1101 2258 palam
1115 2223 1227 2250 fecerint
1238 2230 1270 2249 ac
1282 2221 1445 2248 revelarint:
1464 2225 1490 2248 et
1511 2221 1634 2255 apprime
1647 2226 1746 2247 norunt
1761 2228 1790 2247 se

183 2272 210 2298 δὲ
225 2272 288 2303 τοὺς
301 2271 476 2306 ἀδικηθέντας
489 2271 554 2306 παρ’
568 2270 666 2297 αὐτῶν.
682 2270 731 2297 Διὰ
743 2271 820 2297 τοῦτο
835 2266 961 2305 γοῦνααὶ

182 2318 210 2344 ὲν
234 2318 266 2352 τῇ
284 2317 354 2344 κατὰ
368 2317 501 2353 Σαρδικὴν
525 2317 624 2351 συνόδῳ
644 2316 851 2353 καθῃρέθησαν.
868 2317 962 2352 ὥσπερ

182 2362 334 2398 ἔμπροσθεν
358 2360 444 2394 εἷπον,
460 2362 506 2389 καὶ
522 2362 638 2393 ἐἰκότως
653 2370 699 2396 γε·
715 2362 785 2389 οὓτω
803 2362 856 2398 γὰρ
877 2364 923 2390 καὶ
937 2364 962 2390 oi.

182 2407 242 2433 τότε
263 2407 425 2442 Φαρισαῖοι,
441 2405 652 2441 ἀπολογούμενοι
674 2407 743 2441 ὑπὲρ
768 2407 815 2433 τοῦ
845 2407 961 2440 Παύλου,

182 2452 320 2487 διήλεγχον
334 2452 382 2487 τὴν
397 2452 499 2478 ἑαυτῶν
513 2452 559 2478 καὶ
577 2451 630 2478 τῶν
650 2451 781 2478 Ἰουδαίων
801 2453 861 2479 κατ’
882 2454 961 2480 αὐτοῦ

183 2498 329 2533 γενομένην
358 2497 543 2533 συνωμοσίανσ
571 2497 656 2529 οὕτως
685 2499 699 2524 ὁ
725 2497 858 2534 μακάριος
881 2499 962 2526 Δασὶδ

218 2554 275 2590 (67)
291 2554 400 2581 Ducenti
412 2555 546 2589 octoginta
564 2555 681 2589 quittque
693 2554 811 2588 episcopi
828 2554 890 2582 huic
910 2563 955 2590 sy-

183 2590 253 2616 nodo
266 2590 457 2623 subscripsisse
473 2590 597 2616 dicuntnr
613 2589 680 2615 inira
708 2594 767 2622 post
781 2589 955 2623 subscriptio-

183 2632 232 2651 nes
245 2625 428 2657 Sardicenses,
444 2624 487 2650 ubi
505 2632 546 2650 res
566 2623 650 2651 fusius
676 2624 852 2657 expendetur.
874 2623 955 2652 Paulo

183 2664 252 2720 East,
273 2658 401 2694 Ἀραϐίας
416 2660 507 2686 deerat
521 2659 547 2685 in
560 2659 648 2690 editis,
660 2659 705 2686 sed
724 2659 821 2692 legitur
844 2660 870 2685 in
891 2659 955 2694 Reg.

206 2695 264 2720 asd.
282 2699 309 2720 et
322 2693 438 2720 Felckm.
455 2693 470 2719 7
484 2701 564 2720 anon.

206 2695 264 2721 asil.
282 2693 310 2720 et
322 2693 438 2721 Felckm.
455 2693 470 2719 7
484 2701 564 2720 anon.

219 2729 274 2763 (68)
292 2729 355 2763 lieg.
376 2728 511 2763 Βριττίας.
532 2727 614 2754 Paulo
640 2726 707 2753 infra
726 2727 790 2761 Reg.
818 2732 845 2754 et
874 2726 956 2755 Basil.

182 2762 418 2799 ἐπεμαρτύρησαν,
434 2763 477 2799 alii
493 2772 552 2790 curn
569 2763 646 2789 editis
661 2762 863 2799 ἐμαρτύρησαν.

220 2797 411 2834 (69)“ιιιέι]ίιιδ
427 2797 473 2824 καί
491 2800 576 2828 deest,
598 2806 647 2825 nos
672 2805 706 2823 ex
733 2797 799 2832 Reg.
825 2797 958 2832 supplevi~

184 2843 252 2861 lllllb‘.

219 2873 225 2894 t
232 2869 274 2898 70)
291 2868 328 2895 Τὰ
335 2868 438 2895 τοίνυν
445 2867 503 2895 ὑπὸ
512 2867 672 2894 τοσούτων.
681 2866 726 2894 Sic
739 2866 803 2899 lica.
815 2872 842 2894 et
853 2867 888 2894 ita
897 2866 960 2899 legit

1014 2269 1122 2305 quidem
1134 2268 1241 2295 illorum
1254 2267 1413 2301 pmnitentia
1426 2266 1550 2293 danmari
1559 2285 1567 2297 ,
1577 2273 1625 2293 eos
1637 2269 1725 2292 autem
1741 2265 1787 2299 qui

1015 2323 1030 2342 a
1047 2322 1076 2342 se
1095 2314 1191 2348 injuria
1216 2312 1303 2340 all'ecti
1319 2312 1426 2338 fuerant
1445 2311 1570 2338 innoxios
1584 2310 1727 2337 declarari.
1746 2310 1788 2336 ld-

1012 2362 1086 2388 circo
1102 2360 1129 2386 in
1142 2359 1297 2387 Sardicensi
1314 2358 1417 2392 synodo
1433 2357 1548 2392 depositi
1565 2361 1638 2388 sunt,
1661 2356 1698 2383 uti
1711 2363 1784 2390 supe-

1012 2407 1069 2434 rius
1084 2406 1148 2438 dixi,
1162 2409 1190 2432 et
1202 2405 1263 2438 jure
1279 2404 1388 2438 quidem
1403 2412 1409 2429 :
1426 2411 1486 2429 nam
1500 2404 1540 2430 sic
1555 2402 1619 2430 olim
1643 2401 1788 2432 Pharisaei,

1012 2453 1075 2479 dum
1089 2451 1200 2478 Paulum
1215 2449 1401 2482 defenderent,
1421 2456 1497 2476 suam
1514 2447 1726 2481 Judaeorumque
1739 2448 1788 2474 ad-

1013 2506 1107 2526 versus
1124 2497 1198 2524 illum
1216 2496 1432 2531 conjurationem
1455 2494 1653 2530 patefecerunt.
1666 2492 1706 2520 lta
1722 2494 1788 2520 bea-

1008 2554 1075 2581 Nan.
1091 2552 1172 2579 Basil.
1185 2552 1218 2578 τὰ
1229 2551 1275 2579 νῦν
1289 2551 1342 2577 ὑπὸ
1355 2549 1499 2577 τοσούτων.
1521 2549 1590 2576 Editi
1612 2555 1675 2575 vero
1690 2547 1724 2574 τὰ
1743 2547 1788 2574 νῦν

1008 2588 1071 2625 περὶ
1083 2587 1226 2614 τοσούτων.
1242 2588 1306 2619 Qua:
1320 2587 1397 2613 lectio
1412 2585 1508 2625 1&“Vt-JV
1518 2604 1529 2625 ,Δ
1544 2585 1564 2611 si
1579 2583 1694 2625 genuinus
1707 2588 1788 2625 esset,

1009 2618 1107 2651 no'vum
1138 2618 1325 2656 argumentum
1343 2620 1534 2656 suppeditaret
1562 2620 1595 2645 ad
1622 2618 1788 2656 probandum

1012 2659 1080 2686 hanc
1105 2653 1256 2691 Apologiam
1290 2653 1444 2691 paulorpost
1458 2653 1788 2691 Sardicensem-synodum

1012 2694 1095 2720 fuisse
1119 2685 1309 2725 conscriptam,
1336 2685 1391 2716 sed'
1406 2690 1491 2724 magis
1514 2689 1617 2715 arridet
1645 2685 1720 2722 Regii
1750 2687 1788 2713 le-

1011 2729 1074 2755 ctio.

1047 2761 1103 2797 (7i)
1122 2759 1293 2797 ‘Elfsracro'i.
1306 2759 1355 2786 καὶ
1373 2757 1551 2797 magna
1578 2764 1637 2797 quae
1660 2755 1686 2782 in
1711 2755 1787 2797 editis

1012 2791 1122 2823 deerant
1138 2791 1257 2829 ei.mss.
1274 2794 1339 2829 Reg.
1367 2801 1393 2820 et
1417 2793 1496 2820 Busil.
1512 2793 1626 2819 mutuati
1644 2799 1747 2819 sumus.
1762 2791 1788 2817 lu

1013 2831 1095 2859 Basil.
1114 2831 1211 2863 legitur
1224 2828 1300 2861 αὖθις
1317 2828 1365 2864 pro
1379 2829 1475 2860 οὕτως.

1048 2866 1104 2898 (72)
1120 2865 1185 2900 Reg.
1196 2865 1293 2900 Βάλης.
1345 2878 1350 2884 -
