2031 3048
178 124 231 152 255

740 129 909 158 ΑΡοιοοιΑ
929 131 1068 160 CONTRA
1085 132 1247 162 ABIANOS.

1745 139 1798 167 254

178 183 308 211 παύονται
316 184 396 211 πάλιν
406 184 548 220 βασιλικὰς
559 186 643 218 ἀκοὰς
651 187 787 220 κινοῦντες
800 189 859 215 καθ’
872 190 944 226 ὴμῶι

993 201 998 221 ι
1016 192 1185 226 imperatoris
1204 200 1283 220 aures
1302 194 1445 222 adversum
1468 203 1518 223 nos
1540 203 1715 232 exasperare,
1746 207 1796 226 nec

176 230 205 255 οὐ
221 230 352 257 παύονται
380 233 530 267 γράφοντες
567 233 678 268 ὀλέθρου
700 236 867 270 γράμματα,
895 237 962 273 πρὸς

174 275 314 311 ἀναίρεσιν
326 277 474 304 ἐπισκόπου
485 278 531 305 τοῦ
547 278 596 314 τῆς
608 280 734 312 ἀσεϐείας
749 281 837 308 αὐτῶν
852 283 959 319 ἐχθροῦ.

174 321 259 348 Πάλιν
275 321 329 357 γὰρ
341 322 463 358 ἔγραψαν
474 325 531 356 τοῖς
547 324 685 359 βασιλεῦσι
698 327 757 353 κατ’
772 327 865 360 αὑτοῦ,
882 328 960 356 πάλιν

173 367 255 393 αὑτὸν
269 369 488 396 συσκευάσασθαι
503 371 642 405 βούλονται
652 392 659 403 ,
684 373 789 407 σφαγὰς
804 374 960 409 αίτιὼμενοι

175 412 212 448 μὴ
225 414 373 449 γενομένας
382 423 388 430 ·
404 416 483 443 πάλιν
498 417 580 443 αὑτὸν
600 418 727 452 φονεῦσαι
741 419 878 454 βούλονται
891 421 957 456 (78),

172 457 269 492 φόνους
284 460 440 496 αἰτιώμενοι
456 463 493 498 μὴ
510 463 689 498 γενομένους·
706 465 752 492 καὶ
775 466 836 492 τότε
850 466 905 502 γὰρ
926 467 959 494 ἃν

171 505 319 539 ἐφόνευσαν
338 507 535 541 διαὸἁλλοντες,
562 511 586 536 εί
602 511 639 546 μὴ
668 511 859 547 φιλανθρώπου
880 513 957 548 βασι-

171 549 238 582 λέως
255 551 385 588 ὲτύχομεν
397 561 404 568 ’
427 555 508 581 πάλιν
526 554 606 582 αὑτὸν
616 577 623 589 ,
647 558 689 583 ἴνα
703 558 733 584 τὺ
748 557 858 585 ἔλαττον
873 559 957 586 εῐπω-

172 604 231 630 μεν,
245 597 287 622 ἐπ’
302 597 453 634 ἐξοριστίαν
468 600 523 635 (79)
542 601 669 629 ἀπελθεῖν
693 604 849 637 ἐπείγονται
860 624 867 636 ,
889 613 957 640 συμ-

170 641 255 677 φορὰς
269 643 413 686 ὲξορίστων
427 645 465 678 ὼς
478 648 541 682 παρ’
556 648 638 675 αὑτοῦ
650 649 802 684 γενομένων
824 659 955 686 προσποι-

168 687 277 723 ούμενοι
290 681 407 726 θρηνέῖν.
426 692 481 719 Καὶ
498 681 626 729 θρηνοῦσι
645 681 693 729 μὲν
714 681 777 731 παρ’
792 681 857 731 ἡμῖν
869 697 902 723 τὰ
918 697 954 733 μὴ

167 733 310 768 γενόμενα,
337 735 387 761 οὐκ
411 737 558 772 ἀρκοῦνται
581 739 609 765 δὲ
634 741 690 772 τοῖς
715 743 871 777 γενομένοις
894 745 954 771 κατ’

167 779 264 805 αὑτοῦ·
281 780 348 808 ἀλλὰ
363 782 409 808 καὶ
425 783 538 820 δεύτερα
555 786 602 812 καὶ
615 787 725 822 χείρονα
742 788 796 823 (80)
815 791 953 825 προσάψαι

167 825 325 860 βούλονται,
338 827 424 860 οὕτως
445 830 498 856 είσὶ
521 832 603 866 πρᾶοι
625 833 671 858 καὶ
688 833 888 870 φιλάνθρωποι.
907 837 954 864 καὶ

165 871 211 897 τὸν
227 872 326 908 τρόπον
340 874 470 907 ἐπιεικεῖς
482 884 488 891 ι
504 876 604 911 μᾶλλον
625 877 653 904 δὲ
672 878 820 914 (εἰρήσεται
835 881 889 916 γὰρ
905 883 952 908 τά·

165 917 256 954 ληΘές)
274 920 388 955 πονηροὶ
402 921 450 948 καὶ
464 923 573 958 πικροὶ,
590 925 636 951 καὶ
658 925 689 951 ἐκ
707 925 796 960 φόϐων
815 926 861 952 καὶ
876 927 953 953 ἀπει-

164 963 229 996 λῶν,
244 965 261 1000 ἢ
277 965 306 997 ἐξ
318 966 458 999 εὐσεϐείας
475 968 522 994 καὶ
541 970 692 1002 ἐπιεικείας
704 990 710 1002 ,
728 970 745 997 ἃ
769 972 824 1003 τοῖς
840 972 952 999 ὲπισκόυ

165 1017 225 1041 ποις
241 1010 350 1045 πρέπει,
365 1011 526 1047 τιμώμενοι.
545 1010 596 1040 υἷα
614 1014 668 1050 γὰρ
688 1015 753 1050 μηδὲ
769 1015 823 1042 τῶν
847 1016 898 1049 ἔξω
910 1025 952 1049 τις

163 1055 390 1092 φιλοπραγμόνων
403 1058 559 1093 φθέγξαιτο,
572 1060 682 1088 τοιαῦτα
698 1063 808 1098 ῥήματα
819 1063 950 1099 καταχέαι

161 1102 368 1138 τετολμήκασιν,
383 1101 420 1131 ὦν
433 1106 501 1140 πρὸς
515 1107 577 1138 τοὺς
595 1107 722 1141 βασιλέας
738 1108 870 1144 ἔγραψαν.
894 1110 950 1137 Καὶ

160 1148 293 1176 τοσούτων
311 1151 399 1184 φόνων
416 1152 462 1178 καὶ
487 1153 597 1188 σφαγῶν
618 1155 810 1190 κατηγόρησαν
829 1156 880 1183 οὐκ
903 1157 949 1183 ἐπὶ

160 1195 304 1230 ἡγεμόνος,
330 1197 380 1224 οὐκ
403 1197 446 1224 ἐπ’
474 1198 554 1225 ἄλλου
578 1200 650 1232 τινος
673 1201 803 1236 μείζονος,
828 1202 885 1228 ἀλλ’
902 1203 949 1230 ἐπὶ

159 1240 214 1267 τῶν
236 1241 397 1276 Αὑγούστων
420 1244 474 1271 τῶν
490 1245 589 1280 τριῶν·
615 1246 675 1273 οὐδὲ
699 1248 767 1283 πρὸς
782 1248 816 1274 τὰ
835 1249 947 1284 διαστή-

161 1294 233 1321 ματα
251 1287 305 1314 τῶν
315 1288 383 1315 ὁδῶν
397 1289 613 1325 ἀποκνήσαντες,
630 1292 710 1327 μόνον
722 1293 765 1320 ἵνα
779 1295 868 1322 πάντα
886 1295 947 1330 μεί-

158 1331 223 1364 ζονα
239 1333 403 1370 δικαστήρια
425 1336 474 1371 τῆς
498 1338 664 1374 κατηγορίας
680 1339 770 1366 αὐτῶν
790 1341 944 1377 ἐμπλησθῇ.

158 1378 316 1415 Κατηγορία
341 1380 395 1416 γὰρ
410 1381 517 1417 άληθῶς
529 1403 536 1415 ,
556 1384 707 1419 ἀγαπητοὶ,
729 1386 762 1412 τὰ
777 1388 843 1421 παρ’
856 1387 944 1414 αὐτῶν

157 1425 300 1461 γενόμενα,
319 1428 366 1454 κα¹ι
379 1428 473 1455 πασῶν
489 1430 619 1458 ἀνωτάτω
639 1433 790 1468 κατηγορία
801 1442 807 1448 ·
825 1434 892 1460 ὃπου
910 1443 941 1468 γε

157 1471 204 1497 καὶ
221 1472 329 1499 πάντων
342 1473 396 1500 τῶν
412 1474 590 1510 ἀνθρωπίνων
607 1477 737 1505 ἀνωτάτω
760 1479 794 1506 τὰ
817 1480 944 1516 δικαστή-

158 1525 213 1552 ρια.
231 1518 263 1543 Τί
277 1518 331 1554 γὰρ
347 1519 411 1546 ἄλλο
425 1519 501 1552 τέλος
516 1521 564 1556 τῆς
587 1522 634 1549 ἐπὶ
656 1523 761 1556 τούτοις
783 1525 941 1559 ἐξετάσεως,
957 1539 978 1568 C

155 1562 172 1597 ἢ
190 1563 303 1596 Θάνατος
319 1565 351 1591 ἐκ
367 1565 508 1601 βασιλικῆς
525 1567 658 1603 κινήσεως
669 1569 853 1604 ἐπαγόμενοςς

188 1652 215 1680 4.
232 1653 337 1681 Οὐκοῦν
359 1655 389 1681 οὐ
411 1655 445 1682 τὰ
459 1656 534 1692 παρὰ
555 1657 723 1690 ’Λθανασίου,
750 1659 816 1686 ἀλλὰ
830 1659 864 1686 τὰ
878 1662 942 1696 παρ’

153 1700 243 1727 αὐτῶν
266 1702 406 1737 γινόμενα.
425 1702 523 1738 θρήνου
542 1703 589 1730 καὶ
611 1704 733 1740 οἰμωγῆς
746 1705 818 1737 ἄξια.
837 1706 942 1733 Οὐκοῦν

153 1746 249 1777 αὐτοὺς
265 1747 364 1782 μᾶλλον
385 1747 417 1774 ἄν
433 1756 475 1780 τις
493 1748 605 1780 δικαίως
629 1748 788 1785 θρηνήσειεν
799 1759 805 1766 ’
821 1751 867 1777 ἐπὶ
881 1752 941 1778 τού-

151 1798 208 1822 τοις
223 1790 278 1827 γὰρ
295 1791 437 1828 ὀδύρεσθαι
456 1794 508 1829 χρή
523 1802 528 1808 ·
544 1794 605 1820 ἐπεὶ
629 1795 676 1821 καὶ
693 1795 867 1831 γέγραπται*
890 1797 938 1832 Μὴ

151 1836 269 1864 κλαίετε
276 1837 328 1864 τὸν
336 1839 507 1872 τεθνηκότα,
511 1839 587 1874 μήτε
597 1841 729 1874 θρηνεῖτε
738 1843 840 1868 αὐτόν·
852 1844 940 1870 κλαύ-

150 1890 224 1909 σατε
232 1884 373 1918 κλαυθμῷ
380 1885 526 1919 τὸνὲχποι
531 1886 686 1921 sequerer,
693 1886 737 1913 ὅτι
745 1888 799 1914 οὐκ
807 1888 939 1922 ἐπιστρέ-

149 1929 201 1962 ψει
222 1929 276 1956 ἔτι.
299 1929 376 1956 Πᾶσα
398 1929 452 1966 γὰρ
465 1930 554 1957 αὐτῶν
570 1932 586 1966 ἡ
604 1931 732 1967 ἐπιστολὴ
753 1932 827 1959 οὐδὲν
843 1932 935 1968 ἄλλοῆ

150 1975 218 2010 πρὸς
243 1975 356 2002 θάνατον
376 1977 428 2012 ὁρᾷ
439 1985 445 1991 ·
470 1977 518 2004 καὶ
534 1977 656 2012 φονεύειν
674 1978 871 2014 ἐπιχειροῦσιν.
888 1979 936 2005 ἑὰν

149 2021 353 2058 συγχωρῶνται,
367 2023 413 2050 καὶ
429 2025 515 2050 ποιεῖν
528 2023 692 2060 ὲξορίστους.
704 2025 935 2062 Συνεχωρήθησαν

147 2067 212 2104 γὰρ,
226 2068 272 2094 τοῦ
288 2068 492 2103 θεοφιλεστάτου
511 2071 613 2106 πατρὸς
636 2070 691 2098 τῶν
714 2070 858 2106 βασιλέων,
873 2073 934 2100 ἀντὶ

147 2112 274 2145 θανάτου,
294 2115 327 2149 τῇ
342 2114 485 2153 μεταθέσει
509 2115 555 2142 τοῦ
570 2115 653 2142 τόπου
677 2116 722 2143 τὸν
743 2117 827 2153 θυμὸν
845 2118 933 2149 αὐτῶν

145 2159 340 2193 ὲκπλήσαντος.
357 2160 448 2187 Ταῦτα
466 2161 521 2197 γὰρ
544 2162 599 2198 (81)
613 2164 654 2189 ὅτι
678 2163 745 2199 μηδὲ
765 2163 849 2198 ψιλῶν
867 2164 933 2201 Χρι-

1014 238 1138 265 desinunt
1148 239 1335 273 sanguinarias
1347 240 1450 268 litteras
1460 242 1591 274 scribere,
1602 247 1630 270 nt
1640 244 1796 279 episcopum

1013 282 1159 317 impietatis
1167 292 1222 311 suae
1235 285 1372 312 inimicum
1384 285 1418 313 de
1433 288 1520 314 medio
1540 288 1642 316 tollant.
1653 288 1721 316 Nam
1734 298 1797 317 rur-

1012 336 1057 356 sus
1072 329 1178 357 litteras
1194 331 1323 359 adversus
1341 331 1414 359 illum
1444 333 1476 360 ad
1497 334 1673 368 imperatores
1684 336 1794 368 misere,

1012 383 1104 402 rursus
1119 376 1144 402 in
1158 376 1231 402 illum
1245 377 1403 411 conspirare
1421 378 1528 412 volunt,
1547 379 1690 407 homicidia
1706 382 1731 408 ei
1748 383 1797 409 ob-

1007 420 1130 454 jicientes
1145 429 1279 456 nunquam
1297 427 1447 457 perpetrata
1464 431 1472 456 ;
1495 432 1601 451 rursum
1627 425 1700 453 illum
1723 428 1796 454 occi-

1010 466 1074 493 dere
1086 471 1225 501 satagunt,
1237 468 1324 494 eiedes
1337 468 1373 495 illi
1392 469 1567 503 itnputantes,
1581 479 1641 505 qua:
1657 479 1794 507 nunquam

1010 510 1086 538 iactae
1101 517 1172 539 sunt.
1193 513 1268 540 Tunc
1294 513 1366 540 enim
1391 514 1463 542 illum
1484 515 1625 543 calumniis
1641 517 1697 544 suis
1709 517 1795 545 inter-

980 553 982 556 ’
1008 556 1150 590 fecissem,
1170 559 1221 585 nisi
1237 559 1385 586 humanum
1401 560 1588 595 imperatorem
1606 563 1678 590 nacti
1697 563 1796 592 fuisse-

1009 610 1067 630 mus
1088 612 1094 630 :
1113 611 1206 631 rursus
1222 604 1307 637 illum,
1326 610 1355 631 ut
1374 606 1444 639 quod
1463 606 1553 633 minus
1573 613 1616 635 est
1634 609 1792 642 referamus,

1008 648 1034 674 in
1062 649 1185 676 exsilium
1209 657 1289 685 agere
1308 651 1438 684 student,
1460 653 1581 680 exsulum
1612 655 1790 688 calamitates.

1006 695 1080 728 quasi
1095 695 1152 730 ipse
1164 703 1255 723 earum
1268 701 1362 724 auctor
1375 702 1456 731 esset,
1471 706 1500 726 se
1508 698 1608 727 deﬂere
1622 700 1790 730 simulantes.

1007 739 1039 766 Et
1057 747 1089 767 ea
1104 742 1212 775 quidem
1229 741 1370 777 deplorant
1392 751 1453 778 qua:
1467 752 1481 771 a
1505 745 1581 772 nobis
1597 753 1731 781 nunquam
1748 756 1792 783 pa—

1005 789 1075 813 trata
1094 791 1154 814 sunt
1174 796 1181 813 :
1202 795 1252 815 nec
1271 793 1359 816 tamen
1381 789 1446 824 ipsis
1465 791 1531 818 satis
1550 797 1624 824 sunt,
1645 800 1712 827 quas
1732 795 1792 823 viro

1006 833 1119 860 intulere
1132 833 1321 867 calamitates;
1337 836 1384 863 sed
1405 844 1473 863 nova
1495 843 1522 864 et
1542 839 1677 867 atrociora
1694 841 1725 867 iis
1743 843 1790 867 anl-

970 866 990 893 Β
1004 879 1068 906 dere
1085 884 1225 914 exoptant,
1239 888 1358 915 eousque
1392 883 1523 910 mansueti
1541 889 1617 917 sunt,
1635 885 1745 914 humani
1763 892 1790 914 ct

1002 924 1087 958 aequis
1104 925 1222 953 moribus
1237 933 1244 951 :
1261 925 1314 952 imo
1327 927 1427 960 potius,
1443 932 1472 954 ut
1486 936 1549 956 vere
1563 929 1678 963 dicatur,
1692 930 1791 966 itnpl'ty

1003 968 1030 996 bi
1045 973 1072 995 et
1088 969 1233 1002 immanes,
1245 971 1291 1005 qui
1302 972 1451 1000 terroribus
1466 977 1492 999 et
1509 973 1601 1006 minis,
1611 975 1696 1010 magis
1706 985 1787 1010 quant

1001 1014 1101 1049 pietate
1114 1019 1141 1042 et
1154 1016 1294 1050 aequitate,
1322 1024 1381 1051 qua:
1397 1018 1538 1052 episcopos
1551 1020 1664 1052 decent,
1680 1023 1788 1049 student

1002 1060 1140 1088 honorari.
1162 1061 1236 1088 Talia
1260 1062 1358 1096 quippe
1376 1064 1457 1091 verba
1479 1064 1505 1090 in
1518 1065 1576 1091 suis
1588 1065 1621 1092 ad
1635 1065 1786 1100 imperato-

1001 1114 1043 1134 res
1061 1107 1181 1141 epistolis
1196 1106 1272 1135 eli-ari
1297 1109 1356 1136 ausi
1373 1114 1446 1142 sunt,
1464 1110 1554 1145 qualia
1575 1118 1608 1138 ne
1630 1118 1786 1140 exterarum

999 1152 1130 1187 quispiam
1162 1152 1282 1188 litigator
1306 1153 1413 1182 locutus
1436 1155 1527 1182 fuerit.
1555 1156 1588 1182 Et
1615 1161 1653 1183 tot
1671 1158 1785 1184 caedium

997 1198 1262 1234 bomicidiorumque
1276 1207 1337 1227 eum
1358 1205 1533 1233 accusarunt,
1553 1209 1604 1229 non
1629 1203 1698 1238 apud
1715 1211 1786 1238 pra--

997 1243 1093 1277 sitiem,
1108 1252 1157 1271 nec
1170 1246 1240 1280 apud
1256 1245 1373 1280 aliquem
1390 1246 1436 1274 illo
1451 1247 1620 1282 superiorem
1634 1267 1641 1280 ,
1655 1249 1783 1283 sedapud

998 1292 1052 1316 tres
1068 1289 1217 1325 Augustos.
1234 1289 1289 1318 Nee
1305 1291 1366 1320 illos
1379 1293 1537 1321 deterruere
1551 1294 1657 1323 viarum
1670 1294 1785 1329 longiluo

996 1334 1083 1367 dines,
1097 1343 1130 1362 eo
1143 1335 1230 1363 solum
1248 1341 1277 1363 ut
1290 1337 1379 1364 omnia
1400 1338 1500 1373 majora
1524 1340 1668 1368 tribunalia
1690 1342 1784 1369 crimi-

995 1381 1152 1409 nationibus
1172 1382 1228 1410 suis
1249 1383 1403 1418 implerent.
1420 1385 1632 1414 Crimiuationes
1647 1389 1720 1415 enim
1739 1396 1782 1416 re-

995 1434 1056 1454 vera
1070 1433 1144 1459 sunt.
1160 1428 1250 1456 dilecti
1274 1430 1371 1461 nostri.
1394 1439 1455 1466 quae
1474 1432 1524 1467 ipsi
1545 1434 1685 1468 proferunt
1701 1444 1708 1462 :
1724 1435 1780 1462 imo

993 1472 1155 1506 gravissima
1176 1475 1296 1502 omnium
1327 1477 1481 1505 criminatio
1504 1487 1512 1505 :
1536 1479 1635 1514 quippe
1659 1483 1781 1508 omnium

995 1517 1173 1545 humanorum
1189 1513 1314 1554 suprema
1331 1526 1393 1548 sunt
1414 1522 1457 1549 illa
1476 1513 1635 1557 tribunalia;
1651 1534 1780 1561 quorsum

995 1564 1067 1590 enim
1089 1563 1223 1597 ejusmodi
1245 1566 1457 1601 disquisitiones,
1477 1569 1528 1595 nisi
1552 1575 1580 1596 ut
1597 1570 1658 1606 quis
1673 1579 1688 1598 a
1706 1579 1779 1599 com-

995 1613 1066 1636 moto
1079 1609 1242 1644 imperatore
1262 1617 1348 1639 tnorte
1364 1612 1511 1640 multetur?

1030 1656 1108 1691 ιοο
1127 1656 1153 1683 4.
1173 1656 1265 1692 itaque
1281 1659 1496 1692 nonAthanasii,
1523 1660 1568 1687 sed
1585 1660 1691 1688 illorum
1707 1661 1778 1689 facta

993 1700 1064 1728 luctu
1082 1710 1113 1729 ac
1123 1703 1225 1737 gemitu
1241 1704 1320 1737 digna
1334 1710 1408 1731 sunt.
1430 1705 1599 1740 Quapropter
1611 1707 1671 1735 illos
1685 1709 1776 1742 potius

988 1747 1051 1782 jure
1067 1750 1128 1783 quis
1144 1749 1306 1784 deplorarit;
1326 1750 1398 1784 ipsos
1410 1753 1509 1786 quippe
1525 1753 1624 1780 deﬂere
1637 1755 1776 1787 convertit,

990 1801 1051 1820 cum
1070 1794 1202 1829 scriptutn
1218 1795 1254 1822 sit
1268 1803 1275 1822 :
1290 1794 1381 1822 Nolite
1395 1797 1458 1830 [iere
1478 1804 1621 1830 mortuum,
1638 1806 1719 1833 neque
1732 1799 1776 1825 lu-

988 1840 1072 1874 geatt's
1088 1848 1166 1872 eum;
1181 1840 1226 1867 sed
1239 1842 1353 1876 plangite
1366 1850 1424 1868 eunt
1440 1843 1485 1877 qui
1496 1844 1640 1878 egreditur,
1650 1845 1710 1879 quia
1723 1853 1775 1872 non

989 1890 1130 1912 revertetur
1146 1886 1258 1913 ultra".
1276 1887 1343 1914 Tota
1358 1888 1430 1914 enim
1446 1889 1553 1916 illormu
1568 1890 1682 1924 epistola
1707 1891 1774 1918 nihil

988 1932 1059 1959 aliud
1077 1940 1157 1967 quam
1174 1941 1268 1960 necem
1281 1938 1402 1967 spectat;
1418 1941 1450 1961 ac
1462 1934 1483 1962 si
1499 1935 1590 1968 liceat,
1607 1936 1773 1969 interficere,

987 1982 1034 2003 aut
1047 1977 1142 2004 saltem
1158 1978 1267 2005 exsules
1279 1979 1370 2006 facere
1382 1984 1527 2013 conantur,
1543 1981 1615 2015 quod
1629 1986 1656 2008 et
1674 1989 1688 2008 a
1708 1982 1772 2009 reli-

985 2023 1141 2059 giosissime
1156 2025 1349 2059 imperatorum
1363 2030 1441 2060 patre
1457 2026 1649 2061 impetrarunt,
1665 2029 1710 2063 qui
1723 2037 1774 2063 pro

985 2077 1050 2097 nece
1065 2077 1144 2104 quam
1161 2071 1342 2105 postulabant,
1355 2071 1412 2106 ejus
1427 2073 1521 2100 exsilio
1534 2080 1627 2101 eorum
1642 2075 1708 2102 iram
1722 2082 1767 2102 sa-

986 2116 1071 2143 tiavit.
1085 2116 1147 2144 Haec
1158 2116 1201 2144 vel
1216 2117 1376 2152 simpliciter
1389 2117 1607 2147 Christianorum
1628 2128 1679 2148 non
1696 2129 1768 2155 esse,

984 2169 1046 2189 raro
1059 2163 1200 2197 gentilium
1210 2183 1217 2196 ,
1231 2164 1327 2190 nedutu
1342 2163 1540 2198 episcoporum,
1553 2167 1652 2200 quibus
1664 2168 1769 2195 incum-

145 2204 260 2231 στιανῶν
275 2205 353 2241 ἔργα.
370 2206 490 2239 σπανίως
506 2207 534 2234 δὲ
549 2208 594 2235 καὶ
609 2208 737 2243 ἐθνικῶν,
752 2211 815 2246 μήτι
827 2219 858 2245 γε
871 2212 931 2239 ἐπι-

993 2208 1022 2235 )ἰι
1046 2208 1181 2243 justitiam
1210 2209 1277 2236 alios
1306 2210 1436 2244 edocere;
1465 2216 1581 2238 vestram
1608 2212 1635 2238 in
1661 2213 1768 2240 Christo

145 2251 263 2284 σκόπων,
275 2252 426 2279 δοκούντων
436 2254 482 2280 καὶ
496 2254 558 2286 τοὺς
575 2255 672 2287 ἄλλους
691 2256 726 2282 τὰ
745 2256 836 2283 δίκαια
857 2258 932 2285 διδά-

143 2304 229 2329 σκειν,
245 2298 360 2334 συνορᾶν
375 2298 451 2334 ὑμῶν
465 2298 514 2335 τὴν
524 2300 553 2326 ἑν
563 2300 673 2336 Χριστῷ
686 2302 838 2338 συνείδησιν
849 2303 930 2339 ἡγού-

143 2342 228 2377 μεθα·
247 2342 306 2375 πῶς
321 2343 374 2380 γὰρ
389 2345 413 2371 οἱ
435 2345 498 2377 τοὺς
521 2345 617 2378 ἄλλους
640 2346 790 2379 κωλύοντες
813 2357 929 2385 κατηγορ

141 2388 209 2422 ρείν,
227 2389 304 2415 αὐτοὶ
318 2390 463 2426 κατήγοροι
478 2391 524 2418 καὶ
548 2392 629 2428 μέχρι
647 2392 777 2427 βασιλέων
790 2394 926 2428 γίνονται;

140 2432 199 2465 πῶς
212 2434 236 2460 οἱ
251 2435 392 2471 συμφορὰς
406 2436 490 2464 ὲλεεῖν
506 2437 685 2470 διδάσκοντες,
705 2439 765 2466 οὐδὲ
781 2440 850 2475 μετὰ
875 2441 924 2477 τὴν

140 2478 196 2514 (82)
208 2479 357 2515 ἐξοριστίαν
379 2481 456 2516 ἡμῶν
480 2482 661 2518 ήσυχάζουσι;
678 2484 774 2516 Κοινὸς
797 2485 851 2522 γὰρ
876 2487 924 2520 γέ-

138 2533 217 2558 γονεν
228 2526 305 2561 ἡμῶν
314 2527 367 2554 τῶν
378 2528 533 2555 ἐπισκόπων
541 2530 762 2565 ὁμολογουμένως
769 2531 911 2568 ὲξορισμός
919 2543 926 2549 ·

139 2571 186 2597 καὶ
203 2572 301 2604 πάντες
317 2573 430 2605 ἑαυτοὺς
443 2574 597 2609 ὲξορίστους
619 2575 746 2611 εἴχομεν,
764 2577 811 2604 καὶ
825 2577 871 2604 νῦν
888 2579 926 2611 ὡς

139 2619 188 2645 σὺν
210 2619 360 2656 Ἀθανασίῳ
384 2622 445 2653 ταῖς
475 2622 602 2658 πατρίσιν
628 2623 818 2657 ἁποδοθέντας,
843 2625 924 2653 πάλιν

173 2686 195 2702 ⁷⁸
211 2685 312 2714 Jerem.
323 2695 391 2719 xxu,
405 2687 449 2714 10.

184 2753 228 2792 2'8)
243 2753 515 2792 ἤρθη-βουλεύονται.
527 2752 607 2792 Ιξιιίιμί,
625 2750 774 2792 βούλονται.

184 2753 228 2785 Ἷ8)
243 2753 319 2788 Reg.,
335 2753 515 2789 βουλεύονται.
527 2752 607 2782 Editi.
625 2752 774 2786 βούλονται.

170 2752 226 2823 in)
253 2788 299 2816 Sit:
324 2789 390 2824 ιιεδ.
419 2793 446 2816 et
469 2787 552 2815 Bastl.
580 2788 648 2814 Edui
674 2794 757 2821 vero,
785 2789 829 2814 ἐπ’
859 2789 917 2823 ego.

133 2823 226 2894 Pi(alii)
241 2857 268 2886 in
283 2857 348 2894 Reg.
363 2859 409 2886 καί
427 2860 503 2888 deest
517 2863 580 2886 ante
595 2857 714 2894 χείρονα.

981 2255 1176 2282 conscientiam
1192 2256 1347 2290 perspicere
1356 2256 1534 2283 arbitramur.
1544 2258 1683 2290 Quomodo
1695 2261 1766 2286 enim

979 2301 1025 2336 qui
1039 2301 1107 2330 alios
1122 2302 1155 2329 ab
1169 2302 1348 2330 obtrectando
1365 2302 1516 2335 deterrent,
1536 2303 1585 2338 ipsi
1601 2304 1766 2333 obtrectato-

979 2357 1034 2383 res,
1043 2350 1123 2378 etiam
1132 2350 1201 2385 apud
1211 2351 1387 2385 imperatores
1393 2358 1454 2379 sese
1460 2351 1623 2379 exhibeant?
1631 2354 1766 2387 quomodo

978 2399 1049 2424 enim
1066 2397 1111 2432 qui
1135 2398 1285 2425 alienarum
1306 2397 1492 2425 calamitatum
1513 2398 1635 2426 misereri
1653 2399 1762 2432 docent,

978 2450 1012 2470 ne
1026 2449 1088 2479 post
1107 2448 1228 2471 nostrutn
1244 2444 1351 2478 quidem
1374 2444 1499 2472 exsilium
1516 2445 1681 2479 quiescunt?
1695 2446 1762 2473 Nam

978 2497 1121 2518 commune
1134 2491 1253 2518 omnium
1268 2495 1389 2518 nostrum
1406 2492 1596 2525 episcoporum
1615 2491 1694 2526 plane
1710 2491 1763 2521 fuit

976 2535 1100 2562 exsilium
1118 2544 1125 2562 :
1145 2542 1249 2570 nosque
1269 2536 1410 2563 universos
1423 2535 1500 2570 quasi
1521 2535 1630 2563 exsules
1650 2542 1759 2572 reputa-

975 2580 1075 2612 vimus,
1101 2584 1130 2607 et
1157 2587 1231 2606 nunc
1257 2587 1305 2606 nos
1328 2587 1389 2606 cum
1407 2579 1558 2606 Athanasio
1568 2579 1646 2613 quasi
1667 2580 1761 2614 patriae

974 2626 1115 2654 restitutos
1125 2626 1306 2660 arbitramur;
1316 2633 1348 2654 ac
1363 2626 1425 2654 loco
1441 2627 1562 2661 priorum
1575 2626 1759 2663 iacrymarum

1080 2758 1157 2797 Reg,
1175 2756 1221 2797 οὖν
1237 2767 1284 2794 pro
1305 2761 1358 2797 γάρ

1007 2794 1155 2837 (82λΜετᾲ
1165 2794 1231 2837 τήνἔ
1248 2797 1292 2837 sic
1303 2794 1369 2832 Κείς.
1380 2801 1406 2825 et
1416 2796 1498 2825 Basii.
1510 2802 1537 2825 et
1551 2799 1586 2826 ita
1600 2800 1756 2837 legendum,

972 2838 1024 2858 non
1045 2836 1073 2856 ut
1086 2831 1149 2857 editi
1163 2831 1234 2857 κατὰ
1248 2832 1307 2867 τιήν.
