  <div class='ocr_page' id='page_1' title='image "/cluster/home/n/w/nwhite01/storage/ocr_20150623/25/njp.32101010944591/413.png"; bbox 0 0 2031 3048; ppageno 0'>
   <div class='ocr_carea' id='block_1_1' title="bbox 250 121 304 148">
    <p class='ocr_par' dir='ltr' id='par_1_1' title="bbox 250 121 304 148">
     <span class='ocr_line' id='line_1_1' title="bbox 250 121 304 148; baseline 0 0"><span class='ocrx_word' id='word_1_1' title='bbox 250 121 304 148; x_wconf 72' lang='grc'><strong>255</strong></span> 
     </span>
    </p>
   </div>
   <div class='ocr_carea' id='block_1_2' title="bbox 252 177 1065 218">
    <p class='ocr_par' dir='ltr' id='par_1_2' title="bbox 252 177 1065 218">
     <span class='ocr_line' id='line_1_2' title="bbox 252 177 1065 218; baseline -0.011 -8"><span class='ocrx_word' id='word_1_2' title='bbox 252 183 452 218; x_wconf 75' lang='lat' dir='ltr'><strong>gemituunque</strong></span> <span class='ocrx_word' id='word_1_3' title='bbox 465 179 561 214; x_wconf 75' lang='lat' dir='ltr'><strong>quibus</strong></span> <span class='ocrx_word' id='word_1_4' title='bbox 574 186 635 205; x_wconf 88' lang='lat' dir='ltr'><strong>eum</strong></span> <span class='ocrx_word' id='word_1_5' title='bbox 651 177 889 212; x_wconf 81' lang='lat' dir='ltr'><strong>prosequebamur,</strong></span> <span class='ocrx_word' id='word_1_6' title='bbox 905 183 1027 210; x_wconf 83' lang='lat' dir='ltr'><strong>magnam</strong></span> <span class='ocrx_word' id='word_1_7' title='bbox 1043 178 1065 205; x_wconf 78' lang='grc' dir='ltr'><strong>Α</strong></span> 
     </span>
    </p>
   </div>
   <div class='ocr_carea' id='block_1_3' title="bbox 254 220 1027 258">
    <p class='ocr_par' dir='ltr' id='par_1_3' title="bbox 254 220 1027 258">
     <span class='ocr_line' id='line_1_3' title="bbox 254 220 1027 258; baseline -0.012 -4"><span class='ocrx_word' id='word_1_8' title='bbox 254 227 337 254; x_wconf 78' lang='lat' dir='ltr'><strong>animi</strong></span> <span class='ocrx_word' id='word_1_9' title='bbox 352 225 470 252; x_wconf 66' lang='lat' dir='ltr'><strong>laetitiam</strong></span> <span class='ocrx_word' id='word_1_10' title='bbox 483 223 651 258; x_wconf 78' lang='lat' dir='ltr'><strong>gratiamque</strong></span> <span class='ocrx_word' id='word_1_11' title='bbox 668 222 830 255; x_wconf 75' lang='lat' dir='ltr'><strong>accepimus,</strong></span> <span class='ocrx_word' id='word_1_12' title='bbox 842 228 921 255; x_wconf 90' lang='lat' dir='ltr'><strong>quam</strong></span> <span class='ocrx_word' id='word_1_13' title='bbox 938 220 1027 246; x_wconf 77' lang='lat' dir='ltr'><strong>Domi-</strong></span> 
     </span>
    </p>
   </div>
   <div class='ocr_carea' id='block_1_4' title="bbox 254 266 1030 300">
    <p class='ocr_par' dir='ltr' id='par_1_4' title="bbox 254 266 1030 300">
     <span class='ocr_line' id='line_1_4' title="bbox 254 266 1030 300; baseline -0.01 -1"><span class='ocrx_word' id='word_1_14' title='bbox 254 279 305 299; x_wconf 85' lang='lat' dir='ltr'><strong>nus</strong></span> <span class='ocrx_word' id='word_1_15' title='bbox 318 269 496 300; x_wconf 77' lang='lat' dir='ltr'><strong>conscrvarit,</strong></span> <span class='ocrx_word' id='word_1_16' title='bbox 517 275 566 294; x_wconf 89' lang='lat' dir='ltr'><strong>nec</strong></span> <span class='ocrx_word' id='word_1_17' title='bbox 577 268 646 294; x_wconf 88' lang='lat' dir='ltr'><strong>sinat</strong></span> <span class='ocrx_word' id='word_1_18' title='bbox 664 274 722 293; x_wconf 84' lang='lat' dir='ltr'><strong>eam</strong></span> <span class='ocrx_word' id='word_1_19' title='bbox 733 267 766 293; x_wconf 77' lang='lat' dir='ltr'><strong>ab</strong></span> <span class='ocrx_word' id='word_1_20' title='bbox 780 266 938 293; x_wconf 84' lang='lat' dir='ltr'><strong>Eusebianis</strong></span> <span class='ocrx_word' id='word_1_21' title='bbox 952 273 1030 292; x_wconf 82' lang='lat' dir='ltr'><strong>ever-</strong></span> 
     </span>
    </p>
   </div>
   <div class='ocr_carea' id='block_1_5' title="bbox 255 312 1031 349">
    <p class='ocr_par' dir='ltr' id='par_1_5' title="bbox 255 312 1031 349">
     <span class='ocr_line' id='line_1_5' title="bbox 255 312 1031 349; baseline -0.009 -5"><span class='ocrx_word' id='word_1_22' title='bbox 255 319 286 345; x_wconf 84' lang='lat' dir='ltr'><strong>ti.</strong></span> <span class='ocrx_word' id='word_1_23' title='bbox 306 318 343 344; x_wconf 85' lang='lat' dir='ltr'><strong>Ac</strong></span> <span class='ocrx_word' id='word_1_24' title='bbox 359 317 420 342; x_wconf 86' lang='lat' dir='ltr'><strong>licet</strong></span> <span class='ocrx_word' id='word_1_25' title='bbox 441 315 548 349; x_wconf 83' lang='lat' dir='ltr'><strong>quidem</strong></span> <span class='ocrx_word' id='word_1_26' title='bbox 564 321 626 340; x_wconf 84' lang='lat' dir='ltr'><strong>vera</strong></span> <span class='ocrx_word' id='word_1_27' title='bbox 650 313 832 348; x_wconf 75' lang='lat' dir='ltr'><strong>fuissmttqua:</strong></span> <span class='ocrx_word' id='word_1_28' title='bbox 853 313 889 339; x_wconf 86' lang='lat' dir='ltr'><strong>illi</strong></span> <span class='ocrx_word' id='word_1_29' title='bbox 906 312 1031 346; x_wconf 76' lang='lat' dir='ltr'><strong>obiecere</strong></span> 
     </span>
    </p>
   </div>
   <div class='ocr_carea' id='block_1_6' title="bbox 255 357 1032 392">
    <p class='ocr_par' dir='ltr' id='par_1_6' title="bbox 255 357 1032 392">
     <span class='ocr_line' id='line_1_6' title="bbox 255 357 1032 392; baseline -0.008 -4"><span class='ocrx_word' id='word_1_30' title='bbox 255 361 381 391; x_wconf 82' lang='lat' dir='ltr'><strong>crimina,</strong></span> <span class='ocrx_word' id='word_1_31' title='bbox 399 360 462 386; x_wconf 91' lang='lat' dir='ltr'><strong>illud</strong></span> <span class='ocrx_word' id='word_1_32' title='bbox 482 364 570 385; x_wconf 87' lang='lat' dir='ltr'><strong>tamen</strong></span> <span class='ocrx_word' id='word_1_33' title='bbox 584 358 660 392; x_wconf 85' lang='lat' dir='ltr'><strong>culpa</strong></span> <span class='ocrx_word' id='word_1_34' title='bbox 679 366 734 385; x_wconf 92' lang='lat' dir='ltr'><strong>non</strong></span> <span class='ocrx_word' id='word_1_35' title='bbox 751 361 870 389; x_wconf 85' lang='lat' dir='ltr'><strong>vacaret,</strong></span> <span class='ocrx_word' id='word_1_36' title='bbox 885 357 955 391; x_wconf 90' lang='lat' dir='ltr'><strong>quod</strong></span> <span class='ocrx_word' id='word_1_37' title='bbox 969 364 1032 383; x_wconf 88' lang='lat' dir='ltr'><strong>con-</strong></span> 
     </span>
    </p>
   </div>
   <div class='ocr_carea' id='block_1_7' title="bbox 257 402 1032 437">
    <p class='ocr_par' dir='ltr' id='par_1_7' title="bbox 257 402 1032 437">
     <span class='ocr_line' id='line_1_7' title="bbox 257 402 1032 437; baseline -0.006 -4"><span class='ocrx_word' id='word_1_38' title='bbox 257 412 297 433; x_wconf 81' lang='lat' dir='ltr'><strong>tra</strong></span> <span class='ocrx_word' id='word_1_39' title='bbox 321 406 535 433; x_wconf 83' lang='lat' dir='ltr'><strong>Christianorum</strong></span> <span class='ocrx_word' id='word_1_40' title='bbox 559 409 671 436; x_wconf 86' lang='lat' dir='ltr'><strong>statuta,</strong></span> <span class='ocrx_word' id='word_1_41' title='bbox 692 405 773 430; x_wconf 91' lang='lat' dir='ltr'><strong>etiam</strong></span> <span class='ocrx_word' id='word_1_42' title='bbox 798 407 859 437; x_wconf 88' lang='lat' dir='ltr'><strong>post</strong></span> <span class='ocrx_word' id='word_1_43' title='bbox 884 402 972 430; x_wconf 73' lang='lat' dir='ltr'><strong>exsilii</strong></span> <span class='ocrx_word' id='word_1_44' title='bbox 997 410 1032 428; x_wconf 70' lang='lat' dir='ltr'><strong>aa-</strong></span> 
     </span>
    </p>
   </div>
   <div class='ocr_carea' id='block_1_8' title="bbox 257 447 1033 483">
    <p class='ocr_par' dir='ltr' id='par_1_8' title="bbox 257 447 1033 483">
     <span class='ocr_line' id='line_1_8' title="bbox 257 447 1033 483; baseline -0.008 -4"><span class='ocrx_word' id='word_1_45' title='bbox 257 460 376 482; x_wconf 86' lang='lat' dir='ltr'><strong>rumnas,</strong></span> <span class='ocrx_word' id='word_1_46' title='bbox 402 459 506 477; x_wconf 84' lang='lat' dir='ltr'><strong>rursum</strong></span> <span class='ocrx_word' id='word_1_47' title='bbox 533 450 655 476; x_wconf 88' lang='lat' dir='ltr'><strong>eumdem</strong></span> <span class='ocrx_word' id='word_1_48' title='bbox 692 448 819 483; x_wconf 73' lang='lat' dir='ltr'><strong>aggressi,</strong></span> <span class='ocrx_word' id='word_1_49' title='bbox 842 447 914 474; x_wconf 92' lang='lat' dir='ltr'><strong>illum</strong></span> <span class='ocrx_word' id='word_1_50' title='bbox 935 449 968 474; x_wconf 91' lang='lat' dir='ltr'><strong>de</strong></span> <span class='ocrx_word' id='word_1_51' title='bbox 981 455 1033 474; x_wconf 72' lang='lat' dir='ltr'><strong>ctu-</strong></span> 
     </span>
    </p>
   </div>
   <div class='ocr_carea' id='block_1_9' title="bbox 257 495 1034 529">
    <p class='ocr_par' dir='ltr' id='par_1_9' title="bbox 257 495 1034 529">
     <span class='ocr_line' id='line_1_9' title="bbox 257 495 1034 529; baseline -0.006 -5"><span class='ocrx_word' id='word_1_52' title='bbox 257 499 345 529; x_wconf 91' lang='lat' dir='ltr'><strong>dibus,</strong></span> <span class='ocrx_word' id='word_1_53' title='bbox 363 496 514 523; x_wconf 86' lang='lat' dir='ltr'><strong>homicidiis</strong></span> <span class='ocrx_word' id='word_1_54' title='bbox 532 496 647 529; x_wconf 86' lang='lat' dir='ltr'><strong>aliisque</strong></span> <span class='ocrx_word' id='word_1_55' title='bbox 666 495 824 522; x_wconf 86' lang='lat' dir='ltr'><strong>criminibus</strong></span> <span class='ocrx_word' id='word_1_56' title='bbox 837 498 976 525; x_wconf 83' lang='lat' dir='ltr'><strong>accusent,</strong></span> <span class='ocrx_word' id='word_1_57' title='bbox 1005 497 1034 519; x_wconf 83' lang='lat' dir='ltr'><strong>et</strong></span> 
     </span>
    </p>
   </div>
   <div class='ocr_carea' id='block_1_10' title="bbox 257 537 1034 574">
    <p class='ocr_par' dir='ltr' id='par_1_10' title="bbox 257 537 1034 574">
     <span class='ocr_line' id='line_1_10' title="bbox 257 537 1034 574; baseline -0.006 -5"><span class='ocrx_word' id='word_1_58' title='bbox 257 544 314 570; x_wconf 63' lang='lat' dir='ltr'><strong>haec</strong></span> <span class='ocrx_word' id='word_1_59' title='bbox 329 543 360 568; x_wconf 88' lang='lat' dir='ltr'><strong>ad</strong></span> <span class='ocrx_word' id='word_1_60' title='bbox 376 541 563 574; x_wconf 78' lang='lat' dir='ltr'><strong>imperatorias</strong></span> <span class='ocrx_word' id='word_1_61' title='bbox 578 548 657 566; x_wconf 83' lang='lat' dir='ltr'><strong>aures</strong></span> <span class='ocrx_word' id='word_1_62' title='bbox 667 539 797 566; x_wconf 83' lang='lat' dir='ltr'><strong>adversus</strong></span> <span class='ocrx_word' id='word_1_63' title='bbox 809 539 947 573; x_wconf 76' lang='lat' dir='ltr'><strong>episcopos</strong></span> <span class='ocrx_word' id='word_1_64' title='bbox 958 537 1034 564; x_wconf 90' lang='lat' dir='ltr'><strong>oblo-</strong></span> 
     </span>
    </p>
   </div>
   <div class='ocr_carea' id='block_1_11' title="bbox 257 584 1034 623">
    <p class='ocr_par' dir='ltr' id='par_1_11' title="bbox 257 584 1034 623">
     <span class='ocr_line' id='line_1_11' title="bbox 257 584 1034 623; baseline -0.005 -9"><span class='ocrx_word' id='word_1_65' title='bbox 257 594 384 623; x_wconf 82' lang='lat' dir='ltr'><strong>quantur.</strong></span> <span class='ocrx_word' id='word_1_66' title='bbox 408 586 465 613; x_wconf 84' lang='lat' dir='ltr'><strong>.latn</strong></span> <span class='ocrx_word' id='word_1_67' title='bbox 481 594 542 621; x_wconf 84' lang='lat' dir='ltr'><strong>cum</strong></span> <span class='ocrx_word' id='word_1_68' title='bbox 562 585 628 612; x_wconf 87' lang='lat' dir='ltr'><strong>nihil</strong></span> <span class='ocrx_word' id='word_1_69' title='bbox 653 585 702 612; x_wconf 90' lang='lat' dir='ltr'><strong>nisi</strong></span> <span class='ocrx_word' id='word_1_70' title='bbox 726 585 876 616; x_wconf 84' lang='lat' dir='ltr'><strong>mendacia,</strong></span> <span class='ocrx_word' id='word_1_71' title='bbox 901 585 966 611; x_wconf 87' lang='lat' dir='ltr'><strong>nihil</strong></span> <span class='ocrx_word' id='word_1_72' title='bbox 984 584 1034 610; x_wconf 87' lang='lat' dir='ltr'><strong>nisi</strong></span> 
     </span>
    </p>
   </div>
   <div class='ocr_carea' id='block_1_12' title="bbox 259 629 1036 665">
    <p class='ocr_par' dir='ltr' id='par_1_12' title="bbox 259 629 1036 665">
     <span class='ocr_line' id='line_1_12' title="bbox 259 629 1036 665; baseline -0.006 -5"><span class='ocrx_word' id='word_1_73' title='bbox 259 634 408 661; x_wconf 81' lang='lat' dir='ltr'><strong>calumnias</strong></span> <span class='ocrx_word' id='word_1_74' title='bbox 424 632 549 663; x_wconf 78' lang='lat' dir='ltr'><strong>aﬂ&#39;erant,</strong></span> <span class='ocrx_word' id='word_1_75' title='bbox 565 639 614 658; x_wconf 93' lang='lat' dir='ltr'><strong>nec</strong></span> <span class='ocrx_word' id='word_1_76' title='bbox 627 631 774 665; x_wconf 82' lang='lat' dir='ltr'><strong>quidquam</strong></span> <span class='ocrx_word' id='word_1_77' title='bbox 788 630 844 656; x_wconf 86' lang='lat' dir='ltr'><strong>veri</strong></span> <span class='ocrx_word' id='word_1_78' title='bbox 857 629 897 656; x_wconf 82' lang='lat' dir='ltr'><strong>vel</strong></span> <span class='ocrx_word' id='word_1_79' title='bbox 910 637 956 656; x_wconf 89' lang='lat' dir='ltr'><strong>ore</strong></span> <span class='ocrx_word' id='word_1_80' title='bbox 973 637 1036 664; x_wconf 81' lang='lat' dir='ltr'><strong>pro-</strong></span> 
     </span>
    </p>
   </div>
   <div class='ocr_carea' id='block_1_13' title="bbox 260 675 1037 712">
    <p class='ocr_par' dir='ltr' id='par_1_13' title="bbox 260 675 1037 712">
     <span class='ocr_line' id='line_1_13' title="bbox 260 675 1037 712; baseline -0.006 -5"><span class='ocrx_word' id='word_1_81' title='bbox 260 680 358 708; x_wconf 86' lang='lat' dir='ltr'><strong>ferant.</strong></span> <span class='ocrx_word' id='word_1_82' title='bbox 374 678 416 706; x_wconf 88' lang='lat' dir='ltr'><strong>vel</strong></span> <span class='ocrx_word' id='word_1_83' title='bbox 432 678 532 712; x_wconf 87' lang='lat' dir='ltr'><strong>scripto</strong></span> <span class='ocrx_word' id='word_1_84' title='bbox 549 678 668 708; x_wconf 90' lang='lat' dir='ltr'><strong>tradant,</strong></span> <span class='ocrx_word' id='word_1_85' title='bbox 684 683 801 711; x_wconf 88' lang='lat' dir='ltr'><strong>quonam</strong></span> <span class='ocrx_word' id='word_1_86' title='bbox 816 675 924 702; x_wconf 66' lang='lat' dir='ltr'><strong>malitiae</strong></span> <span class='ocrx_word' id='word_1_87' title='bbox 939 675 976 701; x_wconf 91' lang='lat' dir='ltr'><strong>illi</strong></span> <span class='ocrx_word' id='word_1_88' title='bbox 989 675 1037 702; x_wconf 85' lang='lat' dir='ltr'><strong>de-</strong></span> 
     </span>
    </p>
   </div>
   <div class='ocr_carea' id='block_1_14' title="bbox 261 719 1039 758">
    <p class='ocr_par' dir='ltr' id='par_1_14' title="bbox 261 719 1039 758">
     <span class='ocr_line' id='line_1_14' title="bbox 261 719 1039 758; baseline -0.01 -5"><span class='ocrx_word' id='word_1_89' title='bbox 261 725 378 753; x_wconf 73' lang='lat' dir='ltr'><strong>Venere?</strong></span> <span class='ocrx_word' id='word_1_90' title='bbox 393 729 439 751; x_wconf 87' lang='lat' dir='ltr'><strong>aut</strong></span> <span class='ocrx_word' id='word_1_91' title='bbox 451 724 545 758; x_wconf 86' lang='lat' dir='ltr'><strong>quales</strong></span> <span class='ocrx_word' id='word_1_92' title='bbox 560 723 620 749; x_wconf 90' lang='lat' dir='ltr'><strong>illos</strong></span> <span class='ocrx_word' id='word_1_93' title='bbox 634 729 695 749; x_wconf 86' lang='lat' dir='ltr'><strong>esse</strong></span> <span class='ocrx_word' id='word_1_94' title='bbox 707 720 888 748; x_wconf 70' lang='lat' dir='ltr'><strong>existimatis?</strong></span> <span class='ocrx_word' id='word_1_95' title='bbox 901 719 977 754; x_wconf 86' lang='lat' dir='ltr'><strong>lpsas</strong></span> <span class='ocrx_word' id='word_1_96' title='bbox 989 721 1039 746; x_wconf 85' lang='lat' dir='ltr'><strong>ita-</strong></span> 
     </span>
    </p>
   </div>
   <div class='ocr_carea' id='block_1_15' title="bbox 261 766 1039 806">
    <p class='ocr_par' dir='ltr' id='par_1_15' title="bbox 261 766 1039 806">
     <span class='ocr_line' id='line_1_15' title="bbox 261 766 1039 806; baseline -0.006 -8"><span class='ocrx_word' id='word_1_97' title='bbox 261 779 314 806; x_wconf 85' lang='lat' dir='ltr'><strong>que</strong></span> <span class='ocrx_word' id='word_1_98' title='bbox 325 778 368 797; x_wconf 89' lang='lat' dir='ltr'><strong>res</strong></span> <span class='ocrx_word' id='word_1_99' title='bbox 379 770 458 797; x_wconf 87' lang='lat' dir='ltr'><strong>modo</strong></span> <span class='ocrx_word' id='word_1_100' title='bbox 485 769 683 804; x_wconf 73' lang='lat' dir='ltr'><strong>aggrediamur,</strong></span> <span class='ocrx_word' id='word_1_101' title='bbox 701 768 874 801; x_wconf 87' lang='lat' dir='ltr'><strong>ipsorutnque</strong></span> <span class='ocrx_word' id='word_1_102' title='bbox 896 766 1039 793; x_wconf 82' lang='lat' dir='ltr'><strong>calumniis</strong></span> 
     </span>
    </p>
   </div>
   <div class='ocr_carea' id='block_1_16' title="bbox 260 812 1040 852">
    <p class='ocr_par' dir='ltr' id='par_1_16' title="bbox 260 812 1040 852">
     <span class='ocr_line' id='line_1_16' title="bbox 260 812 1040 852; baseline -0.008 -9"><span class='ocrx_word' id='word_1_103' title='bbox 260 817 370 852; x_wconf 82' lang='lat' dir='ltr'><strong>jatujam</strong></span> <span class='ocrx_word' id='word_1_104' title='bbox 384 815 508 848; x_wconf 83' lang='lat' dir='ltr'><strong>objectis,</strong></span> <span class='ocrx_word' id='word_1_105' title='bbox 520 821 706 841; x_wconf 80' lang='lat' dir='ltr'><strong>occurramus.</strong></span> <span class='ocrx_word' id='word_1_106' title='bbox 721 813 790 840; x_wconf 84' lang='lat' dir='ltr'><strong>Hinc</strong></span> <span class='ocrx_word' id='word_1_107' title='bbox 804 812 875 838; x_wconf 90' lang='lat' dir='ltr'><strong>enim</strong></span> <span class='ocrx_word' id='word_1_108' title='bbox 901 812 1040 839; x_wconf 87' lang='lat' dir='ltr'><strong>evincetnr</strong></span> 
     </span>
    </p>
   </div>
   <div class='ocr_carea' id='block_1_17' title="bbox 262 848 1076 898">
    <p class='ocr_par' dir='ltr' id='par_1_17' title="bbox 262 848 1076 898">
     <span class='ocr_line' id='line_1_17' title="bbox 262 848 1076 898; baseline -0.01 -10"><span class='ocrx_word' id='word_1_109' title='bbox 262 848 353 898; x_wconf 76' lang='lat' dir='ltr'><strong>priora</strong></span> <span class='ocrx_word' id='word_1_110' title='bbox 367 868 426 895; x_wconf 69' lang='lat' dir='ltr'><strong>qua:</strong></span> <span class='ocrx_word' id='word_1_111' title='bbox 443 860 479 886; x_wconf 89' lang='lat' dir='ltr'><strong>illi</strong></span> <span class='ocrx_word' id='word_1_112' title='bbox 496 860 523 886; x_wconf 90' lang='lat' dir='ltr'><strong>in</strong></span> <span class='ocrx_word' id='word_1_113' title='bbox 539 859 642 894; x_wconf 80' lang='lat' dir='ltr'><strong>synodo</strong></span> <span class='ocrx_word' id='word_1_114' title='bbox 655 862 682 884; x_wconf 84' lang='lat' dir='ltr'><strong>et</strong></span> <span class='ocrx_word' id='word_1_115' title='bbox 697 858 723 884; x_wconf 90' lang='lat' dir='ltr'><strong>in</strong></span> <span class='ocrx_word' id='word_1_116' title='bbox 744 856 844 891; x_wconf 81' lang='lat' dir='ltr'><strong>judicio</strong></span> <span class='ocrx_word' id='word_1_117' title='bbox 868 855 1038 890; x_wconf 71' lang='lat' dir='ltr'><strong>iactitarunt,</strong></span> <span class='ocrx_word' id='word_1_118' title='bbox 1057 848 1076 874; x_wconf 81' lang='grc' dir='ltr'><strong><em>Β</em></strong></span> 
     </span>
    </p>
   </div>
   <div class='ocr_carea' id='block_1_18' title="bbox 265 899 1041 940">
    <p class='ocr_par' dir='ltr' id='par_1_18' title="bbox 265 899 1041 940">
     <span class='ocr_line' id='line_1_18' title="bbox 265 899 1041 940; baseline -0.012 -6"><span class='ocrx_word' id='word_1_119' title='bbox 265 914 314 934; x_wconf 84' lang='lat' dir='ltr'><strong>nec</strong></span> <span class='ocrx_word' id='word_1_120' title='bbox 340 911 411 934; x_wconf 88' lang='lat' dir='ltr'><strong>recte</strong></span> <span class='ocrx_word' id='word_1_121' title='bbox 433 909 518 940; x_wconf 75' lang='lat' dir='ltr'><strong>gesta,</strong></span> <span class='ocrx_word' id='word_1_122' title='bbox 541 912 596 933; x_wconf 65' lang='lat' dir='ltr'><strong>nec;</strong></span> <span class='ocrx_word' id='word_1_123' title='bbox 608 911 671 930; x_wconf 87' lang='lat' dir='ltr'><strong>vere</strong></span> <span class='ocrx_word' id='word_1_124' title='bbox 688 903 760 929; x_wconf 89' lang='lat' dir='ltr'><strong>dicta</strong></span> <span class='ocrx_word' id='word_1_125' title='bbox 781 901 875 934; x_wconf 89' lang='lat' dir='ltr'><strong>fuisse,</strong></span> <span class='ocrx_word' id='word_1_126' title='bbox 902 905 930 927; x_wconf 91' lang='lat' dir='ltr'><strong>et</strong></span> <span class='ocrx_word' id='word_1_127' title='bbox 945 900 972 926; x_wconf 88' lang='lat' dir='ltr'><strong>in</strong></span> <span class='ocrx_word' id='word_1_128' title='bbox 998 899 1041 926; x_wconf 79' lang='lat' dir='ltr'><strong>his</strong></span> 
     </span>
    </p>
   </div>
   <div class='ocr_carea' id='block_1_19' title="bbox 264 945 1041 987">
    <p class='ocr_par' dir='ltr' id='par_1_19' title="bbox 264 945 1041 987">
     <span class='ocr_line' id='line_1_19' title="bbox 264 945 1041 987; baseline -0.009 -9"><span class='ocrx_word' id='word_1_129' title='bbox 264 959 371 987; x_wconf 81' lang='lat' dir='ltr'><strong>quoque</strong></span> <span class='ocrx_word' id='word_1_130' title='bbox 401 957 460 986; x_wconf 66' lang='lat' dir='ltr'><strong>quae</strong></span> <span class='ocrx_word' id='word_1_131' title='bbox 497 956 566 977; x_wconf 91' lang='lat' dir='ltr'><strong>nunc</strong></span> <span class='ocrx_word' id='word_1_132' title='bbox 599 949 739 983; x_wconf 79' lang='lat' dir='ltr'><strong>obiiciunt,</strong></span> <span class='ocrx_word' id='word_1_133' title='bbox 761 946 896 974; x_wconf 82' lang='lat' dir='ltr'><strong>mendacii</strong></span> <span class='ocrx_word' id='word_1_134' title='bbox 929 945 1041 972; x_wconf 84' lang='lat' dir='ltr'><strong>convin-</strong></span> 
     </span>
    </p>
   </div>
   <div class='ocr_carea' id='block_1_20' title="bbox 262 1003 370 1025">
    <p class='ocr_par' dir='ltr' id='par_1_20' title="bbox 262 1003 370 1025">
     <span class='ocr_line' id='line_1_20' title="bbox 262 1003 370 1025; baseline -0.019 0"><span class='ocrx_word' id='word_1_135' title='bbox 262 1003 370 1025; x_wconf 84' lang='lat' dir='ltr'><strong>centur.</strong></span> 
     </span>
    </p>
   </div>
   <div class='ocr_carea' id='block_1_21' title="bbox 301 1078 1044 1114">
    <p class='ocr_par' dir='ltr' id='par_1_21' title="bbox 301 1078 1044 1114">
     <span class='ocr_line' id='line_1_21' title="bbox 301 1078 1044 1114; baseline -0.013 0"><span class='ocrx_word' id='word_1_136' title='bbox 301 1087 327 1114; x_wconf 87' lang='lat'><strong>5.</strong></span> <span class='ocrx_word' id='word_1_137' title='bbox 347 1086 432 1114; x_wconf 78' lang='lat' dir='ltr'><strong>Pudet</strong></span> <span class='ocrx_word' id='word_1_138' title='bbox 446 1091 493 1111; x_wconf 91' lang='lat' dir='ltr'><strong>nos</strong></span> <span class='ocrx_word' id='word_1_139' title='bbox 516 1087 590 1111; x_wconf 85' lang='lat' dir='ltr'><strong>certe</strong></span> <span class='ocrx_word' id='word_1_140' title='bbox 608 1082 641 1109; x_wconf 88' lang='lat' dir='ltr'><strong>ad</strong></span> <span class='ocrx_word' id='word_1_141' title='bbox 665 1082 735 1108; x_wconf 86' lang='lat' dir='ltr'><strong>hanc</strong></span> <span class='ocrx_word' id='word_1_142' title='bbox 752 1079 938 1107; x_wconf 79' lang='lat' dir='ltr'><strong>defensionem</strong></span> <span class='ocrx_word' id='word_1_143' title='bbox 958 1078 1044 1105; x_wconf 89' lang='lat' dir='ltr'><strong>addu-</strong></span> 
     </span>
    </p>
   </div>
   <div class='ocr_carea' id='block_1_22' title="bbox 264 1127 1044 1164">
    <p class='ocr_par' dir='ltr' id='par_1_22' title="bbox 264 1127 1044 1164">
     <span class='ocr_line' id='line_1_22' title="bbox 264 1127 1044 1164; baseline -0.015 -2"><span class='ocrx_word' id='word_1_144' title='bbox 264 1139 325 1162; x_wconf 67' lang='lat' dir='ltr'><strong>ctos</strong></span> <span class='ocrx_word' id='word_1_145' title='bbox 335 1141 393 1160; x_wconf 82' lang='lat' dir='ltr'><strong>esse</strong></span> <span class='ocrx_word' id='word_1_146' title='bbox 404 1141 411 1158; x_wconf 87' lang='lat'><strong>:</strong></span> <span class='ocrx_word' id='word_1_147' title='bbox 421 1138 524 1162; x_wconf 86' lang='lat' dir='ltr'><strong>verum,</strong></span> <span class='ocrx_word' id='word_1_148' title='bbox 535 1130 597 1164; x_wconf 89' lang='lat' dir='ltr'><strong>quia</strong></span> <span class='ocrx_word' id='word_1_149' title='bbox 610 1127 745 1155; x_wconf 90' lang='lat' dir='ltr'><strong>temerarii</strong></span> <span class='ocrx_word' id='word_1_150' title='bbox 755 1127 839 1154; x_wconf 89' lang='lat' dir='ltr'><strong>nostri</strong></span> <span class='ocrx_word' id='word_1_151' title='bbox 851 1127 1044 1152; x_wconf 77' lang='lat' dir='ltr'><strong>obtrectatores</strong></span> 
     </span>
    </p>
   </div>
   <div class='ocr_carea' id='block_1_23' title="bbox 268 1171 1042 1209">
    <p class='ocr_par' dir='ltr' id='par_1_23' title="bbox 268 1171 1042 1209">
     <span class='ocr_line' id='line_1_23' title="bbox 268 1171 1042 1209; baseline -0.016 -4"><span class='ocrx_word' id='word_1_152' title='bbox 268 1180 300 1205; x_wconf 88' lang='lat' dir='ltr'><strong>ad</strong></span> <span class='ocrx_word' id='word_1_153' title='bbox 315 1178 404 1204; x_wconf 87' lang='lat' dir='ltr'><strong>omnia</strong></span> <span class='ocrx_word' id='word_1_154' title='bbox 417 1184 476 1204; x_wconf 77' lang='lat' dir='ltr'><strong>sese</strong></span> <span class='ocrx_word' id='word_1_155' title='bbox 493 1177 633 1209; x_wconf 80' lang='lat' dir='ltr'><strong>ingerunt;</strong></span> <span class='ocrx_word' id='word_1_156' title='bbox 651 1179 678 1200; x_wconf 90' lang='lat' dir='ltr'><strong>et</strong></span> <span class='ocrx_word' id='word_1_157' title='bbox 689 1178 748 1207; x_wconf 90' lang='lat' dir='ltr'><strong>post</strong></span> <span class='ocrx_word' id='word_1_158' title='bbox 759 1171 899 1199; x_wconf 80' lang='lat' dir='ltr'><strong>Athanasii</strong></span> <span class='ocrx_word' id='word_1_159' title='bbox 914 1171 1042 1201; x_wconf 79' lang='lat' dir='ltr'><strong>reditum,</strong></span> 
     </span>
    </p>
   </div>
   <div class='ocr_carea' id='block_1_24' title="bbox 268 1217 1046 1250">
    <p class='ocr_par' dir='ltr' id='par_1_24' title="bbox 268 1217 1046 1250">
     <span class='ocr_line' id='line_1_24' title="bbox 268 1217 1046 1250; baseline -0.01 0"><span class='ocrx_word' id='word_1_160' title='bbox 268 1225 355 1250; x_wconf 71' lang='lat' dir='ltr'><strong>cmdes</strong></span> <span class='ocrx_word' id='word_1_161' title='bbox 368 1228 396 1250; x_wconf 88' lang='lat' dir='ltr'><strong>et</strong></span> <span class='ocrx_word' id='word_1_162' title='bbox 409 1221 553 1249; x_wconf 87' lang='lat' dir='ltr'><strong>homicidia</strong></span> <span class='ocrx_word' id='word_1_163' title='bbox 573 1220 644 1246; x_wconf 85' lang='lat' dir='ltr'><strong>facta</strong></span> <span class='ocrx_word' id='word_1_164' title='bbox 657 1226 717 1246; x_wconf 83' lang='lat' dir='ltr'><strong>esse</strong></span> <span class='ocrx_word' id='word_1_165' title='bbox 732 1217 900 1249; x_wconf 86' lang='lat' dir='ltr'><strong>insimulant,</strong></span> <span class='ocrx_word' id='word_1_166' title='bbox 919 1223 1046 1250; x_wconf 90' lang='lat' dir='ltr'><strong>rogamus</strong></span> 
     </span>
    </p>
   </div>
   <div class='ocr_carea' id='block_1_25' title="bbox 269 1261 1044 1300">
    <p class='ocr_par' dir='ltr' id='par_1_25' title="bbox 269 1261 1044 1300">
     <span class='ocr_line' id='line_1_25' title="bbox 269 1261 1044 1300; baseline -0.01 -6"><span class='ocrx_word' id='word_1_167' title='bbox 269 1272 299 1294; x_wconf 87' lang='lat' dir='ltr'><strong>ut</strong></span> <span class='ocrx_word' id='word_1_168' title='bbox 310 1271 427 1295; x_wconf 84' lang='lat' dir='ltr'><strong>nostram</strong></span> <span class='ocrx_word' id='word_1_169' title='bbox 445 1265 610 1300; x_wconf 76' lang='lat' dir='ltr'><strong>apologiatn,</strong></span> <span class='ocrx_word' id='word_1_170' title='bbox 625 1262 818 1297; x_wconf 84' lang='lat' dir='ltr'><strong>longiusculani</strong></span> <span class='ocrx_word' id='word_1_171' title='bbox 840 1261 912 1292; x_wconf 87' lang='lat' dir='ltr'><strong>licet,</strong></span> <span class='ocrx_word' id='word_1_172' title='bbox 931 1268 992 1287; x_wconf 91' lang='lat' dir='ltr'><strong>nam</strong></span> <span class='ocrx_word' id='word_1_173' title='bbox 1008 1261 1044 1286; x_wconf 91' lang='lat' dir='ltr'><strong>ita</strong></span> 
     </span>
    </p>
   </div>
   <div class='ocr_carea' id='block_1_26' title="bbox 269 1305 1047 1349">
    <p class='ocr_par' dir='ltr' id='par_1_26' title="bbox 269 1305 1047 1349">
     <span class='ocr_line' id='line_1_26' title="bbox 269 1305 1047 1349; baseline -0.014 -7"><span class='ocrx_word' id='word_1_174' title='bbox 269 1315 382 1349; x_wconf 80' lang='lat' dir='ltr'><strong>exigunt</strong></span> <span class='ocrx_word' id='word_1_175' title='bbox 407 1312 525 1347; x_wconf 89' lang='lat' dir='ltr'><strong>negotia,</strong></span> <span class='ocrx_word' id='word_1_176' title='bbox 550 1310 686 1345; x_wconf 82' lang='lat' dir='ltr'><strong>patienter</strong></span> <span class='ocrx_word' id='word_1_177' title='bbox 709 1307 835 1334; x_wconf 85' lang='lat' dir='ltr'><strong>audiatis.</strong></span> <span class='ocrx_word' id='word_1_178' title='bbox 860 1306 954 1334; x_wconf 61' lang='lat' dir='ltr'><strong>Caedes</strong></span> <span class='ocrx_word' id='word_1_179' title='bbox 975 1305 1047 1332; x_wconf 93' lang='lat' dir='ltr'><strong>nulla</strong></span> 
     </span>
    </p>
   </div>
   <div class='ocr_carea' id='block_1_27' title="bbox 270 1354 1047 1388">
    <p class='ocr_par' dir='ltr' id='par_1_27' title="bbox 270 1354 1047 1388">
     <span class='ocr_line' id='line_1_27' title="bbox 270 1354 1047 1388; baseline -0.013 -1"><span class='ocrx_word' id='word_1_180' title='bbox 270 1367 319 1387; x_wconf 89' lang='lat' dir='ltr'><strong>nec</strong></span> <span class='ocrx_word' id='word_1_181' title='bbox 331 1361 364 1386; x_wconf 89' lang='lat' dir='ltr'><strong>ab</strong></span> <span class='ocrx_word' id='word_1_182' title='bbox 381 1358 543 1388; x_wconf 77' lang='lat' dir='ltr'><strong>Athanasio,</strong></span> <span class='ocrx_word' id='word_1_183' title='bbox 561 1363 612 1382; x_wconf 88' lang='lat' dir='ltr'><strong>nec</strong></span> <span class='ocrx_word' id='word_1_184' title='bbox 630 1354 770 1381; x_wconf 83' lang='lat' dir='ltr'><strong>Athanasii</strong></span> <span class='ocrx_word' id='word_1_185' title='bbox 788 1360 870 1379; x_wconf 79' lang='lat' dir='ltr'><strong>causa</strong></span> <span class='ocrx_word' id='word_1_186' title='bbox 895 1356 1047 1386; x_wconf 84' lang='lat' dir='ltr'><strong>perpetrata</strong></span> 
     </span>
    </p>
   </div>
   <div class='ocr_carea' id='block_1_28' title="bbox 270 1398 1047 1440">
    <p class='ocr_par' dir='ltr' id='par_1_28' title="bbox 270 1398 1047 1440">
     <span class='ocr_line' id='line_1_28' title="bbox 270 1398 1047 1440; baseline -0.01 -9"><span class='ocrx_word' id='word_1_187' title='bbox 270 1410 313 1432; x_wconf 71' lang='lat' dir='ltr'><strong>est</strong></span> <span class='ocrx_word' id='word_1_188' title='bbox 325 1403 559 1440; x_wconf 77' lang='lat' dir='ltr'><strong>(quandoquidem</strong></span> <span class='ocrx_word' id='word_1_189' title='bbox 575 1408 624 1427; x_wconf 90' lang='lat' dir='ltr'><strong>nos</strong></span> <span class='ocrx_word' id='word_1_190' title='bbox 632 1402 665 1426; x_wconf 90' lang='lat' dir='ltr'><strong>ad</strong></span> <span class='ocrx_word' id='word_1_191' title='bbox 679 1400 748 1426; x_wconf 89' lang='lat' dir='ltr'><strong>hanc</strong></span> <span class='ocrx_word' id='word_1_192' title='bbox 761 1403 866 1433; x_wconf 85' lang='lat' dir='ltr'><strong>turpem</strong></span> <span class='ocrx_word' id='word_1_193' title='bbox 882 1398 1047 1432; x_wconf 87' lang='lat' dir='ltr'><strong>apologiam,</strong></span> 
     </span>
    </p>
   </div>
   <div class='ocr_carea' id='block_1_29' title="bbox 271 1442 1067 1483">
    <p class='ocr_par' dir='ltr' id='par_1_29' title="bbox 271 1442 1067 1483">
     <span class='ocr_line' id='line_1_29' title="bbox 271 1442 1067 1483; baseline -0.011 -7"><span class='ocrx_word' id='word_1_194' title='bbox 271 1450 396 1483; x_wconf 82' lang='lat' dir='ltr'><strong>utisupra</strong></span> <span class='ocrx_word' id='word_1_195' title='bbox 410 1448 537 1479; x_wconf 76' lang='lat' dir='ltr'><strong>diximus,</strong></span> <span class='ocrx_word' id='word_1_196' title='bbox 551 1442 875 1478; x_wconf 84' lang='lat' dir='ltr'><strong>accusatoresimpellunt)</strong></span> <span class='ocrx_word' id='word_1_197' title='bbox 887 1451 894 1475; x_wconf 92' lang='lat'><strong>;</strong></span> <span class='ocrx_word' id='word_1_198' title='bbox 908 1442 994 1469; x_wconf 67' lang='lat' dir='ltr'><strong>caedes</strong></span> <span class='ocrx_word' id='word_1_199' title='bbox 1005 1448 1049 1467; x_wconf 87' lang='lat' dir='ltr'><strong>ve-</strong></span> <span class='ocrx_word' id='word_1_200' title='bbox 1062 1458 1067 1462; x_wconf 85' lang='lat'><strong><em>-</em></strong></span> 
     </span>
    </p>
   </div>
   <div class='ocr_carea' id='block_1_30' title="bbox 271 1486 1045 1524">
    <p class='ocr_par' dir='ltr' id='par_1_30' title="bbox 271 1486 1045 1524">
     <span class='ocr_line' id='line_1_30' title="bbox 271 1486 1045 1524; baseline -0.014 -1"><span class='ocrx_word' id='word_1_201' title='bbox 271 1504 302 1524; x_wconf 87' lang='lat' dir='ltr'><strong>ro</strong></span> <span class='ocrx_word' id='word_1_202' title='bbox 313 1500 341 1523; x_wconf 86' lang='lat' dir='ltr'><strong>et</strong></span> <span class='ocrx_word' id='word_1_203' title='bbox 353 1494 456 1521; x_wconf 80' lang='lat' dir='ltr'><strong>vincula</strong></span> <span class='ocrx_word' id='word_1_204' title='bbox 468 1493 503 1520; x_wconf 90' lang='lat' dir='ltr'><strong>ab</strong></span> <span class='ocrx_word' id='word_1_205' title='bbox 517 1491 642 1519; x_wconf 86' lang='lat' dir='ltr'><strong>ecclesiis</strong></span> <span class='ocrx_word' id='word_1_206' title='bbox 659 1489 759 1517; x_wconf 83' lang='lat' dir='ltr'><strong>nostris</strong></span> <span class='ocrx_word' id='word_1_207' title='bbox 778 1494 840 1515; x_wconf 87' lang='lat' dir='ltr'><strong>sum</strong></span> <span class='ocrx_word' id='word_1_208' title='bbox 865 1487 964 1514; x_wconf 85' lang='lat' dir='ltr'><strong>aliena.</strong></span> <span class='ocrx_word' id='word_1_209' title='bbox 978 1486 1045 1513; x_wconf 84' lang='lat' dir='ltr'><strong>Car-</strong></span> 
     </span>
    </p>
   </div>
   <div class='ocr_carea' id='block_1_31' title="bbox 273 1535 1047 1568">
    <p class='ocr_par' dir='ltr' id='par_1_31' title="bbox 273 1535 1047 1568">
     <span class='ocr_line' id='line_1_31' title="bbox 273 1535 1047 1568; baseline -0.013 0"><span class='ocrx_word' id='word_1_210' title='bbox 273 1541 345 1568; x_wconf 81' lang='lat' dir='ltr'><strong>nifici</strong></span> <span class='ocrx_word' id='word_1_211' title='bbox 362 1539 463 1567; x_wconf 88' lang='lat' dir='ltr'><strong>nullum</strong></span> <span class='ocrx_word' id='word_1_212' title='bbox 480 1537 644 1564; x_wconf 86' lang='lat' dir='ltr'><strong>Athanasius</strong></span> <span class='ocrx_word' id='word_1_213' title='bbox 663 1535 829 1562; x_wconf 79' lang='lat' dir='ltr'><strong>tradiditzet</strong></span> <span class='ocrx_word' id='word_1_214' title='bbox 844 1541 947 1564; x_wconf 87' lang='lat' dir='ltr'><strong>carcer,</strong></span> <span class='ocrx_word' id='word_1_215' title='bbox 964 1540 1047 1564; x_wconf 85' lang='lat' dir='ltr'><strong>quan-</strong></span> 
     </span>
    </p>
   </div>
   <div class='ocr_carea' id='block_1_32' title="bbox 274 1579 1050 1619">
    <p class='ocr_par' dir='ltr' id='par_1_32' title="bbox 274 1579 1050 1619">
     <span class='ocr_line' id='line_1_32' title="bbox 274 1579 1050 1619; baseline -0.012 -5"><span class='ocrx_word' id='word_1_216' title='bbox 274 1592 330 1614; x_wconf 83' lang='lat' dir='ltr'><strong>tum</strong></span> <span class='ocrx_word' id='word_1_217' title='bbox 346 1586 371 1613; x_wconf 94' lang='lat' dir='ltr'><strong>in</strong></span> <span class='ocrx_word' id='word_1_218' title='bbox 389 1586 446 1619; x_wconf 90' lang='lat' dir='ltr'><strong>ipso</strong></span> <span class='ocrx_word' id='word_1_219' title='bbox 460 1583 520 1616; x_wconf 93' lang='lat' dir='ltr'><strong>fuit,</strong></span> <span class='ocrx_word' id='word_1_220' title='bbox 535 1590 671 1616; x_wconf 85' lang='lat' dir='ltr'><strong>nunquam</strong></span> <span class='ocrx_word' id='word_1_221' title='bbox 693 1586 845 1608; x_wconf 89' lang='lat' dir='ltr'><strong>commotus</strong></span> <span class='ocrx_word' id='word_1_222' title='bbox 858 1585 909 1607; x_wconf 80' lang='lat' dir='ltr'><strong>est.</strong></span> <span class='ocrx_word' id='word_1_223' title='bbox 925 1579 1050 1606; x_wconf 83' lang='lat' dir='ltr'><strong>Sacraria</strong></span> 
     </span>
    </p>
   </div>
   <div class='ocr_carea' id='block_1_33' title="bbox 272 1626 1049 1664">
    <p class='ocr_par' dir='ltr' id='par_1_33' title="bbox 272 1626 1049 1664">
     <span class='ocr_line' id='line_1_33' title="bbox 272 1626 1049 1664; baseline -0.01 -5"><span class='ocrx_word' id='word_1_224' title='bbox 272 1638 376 1660; x_wconf 79' lang='lat' dir='ltr'><strong>nostra.</strong></span> <span class='ocrx_word' id='word_1_225' title='bbox 394 1635 538 1664; x_wconf 86' lang='lat' dir='ltr'><strong>utsemper</strong></span> <span class='ocrx_word' id='word_1_226' title='bbox 550 1628 637 1660; x_wconf 86' lang='lat' dir='ltr'><strong>fuere,</strong></span> <span class='ocrx_word' id='word_1_227' title='bbox 653 1628 692 1654; x_wconf 87' lang='lat' dir='ltr'><strong>sic</strong></span> <span class='ocrx_word' id='word_1_228' title='bbox 707 1627 733 1654; x_wconf 91' lang='lat' dir='ltr'><strong>in</strong></span> <span class='ocrx_word' id='word_1_229' title='bbox 752 1626 877 1662; x_wconf 65' lang='lat' dir='ltr'><strong>praesenti</strong></span> <span class='ocrx_word' id='word_1_230' title='bbox 894 1633 961 1660; x_wconf 87' lang='lat' dir='ltr'><strong>pura</strong></span> <span class='ocrx_word' id='word_1_231' title='bbox 975 1630 1049 1657; x_wconf 91' lang='lat' dir='ltr'><strong>sunt,</strong></span> 
     </span>
    </p>
   </div>
   <div class='ocr_carea' id='block_1_34' title="bbox 274 1671 1053 1709">
    <p class='ocr_par' dir='ltr' id='par_1_34' title="bbox 274 1671 1053 1709">
     <span class='ocr_line' id='line_1_34' title="bbox 274 1671 1053 1709; baseline -0.009 -4"><span class='ocrx_word' id='word_1_232' title='bbox 274 1678 332 1705; x_wconf 88' lang='lat' dir='ltr'><strong>solo</strong></span> <span class='ocrx_word' id='word_1_233' title='bbox 341 1677 443 1704; x_wconf 76' lang='lat' dir='ltr'><strong>Christi</strong></span> <span class='ocrx_word' id='word_1_234' title='bbox 463 1675 593 1709; x_wconf 72' lang='lat' dir='ltr'><strong>sanguine</strong></span> <span class='ocrx_word' id='word_1_235' title='bbox 611 1674 724 1708; x_wconf 86' lang='lat' dir='ltr'><strong>ejusque</strong></span> <span class='ocrx_word' id='word_1_236' title='bbox 744 1673 816 1700; x_wconf 87' lang='lat' dir='ltr'><strong>cultu</strong></span> <span class='ocrx_word' id='word_1_237' title='bbox 834 1678 938 1700; x_wconf 82' lang='lat' dir='ltr'><strong>ornata.</strong></span> <span class='ocrx_word' id='word_1_238' title='bbox 956 1671 1053 1698; x_wconf 87' lang='lat' dir='ltr'><strong>Nullus</strong></span> 
     </span>
    </p>
   </div>
   <div class='ocr_carea' id='block_1_35' title="bbox 274 1717 1053 1759">
    <p class='ocr_par' dir='ltr' id='par_1_35' title="bbox 274 1717 1053 1759">
     <span class='ocr_line' id='line_1_35' title="bbox 274 1717 1053 1759; baseline -0.005 -11"><span class='ocrx_word' id='word_1_239' title='bbox 274 1723 424 1759; x_wconf 84' lang='lat' dir='ltr'><strong>presbyter,</strong></span> <span class='ocrx_word' id='word_1_240' title='bbox 446 1723 487 1749; x_wconf 84' lang='lat' dir='ltr'><strong>vel</strong></span> <span class='ocrx_word' id='word_1_241' title='bbox 513 1721 641 1748; x_wconf 90' lang='lat' dir='ltr'><strong>diaconus</strong></span> <span class='ocrx_word' id='word_1_242' title='bbox 661 1721 694 1747; x_wconf 88' lang='lat' dir='ltr'><strong>ab</strong></span> <span class='ocrx_word' id='word_1_243' title='bbox 722 1719 868 1746; x_wconf 79' lang='lat' dir='ltr'><strong>Athanasio</strong></span> <span class='ocrx_word' id='word_1_244' title='bbox 896 1717 1053 1746; x_wconf 78' lang='lat' dir='ltr'><strong>interfectus</strong></span> 
     </span>
    </p>
   </div>
   <div class='ocr_carea' id='block_1_36' title="bbox 275 1764 1054 1801">
    <p class='ocr_par' dir='ltr' id='par_1_36' title="bbox 275 1764 1054 1801">
     <span class='ocr_line' id='line_1_36' title="bbox 275 1764 1054 1801; baseline -0.006 -5"><span class='ocrx_word' id='word_1_245' title='bbox 275 1776 315 1796; x_wconf 88' lang='lat' dir='ltr'><strong>est</strong></span> <span class='ocrx_word' id='word_1_246' title='bbox 333 1779 341 1796; x_wconf 89' lang='lat'><strong>:</strong></span> <span class='ocrx_word' id='word_1_247' title='bbox 359 1777 408 1797; x_wconf 90' lang='lat' dir='ltr'><strong>nec</strong></span> <span class='ocrx_word' id='word_1_248' title='bbox 429 1769 528 1796; x_wconf 71' lang='lat' dir='ltr'><strong>caedem</strong></span> <span class='ocrx_word' id='word_1_249' title='bbox 546 1767 587 1795; x_wconf 85' lang='lat' dir='ltr'><strong>vir</strong></span> <span class='ocrx_word' id='word_1_250' title='bbox 607 1767 651 1794; x_wconf 88' lang='lat' dir='ltr'><strong>ille</strong></span> <span class='ocrx_word' id='word_1_251' title='bbox 673 1767 857 1801; x_wconf 79' lang='lat' dir='ltr'><strong>perpetravit,</strong></span> <span class='ocrx_word' id='word_1_252' title='bbox 883 1772 933 1792; x_wconf 87' lang='lat' dir='ltr'><strong>nec</strong></span> <span class='ocrx_word' id='word_1_253' title='bbox 958 1764 1054 1792; x_wconf 77' lang='lat' dir='ltr'><strong>exsilio</strong></span> 
     </span>
    </p>
   </div>
   <div class='ocr_carea' id='block_1_37' title="bbox 275 1811 1054 1850">
    <p class='ocr_par' dir='ltr' id='par_1_37' title="bbox 275 1811 1054 1850">
     <span class='ocr_line' id='line_1_37' title="bbox 275 1811 1054 1850; baseline -0.006 -8"><span class='ocrx_word' id='word_1_254' title='bbox 275 1822 436 1850; x_wconf 81' lang='lat' dir='ltr'><strong>quemquam</strong></span> <span class='ocrx_word' id='word_1_255' title='bbox 461 1813 596 1841; x_wconf 82' lang='lat' dir='ltr'><strong>multavit.</strong></span> <span class='ocrx_word' id='word_1_256' title='bbox 625 1812 676 1839; x_wconf 81' lang='lat' dir='ltr'><strong>Sed</strong></span> <span class='ocrx_word' id='word_1_257' title='bbox 698 1813 801 1839; x_wconf 87' lang='lat' dir='ltr'><strong>utinam</strong></span> <span class='ocrx_word' id='word_1_258' title='bbox 823 1812 860 1838; x_wconf 90' lang='lat' dir='ltr'><strong>illi</strong></span> <span class='ocrx_word' id='word_1_259' title='bbox 878 1811 942 1838; x_wconf 91' lang='lat' dir='ltr'><strong>nihil</strong></span> <span class='ocrx_word' id='word_1_260' title='bbox 960 1811 1054 1845; x_wconf 89' lang='lat' dir='ltr'><strong>hujus-</strong></span> 
     </span>
    </p>
   </div>
   <div class='ocr_carea' id='block_1_38' title="bbox 276 1857 1054 1895">
    <p class='ocr_par' dir='ltr' id='par_1_38' title="bbox 276 1857 1054 1895">
     <span class='ocr_line' id='line_1_38' title="bbox 276 1857 1054 1895; baseline -0.006 -7"><span class='ocrx_word' id='word_1_261' title='bbox 276 1862 348 1889; x_wconf 90' lang='lat' dir='ltr'><strong>tuodi</strong></span> <span class='ocrx_word' id='word_1_262' title='bbox 362 1861 491 1887; x_wconf 84' lang='lat' dir='ltr'><strong>adversus</strong></span> <span class='ocrx_word' id='word_1_263' title='bbox 501 1867 561 1887; x_wconf 86' lang='lat' dir='ltr'><strong>eum</strong></span> <span class='ocrx_word' id='word_1_264' title='bbox 578 1863 794 1895; x_wconf 69' lang='lat' dir='ltr'><strong>perpetrassent,</strong></span> <span class='ocrx_word' id='word_1_265' title='bbox 810 1865 859 1885; x_wconf 85' lang='lat' dir='ltr'><strong>nec</strong></span> <span class='ocrx_word' id='word_1_266' title='bbox 873 1865 934 1884; x_wconf 93' lang='lat' dir='ltr'><strong>eum</strong></span> <span class='ocrx_word' id='word_1_267' title='bbox 949 1857 1054 1891; x_wconf 86' lang='lat' dir='ltr'><strong>coegis-</strong></span> 
     </span>
    </p>
   </div>
   <div class='ocr_carea' id='block_1_39' title="bbox 276 1903 1054 1940">
    <p class='ocr_par' dir='ltr' id='par_1_39' title="bbox 276 1903 1054 1940">
     <span class='ocr_line' id='line_1_39' title="bbox 276 1903 1054 1940; baseline -0.006 -6"><span class='ocrx_word' id='word_1_268' title='bbox 276 1912 337 1936; x_wconf 87' lang='lat' dir='ltr'><strong>sent</strong></span> <span class='ocrx_word' id='word_1_269' title='bbox 350 1907 383 1934; x_wconf 85' lang='lat' dir='ltr'><strong>ad</strong></span> <span class='ocrx_word' id='word_1_270' title='bbox 394 1906 458 1933; x_wconf 84' lang='lat' dir='ltr'><strong>talia</strong></span> <span class='ocrx_word' id='word_1_271' title='bbox 471 1906 646 1940; x_wconf 79' lang='lat' dir='ltr'><strong>experiunda.</strong></span> <span class='ocrx_word' id='word_1_272' title='bbox 659 1904 754 1931; x_wconf 79' lang='lat' dir='ltr'><strong>Nullus</strong></span> <span class='ocrx_word' id='word_1_273' title='bbox 770 1905 841 1930; x_wconf 90' lang='lat' dir='ltr'><strong>enitn</strong></span> <span class='ocrx_word' id='word_1_274' title='bbox 851 1903 895 1930; x_wconf 87' lang='lat' dir='ltr'><strong>hic</strong></span> <span class='ocrx_word' id='word_1_275' title='bbox 903 1903 961 1936; x_wconf 85' lang='lat' dir='ltr'><strong>ejus</strong></span> <span class='ocrx_word' id='word_1_276' title='bbox 974 1910 1054 1930; x_wconf 86' lang='lat' dir='ltr'><strong>causa</strong></span> 
     </span>
    </p>
   </div>
   <div class='ocr_carea' id='block_1_40' title="bbox 277 1949 1056 1987">
    <p class='ocr_par' dir='ltr' id='par_1_40' title="bbox 277 1949 1056 1987">
     <span class='ocr_line' id='line_1_40' title="bbox 277 1949 1056 1987; baseline -0.006 -7"><span class='ocrx_word' id='word_1_277' title='bbox 277 1953 421 1986; x_wconf 81' lang='lat' dir='ltr'><strong>exsulavit,</strong></span> <span class='ocrx_word' id='word_1_278' title='bbox 436 1958 534 1987; x_wconf 63' lang='lat' dir='ltr'><strong>praeter</strong></span> <span class='ocrx_word' id='word_1_279' title='bbox 561 1952 647 1986; x_wconf 87' lang='lat' dir='ltr'><strong>ipsum</strong></span> <span class='ocrx_word' id='word_1_280' title='bbox 677 1950 852 1977; x_wconf 74' lang='lat' dir='ltr'><strong>Athanasium</strong></span> <span class='ocrx_word' id='word_1_281' title='bbox 885 1949 1056 1976; x_wconf 63' lang='lat' dir='ltr'><strong>Alexandriae</strong></span> 
     </span>
    </p>
   </div>
   <div class='ocr_carea' id='block_1_41' title="bbox 277 1995 1056 2034">
    <p class='ocr_par' dir='ltr' id='par_1_41' title="bbox 277 1995 1056 2034">
     <span class='ocr_line' id='line_1_41' title="bbox 277 1995 1056 2034; baseline -0.008 -7"><span class='ocrx_word' id='word_1_282' title='bbox 277 2000 434 2034; x_wconf 87' lang='lat' dir='ltr'><strong>episcopum</strong></span> <span class='ocrx_word' id='word_1_283' title='bbox 464 1998 509 2033; x_wconf 88' lang='lat' dir='ltr'><strong>qui</strong></span> <span class='ocrx_word' id='word_1_284' title='bbox 534 1998 568 2024; x_wconf 95' lang='lat' dir='ltr'><strong>ab</strong></span> <span class='ocrx_word' id='word_1_285' title='bbox 589 1998 641 2024; x_wconf 89' lang='lat' dir='ltr'><strong>illis</strong></span> <span class='ocrx_word' id='word_1_286' title='bbox 663 1997 755 2031; x_wconf 87' lang='lat' dir='ltr'><strong>pulsus</strong></span> <span class='ocrx_word' id='word_1_287' title='bbox 780 2000 832 2029; x_wconf 82' lang='lat' dir='ltr'><strong>est,</strong></span> <span class='ocrx_word' id='word_1_288' title='bbox 863 2003 942 2030; x_wconf 79' lang='lat' dir='ltr'><strong>quem</strong></span> <span class='ocrx_word' id='word_1_289' title='bbox 964 1995 1056 2030; x_wconf 64' lang='lat' dir='ltr'><strong>patriae</strong></span> 
     </span>
    </p>
   </div>
   <div class='ocr_carea' id='block_1_42' title="bbox 279 2041 1056 2078">
    <p class='ocr_par' dir='ltr' id='par_1_42' title="bbox 279 2041 1056 2078">
     <span class='ocr_line' id='line_1_42' title="bbox 279 2041 1056 2078; baseline -0.005 -7"><span class='ocrx_word' id='word_1_290' title='bbox 279 2044 433 2072; x_wconf 84' lang='lat' dir='ltr'><strong>restitutum</strong></span> <span class='ocrx_word' id='word_1_291' title='bbox 463 2044 558 2070; x_wconf 89' lang='lat' dir='ltr'><strong>iisdem</strong></span> <span class='ocrx_word' id='word_1_292' title='bbox 574 2044 629 2070; x_wconf 91' lang='lat' dir='ltr'><strong>itno</strong></span> <span class='ocrx_word' id='word_1_293' title='bbox 653 2042 823 2078; x_wconf 78' lang='lat' dir='ltr'><strong>gravioribus</strong></span> <span class='ocrx_word' id='word_1_294' title='bbox 834 2041 994 2069; x_wconf 85' lang='lat' dir='ltr'><strong>criminibus</strong></span> <span class='ocrx_word' id='word_1_295' title='bbox 1005 2041 1056 2067; x_wconf 92' lang='lat' dir='ltr'><strong>im-</strong></span> 
     </span>
    </p>
   </div>
   <div class='ocr_carea' id='block_1_43' title="bbox 279 2086 1056 2125">
    <p class='ocr_par' dir='ltr' id='par_1_43' title="bbox 279 2086 1056 2125">
     <span class='ocr_line' id='line_1_43' title="bbox 279 2086 1056 2125; baseline -0.005 -8"><span class='ocrx_word' id='word_1_296' title='bbox 279 2090 380 2125; x_wconf 87' lang='lat' dir='ltr'><strong>plicare</strong></span> <span class='ocrx_word' id='word_1_297' title='bbox 391 2094 534 2120; x_wconf 82' lang='lat' dir='ltr'><strong>conantur,</strong></span> <span class='ocrx_word' id='word_1_298' title='bbox 551 2089 614 2116; x_wconf 91' lang='lat' dir='ltr'><strong>dum</strong></span> <span class='ocrx_word' id='word_1_299' title='bbox 629 2089 662 2115; x_wconf 90' lang='lat' dir='ltr'><strong>ad</strong></span> <span class='ocrx_word' id='word_1_300' title='bbox 677 2088 766 2115; x_wconf 86' lang='lat' dir='ltr'><strong>omnia</strong></span> <span class='ocrx_word' id='word_1_301' title='bbox 783 2094 852 2114; x_wconf 80' lang='lat' dir='ltr'><strong>vana</strong></span> <span class='ocrx_word' id='word_1_302' title='bbox 872 2092 900 2114; x_wconf 90' lang='lat' dir='ltr'><strong>et</strong></span> <span class='ocrx_word' id='word_1_303' title='bbox 918 2086 1056 2114; x_wconf 87' lang='lat' dir='ltr'><strong>mortifera</strong></span> 
     </span>
    </p>
   </div>
   <div class='ocr_carea' id='block_1_44' title="bbox 279 2133 1057 2171">
    <p class='ocr_par' dir='ltr' id='par_1_44' title="bbox 279 2133 1057 2171">
     <span class='ocr_line' id='line_1_44' title="bbox 279 2133 1057 2171; baseline -0.003 -9"><span class='ocrx_word' id='word_1_304' title='bbox 279 2137 360 2163; x_wconf 84' lang='lat' dir='ltr'><strong>verba</strong></span> <span class='ocrx_word' id='word_1_305' title='bbox 374 2135 491 2171; x_wconf 88' lang='lat' dir='ltr'><strong>linguam</strong></span> <span class='ocrx_word' id='word_1_306' title='bbox 504 2142 579 2162; x_wconf 90' lang='lat' dir='ltr'><strong>suam</strong></span> <span class='ocrx_word' id='word_1_307' title='bbox 593 2134 739 2161; x_wconf 87' lang='lat' dir='ltr'><strong>concitant.</strong></span> <span class='ocrx_word' id='word_1_308' title='bbox 752 2133 820 2161; x_wconf 85' lang='lat' dir='ltr'><strong>Nam</strong></span> <span class='ocrx_word' id='word_1_309' title='bbox 831 2141 864 2161; x_wconf 93' lang='lat' dir='ltr'><strong>en</strong></span> <span class='ocrx_word' id='word_1_310' title='bbox 878 2133 916 2161; x_wconf 86' lang='lat' dir='ltr'><strong>illi</strong></span> <span class='ocrx_word' id='word_1_311' title='bbox 931 2134 1057 2169; x_wconf 86' lang='lat' dir='ltr'><strong>deinceps</strong></span> 
     </span>
    </p>
   </div>
   <div class='ocr_carea' id='block_1_45' title="bbox 276 2178 1094 2217">
    <p class='ocr_par' dir='ltr' id='par_1_45' title="bbox 276 2178 1094 2217">
     <span class='ocr_line' id='line_1_45' title="bbox 276 2178 1094 2217; baseline -0.002 -10"><span class='ocrx_word' id='word_1_312' title='bbox 276 2180 398 2215; x_wconf 87' lang='lat' dir='ltr'><strong>judicum</strong></span> <span class='ocrx_word' id='word_1_313' title='bbox 420 2185 480 2207; x_wconf 90' lang='lat' dir='ltr'><strong>acta</strong></span> <span class='ocrx_word' id='word_1_314' title='bbox 497 2179 699 2206; x_wconf 77' lang='lat' dir='ltr'><strong>ascribuntzet</strong></span> <span class='ocrx_word' id='word_1_315' title='bbox 724 2186 785 2206; x_wconf 90' lang='lat' dir='ltr'><strong>cum</strong></span> <span class='ocrx_word' id='word_1_316' title='bbox 819 2178 846 2205; x_wconf 90' lang='lat' dir='ltr'><strong>in</strong></span> <span class='ocrx_word' id='word_1_317' title='bbox 868 2178 981 2213; x_wconf 87' lang='lat' dir='ltr'><strong>epistola</strong></span> <span class='ocrx_word' id='word_1_318' title='bbox 1007 2186 1055 2205; x_wconf 90' lang='lat' dir='ltr'><strong>sua</strong></span> <span class='ocrx_word' id='word_1_319' title='bbox 1073 2190 1094 2217; x_wconf 74' lang='grc' dir='ltr'><strong>ι)</strong></span> 
     </span>
    </p>
   </div>
   <div class='ocr_carea' id='block_1_46' title="bbox 279 2223 1056 2262">
    <p class='ocr_par' dir='ltr' id='par_1_46' title="bbox 279 2223 1056 2262">
     <span class='ocr_line' id='line_1_46' title="bbox 279 2223 1056 2262; baseline -0.004 -9"><span class='ocrx_word' id='word_1_320' title='bbox 279 2227 367 2262; x_wconf 85' lang='lat' dir='ltr'><strong>palam</strong></span> <span class='ocrx_word' id='word_1_321' title='bbox 380 2226 514 2253; x_wconf 81' lang='lat' dir='ltr'><strong>fateantur</strong></span> <span class='ocrx_word' id='word_1_322' title='bbox 536 2224 691 2259; x_wconf 64' lang='lat' dir='ltr'><strong>praefectum</strong></span> <span class='ocrx_word' id='word_1_323' title='bbox 700 2223 809 2260; x_wconf 62' lang='lat' dir='ltr'><strong>Egypti</strong></span> <span class='ocrx_word' id='word_1_324' title='bbox 823 2229 916 2252; x_wconf 85' lang='lat' dir='ltr'><strong>contra</strong></span> <span class='ocrx_word' id='word_1_325' title='bbox 927 2224 1056 2258; x_wconf 91' lang='lat' dir='ltr'><strong>quosdam</strong></span> 
     </span>
    </p>
   </div>
   <div class='ocr_carea' id='block_1_47' title="bbox 282 2269 1059 2307">
    <p class='ocr_par' dir='ltr' id='par_1_47' title="bbox 282 2269 1059 2307">
     <span class='ocr_line' id='line_1_47' title="bbox 282 2269 1059 2307; baseline -0.003 -9"><span class='ocrx_word' id='word_1_326' title='bbox 282 2272 358 2307; x_wconf 77' lang='lat'><strong>101</strong></span> <span class='ocrx_word' id='word_1_327' title='bbox 375 2271 537 2299; x_wconf 87' lang='lat' dir='ltr'><strong>sententiam</strong></span> <span class='ocrx_word' id='word_1_328' title='bbox 565 2270 668 2302; x_wconf 82' lang='lat' dir='ltr'><strong>tulisse,</strong></span> <span class='ocrx_word' id='word_1_329' title='bbox 694 2269 761 2297; x_wconf 92' lang='lat' dir='ltr'><strong>nihil</strong></span> <span class='ocrx_word' id='word_1_330' title='bbox 789 2274 878 2297; x_wconf 87' lang='lat' dir='ltr'><strong>tamen</strong></span> <span class='ocrx_word' id='word_1_331' title='bbox 897 2270 1059 2297; x_wconf 87' lang='lat' dir='ltr'><strong>erubescunt</strong></span> 
     </span>
    </p>
   </div>
   <div class='ocr_carea' id='block_1_48' title="bbox 279 2316 1058 2350">
    <p class='ocr_par' dir='ltr' id='par_1_48' title="bbox 279 2316 1058 2350">
     <span class='ocr_line' id='line_1_48' title="bbox 279 2316 1058 2350; baseline -0.004 -4"><span class='ocrx_word' id='word_1_332' title='bbox 279 2320 387 2346; x_wconf 86' lang='lat' dir='ltr'><strong>easdem</strong></span> <span class='ocrx_word' id='word_1_333' title='bbox 415 2317 563 2344; x_wconf 78' lang='lat' dir='ltr'><strong>sententias</strong></span> <span class='ocrx_word' id='word_1_334' title='bbox 586 2316 735 2343; x_wconf 86' lang='lat' dir='ltr'><strong>Athanasio</strong></span> <span class='ocrx_word' id='word_1_335' title='bbox 761 2316 894 2350; x_wconf 89' lang='lat' dir='ltr'><strong>imputare</strong></span> <span class='ocrx_word' id='word_1_336' title='bbox 917 2324 923 2342; x_wconf 93' lang='lat'>:</span> <span class='ocrx_word' id='word_1_337' title='bbox 952 2317 1058 2343; x_wconf 86' lang='lat' dir='ltr'><strong>tametsi</strong></span> 
     </span>
    </p>
   </div>
   <div class='ocr_carea' id='block_1_49' title="bbox 280 2361 1058 2398">
    <p class='ocr_par' dir='ltr' id='par_1_49' title="bbox 280 2361 1058 2398">
     <span class='ocr_line' id='line_1_49' title="bbox 280 2361 1058 2398; baseline -0.005 -6"><span class='ocrx_word' id='word_1_338' title='bbox 280 2372 342 2392; x_wconf 90' lang='lat' dir='ltr'><strong>cum</strong></span> <span class='ocrx_word' id='word_1_339' title='bbox 363 2364 420 2391; x_wconf 56' lang='lat' dir='ltr'><strong>haec</strong></span> <span class='ocrx_word' id='word_1_340' title='bbox 434 2368 585 2398; x_wconf 87' lang='lat' dir='ltr'><strong>agerentur,</strong></span> <span class='ocrx_word' id='word_1_341' title='bbox 605 2362 722 2389; x_wconf 92' lang='lat' dir='ltr'><strong>nondum</strong></span> <span class='ocrx_word' id='word_1_342' title='bbox 744 2362 788 2389; x_wconf 90' lang='lat' dir='ltr'><strong>ille</strong></span> <span class='ocrx_word' id='word_1_343' title='bbox 805 2361 995 2389; x_wconf 78' lang='lat' dir='ltr'><strong>Alexandriam</strong></span> <span class='ocrx_word' id='word_1_344' title='bbox 1016 2361 1058 2388; x_wconf 92' lang='lat' dir='ltr'><strong>in-</strong></span> 
     </span>
    </p>
   </div>
   <div class='ocr_carea' id='block_1_50' title="bbox 281 2404 1058 2446">
    <p class='ocr_par' dir='ltr' id='par_1_50' title="bbox 281 2404 1058 2446">
     <span class='ocr_line' id='line_1_50' title="bbox 281 2404 1058 2446; baseline -0.004 -9"><span class='ocrx_word' id='word_1_345' title='bbox 281 2417 390 2446; x_wconf 86' lang='lat' dir='ltr'><strong>gressus</strong></span> <span class='ocrx_word' id='word_1_346' title='bbox 410 2414 491 2442; x_wconf 87' lang='lat' dir='ltr'><strong>esset,</strong></span> <span class='ocrx_word' id='word_1_347' title='bbox 514 2409 560 2436; x_wconf 86' lang='lat' dir='ltr'><strong>sed</strong></span> <span class='ocrx_word' id='word_1_348' title='bbox 586 2404 673 2436; x_wconf 79' lang='lat' dir='ltr'><strong>adhuc</strong></span> <span class='ocrx_word' id='word_1_349' title='bbox 691 2408 724 2435; x_wconf 86' lang='lat' dir='ltr'><strong>ab</strong></span> <span class='ocrx_word' id='word_1_350' title='bbox 745 2408 841 2435; x_wconf 78' lang='lat' dir='ltr'><strong>exsilio</strong></span> <span class='ocrx_word' id='word_1_351' title='bbox 863 2412 1011 2439; x_wconf 83' lang='lat' dir='ltr'><strong>revertens,</strong></span> <span class='ocrx_word' id='word_1_352' title='bbox 1031 2409 1058 2435; x_wconf 92' lang='lat' dir='ltr'><strong>in</strong></span> 
     </span>
    </p>
   </div>
   <div class='ocr_carea' id='block_1_51' title="bbox 282 2454 1061 2491">
    <p class='ocr_par' dir='ltr' id='par_1_51' title="bbox 282 2454 1061 2491">
     <span class='ocr_line' id='line_1_51' title="bbox 282 2454 1061 2491; baseline -0.004 -8"><span class='ocrx_word' id='word_1_353' title='bbox 282 2456 361 2491; x_wconf 82' lang='lat' dir='ltr'><strong>Syria</strong></span> <span class='ocrx_word' id='word_1_354' title='bbox 377 2461 458 2488; x_wconf 88' lang='lat' dir='ltr'><strong>esset,</strong></span> <span class='ocrx_word' id='word_1_355' title='bbox 491 2454 513 2482; x_wconf 89' lang='lat' dir='ltr'><strong>si</strong></span> <span class='ocrx_word' id='word_1_356' title='bbox 541 2459 630 2481; x_wconf 86' lang='lat' dir='ltr'><strong>tamen</strong></span> <span class='ocrx_word' id='word_1_357' title='bbox 649 2461 716 2488; x_wconf 83' lang='lat' dir='ltr'><strong>opus</strong></span> <span class='ocrx_word' id='word_1_358' title='bbox 734 2454 770 2481; x_wconf 84' lang='lat' dir='ltr'><strong>sit</strong></span> <span class='ocrx_word' id='word_1_359' title='bbox 787 2454 960 2489; x_wconf 88' lang='lat' dir='ltr'><strong>longinquam</strong></span> <span class='ocrx_word' id='word_1_360' title='bbox 983 2461 1061 2489; x_wconf 88' lang='lat' dir='ltr'><strong>pere-</strong></span> 
     </span>
    </p>
   </div>
   <div class='ocr_carea' id='block_1_52' title="bbox 282 2500 1060 2537">
    <p class='ocr_par' dir='ltr' id='par_1_52' title="bbox 282 2500 1060 2537">
     <span class='ocr_line' id='line_1_52' title="bbox 282 2500 1060 2537; baseline -0.003 -8"><span class='ocrx_word' id='word_1_361' title='bbox 282 2503 461 2537; x_wconf 80' lang='lat' dir='ltr'><strong>grinationem</strong></span> <span class='ocrx_word' id='word_1_362' title='bbox 480 2509 528 2536; x_wconf 91' lang='lat' dir='ltr'><strong>pro</strong></span> <span class='ocrx_word' id='word_1_363' title='bbox 541 2501 696 2529; x_wconf 80' lang='lat' dir='ltr'><strong>defensione</strong></span> <span class='ocrx_word' id='word_1_364' title='bbox 716 2501 823 2533; x_wconf 80' lang='lat' dir='ltr'><strong>aﬂ&#39;erre,</strong></span> <span class='ocrx_word' id='word_1_365' title='bbox 840 2505 869 2528; x_wconf 91' lang='lat' dir='ltr'><strong>ut</strong></span> <span class='ocrx_word' id='word_1_366' title='bbox 889 2508 922 2528; x_wconf 93' lang='lat' dir='ltr'><strong>ne</strong></span> <span class='ocrx_word' id='word_1_367' title='bbox 938 2500 998 2535; x_wconf 88' lang='lat' dir='ltr'><strong>quis</strong></span> <span class='ocrx_word' id='word_1_368' title='bbox 1013 2508 1060 2527; x_wconf 72' lang='grc' dir='ltr'>εο-</span> 
     </span>
    </p>
   </div>
   <div class='ocr_carea' id='block_1_53' title="bbox 284 2546 1060 2581">
    <p class='ocr_par' dir='ltr' id='par_1_53' title="bbox 284 2546 1060 2581">
     <span class='ocr_line' id='line_1_53' title="bbox 284 2546 1060 2581; baseline -0.004 -6"><span class='ocrx_word' id='word_1_369' title='bbox 284 2556 343 2575; x_wconf 91' lang='lat' dir='ltr'><strong>rum</strong></span> <span class='ocrx_word' id='word_1_370' title='bbox 359 2549 477 2575; x_wconf 86' lang='lat' dir='ltr'><strong>rationes</strong></span> <span class='ocrx_word' id='word_1_371' title='bbox 493 2548 603 2574; x_wconf 85' lang='lat' dir='ltr'><strong>reddere</strong></span> <span class='ocrx_word' id='word_1_372' title='bbox 613 2548 717 2578; x_wconf 87' lang='lat' dir='ltr'><strong>debeat,</strong></span> <span class='ocrx_word' id='word_1_373' title='bbox 732 2554 792 2581; x_wconf 69' lang='lat' dir='ltr'><strong>quia:</strong></span> <span class='ocrx_word' id='word_1_374' title='bbox 806 2547 846 2573; x_wconf 88' lang='lat' dir='ltr'><strong>vel</strong></span> <span class='ocrx_word' id='word_1_375' title='bbox 860 2547 923 2580; x_wconf 86' lang='lat' dir='ltr'><strong>dux,</strong></span> <span class='ocrx_word' id='word_1_376' title='bbox 938 2546 978 2574; x_wconf 80' lang='lat' dir='ltr'><strong>vel</strong></span> <span class='ocrx_word' id='word_1_377' title='bbox 990 2554 1060 2580; x_wconf 76' lang='lat' dir='ltr'><strong>pra:-</strong></span> 
     </span>
    </p>
   </div>
   <div class='ocr_carea' id='block_1_54' title="bbox 284 2591 1061 2628">
    <p class='ocr_par' dir='ltr' id='par_1_54' title="bbox 284 2591 1061 2628">
     <span class='ocr_line' id='line_1_54' title="bbox 284 2591 1061 2628; baseline -0.004 -8"><span class='ocrx_word' id='word_1_378' title='bbox 284 2593 370 2620; x_wconf 89' lang='lat' dir='ltr'><strong>fectus</strong></span> <span class='ocrx_word' id='word_1_379' title='bbox 393 2593 500 2628; x_wconf 64' lang='lat' dir='ltr'><strong>Egypti</strong></span> <span class='ocrx_word' id='word_1_380' title='bbox 518 2593 709 2628; x_wconf 83' lang='lat' dir='ltr'><strong>perpetrarint.</strong></span> <span class='ocrx_word' id='word_1_381' title='bbox 725 2591 792 2619; x_wconf 81' lang='lat' dir='ltr'><strong>Nam</strong></span> <span class='ocrx_word' id='word_1_382' title='bbox 807 2592 871 2619; x_wconf 87' lang='lat' dir='ltr'><strong>licet</strong></span> <span class='ocrx_word' id='word_1_383' title='bbox 893 2592 1061 2618; x_wconf 72' lang='lat' dir='ltr'><strong>Alexandriae</strong></span> 
     </span>
    </p>
   </div>
   <div class='ocr_carea' id='block_1_55' title="bbox 284 2636 1062 2672">
    <p class='ocr_par' dir='ltr' id='par_1_55' title="bbox 284 2636 1062 2672">
     <span class='ocr_line' id='line_1_55' title="bbox 284 2636 1062 2672; baseline -0.004 -6"><span class='ocrx_word' id='word_1_384' title='bbox 284 2639 378 2666; x_wconf 90' lang='lat' dir='ltr'><strong>fuisset</strong></span> <span class='ocrx_word' id='word_1_385' title='bbox 393 2639 567 2671; x_wconf 86' lang='lat' dir='ltr'><strong>Athanasius,</strong></span> <span class='ocrx_word' id='word_1_386' title='bbox 584 2637 648 2672; x_wconf 89' lang='lat' dir='ltr'><strong>quid</strong></span> <span class='ocrx_word' id='word_1_387' title='bbox 668 2637 700 2664; x_wconf 91' lang='lat' dir='ltr'><strong>ad</strong></span> <span class='ocrx_word' id='word_1_388' title='bbox 725 2645 797 2669; x_wconf 88' lang='lat' dir='ltr'><strong>eum,</strong></span> <span class='ocrx_word' id='word_1_389' title='bbox 822 2644 924 2671; x_wconf 62' lang='lat' dir='ltr'><strong>quasso,</strong></span> <span class='ocrx_word' id='word_1_390' title='bbox 943 2636 1062 2671; x_wconf 64' lang='grc' dir='ltr'>ιιι-πείθοιί</span> 
     </span>
    </p>
   </div>
   <div class='ocr_carea' id='block_1_56' title="bbox 319 2715 1063 2754">
    <p class='ocr_par' dir='ltr' id='par_1_56' title="bbox 319 2715 1063 2754">
     <span class='ocr_line' id='line_1_56' title="bbox 319 2715 1063 2754; baseline -0.005 -8"><span class='ocrx_word' id='word_1_391' title='bbox 319 2719 375 2754; x_wconf 78' lang='grc'><strong>(85)</strong></span> <span class='ocrx_word' id='word_1_392' title='bbox 390 2720 427 2746; x_wconf 86' lang='lat' dir='ltr'><strong>Ita</strong></span> <span class='ocrx_word' id='word_1_393' title='bbox 441 2718 506 2752; x_wconf 77' lang='lat' dir='ltr'><strong>Reg.</strong></span> <span class='ocrx_word' id='word_1_394' title='bbox 517 2717 587 2746; x_wconf 87' lang='lat' dir='ltr'><strong>Editi</strong></span> <span class='ocrx_word' id='word_1_395' title='bbox 600 2725 663 2745; x_wconf 84' lang='lat' dir='ltr'><strong>vero</strong></span> <span class='ocrx_word' id='word_1_396' title='bbox 672 2737 680 2750; x_wconf 89' lang='lat'><strong>,</strong></span> <span class='ocrx_word' id='word_1_397' title='bbox 694 2717 741 2743; x_wconf 82' lang='lat' dir='ltr'><strong>xui</strong></span> <span class='ocrx_word' id='word_1_398' title='bbox 755 2717 860 2753; x_wconf 83' lang='grc' dir='ltr'>θρήνων</span> <span class='ocrx_word' id='word_1_399' title='bbox 873 2716 915 2742; x_wconf 78' lang='grc' dir='ltr'><strong>ἐπ’</strong></span> <span class='ocrx_word' id='word_1_400' title='bbox 927 2715 1001 2752; x_wconf 82' lang='grc' dir='ltr'><strong>αὐτῷ</strong></span> <span class='ocrx_word' id='word_1_401' title='bbox 1015 2724 1063 2751; x_wconf 84' lang='grc' dir='ltr'>με·</span> 
     </span>
    </p>
   </div>
   <div class='ocr_carea' id='block_1_57' title="bbox 284 2754 1061 2850">
    <p class='ocr_par' dir='ltr' id='par_1_57' title="bbox 284 2754 1061 2850">
     <span class='ocr_line' id='line_1_57' title="bbox 284 2754 1061 2850; baseline -0.004 -34"><span class='ocrx_word' id='word_1_402' title='bbox 284 2754 440 2850; x_wconf 41' lang='grc' dir='ltr'><strong>τῗᾷξςὲῗτοῦ</strong></span> <span class='ocrx_word' id='word_1_403' title='bbox 458 2788 533 2816; x_wconf 86' lang='lat' dir='ltr'><strong>deest</strong></span> <span class='ocrx_word' id='word_1_404' title='bbox 542 2787 569 2814; x_wconf 91' lang='lat' dir='ltr'><strong>in</strong></span> <span class='ocrx_word' id='word_1_405' title='bbox 582 2786 671 2820; x_wconf 84' lang='lat' dir='ltr'><strong>editis,</strong></span> <span class='ocrx_word' id='word_1_406' title='bbox 687 2786 734 2814; x_wconf 91' lang='lat' dir='ltr'><strong>sed</strong></span> <span class='ocrx_word' id='word_1_407' title='bbox 747 2786 775 2814; x_wconf 90' lang='lat' dir='ltr'><strong>in</strong></span> <span class='ocrx_word' id='word_1_408' title='bbox 789 2784 855 2820; x_wconf 76' lang='lat' dir='ltr'><strong>Reg.</strong></span> <span class='ocrx_word' id='word_1_409' title='bbox 877 2790 905 2813; x_wconf 87' lang='lat' dir='ltr'><strong>et</strong></span> <span class='ocrx_word' id='word_1_410' title='bbox 921 2774 1005 2814; x_wconf 55' lang='lat' dir='ltr'><strong>&#39;Basil.</strong></span> <span class='ocrx_word' id='word_1_411' title='bbox 1022 2785 1061 2813; x_wconf 86' lang='lat' dir='ltr'><strong>le-</strong></span> 
     </span>
     <span class='ocr_line' id='line_1_58' title="bbox 285 2832 339 2850; baseline 0 0"><span class='ocrx_word' id='word_1_412' title='bbox 285 2832 311 2850; x_wconf 70' lang='grc' dir='ltr'><strong>ΠΙ</strong></span> <span class='ocrx_word' id='word_1_413' title='bbox 325 2832 339 2850; x_wconf 85' lang='grc' dir='ltr'><strong>ιι</strong></span> 
     </span>
    </p>
   </div>
   <div class='ocr_carea' id='block_1_58' title="bbox 285 2832 339 2852">
    <p class='ocr_par' dir='ltr' id='par_1_58' title="bbox 285 2832 339 2852">
     <span class='ocr_line' id='line_1_59' title="bbox 285 2832 339 2852; baseline -0.037 0"><span class='ocrx_word' id='word_1_414' title='bbox 285 2832 339 2852; x_wconf 73' lang='grc' dir='ltr'>αιιιι</span> 
     </span>
    </p>
   </div>
   <div class='ocr_carea' id='block_1_59' title="bbox 533 110 1556 145">
    <p class='ocr_par' dir='ltr' id='par_1_59' title="bbox 533 110 1556 145">
     <span class='ocr_line' id='line_1_60' title="bbox 533 110 1556 145; baseline -0.009 0"><span class='ocrx_word' id='word_1_415' title='bbox 533 117 562 145; x_wconf 86' lang='lat' dir='ltr'><strong>S.</strong></span> <span class='ocrx_word' id='word_1_416' title='bbox 582 115 764 144; x_wconf 76' lang='lat' dir='ltr'><strong>ATllANASll</strong></span> <span class='ocrx_word' id='word_1_417' title='bbox 784 115 858 143; x_wconf 84' lang='lat' dir='ltr'><strong>OPP.</strong></span> <span class='ocrx_word' id='word_1_418' title='bbox 879 115 967 142; x_wconf 79' lang='lat' dir='ltr'><strong>PARS</strong></span> <span class='ocrx_word' id='word_1_419' title='bbox 982 114 1001 141; x_wconf 97' lang='lat' dir='ltr'><strong>l.</strong></span> <span class='ocrx_word' id='word_1_420' title='bbox 1020 128 1054 134; x_wconf 90' lang='lat'><strong>—</strong></span> <span class='ocrx_word' id='word_1_421' title='bbox 1074 112 1258 140; x_wconf 78' lang='lat' dir='ltr'><strong>HISTORICA</strong></span> <span class='ocrx_word' id='word_1_422' title='bbox 1278 110 1321 138; x_wconf 85' lang='lat' dir='ltr'><strong>ET</strong></span> <span class='ocrx_word' id='word_1_423' title='bbox 1345 110 1556 138; x_wconf 78' lang='lat' dir='ltr'><strong>DOGMATICA.</strong></span> 
     </span>
    </p>
   </div>
   <div class='ocr_carea' id='block_1_60' title="bbox 1805 110 1857 138">
    <p class='ocr_par' dir='ltr' id='par_1_60' title="bbox 1805 110 1857 138">
     <span class='ocr_line' id='line_1_61' title="bbox 1805 110 1857 138; baseline 0.038 -2"><span class='ocrx_word' id='word_1_424' title='bbox 1805 110 1857 138; x_wconf 77' lang='lat'><strong>256</strong></span> 
     </span>
    </p>
   </div>
   <div class='ocr_carea' id='block_1_61' title="bbox 1080 169 1860 208">
    <p class='ocr_par' dir='ltr' id='par_1_61' title="bbox 1080 169 1860 208">
     <span class='ocr_line' id='line_1_62' title="bbox 1080 169 1860 208; baseline -0.006 -7"><span class='ocrx_word' id='word_1_425' title='bbox 1080 174 1138 201; x_wconf 71' lang='grc' dir='ltr'>ἀντὶ</span> <span class='ocrx_word' id='word_1_426' title='bbox 1153 173 1207 200; x_wconf 83' lang='grc' dir='ltr'>τῶν</span> <span class='ocrx_word' id='word_1_427' title='bbox 1229 173 1368 208; x_wconf 74' lang='grc' dir='ltr'><strong>προτέρων</strong></span> <span class='ocrx_word' id='word_1_428' title='bbox 1389 171 1512 206; x_wconf 76' lang='grc' dir='ltr'><strong>ὀδυρμῶν</strong></span> <span class='ocrx_word' id='word_1_429' title='bbox 1532 171 1574 196; x_wconf 79' lang='grc' dir='ltr'><strong>ἐπ’</strong></span> <span class='ocrx_word' id='word_1_430' title='bbox 1598 169 1671 205; x_wconf 80' lang='grc' dir='ltr'><strong>αὑτῷ</strong></span> <span class='ocrx_word' id='word_1_431' title='bbox 1691 169 1738 197; x_wconf 85' lang='lat' dir='ltr'><strong>xui</strong></span> <span class='ocrx_word' id='word_1_432' title='bbox 1754 169 1860 205; x_wconf 85' lang='grc' dir='ltr'>θρήνων</span> 
     </span>
    </p>
   </div>
   <div class='ocr_carea' id='block_1_62' title="bbox 1081 215 1861 255">
    <p class='ocr_par' dir='ltr' id='par_1_62' title="bbox 1081 215 1861 255">
     <span class='ocr_line' id='line_1_63' title="bbox 1081 215 1861 255; baseline -0.005 -9"><span class='ocrx_word' id='word_1_433' title='bbox 1081 219 1209 255; x_wconf 78' lang='grc' dir='ltr'><strong>μεγίστην</strong></span> <span class='ocrx_word' id='word_1_434' title='bbox 1226 218 1281 253; x_wconf 76' lang='lat'><strong>(85)</strong></span> <span class='ocrx_word' id='word_1_435' title='bbox 1295 217 1424 252; x_wconf 75' lang='grc' dir='ltr'>εὐθυμίαν</span> <span class='ocrx_word' id='word_1_436' title='bbox 1441 216 1623 246; x_wconf 75' lang='grc' dir='ltr'>ἀπολαϐόντας</span> <span class='ocrx_word' id='word_1_437' title='bbox 1647 215 1692 242; x_wconf 85' lang='lat' dir='ltr'><strong>xui</strong></span> <span class='ocrx_word' id='word_1_438' title='bbox 1713 215 1801 250; x_wconf 72' lang='grc' dir='ltr'>χάριν,</span> <span class='ocrx_word' id='word_1_439' title='bbox 1827 217 1861 250; x_wconf 80' lang='grc' dir='ltr'>ῆν</span> 
     </span>
    </p>
   </div>
   <div class='ocr_carea' id='block_1_63' title="bbox 1080 261 1861 300">
    <p class='ocr_par' dir='ltr' id='par_1_63' title="bbox 1080 261 1861 300">
     <span class='ocr_line' id='line_1_64' title="bbox 1080 261 1861 300; baseline -0.004 -9"><span class='ocrx_word' id='word_1_440' title='bbox 1080 267 1093 291; x_wconf 80' lang='grc' dir='ltr'>ὁ</span> <span class='ocrx_word' id='word_1_441' title='bbox 1106 265 1206 300; x_wconf 81' lang='grc' dir='ltr'>Κύριος</span> <span class='ocrx_word' id='word_1_442' title='bbox 1220 263 1401 298; x_wconf 73' lang='grc' dir='ltr'><strong>διαφυλάξειε,</strong></span> <span class='ocrx_word' id='word_1_443' title='bbox 1414 263 1460 289; x_wconf 78' lang='grc' dir='ltr'><strong>καὶ</strong></span> <span class='ocrx_word' id='word_1_444' title='bbox 1472 261 1621 296; x_wconf 75' lang='grc' dir='ltr'><strong>ἀνατρέψαι</strong></span> <span class='ocrx_word' id='word_1_445' title='bbox 1636 262 1692 292; x_wconf 84' lang='grc' dir='ltr'>τοῖς</span> <span class='ocrx_word' id='word_1_446' title='bbox 1708 262 1770 296; x_wconf 72' lang='grc' dir='ltr'>περὶ</span> <span class='ocrx_word' id='word_1_447' title='bbox 1782 261 1861 288; x_wconf 74' lang='grc' dir='ltr'>Εὐσέ-</span> 
     </span>
    </p>
   </div>
   <div class='ocr_carea' id='block_1_64' title="bbox 1081 303 1862 344">
    <p class='ocr_par' dir='ltr' id='par_1_64' title="bbox 1081 303 1862 344">
     <span class='ocr_line' id='line_1_65' title="bbox 1081 303 1862 344; baseline -0.005 -8"><span class='ocrx_word' id='word_1_448' title='bbox 1081 311 1137 337; x_wconf 80' lang='grc' dir='ltr'>ϐιον</span> <span class='ocrx_word' id='word_1_449' title='bbox 1157 309 1194 344; x_wconf 86' lang='grc' dir='ltr'>μὴ</span> <span class='ocrx_word' id='word_1_450' title='bbox 1215 309 1358 343; x_wconf 59' lang='grc' dir='ltr'>ἐπιτρέψῃ.</span> <span class='ocrx_word' id='word_1_451' title='bbox 1380 307 1473 333; x_wconf 79' lang='grc' dir='ltr'>Ταῦτα</span> <span class='ocrx_word' id='word_1_452' title='bbox 1498 306 1558 341; x_wconf 79' lang='grc' dir='ltr'>μὲν,</span> <span class='ocrx_word' id='word_1_453' title='bbox 1582 307 1605 332; x_wconf 90' lang='grc' dir='ltr'>εἱ</span> <span class='ocrx_word' id='word_1_454' title='bbox 1627 307 1673 333; x_wconf 87' lang='lat' dir='ltr'><strong>xui</strong></span> <span class='ocrx_word' id='word_1_455' title='bbox 1695 305 1780 340; x_wconf 82' lang='grc' dir='ltr'>ἀληθῆ</span> <span class='ocrx_word' id='word_1_456' title='bbox 1794 303 1827 340; x_wconf 80' lang='grc' dir='ltr'>ἦν</span> <span class='ocrx_word' id='word_1_457' title='bbox 1843 305 1862 332; x_wconf 73' lang='grc' dir='ltr'><strong>ἃ.</strong></span> 
     </span>
    </p>
   </div>
   <div class='ocr_carea' id='block_1_65' title="bbox 1081 351 1862 391">
    <p class='ocr_par' dir='ltr' id='par_1_65' title="bbox 1081 351 1862 391">
     <span class='ocr_line' id='line_1_66' title="bbox 1081 351 1862 391; baseline -0.008 -8"><span class='ocrx_word' id='word_1_458' title='bbox 1081 356 1248 391; x_wconf 82' lang='grc' dir='ltr'>κατηγόρουν</span> <span class='ocrx_word' id='word_1_459' title='bbox 1263 355 1352 384; x_wconf 78' lang='grc' dir='ltr'>αὑτὸν,</span> <span class='ocrx_word' id='word_1_460' title='bbox 1370 351 1404 389; x_wconf 78' lang='grc' dir='ltr'>ἦν</span> <span class='ocrx_word' id='word_1_461' title='bbox 1419 361 1479 379; x_wconf 87' lang='grc' dir='ltr'>τινα</span> <span class='ocrx_word' id='word_1_462' title='bbox 1494 353 1720 388; x_wconf 75' lang='grc' dir='ltr'>κατηγορήματα,</span> <span class='ocrx_word' id='word_1_463' title='bbox 1737 353 1777 378; x_wconf 78' lang='grc' dir='ltr'>ὅτι</span> <span class='ocrx_word' id='word_1_464' title='bbox 1788 351 1862 386; x_wconf 81' lang='grc' dir='ltr'>παρὰ</span> 
     </span>
    </p>
   </div>
   <div class='ocr_carea' id='block_1_66' title="bbox 1081 397 1862 438">
    <p class='ocr_par' dir='ltr' id='par_1_66' title="bbox 1081 397 1862 438">
     <span class='ocr_line' id='line_1_67' title="bbox 1081 397 1862 438; baseline -0.006 -9"><span class='ocrx_word' id='word_1_465' title='bbox 1081 403 1111 429; x_wconf 76' lang='grc' dir='ltr'><strong>τὺ</strong></span> <span class='ocrx_word' id='word_1_466' title='bbox 1127 402 1288 438; x_wconf 77' lang='grc' dir='ltr'>πρόσταγμα</span> <span class='ocrx_word' id='word_1_467' title='bbox 1299 400 1345 426; x_wconf 80' lang='grc' dir='ltr'><strong>τοῦ</strong></span> <span class='ocrx_word' id='word_1_468' title='bbox 1360 399 1583 435; x_wconf 79' lang='grc' dir='ltr'>Χριστιανισμοῦ,</span> <span class='ocrx_word' id='word_1_469' title='bbox 1595 399 1641 425; x_wconf 79' lang='grc' dir='ltr'>καὶ</span> <span class='ocrx_word' id='word_1_470' title='bbox 1667 398 1734 433; x_wconf 82' lang='grc' dir='ltr'><strong>μετά</strong></span> <span class='ocrx_word' id='word_1_471' title='bbox 1754 398 1800 424; x_wconf 82' lang='grc' dir='ltr'>τὸν</span> <span class='ocrx_word' id='word_1_472' title='bbox 1815 397 1862 424; x_wconf 87' lang='grc' dir='ltr'><strong>τοῦ</strong></span> 
     </span>
    </p>
   </div>
   <div class='ocr_carea' id='block_1_67' title="bbox 1083 443 1862 482">
    <p class='ocr_par' dir='ltr' id='par_1_67' title="bbox 1083 443 1862 482">
     <span class='ocr_line' id='line_1_68' title="bbox 1083 443 1862 482; baseline -0.006 -9"><span class='ocrx_word' id='word_1_473' title='bbox 1083 447 1138 482; x_wconf 74' lang='grc'><strong>(84)</strong></span> <span class='ocrx_word' id='word_1_474' title='bbox 1172 445 1324 481; x_wconf 74' lang='grc' dir='ltr'>πειρασμοῦ</span> <span class='ocrx_word' id='word_1_475' title='bbox 1358 445 1500 480; x_wconf 73' lang='grc' dir='ltr'><strong>ἐξορισμὸν</strong></span> <span class='ocrx_word' id='word_1_476' title='bbox 1531 443 1741 478; x_wconf 76' lang='grc' dir='ltr'>ἐπεμϐαίνοντες</span> <span class='ocrx_word' id='word_1_477' title='bbox 1772 443 1862 474; x_wconf 86' lang='grc' dir='ltr'>πάλιν,</span> 
     </span>
    </p>
   </div>
   <div class='ocr_carea' id='block_1_68' title="bbox 1083 490 1862 527">
    <p class='ocr_par' dir='ltr' id='par_1_68' title="bbox 1083 490 1862 527">
     <span class='ocr_line' id='line_1_69' title="bbox 1083 490 1862 527; baseline -0.005 -8"><span class='ocrx_word' id='word_1_478' title='bbox 1083 493 1169 527; x_wconf 69' lang='grc' dir='ltr'>φόνων</span> <span class='ocrx_word' id='word_1_479' title='bbox 1182 492 1228 519; x_wconf 75' lang='grc' dir='ltr'>καὶ</span> <span class='ocrx_word' id='word_1_480' title='bbox 1244 491 1353 526; x_wconf 63' lang='grc' dir='ltr'>σφαγῶν</span> <span class='ocrx_word' id='word_1_481' title='bbox 1373 492 1419 518; x_wconf 82' lang='lat' dir='ltr'><strong>xui</strong></span> <span class='ocrx_word' id='word_1_482' title='bbox 1434 491 1520 518; x_wconf 78' lang='grc' dir='ltr'>ἄλλων</span> <span class='ocrx_word' id='word_1_483' title='bbox 1540 490 1719 524; x_wconf 74' lang='grc' dir='ltr'>ἐγκλημάτων</span> <span class='ocrx_word' id='word_1_484' title='bbox 1743 497 1862 524; x_wconf 89' lang='grc' dir='ltr'>κατηγο-</span> 
     </span>
    </p>
   </div>
   <div class='ocr_carea' id='block_1_69' title="bbox 1085 534 1864 576">
    <p class='ocr_par' dir='ltr' id='par_1_69' title="bbox 1085 534 1864 576">
     <span class='ocr_line' id='line_1_70' title="bbox 1085 534 1864 576; baseline -0.006 -11"><span class='ocrx_word' id='word_1_485' title='bbox 1085 539 1172 576; x_wconf 88' lang='grc' dir='ltr'>ροῦσι,</span> <span class='ocrx_word' id='word_1_486' title='bbox 1194 539 1242 565; x_wconf 76' lang='grc' dir='ltr'>καὶ</span> <span class='ocrx_word' id='word_1_487' title='bbox 1258 538 1406 573; x_wconf 80' lang='grc' dir='ltr'>βασιλικαῖς</span> <span class='ocrx_word' id='word_1_488' title='bbox 1429 537 1523 568; x_wconf 66' lang='grc' dir='ltr'>ἀκοαῖς</span> <span class='ocrx_word' id='word_1_489' title='bbox 1545 535 1631 562; x_wconf 85' lang='grc' dir='ltr'>ταῦτα</span> <span class='ocrx_word' id='word_1_490' title='bbox 1651 534 1720 562; x_wconf 83' lang='grc' dir='ltr'>κατὰ</span> <span class='ocrx_word' id='word_1_491' title='bbox 1736 534 1790 561; x_wconf 83' lang='grc' dir='ltr'>τῶν</span> <span class='ocrx_word' id='word_1_492' title='bbox 1807 535 1864 561; x_wconf 81' lang='grc' dir='ltr'>ὲπι-</span> 
     </span>
    </p>
   </div>
   <div class='ocr_carea' id='block_1_70' title="bbox 1086 580 1865 619">
    <p class='ocr_par' dir='ltr' id='par_1_70' title="bbox 1086 580 1865 619">
     <span class='ocr_line' id='line_1_71' title="bbox 1086 580 1865 619; baseline -0.006 -8"><span class='ocrx_word' id='word_1_493' title='bbox 1086 585 1192 611; x_wconf 77' lang='grc' dir='ltr'>σκόπων</span> <span class='ocrx_word' id='word_1_494' title='bbox 1211 583 1365 619; x_wconf 79' lang='grc' dir='ltr'>ὲπηχοῦσιν.</span> <span class='ocrx_word' id='word_1_495' title='bbox 1392 583 1455 609; x_wconf 85' lang='grc' dir='ltr'><strong>Ὀτε</strong></span> <span class='ocrx_word' id='word_1_496' title='bbox 1479 582 1507 607; x_wconf 82' lang='grc' dir='ltr'>δὲ</span> <span class='ocrx_word' id='word_1_497' title='bbox 1533 581 1621 607; x_wconf 80' lang='grc' dir='ltr'>πάντα</span> <span class='ocrx_word' id='word_1_498' title='bbox 1647 580 1801 615; x_wconf 78' lang='grc' dir='ltr'>ψεύδονται,</span> <span class='ocrx_word' id='word_1_499' title='bbox 1818 581 1865 607; x_wconf 73' lang='grc' dir='ltr'>καὶ</span> 
     </span>
    </p>
   </div>
   <div class='ocr_carea' id='block_1_71' title="bbox 1086 626 1865 664">
    <p class='ocr_par' dir='ltr' id='par_1_71' title="bbox 1086 626 1865 664">
     <span class='ocr_line' id='line_1_72' title="bbox 1086 626 1865 664; baseline -0.006 -8"><span class='ocrx_word' id='word_1_500' title='bbox 1086 630 1173 656; x_wconf 83' lang='grc' dir='ltr'>πάντα</span> <span class='ocrx_word' id='word_1_501' title='bbox 1188 628 1393 664; x_wconf 79' lang='grc' dir='ltr'><strong>συκοφαντοῦσι,</strong></span> <span class='ocrx_word' id='word_1_502' title='bbox 1409 628 1456 654; x_wconf 85' lang='lat' dir='ltr'><strong>xui</strong></span> <span class='ocrx_word' id='word_1_503' title='bbox 1471 627 1507 662; x_wconf 86' lang='grc' dir='ltr'>μὴ</span> <span class='ocrx_word' id='word_1_504' title='bbox 1529 626 1671 662; x_wconf 84' lang='grc' dir='ltr'>πρόσεστιν</span> <span class='ocrx_word' id='word_1_505' title='bbox 1694 627 1782 653; x_wconf 83' lang='grc' dir='ltr'>αὐτῶν</span> <span class='ocrx_word' id='word_1_506' title='bbox 1798 626 1865 662; x_wconf 87' lang='grc' dir='ltr'>ἀλή-</span> 
     </span>
    </p>
   </div>
   <div class='ocr_carea' id='block_1_72' title="bbox 1087 671 1866 709">
    <p class='ocr_par' dir='ltr' id='par_1_72' title="bbox 1087 671 1866 709">
     <span class='ocr_line' id='line_1_73' title="bbox 1087 671 1866 709; baseline -0.006 -7"><span class='ocrx_word' id='word_1_507' title='bbox 1087 675 1147 702; x_wconf 88' lang='grc' dir='ltr'>θεια</span> <span class='ocrx_word' id='word_1_508' title='bbox 1160 676 1215 706; x_wconf 83' lang='grc' dir='ltr'>τοῖς</span> <span class='ocrx_word' id='word_1_509' title='bbox 1233 675 1357 709; x_wconf 77' lang='grc' dir='ltr'><strong>στόμασι,</strong></span> <span class='ocrx_word' id='word_1_510' title='bbox 1377 673 1442 709; x_wconf 80' lang='grc' dir='ltr'>μηδὲ</span> <span class='ocrx_word' id='word_1_511' title='bbox 1461 674 1517 705; x_wconf 84' lang='grc' dir='ltr'>τοῖς</span> <span class='ocrx_word' id='word_1_512' title='bbox 1535 672 1695 709; x_wconf 56' lang='grc' dir='ltr'>γράμμασί,</span> <span class='ocrx_word' id='word_1_513' title='bbox 1711 671 1866 698; x_wconf 86' lang='grc' dir='ltr'>ποσαπλοῦν</span> 
     </span>
    </p>
   </div>
   <div class='ocr_carea' id='block_1_73' title="bbox 1089 716 1868 756">
    <p class='ocr_par' dir='ltr' id='par_1_73' title="bbox 1089 716 1868 756">
     <span class='ocr_line' id='line_1_74' title="bbox 1089 716 1868 756; baseline -0.004 -9"><span class='ocrx_word' id='word_1_514' title='bbox 1089 721 1118 747; x_wconf 69' lang='grc' dir='ltr'><strong>τὸ</strong></span> <span class='ocrx_word' id='word_1_515' title='bbox 1131 721 1214 747; x_wconf 77' lang='grc' dir='ltr'>κακὸν</span> <span class='ocrx_word' id='word_1_516' title='bbox 1224 721 1287 756; x_wconf 78' lang='grc' dir='ltr'>παρ’</span> <span class='ocrx_word' id='word_1_517' title='bbox 1302 721 1392 751; x_wconf 82' lang='grc' dir='ltr'>αὑτοῐς</span> <span class='ocrx_word' id='word_1_518' title='bbox 1403 720 1454 751; x_wconf 82' lang='lat' dir='ltr'><strong>;&quot;ll</strong></span> <span class='ocrx_word' id='word_1_519' title='bbox 1469 719 1605 749; x_wconf 75' lang='grc' dir='ltr'>ποταποὺς</span> <span class='ocrx_word' id='word_1_520' title='bbox 1614 716 1682 745; x_wconf 78' lang='grc' dir='ltr'>εἶναι</span> <span class='ocrx_word' id='word_1_521' title='bbox 1693 718 1754 749; x_wconf 78' lang='grc' dir='ltr'>τοὺς</span> <span class='ocrx_word' id='word_1_522' title='bbox 1765 717 1868 753; x_wconf 84' lang='grc' dir='ltr'>ἀνθρὼ-</span> 
     </span>
    </p>
   </div>
   <div class='ocr_carea' id='block_1_74' title="bbox 1089 763 1868 800">
    <p class='ocr_par' dir='ltr' id='par_1_74' title="bbox 1089 763 1868 800">
     <span class='ocr_line' id='line_1_75' title="bbox 1089 763 1868 800; baseline -0.004 -8"><span class='ocrx_word' id='word_1_523' title='bbox 1089 774 1156 798; x_wconf 79' lang='grc' dir='ltr'>πους</span> <span class='ocrx_word' id='word_1_524' title='bbox 1169 765 1388 800; x_wconf 72' lang='grc' dir='ltr'>ὑπολαμϐάνετες</span> <span class='ocrx_word' id='word_1_525' title='bbox 1404 764 1472 799; x_wconf 85' lang='grc' dir='ltr'>Ἤδη</span> <span class='ocrx_word' id='word_1_526' title='bbox 1485 764 1572 790; x_wconf 85' lang='grc' dir='ltr'>τοίνυν</span> <span class='ocrx_word' id='word_1_527' title='bbox 1592 763 1634 789; x_wconf 79' lang='grc' dir='ltr'><strong>ἐπ’</strong></span> <span class='ocrx_word' id='word_1_528' title='bbox 1654 763 1724 790; x_wconf 73' lang='grc' dir='ltr'>αὐτὰ</span> <span class='ocrx_word' id='word_1_529' title='bbox 1746 763 1800 798; x_wconf 82' lang='grc'><strong>(85)</strong></span> <span class='ocrx_word' id='word_1_530' title='bbox 1813 772 1868 798; x_wconf 86' lang='grc' dir='ltr'><strong>χω-</strong></span> 
     </span>
    </p>
   </div>
   <div class='ocr_carea' id='block_1_75' title="bbox 1092 809 1868 848">
    <p class='ocr_par' dir='ltr' id='par_1_75' title="bbox 1092 809 1868 848">
     <span class='ocr_line' id='line_1_76' title="bbox 1092 809 1868 848; baseline -0.003 -10"><span class='ocrx_word' id='word_1_531' title='bbox 1092 813 1227 848; x_wconf 82' lang='grc' dir='ltr'>ρήσωμεν,</span> <span class='ocrx_word' id='word_1_532' title='bbox 1248 811 1295 837; x_wconf 86' lang='lat' dir='ltr'><strong>xui</strong></span> <span class='ocrx_word' id='word_1_533' title='bbox 1311 811 1379 846; x_wconf 78' lang='grc' dir='ltr'>πρὸς</span> <span class='ocrx_word' id='word_1_534' title='bbox 1399 810 1448 842; x_wconf 83' lang='grc' dir='ltr'><strong>τὰς</strong></span> <span class='ocrx_word' id='word_1_535' title='bbox 1461 810 1626 846; x_wconf 78' lang='grc' dir='ltr'>κατηγορίας</span> <span class='ocrx_word' id='word_1_536' title='bbox 1647 810 1734 837; x_wconf 72' lang='grc' dir='ltr'>αὐτῶν</span> <span class='ocrx_word' id='word_1_537' title='bbox 1756 810 1805 842; x_wconf 79' lang='grc' dir='ltr'>τὰς</span> <span class='ocrx_word' id='word_1_538' title='bbox 1819 809 1868 836; x_wconf 74' lang='grc' dir='ltr'><strong>νῦν</strong></span> 
     </span>
    </p>
   </div>
   <div class='ocr_carea' id='block_1_76' title="bbox 1090 857 1869 893">
    <p class='ocr_par' dir='ltr' id='par_1_76' title="bbox 1090 857 1869 893">
     <span class='ocr_line' id='line_1_77' title="bbox 1090 857 1869 893; baseline -0.003 -8"><span class='ocrx_word' id='word_1_539' title='bbox 1090 859 1232 893; x_wconf 86' lang='grc' dir='ltr'>γινομένας</span> <span class='ocrx_word' id='word_1_540' title='bbox 1243 858 1452 893; x_wconf 83' lang='grc' dir='ltr'>ἁπαντήσωμεν.</span> <span class='ocrx_word' id='word_1_541' title='bbox 1468 858 1522 884; x_wconf 80' lang='grc' dir='ltr'><strong>Καὶ</strong></span> <span class='ocrx_word' id='word_1_542' title='bbox 1541 857 1596 892; x_wconf 83' lang='grc' dir='ltr'><strong>γὰρ</strong></span> <span class='ocrx_word' id='word_1_543' title='bbox 1610 857 1661 883; x_wconf 71' lang='grc' dir='ltr'><strong>ἀπὸ</strong></span> <span class='ocrx_word' id='word_1_544' title='bbox 1682 857 1783 883; x_wconf 74' lang='grc' dir='ltr'>τούτων</span> <span class='ocrx_word' id='word_1_545' title='bbox 1808 857 1869 883; x_wconf 71' lang='grc' dir='ltr'>οὐδὲ</span> 
     </span>
    </p>
   </div>
   <div class='ocr_carea' id='block_1_77' title="bbox 1091 901 1871 939">
    <p class='ocr_par' dir='ltr' id='par_1_77' title="bbox 1091 901 1871 939">
     <span class='ocr_line' id='line_1_78' title="bbox 1091 901 1871 939; baseline -0.004 -9"><span class='ocrx_word' id='word_1_546' title='bbox 1091 904 1125 930; x_wconf 82' lang='grc' dir='ltr'><strong>τὰ</strong></span> <span class='ocrx_word' id='word_1_547' title='bbox 1142 904 1260 939; x_wconf 87' lang='grc' dir='ltr'>πρότερα</span> <span class='ocrx_word' id='word_1_548' title='bbox 1274 903 1337 938; x_wconf 72' lang='grc' dir='ltr'>παρ’</span> <span class='ocrx_word' id='word_1_549' title='bbox 1353 902 1440 930; x_wconf 73' lang='grc' dir='ltr'>αὐτῶν</span> <span class='ocrx_word' id='word_1_550' title='bbox 1456 903 1502 928; x_wconf 75' lang='grc' dir='ltr'><strong>ἐπὶ</strong></span> <span class='ocrx_word' id='word_1_551' title='bbox 1517 902 1616 937; x_wconf 83' lang='grc' dir='ltr'>συνόδῳ</span> <span class='ocrx_word' id='word_1_552' title='bbox 1630 903 1676 928; x_wconf 78' lang='grc' dir='ltr'>καὶ</span> <span class='ocrx_word' id='word_1_553' title='bbox 1693 902 1781 936; x_wconf 77' lang='grc' dir='ltr'>κρίσει</span> <span class='ocrx_word' id='word_1_554' title='bbox 1792 901 1871 936; x_wconf 78' lang='grc' dir='ltr'>θρυλ-</span> 
     </span>
    </p>
   </div>
   <div class='ocr_carea' id='block_1_78' title="bbox 1091 947 1871 985">
    <p class='ocr_par' dir='ltr' id='par_1_78' title="bbox 1091 947 1871 985">
     <span class='ocr_line' id='line_1_79' title="bbox 1091 947 1871 985; baseline -0.003 -9"><span class='ocrx_word' id='word_1_555' title='bbox 1091 950 1217 985; x_wconf 80' lang='grc' dir='ltr'>λοὺμενα,</span> <span class='ocrx_word' id='word_1_556' title='bbox 1234 949 1323 980; x_wconf 81' lang='grc' dir='ltr'>καλῶς</span> <span class='ocrx_word' id='word_1_557' title='bbox 1336 948 1526 984; x_wconf 80' lang='grc' dir='ltr'>πεπραγμένα,</span> <span class='ocrx_word' id='word_1_558' title='bbox 1546 948 1644 983; x_wconf 80' lang='grc' dir='ltr'>μᾶλλον</span> <span class='ocrx_word' id='word_1_559' title='bbox 1657 948 1685 974; x_wconf 85' lang='grc' dir='ltr'>δὲ</span> <span class='ocrx_word' id='word_1_560' title='bbox 1702 948 1761 974; x_wconf 79' lang='grc' dir='ltr'>οὐδὲ</span> <span class='ocrx_word' id='word_1_561' title='bbox 1783 947 1871 983; x_wconf 80' lang='grc' dir='ltr'><strong>ἀληθῆ</strong></span> 
     </span>
    </p>
   </div>
   <div class='ocr_carea' id='block_1_79' title="bbox 1092 993 1872 1030">
    <p class='ocr_par' dir='ltr' id='par_1_79' title="bbox 1092 993 1872 1030">
     <span class='ocr_line' id='line_1_80' title="bbox 1092 993 1872 1030; baseline -0.001 -9"><span class='ocrx_word' id='word_1_562' title='bbox 1092 995 1223 1029; x_wconf 86' lang='grc' dir='ltr'>λεγόμενα</span> <span class='ocrx_word' id='word_1_563' title='bbox 1239 994 1439 1030; x_wconf 72' lang='grc' dir='ltr'>ἐλεγχθήσεται,</span> <span class='ocrx_word' id='word_1_564' title='bbox 1455 994 1501 1021; x_wconf 86' lang='grc' dir='ltr'>καὶ</span> <span class='ocrx_word' id='word_1_565' title='bbox 1518 994 1595 1020; x_wconf 78' lang='grc' dir='ltr'>πάλιν</span> <span class='ocrx_word' id='word_1_566' title='bbox 1612 994 1657 1020; x_wconf 65' lang='grc' dir='ltr'><strong>ἐπὶ</strong></span> <span class='ocrx_word' id='word_1_567' title='bbox 1671 993 1775 1025; x_wconf 83' lang='grc' dir='ltr'>τούτοις</span> <span class='ocrx_word' id='word_1_568' title='bbox 1786 1002 1872 1020; x_wconf 85' lang='grc' dir='ltr'>κατα-</span> 
     </span>
    </p>
   </div>
   <div class='ocr_carea' id='block_1_80' title="bbox 1092 1040 1302 1075">
    <p class='ocr_par' dir='ltr' id='par_1_80' title="bbox 1092 1040 1302 1075">
     <span class='ocr_line' id='line_1_81' title="bbox 1092 1040 1302 1075; baseline 0 -9"><span class='ocrx_word' id='word_1_569' title='bbox 1092 1049 1147 1075; x_wconf 90' lang='grc' dir='ltr'>γνω</span> <span class='ocrx_word' id='word_1_570' title='bbox 1151 1040 1291 1075; x_wconf 77' lang='grc' dir='ltr'>σθήσονται</span> <span class='ocrx_word' id='word_1_571' title='bbox 1296 1060 1302 1067; x_wconf 89' lang='grc'><strong>.</strong></span> 
     </span>
    </p>
   </div>
   <div class='ocr_carea' id='block_1_81' title="bbox 1128 1081 1871 1120">
    <p class='ocr_par' dir='ltr' id='par_1_81' title="bbox 1128 1081 1871 1120">
     <span class='ocr_line' id='line_1_82' title="bbox 1128 1081 1871 1120; baseline 0 -9"><span class='ocrx_word' id='word_1_572' title='bbox 1128 1085 1154 1111; x_wconf 81' lang='grc'><strong>5.</strong></span> <span class='ocrx_word' id='word_1_573' title='bbox 1172 1084 1373 1120; x_wconf 83' lang='grc' dir='ltr'>Δυσωπούμεθα</span> <span class='ocrx_word' id='word_1_574' title='bbox 1390 1084 1438 1120; x_wconf 73' lang='grc' dir='ltr'>μὲν</span> <span class='ocrx_word' id='word_1_575' title='bbox 1448 1081 1494 1110; x_wconf 78' lang='grc' dir='ltr'>οὖν</span> <span class='ocrx_word' id='word_1_576' title='bbox 1507 1092 1569 1118; x_wconf 88' lang='grc' dir='ltr'>περι</span> <span class='ocrx_word' id='word_1_577' title='bbox 1585 1084 1711 1110; x_wconf 77' lang='grc' dir='ltr'>τοιούτων</span> <span class='ocrx_word' id='word_1_578' title='bbox 1721 1084 1871 1118; x_wconf 87' lang='grc' dir='ltr'>ἀπολογού-</span> 
     </span>
    </p>
   </div>
   <div class='ocr_carea' id='block_1_82' title="bbox 1096 1130 1874 1166">
    <p class='ocr_par' dir='ltr' id='par_1_82' title="bbox 1096 1130 1874 1166">
     <span class='ocr_line' id='line_1_83' title="bbox 1096 1130 1874 1166; baseline -0.001 -9"><span class='ocrx_word' id='word_1_579' title='bbox 1096 1139 1170 1166; x_wconf 83' lang='grc' dir='ltr'>μενοι</span> <span class='ocrx_word' id='word_1_580' title='bbox 1183 1139 1189 1146; x_wconf 78' lang='grc'><em>’</em></span> <span class='ocrx_word' id='word_1_581' title='bbox 1204 1131 1272 1165; x_wconf 83' lang='grc' dir='ltr'>πλὴν</span> <span class='ocrx_word' id='word_1_582' title='bbox 1287 1130 1434 1166; x_wconf 76' lang='grc' dir='ltr'>ἐπειδήπερ</span> <span class='ocrx_word' id='word_1_583' title='bbox 1449 1130 1516 1164; x_wconf 85' lang='grc' dir='ltr'>πρὸς</span> <span class='ocrx_word' id='word_1_584' title='bbox 1532 1130 1620 1156; x_wconf 79' lang='grc' dir='ltr'>πάντα</span> <span class='ocrx_word' id='word_1_585' title='bbox 1637 1130 1749 1161; x_wconf 79' lang='grc' dir='ltr'>ἑαυτοὺς</span> <span class='ocrx_word' id='word_1_586' title='bbox 1770 1131 1793 1156; x_wconf 80' lang='grc' dir='ltr'>οἱ</span> <span class='ocrx_word' id='word_1_587' title='bbox 1807 1138 1874 1165; x_wconf 87' lang='grc' dir='ltr'>προ-</span> 
     </span>
    </p>
   </div>
   <div class='ocr_carea' id='block_1_83' title="bbox 1095 1173 1874 1210">
    <p class='ocr_par' dir='ltr' id='par_1_83' title="bbox 1095 1173 1874 1210">
     <span class='ocr_line' id='line_1_84' title="bbox 1095 1173 1874 1210; baseline -0.003 -8"><span class='ocrx_word' id='word_1_588' title='bbox 1095 1177 1186 1208; x_wconf 86' lang='grc' dir='ltr'>πετεῖς</span> <span class='ocrx_word' id='word_1_589' title='bbox 1212 1176 1341 1210; x_wconf 77' lang='grc' dir='ltr'>ἐπάγουσι</span> <span class='ocrx_word' id='word_1_590' title='bbox 1364 1176 1520 1209; x_wconf 78' lang='grc' dir='ltr'>κατήγοροι,</span> <span class='ocrx_word' id='word_1_591' title='bbox 1543 1175 1589 1201; x_wconf 91' lang='lat' dir='ltr'><strong>xui</strong></span> <span class='ocrx_word' id='word_1_592' title='bbox 1616 1173 1684 1209; x_wconf 72' lang='grc' dir='ltr'>μετὰ</span> <span class='ocrx_word' id='word_1_593' title='bbox 1706 1175 1755 1209; x_wconf 78' lang='grc' dir='ltr'>τὴν</span> <span class='ocrx_word' id='word_1_594' title='bbox 1774 1174 1874 1200; x_wconf 78' lang='grc' dir='ltr'>εἴσοδον</span> 
     </span>
    </p>
   </div>
   <div class='ocr_carea' id='block_1_84' title="bbox 1101 1219 1874 1255">
    <p class='ocr_par' dir='ltr' id='par_1_84' title="bbox 1101 1219 1874 1255">
     <span class='ocr_line' id='line_1_85' title="bbox 1101 1219 1874 1255; baseline -0.004 -7"><span class='ocrx_word' id='word_1_595' title='bbox 1101 1221 1258 1248; x_wconf 80' lang='grc' dir='ltr'>’Δθανασίου</span> <span class='ocrx_word' id='word_1_596' title='bbox 1272 1221 1366 1255; x_wconf 75' lang='grc' dir='ltr'>φόνους</span> <span class='ocrx_word' id='word_1_597' title='bbox 1377 1220 1424 1247; x_wconf 80' lang='grc' dir='ltr'>καὶ</span> <span class='ocrx_word' id='word_1_598' title='bbox 1438 1219 1544 1254; x_wconf 71' lang='grc' dir='ltr'>σφαγὰς</span> <span class='ocrx_word' id='word_1_599' title='bbox 1553 1219 1691 1246; x_wconf 84' lang='grc' dir='ltr'>αἰτιῶνται</span> <span class='ocrx_word' id='word_1_600' title='bbox 1702 1219 1874 1254; x_wconf 82' lang='grc' dir='ltr'>γεγενῆσθαι,</span> 
     </span>
    </p>
   </div>
   <div class='ocr_carea' id='block_1_85' title="bbox 1096 1265 1876 1303">
    <p class='ocr_par' dir='ltr' id='par_1_85' title="bbox 1096 1265 1876 1303">
     <span class='ocr_line' id='line_1_86' title="bbox 1096 1265 1876 1303; baseline -0.004 -9"><span class='ocrx_word' id='word_1_601' title='bbox 1096 1267 1306 1303; x_wconf 79' lang='grc' dir='ltr'>παρακαλοῦμεν</span> <span class='ocrx_word' id='word_1_602' title='bbox 1331 1266 1493 1301; x_wconf 80' lang='grc' dir='ltr'>ἀνασχέσθαι</span> <span class='ocrx_word' id='word_1_603' title='bbox 1516 1266 1566 1301; x_wconf 84' lang='grc' dir='ltr'><strong>τῆς</strong></span> <span class='ocrx_word' id='word_1_604' title='bbox 1590 1265 1746 1299; x_wconf 80' lang='grc' dir='ltr'>ἀπολογίας,</span> <span class='ocrx_word' id='word_1_605' title='bbox 1762 1266 1811 1291; x_wconf 75' lang='grc' dir='ltr'>κᾶν</span> <span class='ocrx_word' id='word_1_606' title='bbox 1831 1265 1876 1291; x_wconf 84' lang='grc' dir='ltr'>διὰ</span> 
     </span>
    </p>
   </div>
   <div class='ocr_carea' id='block_1_86' title="bbox 1097 1310 1876 1348">
    <p class='ocr_par' dir='ltr' id='par_1_86' title="bbox 1097 1310 1876 1348">
     <span class='ocr_line' id='line_1_87' title="bbox 1097 1310 1876 1348; baseline -0.003 -10"><span class='ocrx_word' id='word_1_607' title='bbox 1097 1312 1224 1338; x_wconf 83' lang='grc' dir='ltr'>πλειόνων</span> <span class='ocrx_word' id='word_1_608' title='bbox 1312 1311 1347 1338; x_wconf 82' lang='grc' dir='ltr'><strong>τὰ</strong></span> <span class='ocrx_word' id='word_1_609' title='bbox 1365 1311 1418 1347; x_wconf 85' lang='grc' dir='ltr'><strong>γὰρ</strong></span> <span class='ocrx_word' id='word_1_610' title='bbox 1445 1312 1594 1347; x_wconf 86' lang='grc' dir='ltr'>πράγματα</span> <span class='ocrx_word' id='word_1_611' title='bbox 1622 1310 1778 1344; x_wconf 79' lang='grc' dir='ltr'>ἀναγκάζει.</span> <span class='ocrx_word' id='word_1_612' title='bbox 1795 1311 1876 1342; x_wconf 66' lang='grc' dir='ltr'>ψόγος</span> 
     </span>
    </p>
   </div>
   <div class='ocr_carea' id='block_1_87' title="bbox 1098 1355 1876 1393">
    <p class='ocr_par' dir='ltr' id='par_1_87' title="bbox 1098 1355 1876 1393">
     <span class='ocr_line' id='line_1_88' title="bbox 1098 1355 1876 1393; baseline -0.004 -9"><span class='ocrx_word' id='word_1_613' title='bbox 1098 1359 1146 1393; x_wconf 81' lang='grc' dir='ltr'>μὲν</span> <span class='ocrx_word' id='word_1_614' title='bbox 1159 1357 1220 1384; x_wconf 78' lang='grc' dir='ltr'>οὔτε</span> <span class='ocrx_word' id='word_1_615' title='bbox 1234 1357 1308 1393; x_wconf 81' lang='grc' dir='ltr'>παρὰ</span> <span class='ocrx_word' id='word_1_616' title='bbox 1329 1357 1486 1385; x_wconf 84' lang='grc' dir='ltr'>Ἀθανασίου</span> <span class='ocrx_word' id='word_1_617' title='bbox 1507 1358 1632 1392; x_wconf 78' lang='grc' dir='ltr'>γέγονεν,</span> <span class='ocrx_word' id='word_1_618' title='bbox 1656 1355 1718 1382; x_wconf 76' lang='grc' dir='ltr'>οὔτε</span> <span class='ocrx_word' id='word_1_619' title='bbox 1738 1356 1771 1382; x_wconf 88' lang='grc' dir='ltr'><strong>δι’</strong></span> <span class='ocrx_word' id='word_1_620' title='bbox 1785 1355 1876 1387; x_wconf 78' lang='grc' dir='ltr'>αὐτὸν,</span> 
     </span>
    </p>
   </div>
   <div class='ocr_carea' id='block_1_88' title="bbox 1097 1401 1876 1439">
    <p class='ocr_par' dir='ltr' id='par_1_88' title="bbox 1097 1401 1876 1439">
     <span class='ocr_line' id='line_1_89' title="bbox 1097 1401 1876 1439; baseline -0.004 -9"><span class='ocrx_word' id='word_1_621' title='bbox 1097 1403 1190 1439; x_wconf 73' lang='grc' dir='ltr'>ἐπειδὴ</span> <span class='ocrx_word' id='word_1_622' title='bbox 1208 1403 1255 1429; x_wconf 87' lang='lat' dir='ltr'><strong>xui</strong></span> <span class='ocrx_word' id='word_1_623' title='bbox 1271 1403 1311 1435; x_wconf 81' lang='grc' dir='ltr'><strong>είς</strong></span> <span class='ocrx_word' id='word_1_624' title='bbox 1333 1403 1433 1438; x_wconf 85' lang='grc' dir='ltr'>ταύτην</span> <span class='ocrx_word' id='word_1_625' title='bbox 1450 1403 1521 1438; x_wconf 78' lang='grc' dir='ltr'>ἡμᾶς</span> <span class='ocrx_word' id='word_1_626' title='bbox 1535 1402 1583 1438; x_wconf 82' lang='grc' dir='ltr'>τὴν</span> <span class='ocrx_word' id='word_1_627' title='bbox 1608 1401 1699 1434; x_wconf 77' lang='grc' dir='ltr'>ἄδοξον</span> <span class='ocrx_word' id='word_1_628' title='bbox 1719 1401 1876 1435; x_wconf 85' lang='grc' dir='ltr'>ἀπολογίαν,</span> 
     </span>
    </p>
   </div>
   <div class='ocr_carea' id='block_1_89' title="bbox 1098 1449 1878 1485">
    <p class='ocr_par' dir='ltr' id='par_1_89' title="bbox 1098 1449 1878 1485">
     <span class='ocr_line' id='line_1_90' title="bbox 1098 1449 1878 1485; baseline -0.003 -9"><span class='ocrx_word' id='word_1_629' title='bbox 1098 1450 1135 1482; x_wconf 84' lang='grc' dir='ltr'><strong>ὡς</strong></span> <span class='ocrx_word' id='word_1_630' title='bbox 1146 1449 1322 1485; x_wconf 85' lang='grc' dir='ltr'>προείπομεν,</span> <span class='ocrx_word' id='word_1_631' title='bbox 1340 1449 1530 1485; x_wconf 77' lang='grc' dir='ltr'>ὲμΰιεάζουσιν</span> <span class='ocrx_word' id='word_1_632' title='bbox 1547 1451 1569 1476; x_wconf 77' lang='lat' dir='ltr'><strong>oi</strong></span> <span class='ocrx_word' id='word_1_633' title='bbox 1585 1449 1733 1485; x_wconf 81' lang='grc' dir='ltr'>κατήγοροι</span> <span class='ocrx_word' id='word_1_634' title='bbox 1744 1457 1750 1464; x_wconf 93' lang='grc'><strong>·</strong></span> <span class='ocrx_word' id='word_1_635' title='bbox 1773 1449 1878 1483; x_wconf 77' lang='grc' dir='ltr'>σφαγαὶ</span> 
     </span>
    </p>
   </div>
   <div class='ocr_carea' id='block_1_90' title="bbox 1100 1494 1880 1531">
    <p class='ocr_par' dir='ltr' id='par_1_90' title="bbox 1100 1494 1880 1531">
     <span class='ocr_line' id='line_1_91' title="bbox 1100 1494 1880 1531; baseline 0 -10"><span class='ocrx_word' id='word_1_636' title='bbox 1100 1495 1127 1522; x_wconf 86' lang='grc' dir='ltr'>δὲ</span> <span class='ocrx_word' id='word_1_637' title='bbox 1141 1496 1187 1521; x_wconf 92' lang='lat' dir='ltr'><strong>xui</strong></span> <span class='ocrx_word' id='word_1_638' title='bbox 1199 1495 1292 1530; x_wconf 88' lang='grc' dir='ltr'>δεσμοί</span> <span class='ocrx_word' id='word_1_639' title='bbox 1313 1494 1364 1530; x_wconf 82' lang='grc' dir='ltr'><strong>τῆς</strong></span> <span class='ocrx_word' id='word_1_640' title='bbox 1391 1495 1552 1530; x_wconf 80' lang='grc' dir='ltr'>Ἐκκλησίας</span> <span class='ocrx_word' id='word_1_641' title='bbox 1573 1495 1650 1531; x_wconf 65' lang='grc' dir='ltr'>ἡμῶν</span> <span class='ocrx_word' id='word_1_642' title='bbox 1672 1494 1814 1531; x_wconf 78' lang='grc' dir='ltr'>ἁλλότρια’</span> <span class='ocrx_word' id='word_1_643' title='bbox 1836 1495 1880 1530; x_wconf 90' lang='grc' dir='ltr'>δη-</span> 
     </span>
    </p>
   </div>
   <div class='ocr_carea' id='block_1_91' title="bbox 1102 1539 1881 1575">
    <p class='ocr_par' dir='ltr' id='par_1_91' title="bbox 1102 1539 1881 1575">
     <span class='ocr_line' id='line_1_92' title="bbox 1102 1539 1881 1575; baseline 0.001 -10"><span class='ocrx_word' id='word_1_644' title='bbox 1102 1540 1154 1575; x_wconf 84' lang='grc' dir='ltr'><strong>μίῳ</strong></span> <span class='ocrx_word' id='word_1_645' title='bbox 1168 1539 1356 1575; x_wconf 81' lang='grc' dir='ltr'>παραδέδωκεν</span> <span class='ocrx_word' id='word_1_646' title='bbox 1375 1540 1530 1571; x_wconf 77' lang='grc' dir='ltr'>Ἀθανάσιος</span> <span class='ocrx_word' id='word_1_647' title='bbox 1545 1540 1640 1567; x_wconf 74' lang='grc' dir='ltr'>οὐδένα</span> <span class='ocrx_word' id='word_1_648' title='bbox 1651 1548 1658 1555; x_wconf 78' lang='lat'>&#39;</span> <span class='ocrx_word' id='word_1_649' title='bbox 1677 1540 1722 1567; x_wconf 85' lang='lat' dir='ltr'><strong>xui</strong></span> <span class='ocrx_word' id='word_1_650' title='bbox 1734 1540 1763 1566; x_wconf 83' lang='grc' dir='ltr'><strong>τὸ</strong></span> <span class='ocrx_word' id='word_1_651' title='bbox 1776 1540 1881 1575; x_wconf 88' lang='grc' dir='ltr'>δεσμω-</span> 
     </span>
    </p>
   </div>
   <div class='ocr_carea' id='block_1_92' title="bbox 1099 1585 1880 1621">
    <p class='ocr_par' dir='ltr' id='par_1_92' title="bbox 1099 1585 1880 1621">
     <span class='ocr_line' id='line_1_93' title="bbox 1099 1585 1880 1621; baseline 0.001 -10"><span class='ocrx_word' id='word_1_652' title='bbox 1099 1586 1201 1620; x_wconf 82' lang='grc' dir='ltr'>τήριον,</span> <span class='ocrx_word' id='word_1_653' title='bbox 1221 1586 1282 1612; x_wconf 85' lang='grc' dir='ltr'>ὅσον</span> <span class='ocrx_word' id='word_1_654' title='bbox 1299 1585 1341 1611; x_wconf 77' lang='grc' dir='ltr'><strong>ἐπ’</strong></span> <span class='ocrx_word' id='word_1_655' title='bbox 1359 1585 1447 1620; x_wconf 80' lang='grc' dir='ltr'>αὐτῷ,</span> <span class='ocrx_word' id='word_1_656' title='bbox 1470 1585 1638 1612; x_wconf 84' lang='grc' dir='ltr'>οὐδεπώποτε</span> <span class='ocrx_word' id='word_1_657' title='bbox 1659 1586 1799 1621; x_wconf 78' lang='grc' dir='ltr'>ἐνοχληθὲν</span> <span class='ocrx_word' id='word_1_658' title='bbox 1814 1585 1880 1620; x_wconf 77' lang='grc' dir='ltr'>παρ’</span> 
     </span>
    </p>
   </div>
   <div class='ocr_carea' id='block_1_93' title="bbox 1100 1630 1881 1667">
    <p class='ocr_par' dir='ltr' id='par_1_93' title="bbox 1100 1630 1881 1667">
     <span class='ocr_line' id='line_1_94' title="bbox 1100 1630 1881 1667; baseline 0.001 -11"><span class='ocrx_word' id='word_1_659' title='bbox 1100 1631 1191 1658; x_wconf 77' lang='grc' dir='ltr'>αὑτοῦ.</span> <span class='ocrx_word' id='word_1_660' title='bbox 1212 1631 1253 1657; x_wconf 86' lang='grc' dir='ltr'><strong>Τά</strong></span> <span class='ocrx_word' id='word_1_661' title='bbox 1267 1631 1331 1666; x_wconf 85' lang='grc' dir='ltr'>παρ’</span> <span class='ocrx_word' id='word_1_662' title='bbox 1353 1632 1420 1666; x_wconf 82' lang='grc' dir='ltr'>ἡμῖν</span> <span class='ocrx_word' id='word_1_663' title='bbox 1442 1631 1570 1667; x_wconf 80' lang='grc' dir='ltr'>ἱερατεία,</span> <span class='ocrx_word' id='word_1_664' title='bbox 1587 1631 1680 1666; x_wconf 84' lang='grc' dir='ltr'>ὥσπερ</span> <span class='ocrx_word' id='word_1_665' title='bbox 1702 1631 1762 1664; x_wconf 76' lang='grc' dir='ltr'>ἀεὶ,</span> <span class='ocrx_word' id='word_1_666' title='bbox 1773 1631 1818 1657; x_wconf 84' lang='lat' dir='ltr'><strong>xui</strong></span> <span class='ocrx_word' id='word_1_667' title='bbox 1833 1630 1881 1657; x_wconf 87' lang='grc' dir='ltr'><strong>νῦν</strong></span> 
     </span>
    </p>
   </div>
   <div class='ocr_carea' id='block_1_94' title="bbox 1101 1674 1880 1711">
    <p class='ocr_par' dir='ltr' id='par_1_94' title="bbox 1101 1674 1880 1711">
     <span class='ocr_line' id='line_1_95' title="bbox 1101 1674 1880 1711; baseline 0.001 -10"><span class='ocrx_word' id='word_1_668' title='bbox 1101 1674 1216 1710; x_wconf 78' lang='grc' dir='ltr'>καθαρὰ,</span> <span class='ocrx_word' id='word_1_669' title='bbox 1240 1676 1312 1710; x_wconf 84' lang='grc' dir='ltr'>μόνῳ</span> <span class='ocrx_word' id='word_1_670' title='bbox 1324 1675 1507 1710; x_wconf 81' lang='grc' dir='ltr'>σεμνυνόμενα</span> <span class='ocrx_word' id='word_1_671' title='bbox 1526 1675 1564 1711; x_wconf 82' lang='grc' dir='ltr'>τῷ</span> <span class='ocrx_word' id='word_1_672' title='bbox 1587 1676 1682 1711; x_wconf 83' lang='grc' dir='ltr'>αἵματι</span> <span class='ocrx_word' id='word_1_673' title='bbox 1695 1675 1741 1702; x_wconf 85' lang='grc' dir='ltr'><strong>τοῦ</strong></span> <span class='ocrx_word' id='word_1_674' title='bbox 1753 1675 1880 1711; x_wconf 83' lang='grc' dir='ltr'>Χριστοῦ,</span> 
     </span>
    </p>
   </div>
   <div class='ocr_carea' id='block_1_95' title="bbox 1101 1721 1883 1757">
    <p class='ocr_par' dir='ltr' id='par_1_95' title="bbox 1101 1721 1883 1757">
     <span class='ocr_line' id='line_1_96' title="bbox 1101 1721 1883 1757; baseline 0.003 -11"><span class='ocrx_word' id='word_1_675' title='bbox 1101 1721 1148 1747; x_wconf 86' lang='lat' dir='ltr'><strong>xui</strong></span> <span class='ocrx_word' id='word_1_676' title='bbox 1168 1722 1201 1756; x_wconf 84' lang='grc' dir='ltr'><strong>τῇ</strong></span> <span class='ocrx_word' id='word_1_677' title='bbox 1224 1722 1264 1752; x_wconf 79' lang='grc' dir='ltr'><strong>είς</strong></span> <span class='ocrx_word' id='word_1_678' title='bbox 1275 1721 1354 1748; x_wconf 80' lang='grc' dir='ltr'>αὑτὸν</span> <span class='ocrx_word' id='word_1_679' title='bbox 1368 1721 1501 1756; x_wconf 71' lang='grc' dir='ltr'>εὐσεϐείᾳ.</span> <span class='ocrx_word' id='word_1_680' title='bbox 1523 1721 1560 1747; x_wconf 82' lang='grc' dir='ltr'>Οὐ</span> <span class='ocrx_word' id='word_1_681' title='bbox 1574 1721 1768 1757; x_wconf 73' lang='grc' dir='ltr'>πρεσϐύτερος,</span> <span class='ocrx_word' id='word_1_682' title='bbox 1781 1722 1811 1747; x_wconf 82' lang='grc' dir='ltr'>οὑ</span> <span class='ocrx_word' id='word_1_683' title='bbox 1823 1721 1883 1748; x_wconf 86' lang='grc' dir='ltr'>διά-</span> 
     </span>
    </p>
   </div>
   <div class='ocr_carea' id='block_1_96' title="bbox 1102 1767 1882 1809">
    <p class='ocr_par' dir='ltr' id='par_1_96' title="bbox 1102 1767 1882 1809">
     <span class='ocr_line' id='line_1_97' title="bbox 1102 1767 1882 1809; baseline 0.001 -16"><span class='ocrx_word' id='word_1_684' title='bbox 1102 1776 1177 1798; x_wconf 80' lang='grc' dir='ltr'>κονος</span> <span class='ocrx_word' id='word_1_685' title='bbox 1190 1767 1307 1803; x_wconf 80' lang='grc' dir='ltr'><strong>ἀνῃρέθη</strong></span> <span class='ocrx_word' id='word_1_686' title='bbox 1327 1767 1400 1809; x_wconf 68' lang='grc' dir='ltr'><strong>παρά</strong></span> <span class='ocrx_word' id='word_1_687' title='bbox 1419 1767 1592 1800; x_wconf 84' lang='grc' dir='ltr'>Ἀθανασίου,</span> <span class='ocrx_word' id='word_1_688' title='bbox 1614 1769 1644 1794; x_wconf 85' lang='grc' dir='ltr'>οὺ</span> <span class='ocrx_word' id='word_1_689' title='bbox 1661 1768 1749 1802; x_wconf 86' lang='grc' dir='ltr'>φόνον,</span> <span class='ocrx_word' id='word_1_690' title='bbox 1771 1768 1819 1794; x_wconf 70' lang='grc' dir='ltr'>οὐκ</span> <span class='ocrx_word' id='word_1_691' title='bbox 1839 1768 1882 1801; x_wconf 76' lang='grc' dir='ltr'><strong>ἑξ-</strong></span> 
     </span>
    </p>
   </div>
   <div class='ocr_carea' id='block_1_97' title="bbox 1102 1813 1883 1849">
    <p class='ocr_par' dir='ltr' id='par_1_97' title="bbox 1102 1813 1883 1849">
     <span class='ocr_line' id='line_1_98' title="bbox 1102 1813 1883 1849; baseline -0.001 -9"><span class='ocrx_word' id='word_1_692' title='bbox 1102 1814 1222 1849; x_wconf 86' lang='grc' dir='ltr'>οριστίαν</span> <span class='ocrx_word' id='word_1_693' title='bbox 1234 1814 1346 1849; x_wconf 69' lang='grc' dir='ltr'>ἔδρασεν</span> <span class='ocrx_word' id='word_1_694' title='bbox 1367 1815 1381 1840; x_wconf 86' lang='grc' dir='ltr'>ὁ</span> <span class='ocrx_word' id='word_1_695' title='bbox 1393 1813 1543 1849; x_wconf 72' lang='grc' dir='ltr'>ἄνθρωπος.</span> <span class='ocrx_word' id='word_1_696' title='bbox 1559 1813 1627 1840; x_wconf 77' lang='grc' dir='ltr'>Ἀλλ’</span> <span class='ocrx_word' id='word_1_697' title='bbox 1644 1813 1698 1840; x_wconf 79' lang='grc' dir='ltr'>εἴθε</span> <span class='ocrx_word' id='word_1_698' title='bbox 1724 1813 1790 1848; x_wconf 77' lang='grc' dir='ltr'>μηδὲ</span> <span class='ocrx_word' id='word_1_699' title='bbox 1813 1815 1883 1840; x_wconf 75' lang='grc' dir='ltr'>ἐκεῖ·</span> 
     </span>
    </p>
   </div>
   <div class='ocr_carea' id='block_1_98' title="bbox 1103 1859 1884 1895">
    <p class='ocr_par' dir='ltr' id='par_1_98' title="bbox 1103 1859 1884 1895">
     <span class='ocr_line' id='line_1_99' title="bbox 1103 1859 1884 1895; baseline 0.001 -10"><span class='ocrx_word' id='word_1_700' title='bbox 1103 1868 1143 1886; x_wconf 85' lang='grc' dir='ltr'><strong>νοι</strong></span> <span class='ocrx_word' id='word_1_701' title='bbox 1157 1860 1216 1886; x_wconf 80' lang='grc' dir='ltr'>κατ’</span> <span class='ocrx_word' id='word_1_702' title='bbox 1240 1859 1322 1886; x_wconf 85' lang='grc' dir='ltr'>αὐτοῦ</span> <span class='ocrx_word' id='word_1_703' title='bbox 1344 1859 1414 1886; x_wconf 85' lang='grc' dir='ltr'>τοῦτ’</span> <span class='ocrx_word' id='word_1_704' title='bbox 1440 1859 1554 1895; x_wconf 74' lang='grc' dir='ltr'>ἔδρασαν</span> <span class='ocrx_word' id='word_1_705' title='bbox 1576 1859 1689 1895; x_wconf 72' lang='grc' dir='ltr'>ἀληθείᾳ</span> <span class='ocrx_word' id='word_1_706' title='bbox 1712 1861 1760 1895; x_wconf 79' lang='grc' dir='ltr'>τὴν</span> <span class='ocrx_word' id='word_1_707' title='bbox 1786 1861 1884 1895; x_wconf 81' lang='grc' dir='ltr'>πεῖραν</span> 
     </span>
    </p>
   </div>
   <div class='ocr_carea' id='block_1_99' title="bbox 1104 1904 1885 1941">
    <p class='ocr_par' dir='ltr' id='par_1_99' title="bbox 1104 1904 1885 1941">
     <span class='ocr_line' id='line_1_100' title="bbox 1104 1904 1885 1941; baseline 0 -10"><span class='ocrx_word' id='word_1_708' title='bbox 1104 1904 1296 1939; x_wconf 77' lang='grc' dir='ltr'>ἐπαγαγόντες.</span> <span class='ocrx_word' id='word_1_709' title='bbox 1311 1905 1404 1937; x_wconf 70' lang='grc' dir='ltr'>Οὐδεὶς</span> <span class='ocrx_word' id='word_1_710' title='bbox 1425 1905 1479 1941; x_wconf 86' lang='grc' dir='ltr'><strong>γὰρ</strong></span> <span class='ocrx_word' id='word_1_711' title='bbox 1498 1905 1635 1941; x_wconf 74' lang='grc' dir='ltr'>ὲξόριστος</span> <span class='ocrx_word' id='word_1_712' title='bbox 1652 1905 1767 1932; x_wconf 76' lang='grc' dir='ltr'>ἐνταῦθα</span> <span class='ocrx_word' id='word_1_713' title='bbox 1790 1905 1885 1940; x_wconf 80' lang='grc' dir='ltr'>γέγονε</span> 
     </span>
    </p>
   </div>
   <div class='ocr_carea' id='block_1_100' title="bbox 1104 1950 1885 1986">
    <p class='ocr_par' dir='ltr' id='par_1_100' title="bbox 1104 1950 1885 1986">
     <span class='ocr_line' id='line_1_101' title="bbox 1104 1950 1885 1986; baseline 0.001 -9"><span class='ocrx_word' id='word_1_714' title='bbox 1104 1950 1250 1982; x_wconf 79' lang='grc' dir='ltr'>διἀὑτὸν,</span> <span class='ocrx_word' id='word_1_715' title='bbox 1276 1950 1344 1986; x_wconf 83' lang='grc' dir='ltr'>πλὴν</span> <span class='ocrx_word' id='word_1_716' title='bbox 1376 1950 1456 1977; x_wconf 83' lang='grc' dir='ltr'>αὑτοῦ</span> <span class='ocrx_word' id='word_1_717' title='bbox 1478 1951 1524 1977; x_wconf 83' lang='grc' dir='ltr'><strong>τοῦ</strong></span> <span class='ocrx_word' id='word_1_718' title='bbox 1549 1951 1698 1977; x_wconf 79' lang='grc' dir='ltr'>ἐπισκόπου</span> <span class='ocrx_word' id='word_1_719' title='bbox 1727 1951 1885 1978; x_wconf 77' lang='grc' dir='ltr'>’Δθανασίου</span> 
     </span>
    </p>
   </div>
   <div class='ocr_carea' id='block_1_101' title="bbox 1106 1995 1885 2031">
    <p class='ocr_par' dir='ltr' id='par_1_101' title="bbox 1106 1995 1885 2031">
     <span class='ocr_line' id='line_1_102' title="bbox 1106 1995 1885 2031; baseline 0.001 -9"><span class='ocrx_word' id='word_1_720' title='bbox 1106 1996 1161 2031; x_wconf 82' lang='lat'><strong>(86)</strong></span> <span class='ocrx_word' id='word_1_721' title='bbox 1184 1996 1233 2031; x_wconf 84' lang='grc' dir='ltr'><strong>τῆς</strong></span> <span class='ocrx_word' id='word_1_722' title='bbox 1260 1995 1460 2031; x_wconf 78' lang='grc' dir='ltr'>Ἀλεξανδρείας</span> <span class='ocrx_word' id='word_1_723' title='bbox 1481 1997 1545 2031; x_wconf 84' lang='grc' dir='ltr'>παρ’</span> <span class='ocrx_word' id='word_1_724' title='bbox 1573 1996 1673 2029; x_wconf 84' lang='grc' dir='ltr'>αὐτῶν,</span> <span class='ocrx_word' id='word_1_725' title='bbox 1696 1997 1725 2023; x_wconf 82' lang='grc' dir='ltr'>ὃν</span> <span class='ocrx_word' id='word_1_726' title='bbox 1740 1997 1885 2030; x_wconf 74' lang='grc' dir='ltr'>ἀφεθέντα,</span> 
     </span>
    </p>
   </div>
   <div class='ocr_carea' id='block_1_102' title="bbox 1106 2041 1886 2080">
    <p class='ocr_par' dir='ltr' id='par_1_102' title="bbox 1106 2041 1886 2080">
     <span class='ocr_line' id='line_1_103' title="bbox 1106 2041 1886 2080; baseline 0.001 -12"><span class='ocrx_word' id='word_1_727' title='bbox 1106 2041 1153 2068; x_wconf 85' lang='lat' dir='ltr'><strong>xui</strong></span> <span class='ocrx_word' id='word_1_728' title='bbox 1167 2041 1247 2068; x_wconf 76' lang='grc' dir='ltr'>πάλιν</span> <span class='ocrx_word' id='word_1_729' title='bbox 1261 2042 1317 2073; x_wconf 80' lang='grc' dir='ltr'>τοῖς</span> <span class='ocrx_word' id='word_1_730' title='bbox 1330 2041 1420 2080; x_wconf 69' lang='grc' dir='ltr'>αὐτοῖς</span> <span class='ocrx_word' id='word_1_731' title='bbox 1435 2041 1451 2076; x_wconf 79' lang='grc' dir='ltr'>ἦ</span> <span class='ocrx_word' id='word_1_732' title='bbox 1468 2042 1514 2068; x_wconf 85' lang='lat' dir='ltr'><strong>xui</strong></span> <span class='ocrx_word' id='word_1_733' title='bbox 1527 2042 1630 2076; x_wconf 84' lang='grc' dir='ltr'>χείροσι</span> <span class='ocrx_word' id='word_1_734' title='bbox 1642 2042 1812 2077; x_wconf 59' lang='grc' dir='ltr'>περιϐάλλειν</span> <span class='ocrx_word' id='word_1_735' title='bbox 1826 2043 1886 2069; x_wconf 82' lang='grc' dir='ltr'>ἐπι-</span> 
     </span>
    </p>
   </div>
   <div class='ocr_carea' id='block_1_103' title="bbox 1107 2087 1887 2124">
    <p class='ocr_par' dir='ltr' id='par_1_103' title="bbox 1107 2087 1887 2124">
     <span class='ocr_line' id='line_1_104' title="bbox 1107 2087 1887 2124; baseline 0 -9"><span class='ocrx_word' id='word_1_736' title='bbox 1107 2087 1227 2123; x_wconf 75' lang='grc' dir='ltr'>ζητοῦσι,</span> <span class='ocrx_word' id='word_1_737' title='bbox 1241 2087 1328 2114; x_wconf 83' lang='grc' dir='ltr'>πάντα</span> <span class='ocrx_word' id='word_1_738' title='bbox 1341 2087 1407 2123; x_wconf 76' lang='grc' dir='ltr'>πρὸς</span> <span class='ocrx_word' id='word_1_739' title='bbox 1422 2087 1505 2122; x_wconf 78' lang='grc' dir='ltr'>ψευδῆ</span> <span class='ocrx_word' id='word_1_740' title='bbox 1522 2088 1568 2114; x_wconf 85' lang='lat' dir='ltr'><strong>xui</strong></span> <span class='ocrx_word' id='word_1_741' title='bbox 1585 2087 1758 2124; x_wconf 82' lang='grc' dir='ltr'>θανατηφόρα</span> <span class='ocrx_word' id='word_1_742' title='bbox 1775 2089 1887 2124; x_wconf 78' lang='grc' dir='ltr'>ῥήματα</span> 
     </span>
    </p>
   </div>
   <div class='ocr_carea' id='block_1_104' title="bbox 1107 2133 1887 2170">
    <p class='ocr_par' dir='ltr' id='par_1_104' title="bbox 1107 2133 1887 2170">
     <span class='ocr_line' id='line_1_105' title="bbox 1107 2133 1887 2170; baseline 0 -10"><span class='ocrx_word' id='word_1_743' title='bbox 1107 2134 1156 2169; x_wconf 81' lang='grc' dir='ltr'><strong>τὴν</strong></span> <span class='ocrx_word' id='word_1_744' title='bbox 1171 2134 1293 2168; x_wconf 79' lang='grc' dir='ltr'>γλῶτταν</span> <span class='ocrx_word' id='word_1_745' title='bbox 1304 2133 1406 2160; x_wconf 83' lang='grc' dir='ltr'>ἑαυτῶν</span> <span class='ocrx_word' id='word_1_746' title='bbox 1417 2134 1582 2169; x_wconf 82' lang='grc' dir='ltr'>ὀτρύνοντες.</span> <span class='ocrx_word' id='word_1_747' title='bbox 1591 2134 1656 2160; x_wconf 75' lang='grc' dir='ltr'>Ἰδοὺ</span> <span class='ocrx_word' id='word_1_748' title='bbox 1670 2134 1723 2170; x_wconf 77' lang='grc' dir='ltr'><strong>γὰρ</strong></span> <span class='ocrx_word' id='word_1_749' title='bbox 1739 2133 1830 2161; x_wconf 78' lang='grc' dir='ltr'>λοιπὸν</span> <span class='ocrx_word' id='word_1_750' title='bbox 1841 2134 1887 2161; x_wconf 88' lang='lat' dir='ltr'><strong>xui</strong></span> 
     </span>
    </p>
   </div>
   <div class='ocr_carea' id='block_1_105' title="bbox 1109 2179 1887 2215">
    <p class='ocr_par' dir='ltr' id='par_1_105' title="bbox 1109 2179 1887 2215">
     <span class='ocr_line' id='line_1_106' title="bbox 1109 2179 1887 2215; baseline -0.001 -8"><span class='ocrx_word' id='word_1_751' title='bbox 1109 2180 1157 2212; x_wconf 76' lang='grc' dir='ltr'>τὰς</span> <span class='ocrx_word' id='word_1_752' title='bbox 1171 2180 1224 2206; x_wconf 84' lang='grc' dir='ltr'>τῶν</span> <span class='ocrx_word' id='word_1_753' title='bbox 1246 2179 1377 2206; x_wconf 81' lang='grc' dir='ltr'>δικαστῶν</span> <span class='ocrx_word' id='word_1_754' title='bbox 1394 2179 1506 2215; x_wconf 75' lang='grc' dir='ltr'>πράξεις</span> <span class='ocrx_word' id='word_1_755' title='bbox 1521 2179 1565 2206; x_wconf 71' lang='grc' dir='ltr'><strong>ἐπ’</strong></span> <span class='ocrx_word' id='word_1_756' title='bbox 1581 2179 1662 2206; x_wconf 81' lang='grc' dir='ltr'>αὐτὸν</span> <span class='ocrx_word' id='word_1_757' title='bbox 1686 2180 1868 2215; x_wconf 78' lang='grc' dir='ltr'>μεταφέρουσι</span> <span class='ocrx_word' id='word_1_758' title='bbox 1879 2188 1887 2195; x_wconf 88' lang='grc'><strong>·</strong></span> 
     </span>
    </p>
   </div>
   <div class='ocr_carea' id='block_1_106' title="bbox 1110 2224 1888 2261">
    <p class='ocr_par' dir='ltr' id='par_1_106' title="bbox 1110 2224 1888 2261">
     <span class='ocr_line' id='line_1_107' title="bbox 1110 2224 1888 2261; baseline -0.003 -9"><span class='ocrx_word' id='word_1_759' title='bbox 1110 2226 1157 2252; x_wconf 92' lang='lat' dir='ltr'><strong>xui</strong></span> <span class='ocrx_word' id='word_1_760' title='bbox 1173 2225 1218 2252; x_wconf 80' lang='grc' dir='ltr'><strong>τὸν</strong></span> <span class='ocrx_word' id='word_1_761' title='bbox 1234 2224 1283 2260; x_wconf 82' lang='grc' dir='ltr'>μὲν</span> <span class='ocrx_word' id='word_1_762' title='bbox 1296 2224 1414 2260; x_wconf 75' lang='grc' dir='ltr'>ἔπαρχον</span> <span class='ocrx_word' id='word_1_763' title='bbox 1433 2225 1482 2260; x_wconf 86' lang='grc' dir='ltr'><strong>τῆς</strong></span> <span class='ocrx_word' id='word_1_764' title='bbox 1495 2225 1631 2259; x_wconf 78' lang='grc' dir='ltr'>Αἰγύπτου</span> <span class='ocrx_word' id='word_1_765' title='bbox 1655 2225 1778 2261; x_wconf 74' lang='grc' dir='ltr'>φανερῶς</span> <span class='ocrx_word' id='word_1_766' title='bbox 1795 2225 1888 2260; x_wconf 80' lang='grc' dir='ltr'>ὁμολο-</span> 
     </span>
    </p>
   </div>
   <div class='ocr_carea' id='block_1_107' title="bbox 1110 2271 1889 2306">
    <p class='ocr_par' dir='ltr' id='par_1_107' title="bbox 1110 2271 1889 2306">
     <span class='ocr_line' id='line_1_108' title="bbox 1110 2271 1889 2306; baseline 0 -9"><span class='ocrx_word' id='word_1_767' title='bbox 1110 2271 1202 2306; x_wconf 86' lang='grc' dir='ltr'>γοῦσιν</span> <span class='ocrx_word' id='word_1_768' title='bbox 1225 2272 1254 2297; x_wconf 87' lang='grc' dir='ltr'>ὲν</span> <span class='ocrx_word' id='word_1_769' title='bbox 1280 2272 1312 2306; x_wconf 82' lang='grc' dir='ltr'>τῇ</span> <span class='ocrx_word' id='word_1_770' title='bbox 1329 2271 1454 2306; x_wconf 81' lang='grc' dir='ltr'>ἐπιστολῇ</span> <span class='ocrx_word' id='word_1_771' title='bbox 1485 2272 1554 2298; x_wconf 81' lang='grc' dir='ltr'>κατά</span> <span class='ocrx_word' id='word_1_772' title='bbox 1574 2280 1654 2298; x_wconf 79' lang='grc' dir='ltr'>τινων</span> <span class='ocrx_word' id='word_1_773' title='bbox 1679 2271 1889 2305; x_wconf 74' lang='grc' dir='ltr'>ἁποπεφάνθαιο</span> 
     </span>
    </p>
   </div>
   <div class='ocr_carea' id='block_1_108' title="bbox 1111 2315 1889 2350">
    <p class='ocr_par' dir='ltr' id='par_1_108' title="bbox 1111 2315 1889 2350">
     <span class='ocr_line' id='line_1_109' title="bbox 1111 2315 1889 2350; baseline 0 -8"><span class='ocrx_word' id='word_1_774' title='bbox 1111 2316 1191 2342; x_wconf 84' lang='grc' dir='ltr'>πάλιν</span> <span class='ocrx_word' id='word_1_775' title='bbox 1207 2315 1235 2342; x_wconf 81' lang='grc' dir='ltr'>δὲ</span> <span class='ocrx_word' id='word_1_776' title='bbox 1252 2316 1282 2342; x_wconf 84' lang='grc' dir='ltr'>οὐ</span> <span class='ocrx_word' id='word_1_777' title='bbox 1296 2316 1479 2343; x_wconf 84' lang='grc' dir='ltr'>δυσωποῦνται</span> <span class='ocrx_word' id='word_1_778' title='bbox 1491 2317 1536 2343; x_wconf 80' lang='grc' dir='ltr'>καὶ</span> <span class='ocrx_word' id='word_1_779' title='bbox 1553 2316 1654 2348; x_wconf 75' lang='grc' dir='ltr'>ταύτας</span> <span class='ocrx_word' id='word_1_780' title='bbox 1677 2317 1726 2348; x_wconf 78' lang='grc' dir='ltr'><strong>τὰς</strong></span> <span class='ocrx_word' id='word_1_781' title='bbox 1740 2316 1889 2350; x_wconf 76' lang='grc' dir='ltr'>ἀποφάσεις</span> 
     </span>
    </p>
   </div>
   <div class='ocr_carea' id='block_1_109' title="bbox 1118 2362 1889 2398">
    <p class='ocr_par' dir='ltr' id='par_1_109' title="bbox 1118 2362 1889 2398">
     <span class='ocr_line' id='line_1_110' title="bbox 1118 2362 1889 2398; baseline -0.001 -9"><span class='ocrx_word' id='word_1_782' title='bbox 1118 2362 1267 2396; x_wconf 83' lang='grc' dir='ltr'>Ἀθανασίῳ</span> <span class='ocrx_word' id='word_1_783' title='bbox 1287 2362 1502 2397; x_wconf 81' lang='grc' dir='ltr'>προσάπτοντες·</span> <span class='ocrx_word' id='word_1_784' title='bbox 1529 2363 1576 2388; x_wconf 73' lang='grc' dir='ltr'><strong>καὶ</strong></span> <span class='ocrx_word' id='word_1_785' title='bbox 1598 2362 1682 2389; x_wconf 86' lang='grc' dir='ltr'>ταῦτα</span> <span class='ocrx_word' id='word_1_786' title='bbox 1709 2363 1821 2398; x_wconf 82' lang='grc' dir='ltr'>μηδέπω</span> <span class='ocrx_word' id='word_1_787' title='bbox 1841 2363 1889 2398; x_wconf 81' lang='grc' dir='ltr'>τῆς</span> 
     </span>
    </p>
   </div>
   <div class='ocr_carea' id='block_1_110' title="bbox 1119 2407 1889 2443">
    <p class='ocr_par' dir='ltr' id='par_1_110' title="bbox 1119 2407 1889 2443">
     <span class='ocr_line' id='line_1_111' title="bbox 1119 2407 1889 2443; baseline 0.003 -9"><span class='ocrx_word' id='word_1_788' title='bbox 1119 2407 1318 2443; x_wconf 74' lang='grc' dir='ltr'>Ἀλεξανδρείας</span> <span class='ocrx_word' id='word_1_789' title='bbox 1334 2407 1468 2441; x_wconf 75' lang='grc' dir='ltr'>ἐπιϐάντι,</span> <span class='ocrx_word' id='word_1_790' title='bbox 1486 2408 1543 2434; x_wconf 81' lang='grc' dir='ltr'>ἀλλ’</span> <span class='ocrx_word' id='word_1_791' title='bbox 1559 2408 1599 2434; x_wconf 81' lang='grc' dir='ltr'>ἔτι</span> <span class='ocrx_word' id='word_1_792' title='bbox 1622 2408 1672 2443; x_wconf 84' lang='grc' dir='ltr'><strong>τῆς</strong></span> <span class='ocrx_word' id='word_1_793' title='bbox 1691 2409 1751 2435; x_wconf 82' lang='grc' dir='ltr'>ὁδοῦ</span> <span class='ocrx_word' id='word_1_794' title='bbox 1771 2409 1821 2443; x_wconf 86' lang='grc' dir='ltr'>τῆς</span> <span class='ocrx_word' id='word_1_795' title='bbox 1837 2408 1889 2436; x_wconf 69' lang='grc' dir='ltr'>ἀπὶ</span> 
     </span>
    </p>
   </div>
   <div class='ocr_carea' id='block_1_111' title="bbox 1112 2453 1890 2491">
    <p class='ocr_par' dir='ltr' id='par_1_111' title="bbox 1112 2453 1890 2491">
     <span class='ocr_line' id='line_1_112' title="bbox 1112 2453 1890 2491; baseline -0.001 -10"><span class='ocrx_word' id='word_1_796' title='bbox 1112 2456 1161 2491; x_wconf 86' lang='grc' dir='ltr'>τῆς</span> <span class='ocrx_word' id='word_1_797' title='bbox 1176 2454 1325 2491; x_wconf 80' lang='grc' dir='ltr'>ὲξοριστίας</span> <span class='ocrx_word' id='word_1_798' title='bbox 1339 2454 1470 2490; x_wconf 79' lang='grc' dir='ltr'>ἐχομένῳ,</span> <span class='ocrx_word' id='word_1_799' title='bbox 1486 2454 1532 2481; x_wconf 79' lang='lat' dir='ltr'><strong>xui</strong></span> <span class='ocrx_word' id='word_1_800' title='bbox 1545 2453 1614 2481; x_wconf 86' lang='grc' dir='ltr'>κατὰ</span> <span class='ocrx_word' id='word_1_801' title='bbox 1628 2454 1678 2490; x_wconf 82' lang='grc' dir='ltr'>τὴν</span> <span class='ocrx_word' id='word_1_802' title='bbox 1699 2455 1796 2490; x_wconf 83' lang='grc' dir='ltr'>Συρίαν</span> <span class='ocrx_word' id='word_1_803' title='bbox 1815 2455 1871 2481; x_wconf 80' lang='grc' dir='ltr'>δντι</span> <span class='ocrx_word' id='word_1_804' title='bbox 1883 2464 1890 2470; x_wconf 92' lang='grc'>·</span> 
     </span>
    </p>
   </div>
   <div class='ocr_carea' id='block_1_112' title="bbox 1111 2499 1890 2536">
    <p class='ocr_par' dir='ltr' id='par_1_112' title="bbox 1111 2499 1890 2536">
     <span class='ocr_line' id='line_1_113' title="bbox 1111 2499 1890 2536; baseline 0 -10"><span class='ocrx_word' id='word_1_805' title='bbox 1111 2501 1138 2527; x_wconf 77' lang='grc' dir='ltr'><strong>εἴ</strong></span> <span class='ocrx_word' id='word_1_806' title='bbox 1146 2509 1177 2535; x_wconf 90' lang='grc' dir='ltr'><strong>γε</strong></span> <span class='ocrx_word' id='word_1_807' title='bbox 1190 2501 1230 2526; x_wconf 90' lang='grc' dir='ltr'>δεῖ</span> <span class='ocrx_word' id='word_1_808' title='bbox 1241 2500 1287 2526; x_wconf 87' lang='lat' dir='ltr'><strong>xui</strong></span> <span class='ocrx_word' id='word_1_809' title='bbox 1301 2500 1408 2535; x_wconf 85' lang='grc' dir='ltr'>μακρὰν</span> <span class='ocrx_word' id='word_1_810' title='bbox 1417 2499 1569 2535; x_wconf 76' lang='grc' dir='ltr'>ἀποδημίαν</span> <span class='ocrx_word' id='word_1_811' title='bbox 1581 2502 1619 2532; x_wconf 88' lang='grc' dir='ltr'><strong>εἰς</strong></span> <span class='ocrx_word' id='word_1_812' title='bbox 1632 2500 1777 2534; x_wconf 86' lang='grc' dir='ltr'>ἀπολογίαν</span> <span class='ocrx_word' id='word_1_813' title='bbox 1789 2501 1890 2536; x_wconf 73' lang='grc' dir='ltr'>φέρειν,</span> 
     </span>
    </p>
   </div>
   <div class='ocr_carea' id='block_1_113' title="bbox 1111 2543 1892 2582">
    <p class='ocr_par' dir='ltr' id='par_1_113' title="bbox 1111 2543 1892 2582">
     <span class='ocr_line' id='line_1_114' title="bbox 1111 2543 1892 2582; baseline -0.001 -9"><span class='ocrx_word' id='word_1_814' title='bbox 1111 2547 1182 2582; x_wconf 83' lang='grc' dir='ltr'>ὑπὲρ</span> <span class='ocrx_word' id='word_1_815' title='bbox 1198 2546 1243 2573; x_wconf 85' lang='grc' dir='ltr'><strong>τοῦ</strong></span> <span class='ocrx_word' id='word_1_816' title='bbox 1272 2546 1338 2582; x_wconf 72' lang='grc' dir='ltr'>μηδὲ</span> <span class='ocrx_word' id='word_1_817' title='bbox 1350 2545 1498 2572; x_wconf 85' lang='grc' dir='ltr'>ὑπεύθυνον</span> <span class='ocrx_word' id='word_1_818' title='bbox 1512 2544 1580 2572; x_wconf 80' lang='grc' dir='ltr'>εἷναί</span> <span class='ocrx_word' id='word_1_819' title='bbox 1600 2554 1670 2578; x_wconf 86' lang='grc' dir='ltr'>τινα,</span> <span class='ocrx_word' id='word_1_820' title='bbox 1697 2543 1738 2577; x_wconf 80' lang='grc' dir='ltr'>οἷς</span> <span class='ocrx_word' id='word_1_821' title='bbox 1760 2546 1807 2573; x_wconf 79' lang='grc' dir='ltr'>ἐὰν</span> <span class='ocrx_word' id='word_1_822' title='bbox 1829 2547 1892 2581; x_wconf 54' lang='grc' dir='ltr'>ἠγε-</span> 
     </span>
    </p>
   </div>
   <div class='ocr_carea' id='block_1_114' title="bbox 1113 2591 1893 2627">
    <p class='ocr_par' dir='ltr' id='par_1_114' title="bbox 1113 2591 1893 2627">
     <span class='ocr_line' id='line_1_115' title="bbox 1113 2591 1893 2627; baseline 0 -9"><span class='ocrx_word' id='word_1_823' title='bbox 1113 2591 1196 2627; x_wconf 87' lang='grc' dir='ltr'><strong>μὼνῆ</strong></span> <span class='ocrx_word' id='word_1_824' title='bbox 1209 2591 1325 2627; x_wconf 69' lang='grc' dir='ltr'>ἔπαρχος</span> <span class='ocrx_word' id='word_1_825' title='bbox 1340 2591 1474 2626; x_wconf 77' lang='grc' dir='ltr'>Αίγύπτου</span> <span class='ocrx_word' id='word_1_826' title='bbox 1489 2592 1588 2627; x_wconf 80' lang='grc' dir='ltr'>πράξῃ.</span> <span class='ocrx_word' id='word_1_827' title='bbox 1609 2591 1639 2618; x_wconf 81' lang='grc' dir='ltr'>Εἰ</span> <span class='ocrx_word' id='word_1_828' title='bbox 1652 2592 1706 2627; x_wconf 81' lang='grc' dir='ltr'><strong>γὰρ</strong></span> <span class='ocrx_word' id='word_1_829' title='bbox 1718 2592 1764 2618; x_wconf 87' lang='lat' dir='ltr'><strong>xui</strong></span> <span class='ocrx_word' id='word_1_830' title='bbox 1780 2592 1825 2618; x_wconf 79' lang='grc' dir='ltr'><strong>ἐπὶ</strong></span> <span class='ocrx_word' id='word_1_831' title='bbox 1843 2592 1893 2626; x_wconf 76' lang='grc' dir='ltr'>τῆς</span> 
     </span>
    </p>
   </div>
   <div class='ocr_carea' id='block_1_115' title="bbox 1118 2636 1892 2674">
    <p class='ocr_par' dir='ltr' id='par_1_115' title="bbox 1118 2636 1892 2674">
     <span class='ocr_line' id='line_1_116' title="bbox 1118 2636 1892 2674; baseline 0 -10"><span class='ocrx_word' id='word_1_832' title='bbox 1118 2637 1319 2674; x_wconf 71' lang='grc' dir='ltr'>Ἀλεξανδρείας</span> <span class='ocrx_word' id='word_1_833' title='bbox 1333 2636 1377 2673; x_wconf 79' lang='grc' dir='ltr'>ἦν,</span> <span class='ocrx_word' id='word_1_834' title='bbox 1389 2638 1416 2664; x_wconf 87' lang='grc' dir='ltr'><strong>τί</strong></span> <span class='ocrx_word' id='word_1_835' title='bbox 1430 2638 1497 2674; x_wconf 81' lang='grc' dir='ltr'>πρὸς</span> <span class='ocrx_word' id='word_1_836' title='bbox 1514 2638 1672 2665; x_wconf 78' lang='grc' dir='ltr'>Ἀθανάσιον</span> <span class='ocrx_word' id='word_1_837' title='bbox 1688 2639 1716 2664; x_wconf 90' lang='lat' dir='ltr'><strong>ul.</strong></span> <span class='ocrx_word' id='word_1_838' title='bbox 1739 2638 1785 2665; x_wconf 89' lang='grc' dir='ltr'><strong>τοῦ</strong></span> <span class='ocrx_word' id='word_1_839' title='bbox 1805 2638 1892 2673; x_wconf 73' lang='grc' dir='ltr'>ὲπάρ‹</span> 
     </span>
    </p>
   </div>
   <div class='ocr_carea' id='block_1_116' title="bbox 1151 2715 1790 2785">
    <p class='ocr_par' dir='ltr' id='par_1_116' title="bbox 1151 2715 1790 2785">
     <span class='ocr_line' id='line_1_117' title="bbox 1151 2715 1790 2785; baseline 0.003 -43"><span class='ocrx_word' id='word_1_840' title='bbox 1151 2715 1207 2785; x_wconf 52' lang='grc' dir='ltr'><strong>ξθὸζ</strong></span> <span class='ocrx_word' id='word_1_841' title='bbox 1223 2715 1268 2756; x_wconf 60' lang='lat' dir='ltr'><strong>Sig.</strong></span> <span class='ocrx_word' id='word_1_842' title='bbox 1279 2715 1348 2757; x_wconf 47' lang='lat' dir='ltr'><strong>lReg.</strong></span> <span class='ocrx_word' id='word_1_843' title='bbox 1362 2721 1389 2743; x_wconf 87' lang='lat' dir='ltr'><strong>et</strong></span> <span class='ocrx_word' id='word_1_844' title='bbox 1404 2717 1484 2744; x_wconf 84' lang='lat' dir='ltr'><strong>Basil.</strong></span> <span class='ocrx_word' id='word_1_845' title='bbox 1500 2717 1570 2744; x_wconf 78' lang='lat' dir='ltr'><strong>Editi</strong></span> <span class='ocrx_word' id='word_1_846' title='bbox 1588 2723 1652 2744; x_wconf 82' lang='lat' dir='ltr'><strong>vero</strong></span> <span class='ocrx_word' id='word_1_847' title='bbox 1663 2717 1704 2743; x_wconf 74' lang='grc' dir='ltr'><strong>ἐπ’</strong></span> <span class='ocrx_word' id='word_1_848' title='bbox 1716 2716 1790 2744; x_wconf 83' lang='grc' dir='ltr'>αὐτό.</span> 
     </span>
     <span class='ocr_line' id='line_1_118' title="bbox 1163 2751 1790 2785; baseline -0.002 -7"><span class='ocrx_word' id='word_1_849' title='bbox 1163 2752 1195 2777; x_wconf 83' lang='grc'><strong>86</strong></span> <span class='ocrx_word' id='word_1_850' title='bbox 1224 2753 1282 2785; x_wconf 73' lang='lat' dir='ltr'><strong>Tm;</strong></span> <span class='ocrx_word' id='word_1_851' title='bbox 1302 2751 1394 2781; x_wconf 75' lang='grc' dir='ltr'>Ἁλεε.</span> <span class='ocrx_word' id='word_1_852' title='bbox 1415 2752 1481 2785; x_wconf 78' lang='lat' dir='ltr'><strong>Heg.</strong></span> <span class='ocrx_word' id='word_1_853' title='bbox 1497 2752 1547 2785; x_wconf 82' lang='grc' dir='ltr'>τῆς</span> <span class='ocrx_word' id='word_1_854' title='bbox 1567 2752 1593 2778; x_wconf 94' lang='lat' dir='ltr'><strong>in</strong></span> <span class='ocrx_word' id='word_1_855' title='bbox 1611 2752 1690 2779; x_wconf 88' lang='lat' dir='ltr'><strong>editis</strong></span> <span class='ocrx_word' id='word_1_856' title='bbox 1711 2753 1790 2780; x_wconf 48' lang='lat' dir='ltr'><strong>desidl</strong></span> 
     </span>
    </p>
   </div>
   <div class='ocr_carea' id='block_1_117' title="bbox 1163 2751 1892 2786">
    <p class='ocr_par' dir='ltr' id='par_1_117' title="bbox 1163 2751 1892 2786">
     <span class='ocr_line' id='line_1_119' title="bbox 1163 2751 1892 2786; baseline 0.001 -9"><span class='ocrx_word' id='word_1_857' title='bbox 1163 2751 1206 2785; x_wconf 85' lang='lat'><strong>86)</strong></span> <span class='ocrx_word' id='word_1_858' title='bbox 1224 2751 1286 2785; x_wconf 68' lang='grc' dir='ltr'><strong>Τῆό</strong></span> <span class='ocrx_word' id='word_1_859' title='bbox 1302 2751 1394 2781; x_wconf 75' lang='grc' dir='ltr'>Ἁλεε.</span> <span class='ocrx_word' id='word_1_860' title='bbox 1415 2752 1481 2786; x_wconf 79' lang='lat' dir='ltr'><strong>Heg.</strong></span> <span class='ocrx_word' id='word_1_861' title='bbox 1497 2752 1547 2786; x_wconf 82' lang='grc' dir='ltr'><strong>τῆς</strong></span> <span class='ocrx_word' id='word_1_862' title='bbox 1567 2752 1593 2778; x_wconf 94' lang='lat' dir='ltr'><strong>in</strong></span> <span class='ocrx_word' id='word_1_863' title='bbox 1611 2752 1690 2779; x_wconf 87' lang='lat' dir='ltr'><strong>editis</strong></span> <span class='ocrx_word' id='word_1_864' title='bbox 1711 2753 1892 2786; x_wconf 84' lang='lat' dir='ltr'><strong>desideratur.</strong></span> 
     </span>
    </p>
   </div>
   <div class='ocr_carea' id='block_1_118' title="bbox 1113 2784 1897 2846">
    <p class='ocr_par' dir='ltr' id='par_1_118' title="bbox 1113 2784 1897 2846">
     <span class='ocr_line' id='line_1_120' title="bbox 1113 2784 1897 2846; baseline 0.003 -35"><span class='ocrx_word' id='word_1_865' title='bbox 1113 2784 1200 2846; x_wconf 50' lang='lat'><strong>3:613?</strong></span> <span class='ocrx_word' id='word_1_866' title='bbox 1226 2784 1296 2814; x_wconf 79' lang='lat' dir='ltr'><strong>infra</strong></span> <span class='ocrx_word' id='word_1_867' title='bbox 1327 2787 1396 2814; x_wconf 87' lang='lat' dir='ltr'><strong>idem</strong></span> <span class='ocrx_word' id='word_1_868' title='bbox 1408 2784 1474 2822; x_wconf 73' lang='lat' dir='ltr'><strong>Reg.</strong></span> <span class='ocrx_word' id='word_1_869' title='bbox 1492 2784 1621 2821; x_wconf 76' lang='grc' dir='ltr'>ζητοῦσι,</span> <span class='ocrx_word' id='word_1_870' title='bbox 1637 2787 1682 2815; x_wconf 84' lang='lat' dir='ltr'><strong>ubi</strong></span> <span class='ocrx_word' id='word_1_871' title='bbox 1706 2787 1770 2815; x_wconf 88' lang='lat' dir='ltr'><strong>editi</strong></span> <span class='ocrx_word' id='word_1_872' title='bbox 1798 2785 1897 2822; x_wconf 72' lang='grc' dir='ltr'>ἐπιζη-</span> 
     </span>
    </p>
   </div>
  </div>
