2031 3048
163 154 215 181 257

721 155 892 184 APOLOGIA
911 155 1050 183 CONTRA
1070 155 1230 184 ARlANOS.

1722 156 1775 185 258

164 221 211 248 κου
226 213 281 248 (87)
295 214 423 249 πράξεις;
441 214 508 240 Ἀλλ’
524 215 598 250 ὅμως
611 215 671 242 οὐδὲ
684 216 814 251 ἐπεδήμει
830 216 886 247 τοῖς
899 215 931 241 τό

980 239 982 246 ,
995 216 1090 250 gesta?
1103 215 1227 243 Attamen
1243 215 1268 243 in
1281 216 1322 243 his
1332 214 1398 244 locis
1413 222 1465 243 non
1480 215 1611 251 degebat:
1626 222 1713 250 neque
1731 223 1774 243 res

164 267 238 290 τοις·
253 259 343 286 καὶτὰ
356 260 509 296 πραχθέντα
528 261 558 287 οὐ
574 261 616 287 διὰ
634 261 783 296 προφάσεις
799 261 945 296 ἐκκλησια-

163 304 257 335 στικὰς
271 305 426 341 πέπρακται
443 306 516 342 παρὰ
529 306 575 333 τοῦ
591 307 710 342 ἐπάρχου
731 307 781 342 τῆς
796 307 943 341 Δίγύπτου,

161 348 228 376 ἀλλὰ
240 350 285 377 διά.
293 359 368 382 τινας
378 351 458 382 ἃς.έκ
471 352 524 378 τῶν
534 353 736 388 ὑπομνημάτων
746 352 850 379 εῑσεσθε
876 353 942 388 (88)-

160 395 314 431 ἃπερ,μετὰ
323 398 352 423 τὸ
360 397 460 431 γνῶναι
471 398 505 425 τὰ
514 399 589 433 παρὰ
599 399 851 435 τούτωνπγραφέντα,
861 399 943 426 πολυ-

160 443 401 478 πραγμονήσαντες
416 443 614 480 ἀπεστείλαμεν
630 445 704 480 ὑμῖν.
717 445 820 472 Οὐκοῦν
835 446 878 472 ὅτε
896 446 943 472 καὶ

159 487 206 514 νῦν
220 488 254 515 τὰ
272 488 308 524 μὴ
322 489 453 524 γενόμενα
468 491 536 526 μήτε
548 492 612 526 παρ’
623 490 705 518 αὑτοῦ
730 492 797 526 μήτε
815 492 849 518 δι’
862 492 942 520 αὑτὸν

160 533 255 569 βοῶσιν
269 535 306 566 ὡς
318 536 461 569 γενόμενα,
474 537 521 563 καὶ
534 536 672 570 τοσούτοις
695 538 879 574 μαρτυροῦσιν
903 539 941 571 ὡς

158 580 407 617 πληροφορηθέντες
419 584 520 615 κακοῖς,
533 584 686 611 είπάτωσαν
700 585 732 611 ἐκ
742 585 820 616 ποίας
832 585 940 612 συνόδου

157 627 204 653 καὶ
218 627 302 654 ταῦτα
313 627 451 662 έγνωσαν;
468 629 501 655 ἐκ
519 629 604 656 ποίων
615 629 779 662 ἀποδείξεων
791 639 797 662 ;
817 631 849 657 ἐκ
861 630 940 662 ποίας

157 672 290 707 κρίσεως;
306 673 337 699 Ei
352 673 380 700 δὲ
398 674 481 710 μηδὲν
502 673 609 710 ἔχοντες
631 675 750 702 τοιοῦτον
769 675 862 708 ἁπλῶς
883 676 939 703 διας

156 716 333 749 ϐεϐαιοῦνται,
357 718 404 744 καὶ⁴
425 718 460 745 τὰ
479 719 598 757 πρότερα
619 719 678 752 πῶς
704 720 829 754 γέγονεν,
845 721 862 756 ἢ
880 721 939 753 πῶς

154 761 287 796 λέγουσιν,
301 763 364 798 ὑμῖν
378 763 554 800 κατελίπομεν
570 766 689 792 σκοπεῖν.
709 765 792 792 οὐδὲν
806 765 860 801 γὰρ
874 766 938 793 ἄλλο

153 807 228 834 ἐστὶν
244 808 260 843 ἢ
276 809 441 843 συκοφαντία
452 810 499 836 καὶ
513 810 617 846 ἐχθρῶν
632 810 778 847 ἐπιϐουλὴ,
789 811 836 838 καὶ
854 811 937 846 eum;

153 854 254 889 ἄσχετα
271 854 386 890 φρονῶν,
404 856 534 883 καὶκατὰ
546 856 596 891 τῆς
612 857 751 889 εὐσεϐείας
767 858 784 893 ἡ
801 858 869 894 ὑπὲρ
883 859 936 885 τῶν

160 899 370 934 Ἀρειομανιτῶν
392 900 503 928 ἀσέϐεια
515 902 648 933 λυττῶσα.
664 902 697 930 ἶν’
713 902 833 929 ἐκποδὼν
848 903 898 938 μὲν
910 904 934 930 οί

152 943 286 978 ὀρθὸδοξοι
302 945 443 978 γένωνται,
461 947 520 981 μετ’
535 947 625 979 ἀδείας
634 947 662 973 δὲ
678 947 779 980 λοιπὸν,
795 947 813 975 ἃ.
826 948 934 984 βούλον-

152 997 206 1021 ται,
226 990 395 1025 κηρύττωσιν
420 991 477 1027 (89)
501 993 525 1018 οὶ
552 992 703 1028 προστάται
723 993 772 1029 τῆς
798 994 932 1025 ἀσεϐείας.

153 1035 209 1062 Καὶ
221 1035 274 1071 γὰρ
288 1035 375 1068 οὕτως
387 1036 453 1071 ἔχει.

185 1079 211 1106 6.
235 1080 338 1116 Ἀρείου
355 1080 400 1107 τοῦ
417 1082 610 1117 άσεϐήσαντος,
627 1083 673 1117 ἀφ’
685 1080 715 1110 οὗ
730 1083 777 1110 καὶ
795 1084 812 1120 ἡ
832 1084 934 1120 Ἀρειο-

151 1125 269 1159 μανιτῶν
290 1125 323 1152 δι’
337 1126 418 1152 αὐτὸν
430 1127 534 1163 αἵρεσις
547 1127 687 1163 κέκληται,
701 1129 750 1164 τῆς
774 1128 934 1164 Ἐκκλησίας

149 1170 326 1206 ἐκϐληθέντος
341 1172 392 1198 ὑπὸ
406 1172 452 1199 τοῦ
476 1173 626 1208 μακαρίτου
642 1174 790 1201 ἐπισκόπου
809 1174 932 1207 Ἀλεξάν-

147 1216 222 1252 δρου,
244 1217 268 1243 οἱ
291 1217 355 1252 περὶ,
370 1218 499 1244 Εὑσέϐιον
511 1219 630 1254 μαθηταὶ
645 1219 695 1254 τῆς
710 1219 837 1251 ἀσεϐείας
851 1220 932 1247 αὑτοῦ

147 1262 195 1288 καὶ
208 1263 331 1289 κοινωνοὶ
342 1264 528 1298 τυγχάνοντες,
545 1265 656 1297 ἑαυτοὺς
664 1265 841 1301 ἐκϐεϐλῆσθαι
857 1267 932 1302 νομί-

147 1307 247 1340 ζοντες,
272 1308 389 1345 ἔγραφον
410 1309 493 1337 πολλὰ
523 1311 743 1346 παρακαλοῦντες
762 1312 932 1349 Ἀλέξανδρον

146 1352 191 1379 τὸν
205 1354 352 1382 ἐπίσκοπον
365 1354 403 1390 μὴ
419 1355 527 1389 ἀφεῖναι
543 1357 588 1384 τὸν
608 1357 744 1393 αἱρετικὸν
756 1358 864 1394 ’Δρειον
879 1358 932 1392 ἔξω

146 1398 195 1434 τῆς
208 1399 377 1434 Ἑκκλησίας.
400 1400 570 1437 Ἀλεξάνδρου
591 1401 630 1435 δὲ,
646 1401 690 1428 διὰ
702 1402 752 1438 τὴν
764 1404 804 1435 είς
816 1402 931 1439 Χριστὸν

145 1443 284 1471 εὐσέϐειαν
302 1444 339 1480 μὴ
367 1445 512 1480 δεχομένου
528 1446 574 1472 τὸν
599 1447 694 1482 ἀσεϐῆ,
713 1448 752 1479 εἰς
775 1448 931 1475 Ἀθανάσιον

95 1498 99 1502 ~
144 1486 205 1512 τότε
231 1486 352 1514 διάκονον
369 1488 432 1514 ὄντα
461 1489 615 1516 ἐλυποῦντο·
639 1491 733 1528 ἐπειδὴ
758 1492 794 1519 τὰ
818 1492 930 1520 πλεῖστα

952 882 974 910 Β

144 1532 258 1583 συνιέντα
270 1533 435 1583 Ἀλεξάνδρῳ
442 1535 482 1583 τῷ
487 1536 636 1571 επισκὸπῳ,
644 1537 929 1574 πολυπραγμονοῦντες
943 1555 963 1583 c

143 1579 224 1606 αὑτὸν
238 1580 344 1615 ἤκουον,
361 1582 407 1608 καὶ
418 1581 571 1617 τιμώμενον
591 1583 656 1619 παρ’
672 1584 765 1612 αὑτοῦ.
784 1585 885 1621 ΙΙεῖραν
900 1586 928 1612 ἃ

143 1625 224 1652 αὐτοῦ
249 1625 296 1652 καὶ
312 1626 362 1661 τῆς
387 1627 526 1659 εὐσεϐείας
547 1628 597 1664 τῆς
611 1630 651 1661 είς
669 1630 785 1665 Χριστὸν
802 1631 928 1664 λαϐόντες

143 1671 176 1696 ἐκ
197 1670 247 1706 τῆς
258 1671 365 1698 συνόδου
379 1671 429 1706 τῆς
447 1673 517 1699 κατὰ
534 1673 651 1701 Νίκαιαν
667 1674 722 1710 (90)
734 1675 927 1712 συγκροτηθεί-

143 1724 203 1751 σης,
228 1717 256 1742 ἐν
277 1714 317 1748 οἷς
338 1717 559 1754 ἐπαρρησιάζετο
575 1719 645 1746 κατὰ
659 1720 708 1755 τῆς
721 1720 848 1752 ἀσεϐείας
873 1721 927 1748 τῶν

149 1762 368 1797 Ἀρειομανιτῶν,
395 1763 524 1798 μειζόνως
547 1764 577 1790 τὸ
593 1765 671 1800 μῖσος
684 1765 809 1800 ηὔξανον.
831 1767 874 1798 Ὠς
898 1767 926 1794 δὲ

142 1806 189 1832 ἐπὶ
201 1806 249 1842 τὴν
265 1808 416 1843 ἐπισκοπὴν
433 1809 513 1835 αὐτὸν
526 1809 541 1835 ό
556 1809 622 1841 Θεὸς
642 1809 739 1845 ήγαγε,
755 1811 803 1846 τὴν
824 1812 856 1839 ἐκ
872 1821 926 1839 πα-

142 1851 217 1879 λαιοῦ
240 1853 411 1890 τρεφομένην
435 1854 526 1886 αὑτοῖς
543 1855 641 1882 κακίαν
654 1855 924 1892 ἁναζωπυρήσαντες,

142 1899 188 1924 καὶ
201 1898 362 1934 φοϐούμενοι
376 1899 424 1935 τὴν
440 1900 594 1935 ὀρθοδοξίαν
610 1900 703 1934 αὑτοῦ,
731 1903 777 1928 καὶ
790 1902 839 1938 τὴν
857 1903 926 1930 κατὰ

140 1946 190 1981 τῆς
212 1945 338 1977 ἀσεϐείας
363 1945 545 1981 παράστασιν,
568 1946 696 1977 Εὐσέϐιος
719 1946 849 1974 δέπλεῖον
879 1948 926 1975 καὶ

141 1992 195 2018 huc
224 1992 279 2026 (9i)
302 1992 352 2027 τῆς
382 1991 561 2027 συνειδήσεως
588 1989 624 2019 ὧν
651 1990 705 2018 οἶδε
732 1993 924 2029 πληττόμενος,

142 2038 230 2066 πάντα
253 2038 354 2074 τρόπον
378 2037 555 2065 ἐπεϐούλευον
577 2038 623 2064 καὶ
639 2038 865 2071 συνεσκευάζοντο
886 2039 925 2074 τῷ

141 2084 229 2119 ανδρί.
253 2084 372 2110 Ἐκίνουν
389 2083 499 2119 βασιλέα
515 2084 575 2110 κατ’
588 2083 679 2115 αὐτοῦ,
705 2084 828 2116 συνόδους
845 2085 924 2119 ἠπεί-

142 2129 204 2156 λουν
216 2130 352 2161 πολλάκις
367 2130 413 2156 καὶ
420 2129 494 2161 τέλος
508 2130 536 2156 ὲν
543 2129 622 2164 Τύρῳ
634 2129 772 2165 συνῆλθον,
788 2131 835 2157 καὶ
845 2130 924 2166 μέχρι

140 2176 189 2203 νῦν
202 2176 252 2203 οὐκ
263 2175 424 2210 ἀφίστανται
439 2177 498 2203 κατ’
508 2174 589 2202 αὑτοῦ
604 2175 763 2210 γράφοντες,
779 2176 825 2202 καὶ
838 2175 924 2208 οὕτως

995 261 1186 289 ecclesiasticae
1194 261 1361 289 occasionem
1372 262 1503 289 dederunt
1513 262 1546 289 iis
1554 269 1613 296 qua:
1621 262 1655 289 ab
1663 261 1772 297 Egypti

998 306 1124 341 praefecto
1140 312 1199 334 acta
1214 312 1291 339 sunt;
1305 308 1352 335 sed
1368 307 1426 335 alia:
1442 308 1562 342 quaedam
1587 315 1654 342 quas
1669 308 1773 335 ediscet

994 350 1016 377 is
1028 357 1059 378 ex
1074 351 1263 383 monumentis,
1279 359 1339 385 qua:
1352 359 1411 384 nos,
1423 351 1535 385 cognitis
1545 358 1637 378 eorum
1649 350 1770 384 scriptis,

992 395 1133 431 diligenter
1151 397 1297 431 perquisita
1323 397 1356 424 ad
1373 404 1420 424 vos
1440 396 1573 424 misimus.
1591 396 1658 423 Cum
1679 395 1771 431 igitur,

992 447 1051 474 qua:
1077 449 1126 468 nec
1149 448 1182 469 eo
1209 447 1329 474 auctore,
1354 448 1403 469 nec
1418 441 1475 476 ejus
1494 448 1576 469 causa
1596 446 1669 475 geSIa
1698 445 1769 473 sunt,

991 486 1067 520 quasi
1083 491 1155 521 gesta
1176 487 1362 521 proclament;
1385 492 1412 514 et
1434 494 1505 518 cum,
1525 494 1558 514 ac
1574 487 1596 514 si
1613 486 1647 514 de
1659 490 1698 513 tot
1711 491 1770 513 tan-

992 533 1079 567 tisque
1095 534 1172 562 malis
1188 534 1320 561 certiores
1334 534 1397 561 facti
1416 538 1517 567 essent,
1537 533 1716 561 testimonium
1732 532 1769 559 fe-

991 582 1068 610 rant,
1086 579 1177 606 dicant
1201 586 1215 606 a
1236 585 1351 613 quanam
1374 580 1475 614 synodo
1502 579 1559 606 lucc
1580 578 1716 606 didicere?
1734 585 1767 605 cx

989 624 1151 657 quibusnam
1167 624 1352 659 argumentis?
1364 632 1397 651 ex
1421 631 1536 659 quonam
1557 623 1676 658 judicio?
1691 623 1766 656 Quod

988 669 1011 696 si
1031 670 1096 696 nihil
1114 669 1244 704 ejusmodi
1270 670 1410 702 habentes,
1429 670 1480 698 hoc
1495 674 1596 697 temere
1614 669 1743 696 atlirment
1759 677 1765 700 ;

988 720 1061 743 certe
1084 716 1173 751 priora
1197 717 1332 751 quomodo
1359 721 1433 751 gesta
1450 717 1520 749 sint,
1538 721 1585 743 aut
1604 724 1653 743 cur
1674 716 1713 743 sic
1728 716 1767 742 lu-

987 766 1116 796 quantur,
1137 762 1214 790 vobis
1238 769 1304 790 sane
1329 762 1553 790 considerandum
1577 762 1765 796 relinquimus.

985 807 1058 835 Nihil
1071 808 1144 835 enim
1158 808 1230 836 aliud
1246 808 1309 836 illud
1323 813 1364 835 est
1376 815 1457 843 quam
1473 808 1620 841 calumnia,
1637 812 1664 835 et
1675 808 1766 835 inimi-

987 861 1080 880 corum
1097 853 1213 886 insidiae,
1227 854 1388 888 animusque
1404 852 1569 880 intoleranda
1587 852 1717 886 sentiens,
1733 861 1765 880 ac

987 899 1111 933 impietas
1135 903 1229 926 contra
1252 899 1380 933 pietatem
1396 906 1445 933 pro
1462 898 1638 925 Ariomanitis
1654 896 1763 929 furens;

985 949 1013 971 ut
1025 943 1171 972 Orthodoxi
1187 944 1294 978 quidem
1313 944 1346 972 de
1358 943 1446 971 medio
1465 943 1604 975 tollantur,
1619 943 1764 977 impietatis

983 996 1048 1017 vero
1061 990 1176 1024 patroni,
1199 990 1271 1025 quod
1294 988 1403 1016 libuerit
1421 995 1481 1016 cum
1503 989 1649 1016 securitate
1667 988 1763 1023 pradi-

984 1039 1055 1062 cent.
1076 1034 1180 1062 Etenim
1198 1042 1241 1063 res
1255 1035 1291 1062 ita
1306 1041 1336 1062 se
1349 1034 1440 1062 habet.

1018 1080 1045 1106 6.
1066 1080 1132 1108 Cum
1148 1081 1229 1108 Arius
1245 1080 1390 1115 impietatis
1409 1084 1514 1113 auctor,
1533 1087 1547 1106 a
1564 1086 1618 1114 quo
1635 1079 1762 1106 Arionia-

984 1126 1099 1154 nitarum
1123 1127 1231 1154 haeresis
1248 1131 1400 1161 nuncupata
1414 1131 1465 1160 est,
1483 1126 1517 1153 ab
1529 1125 1646 1153 Ecclesia
1662 1124 1762 1159 ejectus

983 1171 1076 1199 fuisset
1088 1179 1102 1198 a
1116 1172 1201 1199 beatae
1211 1171 1347 1199 memorite
1359 1171 1512 1199 Alexandro
1527 1170 1664 1206 episcopo.
1678 1170 1761 1197 Euse-

982 1216 1043 1244 bius
1062 1225 1123 1244 cum
1139 1217 1195 1244 suis
1212 1217 1257 1252 qui
1272 1218 1330 1252 ejus
1346 1217 1492 1252 impietatis
1507 1215 1629 1252 discipuli
1646 1220 1675 1243 et
1695 1223 1757 1250 par-

983 1262 1076 1297 ticipes
1098 1267 1190 1296 erant,
1216 1270 1245 1290 se
1266 1263 1367 1297 eiectos
1385 1263 1469 1290 fuisse
1484 1263 1659 1294 arbitrantes,
1675 1261 1758 1288 multa

982 1310 1124 1344 scripsere,
1139 1309 1237 1344 quibus
1253 1309 1435 1337 Alexandrum
1450 1309 1606 1344 episcopum
1624 1313 1758 1344 rogarent,

982 1360 1016 1380 ne
1034 1353 1191 1382 haereticum
1212 1354 1307 1381 Arium
1325 1359 1401 1382 extra
1416 1353 1564 1382 Ecclesium
1585 1353 1758 1388 relinqueret.

980 1397 1134 1426 Alexandro
1147 1405 1249 1432 autem,
1262 1400 1297 1426 ob
1312 1407 1389 1426 suam
1407 1400 1434 1427 in
1455 1399 1594 1428 Christum
1619 1399 1758 1434 pietatem,

981 1444 1091 1480 impium
1106 1445 1178 1472 illum
1200 1453 1252 1472 non
1278 1445 1433 1480 recipiente,
1453 1445 1602 1473 Athanasio
1617 1450 1681 1473 tunc
1701 1445 1759 1472 dia-

981 1496 1050 1517 cono
1059 1489 1254 1517 succeusebant
1267 1500 1274 1517 ι
1288 1491 1359 1524 quod
1371 1490 1479 1517 curiose
1489 1490 1658 1518 seiscitantes
1671 1489 1757 1524 ipsum

981 1534 1197 1569 frequentissime
1213 1542 1273 1561 cum
1291 1534 1444 1562 Alexandro
1464 1535 1584 1566 versari,
1599 1539 1628 1562 et
1646 1535 1681 1562 ab
1700 1534 1757 1570 ipso

980 1584 1006 1611 in
1018 1584 1107 1618 pretio
1123 1583 1215 1611 haberi
1235 1583 1407 1610 audivissent.
1423 1582 1489 1610 Cum
1505 1587 1594 1610 autem
1610 1589 1642 1609 ex
1656 1583 1688 1609 iis
1698 1590 1757 1617 qua:

978 1628 1005 1656 in
1035 1629 1137 1664 synodo
1156 1628 1261 1655 Nicazna
1278 1633 1372 1655 contra
1392 1622 1616 1655 Ariomanitarum
1632 1627 1757 1662 impieta-

979 1677 1031 1700 tem
1044 1673 1208 1701 conlidenter
1227 1673 1329 1700 locutus
1350 1677 1399 1705 est,
1413 1672 1472 1707 ejus
1495 1672 1522 1699 in
1542 1672 1678 1700 Christum
1700 1673 1757 1708 pie-

977 1723 1058 1746 tatem
1076 1723 1165 1746 essent
1182 1718 1295 1754 experti,
1321 1718 1348 1746 in
1371 1718 1458 1752 majus
1478 1719 1568 1746 odium
1584 1724 1754 1746 exarserunt.

979 1764 1029 1792 Ubi
1053 1771 1115 1791 vero
1131 1765 1164 1792 ad
1188 1765 1369 1799 episcopatum
1398 1764 1471 1791 illum
1499 1764 1629 1792 Dominus
1653 1765 1755 1796 evexit,

976 1817 1056 1844 quam
1067 1809 1168 1844 jamdiu
1185 1809 1311 1837 fovebant
1323 1809 1451 1837 malitiam
1465 1810 1553 1837 denuo
1565 1810 1754 1842 accendentes,

977 1860 1076 1883 rectam
1094 1855 1152 1890 ejus
1178 1856 1339 1889 doctrinam,
1361 1863 1465 1883 necnon
1481 1856 1539 1890 ejus
1559 1856 1688 1884 adversus
1704 1858 1755 1884 lm-

976 1900 1102 1935 pietatem
1117 1900 1258 1928 resistendi
1272 1901 1388 1928 animum
1407 1901 1485 1928 veriti
1501 1901 1686 1937 (maximeque
1705 1902 1756 1929 Eu-

975 1946 1087 1974 sebiusa
1102 1947 1266 1974 conscientia
1283 1954 1370 1974 rerum
1384 1954 1451 1982 quas
1463 1952 1575 1975 noverat
1586 1949 1751 1984 perculsus),

975 1993 1099 2020 omnibus
1112 1993 1197 2020 modis
1210 1993 1268 2021 viro
1277 1993 1396 2022 insidiati
1412 1999 1485 2027 sunt,
1501 1999 1528 2022 et
1542 1996 1672 2022 adversus
1680 1995 1752 2022 illum

975 2038 1163 2075 conspirarunt
1178 2047 1185 2072 ;
1210 2039 1399 2075 imperatorem
1419 2048 1525 2075 quoque
1539 2041 1564 2068 in
1581 2041 1653 2068 illum
1667 2043 1754 2069 conci-

974 2090 1078 2117 tarunt,
1100 2093 1132 2114 ac
1143 2087 1259 2122 synodos
1270 2086 1425 2121 plerumque
1434 2094 1464 2114 se
1478 2093 1617 2114 coacturos
1631 2087 1752 2114 intermi-

974 2132 1042 2164 nati,
1060 2132 1167 2159 demum
1188 2133 1251 2168 'l‘yri
1264 2140 1425 2167 convenere,
1441 2138 1469 2160 et
1483 2134 1612 2161 hactenus
1624 2134 1753 2162 adversus

975 2182 1035 2202 eum
1052 2176 1172 2204 scribere
1188 2185 1240 2204 non
1258 2178 1393 2204 desinunt.
1412 2179 1499 2212 Atque
1516 2178 1553 2205 ita
1570 2178 1752 2212 implacabiles

140 2223 210 2249 είσὶν
226 2222 417 2258 ἀπαραίτητοι,
434 2223 471 2254 ὡς
488 2222 534 2248 καὶ
547 2220 596 2256 τὴν
610 2221 776 2248 κατάστασιν
792 2222 842 2256 τῆς
865 2223 924 2249 ἐπι-

980 2225 1048 2253 sunt,
1072 2225 1100 2249 ut
1117 2221 1175 2256 ejus
1198 2223 1279 2249 etiam
1303 2223 1329 2250 in
1354 2223 1534 2256 episcopatum
1556 2223 1750 2257 promotionem

140 2267 244 2303 σκοπῆς
254 2267 335 2294 αὐτοῦ
357 2267 510 2303 μέμφεσθαι
529 2266 594 2302 (92),
606 2266 743 2302 πανταχοῦ
755 2267 922 2300 δεικνύοντες

139 2312 252 2344 ἑαυτοὺς
280 2311 403 2347 ἐχθροὺς,
430 2311 479 2338 καὶ⁷
514 2310 658 2346 μισοῦντας
687 2311 733 2338 τὸν
755 2311 849 2347 ἄνδρα,
875 2313 921 2339 καὶ

138 2358 221 2394 ψευδῆ
249 2358 381 2392 λέγοντες,
411 2357 490 2393 μόνον
502 2356 546 2383 ῐνα
574 2356 773 2391 ἐκφαυλίσωσιν
789 2357 868 2383 αὑτὸν
892 2358 921 2384 ἐν

137 2405 198 2436 ταῖς
220 2404 415 2439 ψευδολογίαις.
434 2402 514 2430 Ἀλλὰ
535 2403 581 2429 καὶ
599 2402 627 2435 ἐξ
643 2402 731 2429 αὐτῶν
758 2402 860 2430 τούτων
882 2400 920 2430 ὧν

137 2449 290 2484 ψεύδονται,
298 2449 332 2477 τὰ
341 2450 460 2485 πρότερα
469 2448 633 2483 διελέγχουσι
641 2447 724 2483 ψευδῆ
731 2448 776 2475 καὶ
787 2449 919 2484 συσκευῆς

139 2495 235 2530 μεστά.
250 2494 330 2522 Μετὰ
340 2495 395 2529 γὰρ
412 2494 470 2528 τὴν
482 2493 637 2527 τελευτὴν,
655 2494 736 2528 φασὶν
744 2493 919 2530 (95),Ἀλεξ-

138 2539 249 2574 cirde
260 2541 312 2567 τοῦ
325 2541 504 2572 ἐπισκόπου,
514 2541 622 2576 ὀλίγων
637 2538 726 2566 τινῶν
741 2540 918 2567 Ἀθανασὶου

134 2585 257 2620 μνήμην
271 2585 464 2620 ποιουμένων,
475 2585 534 2620 ἐξῆ
550 2585 623 2612 ἑπτὰ
640 2584 812 2612 ἐπισκόπων
824 2585 920 2619 λάθρα

173 2681 227 2718 (87)
239 2680 306 2718 Beg.
317 2701 325 2712 ,
344 2681 463 2718 ἐπάρχου
476 2681 525 2717 τῆς
540 2681 687 2718 Αίγύπτου.

172 2716 227 2750 (88)
239 2716 266 2742 ln
283 2724 365 2751 grave
377 2716 495 2745 historia:
511 2717 699 2745 ecclesiasticae
713 2716 914 2748 detrimentum,

135 2756 306 2778 monumenta
322 2752 365 2779 hic
382 2757 530 2779 memorata
545 2751 680 2778 excidere.

181 2785 226 2819 89)
253 2785 297 2812 Sic
318 2786 384 2820 Reg.
400 2791 427 2813 et
445 2787 525 2815 Basil.
538 2796 546 2820 ;
560 2787 624 2814 editi
640 2793 702 2813 vero
714 2805 722 2817 ,
738 2785 912 2821 κηρύττουσι.

180 2821 225 2856 90)
244 2821 360 2848 Νικαιαν
372 2821 411 2848 sic
422 2826 533 2849 accentu
550 2822 576 2848 in
595 2822 680 2856 prima
695 2821 760 2856 Reg.
773 2825 801 2848 et
829 2820 912 2848 Basil.

135 2855 206 2884 Editi
216 2855 300 2887 νει-ο,
313 2855 441 2882 Νικαίαν.

293 2903 431 2933 ΡΛτιιοι..
455 2903 512 2933 Gtt.
537 2904 594 2934 XX
602 2903 637 2932 Υ.

253 2785 297 2812 Sic
318 2786 384 2820 Reg.
400 2791 427 2813 et
445 2787 525 2815 Basil.
538 2796 546 2820 ;
560 2787 624 2814 editi
640 2793 702 2813 vero
714 2805 722 2817 ,
738 2785 913 2821 κηρύττουσι.
969 2792 989 2818 μ

974 2267 1184 2300 reprehendant,
1210 2275 1242 2295 ac
1257 2274 1317 2295 sese
1332 2268 1449 2302 undique
1461 2268 1519 2294 viro
1536 2267 1659 2295 inimicos
1671 2271 1699 2295 et
1711 2268 1751 2295 in-

973 2313 1064 2340 fensus
1079 2312 1239 2345 exhibeant;
1252 2319 1285 2339 eo
1298 2311 1384 2339 solum
1402 2312 1540 2340 mendacia
1560 2311 1710 2346 loquentes,
1723 2318 1750 2340 ut

972 2366 1033 2386 eum
1054 2359 1111 2386 suis
1126 2358 1269 2386 calumniis
1285 2357 1412 2385 infamem
1433 2358 1556 2386 reddant.
1580 2358 1634 2386 Sed
1651 2366 1684 2386 ex
1707 2359 1750 2386 his

973 2405 1039 2440 ipsis
1053 2404 1109 2432 suis
1124 2404 1281 2435 mendaciis,
1298 2404 1386 2438 priora
1401 2403 1445 2431 illa
1458 2403 1525 2431 falsa
1543 2408 1624 2439 atque
1643 2404 1749 2438 conspi-

972 2449 1102 2476 rationem
1128 2455 1188 2475 esse
1208 2448 1451 2480 deprehenduntur.
1472 2448 1553 2474 Aiunt
1569 2448 1640 2475 enim
1665 2447 1750 2476 :Poat

972 2494 1071 2521 obitum
1081 2493 1224 2520 Alexandri
1237 2493 1359 2527 episcopi,
1375 2500 1434 2519 cum
1446 2493 1524 2527 pauci
1541 2493 1647 2528 quidam
1666 2494 1750 2522 Atha-

973 2539 1041 2565 nasii
1059 2539 1213 2564 mentionem
1234 2537 1367 2572 facerent,
1384 2546 1430 2565 ua:
1449 2543 1493 2565 aut
1509 2543 1603 2572 septem
1624 2539 1748 2574 episcopi,

971 2583 1039 2611 clum
1054 2587 1078 2610 et
1097 2582 1122 2610 in
1139 2583 1246 2609 obscuro
1264 2581 1321 2609 loco
1342 2583 1427 2617 ipsum
1446 2582 1611 2610 ordinarunt.
1632 2583 1695 2611 llzec
1711 2585 1749 2611 illi

1005 2678 1059 2713 (9|)
1076 2677 1153 2712 Κείς..
1168 2677 1196 2703 δὲ
1218 2676 1351 2713 καὶᾼκατὰ
1366 2676 1459 2713 πλεῖον
1470 2676 1533 2704 ὑπό.
1558 2675 1650 2713 Ba_sil.,
1663 2676 1694 2713 δε
1703 2677 1749 2703 καὶ

969 2710 1058 2741 πλεῖον
1072 2710 1133 2739 ἀπό.
1151 2712 1209 2739 Mox
1223 2713 1249 2739 in
1263 2711 1358 2745 Busil.,
1376 2712 1414 2744 ὡς
1425 2710 1480 2738 οἶδε
1494 2714 1579 2738 deest.
1593 2711 1659 2739 Ibid.
1679 2711 1745 2746 Reg.

968 2754 995 2776 et
1009 2748 1088 2775 Basil.
1102 2755 1168 2782 quos
1185 2747 1333 2780 sequimur,
1349 2747 1544 2782 πληττόμενος,
1553 2747 1616 2774 editi
1635 2746 1748 2774 πλαττό-

1076 2817 1138 2845 llaec
1152 2818 1213 2845 item
1226 2819 1295 2853 apud
1310 2817 1460 2853 Socratem,
1473 2817 1491 2844 l.
1507 2825 1528 2850 ι,
1542 2825 1567 2845 c.
1581 2815 1625 2846 25.

1006 2849 1061 2880 i93l
1081 2853 1126 2880 Sic
1144 2853 1208 2888 ltcg.
1227 2849 1296 2881 Euiti
1312 2860 1375 2881 vero
1392 2852 1484 2887 φησίν.

1571 2901 1590 2931 9
