2031 3048
276 155 328 183 239
467 151 471 155 ⁴
556 152 586 180 S.
604 151 787 179 ATHANASII
807 149 881 178 ΟΡΡ.
903 148 993 176 PARS
1012 148 1032 174 1.
1053 162 1086 167 -

277 212 483 248 imperatoribus
506 211 568 245 ipsis
594 210 774 243 rescripsere,
799 209 844 243 qui
862 208 960 235 nullum
982 214 1055 233 men-
1070 208 1091 235 Α

278 257 347 285 dacii
365 263 448 291 genus
462 255 578 282 scribere
593 258 732 281 recusant.
752 253 805 279 Nos
819 257 908 279 autem
922 259 983 278 cum
999 255 1053 276 tota

279 303 398 333 civitate,
416 305 443 328 et
462 300 586 327 universa
602 299 740 334 provincia
756 303 837 325 testes
855 304 960 328 sumus,
973 299 1054 322 totam

281 345 476 373 multitudinem
493 351 653 378 omnemque
672 343 812 369 catholicae
829 341 955 368 Ecclesia:
972 347 1056 374 popu-

281 392 347 423 lum,
360 393 437 425 quasi
454 397 508 417 uno
525 397 646 424 corpore,
669 389 746 423 102
766 395 817 415 uno
839 387 928 414 animo
944 393 1056 420 congre-

281 442 380 472 gatum.
393 436 567 467 ettclamasse,
580 436 753 462 vociferatum
763 441 832 465 esse,
843 441 874 460 ac
883 431 1056 459 Athanasium

282 489 336 509 suae
350 481 476 508 Ecclesia:
492 482 644 515 episcopum
660 481 778 515 petiisse.
795 479 850 506 lloc
862 478 976 513 publicis
989 478 1057 505 votis

281 527 417 554 Christum
442 527 572 561 rogabant
591 535 598 552 :
615 526 665 553 hoc
686 533 734 552 nos
756 526 849 552 diebus
879 523 1058 557 noctibusque

281 573 403 608 plurimis
418 572 506 599 facere
524 572 693 606 adjurabant,
707 578 758 598 nec
776 571 825 604 ipsi
839 569 951 597 ecclesia
971 569 1057 596 disce—

280 619 384 650 dentes,
401 625 449 645 nec
464 625 512 644 nos
522 617 597 645 abire
612 618 809 652 permittentes.
822 616 860 642 Ac
874 615 940 642 nihil
950 615 1057 649 quidem

282 664 343 691 ntali
360 664 404 697 (ut
422 664 465 690 isti
482 663 642 697 scripsere),
663 663 696 689 de
720 661 766 688 illo
789 661 962 696 proferebant
985 670 990 686 :
1011 660 1059 687 sed

281 709 380 744 optima
392 715 503 743 quaeque
520 707 705 741 praedicantes,
727 707 851 740 probum,
875 705 957 740 pium,
981 704 1056 732 Citri-

282 755 411 786 stianum,
424 761 457 781 ex
469 753 567 779 ascetis
580 759 662 779 unum
673 759 704 778 ac
728 759 819 778 verum
831 751 984 786 episcopum
996 758 1061 777 nuu-

284 801 425 834 cupabaut.
441 799 514 832 Quod
538 803 627 825 autent
647 804 679 824 ex
701 798 777 824 nobis
791 796 982 831 quamplurimi
1011 796 1060 822 sub

283 845 402 872 onmium
424 850 568 878 conspectu
588 847 614 869 et
634 842 758 869 omnibus
783 850 836 876 prae
860 841 956 876 gaudio
975 840 1061 867 accla-

285 892 420 919 mantibus
440 891 526 924 ipsum
549 889 718 920 ordinarint;
738 896 787 915 nos
801 892 882 916 testes
896 894 1000 918 sumus.
1014 887 1059 921 qui

284 937 477 969 ordinavimus,
493 941 521 964 et
543 935 594 963 ﬁde
615 935 723 970 quidem
739 934 876 969 digniores
889 934 922 961 iis
935 933 982 967 qui
999 938 1061 960 tunc

288 983 402 1010 aberant
415 986 441 1010 et
452 982 508 1016 jam
523 981 584 1008 talia
600 981 774 1008 mentiuntur.
792 979 981 1007 Verumtamen
1006 978 1060 1006 Eu-

285 1029 374 1056 sebius
390 1029 531 1056 Athanasii
555 1027 753 1055 ordinationem
781 1026 962 1061 reprehendit,
981 1025 1062 1052 homo

285 1075 331 1110 qui
348 1081 483 1108 nunquam
499 1073 569 1101 forte
581 1074 638 1108 ipse
650 1073 790 1100 ordinatus
807 1077 849 1099 est
864 1081 870 1099 :
889 1073 959 1106 quod
972 1073 995 1099 si
1013 1079 1062 1098 un-

286 1127 366 1153 quam
383 1118 473 1151 fuerit,
489 1119 546 1153 ipse
561 1118 756 1145 ordinationem
773 1125 850 1145 suam
863 1117 967 1144 irritam
987 1116 1060 1144 fecit.

1076 873 1097 900 Β

287 1163 376 1198 Beryti
399 1164 471 1191 enim
497 1163 529 1190 ab
554 1163 630 1190 initio
651 1163 791 1198 episcopus
819 1162 867 1189 fuit
890 1162 1061 1196 :relictaque

287 1207 384 1243 Beryto
411 1207 593 1234 Nicomediam
616 1215 646 1234 se
674 1207 811 1234 transtulit
834 1216 840 1234 :
859 1206 931 1233 illam
954 1205 1061 1240 quidem

286 1258 379 1281 contra
394 1252 478 1288 legem
488 1253 637 1285 dimittens,
651 1253 728 1280 istam
745 1253 806 1280 item
819 1257 913 1279 contra
925 1251 1009 1286 legem
1021 1250 1063 1278 in-

285 1298 387 1325 vadens
404 1307 411 1325 :
426 1304 453 1325 et
466 1305 526 1325 cum
539 1305 626 1330 suam,
638 1305 718 1333 quam
730 1298 881 1325 nullatenus
891 1298 1001 1329 amavit,
1019 1305 1062 1326 re—

286 1343 406 1378 liquerit,
432 1343 545 1370 alienam
569 1343 642 1370 nullo
662 1344 723 1377 jure
743 1347 857 1377 occupat
879 1350 934 1370 :ac
964 1342 1063 1377 prioris

286 1389 392 1424 quidem
409 1396 526 1416 amorem
544 1396 598 1423 pra:
612 1389 713 1423 _aliena:
727 1389 860 1416 desiderio
875 1389 1039 1423 contempsit
1054 1397 1062 1415 :

287 1442 337 1462 nec
353 1439 440 1461 tamen
453 1434 597 1462 secundam
613 1441 693 1468 quam
715 1438 788 1460 tanta
814 1434 943 1460 aviditate
959 1433 1064 1460 invase-

288 1486 340 1512 rat,
364 1480 482 1508 retinuit.
504 1480 573 1507 Ecce
593 1480 664 1507 enim
691 1479 762 1506 illinc
782 1486 890 1513 quoque
912 1479 1064 1512 discedens,

287 1527 402 1553 alienam
415 1534 506 1554 rursus
519 1530 643 1560 occupat.
671 1525 775 1558 Ubique
795 1525 865 1552 enim
878 1524 972 1551 alienis
993 1523 1066 1551 urbi-

288 1573 338 1600 bus
361 1572 515 1607 cupiditatis
534 1571 628 1599 oculos
650 1571 751 1606 adjicit,
775 1576 850 1598 ratus
874 1570 1013 1605 inopibus
1039 1574 1066 1597 et

290 1619 466 1654 amplitudine
485 1618 590 1645 urbium
615 1618 740 1652 pietatem
770 1624 830 1644 esse
851 1618 942 1648 sitam,
968 1617 1066 1650 Deique

290 1670 389 1692 sortem
404 1664 431 1691 in
445 1671 497 1698 qua
511 1662 643 1697 quispiam
655 1662 817 1689 constitutus
830 1665 882 1693 est,
896 1661 971 1688 nihili
983 1660 1063 1688 facit:

291 1712 420 1747 ignorans
436 1710 512 1744 illud,
524 1709 569 1736 ubi
585 1710 637 1736 duo
655 1708 694 1735 vel
713 1713 766 1735 tres
780 1708 934 1742 congregati
953 1712 1018 1735 sunt
1037 1707 1065 1734 in

291 1758 401 1785 nomine
412 1755 528 1787 Domini,
539 1754 591 1782 illic
599 1761 660 1782 esse
673 1753 815 1780 Dominum
827 1753 852 1780 in
864 1753 952 1780 medio
963 1760 1067 1780 eorum.

290 1803 346 1831 Nec
358 1809 448 1830 secum
467 1805 573 1836 reputat
593 1801 664 1834 quod
685 1800 719 1826 ab
740 1798 871 1834 Apostolo
891 1799 991 1826 dictum
1015 1803 1065 1830 est,

292 1849 354 1876 Non
376 1849 404 1875 in
420 1847 512 1875 alienis
536 1846 666 1873 laboribus
686 1845 817 1880 gloriabor
830 1845 850 1860 τι
876 1853 882 1870 :
908 1851 994 1878 neque
1013 1844 1070 1871 ani-

293 1894 436 1921 madvertit
453 1892 511 1926 ejus
531 1897 691 1926 praeceptum
708 1899 716 1918 :
733 1890 861 1925 Alligatus
877 1897 903 1916 es
918 1890 1003 1921 uxori,
1018 1889 1070 1915 noli

291 1946 407 1974 qutcrere
440 1938 594 1965 solutionem
617 1936 650 1962 τί.
687 1935 762 1968 Quod
793 1935 815 1963 si
849 1935 899 1962 hoc
924 1935 957 1962 de
987 1941 1071 1961 uxore

294 1984 396 2012 dictum
421 1988 482 2016 est,
509 1987 610 2017 quanto
639 1981 725 2014 magis
756 1980 789 2007 de
820 1979 959 2012 Ecclesia,
985 1984 1013 2006 et
1039 1979 1071 2006 de

295 2029 355 2063 ipso
386 2028 563 2063 episcopatu,
588 2025 629 2052 cui
660 2025 783 2059 alligatus
811 2024 962 2059 quispiam,
989 2024 1070 2050 alium

293 2080 417 2109 quaerere
430 2080 482 2101 nou
500 2072 588 2104 debet,
602 2078 635 2098 ne
645 2070 750 2098 adulter
762 2078 795 2098 ex
809 2070 893 2098 sacris
904 2069 1011 2097 Litteris
1024 2069 1072 2097 de-

294 2121 486 2157 prehendatur.

328 2169 356 2195 7.
377 2167 477 2195 Horum
500 2165 550 2194 sibi
572 2163 696 2193 conscius
710 2171 771 2191 cum
789 2168 869 2195 esset,
898 2163 1072 2190 nihilominus

1106 144 1292 173 HISTORICA
1310 143 1354 171 ET
1376 141 1582 170 DOGMATICA.
1832 137 1885 166 260

1107 204 1154 230 καὶ
1171 204 1206 230 ἐν
1229 203 1407 236 παραϐύστῳ
1430 198 1653 234 χειροτονοῦσιν
1671 197 1774 224 αὐτόν,
1796 194 1887 222 Ταῦτα

1105 248 1226 284 ετραψαν
1243 248 1289 274 καὶ
1316 245 1480 282 βασιλεῦσιν,
1498 246 1522 271 οἱ
1550 243 1632 279 μηδὲν
1655 243 1749 277 ψευδὲς
1773 241 1888 277 γράφειν

1106 293 1326 330 παραιτούμενοι.
1342 293 1403 318 Ὅτι
1419 292 1447 317 δὲ
1470 290 1523 316 πᾶν
1538 289 1569 315 τὸ
1588 288 1698 324 πλῆθος,
1727 287 1773 314 καὶ
1798 287 1852 318 πᾶς
1875 287 1889 312 ὁ

1105 341 1170 372 λαὸς
1200 341 1248 375 τῆς
1277 337 1423 372 καθολιιῆς
1455 334 1625 370 Ἐκκλησίας,
1649 334 1743 368 ὥσπερ
1761 334 1794 359 ὲκ
1826 333 1890 367 μιᾶς

1105 387 1192 421 ψυχῆς
1206 386 1252 412 καὶ
1265 385 1388 419 σώματος
1394 381 1611 417 συνεληλυθότες,
1621 380 1749 410 ἀνεϐόων,
1764 378 1889 414 ἔκραζον,

1106 432 1243 462 αἰτοῦντες
1264 430 1420 457 Ἀθανάσιον
1436 429 1583 454 {ruinosae
1592 428 1625 462 τῇ
1642 424 1796 460 Ἐκκλησία.
1807 423 1891 450 Τοῦτο

1106 478 1220 513 ηῠχοντο
1236 475 1352 511 δημοσίᾳ
1359 475 1397 510 τῷ
1410 474 1530 510 Χριστῷ,
1540 473 1587 500 καὶ
1601 471 1680 498 τοῦτο
1690 471 1764 506 ἡμᾶς
1775 468 1890 505 ὧρκιζον

1108 525 1192 550 ποιεῖν
1217 523 1262 549 ὲπὶ
1284 521 1411 552 πλείστας
1426 520 1531 555 ἡμέρας
1541 519 1586 545 καὶ
1601 517 1710 548 νύκτας.
1729 517 1796 550 μήτε
1815 514 1891 541 αὐτοὶ

1107 569 1157 603 τῆς
1178 567 1338 601 Ἐκκλησίας
1352 565 1542 600 ἀφιστάμενοι,
1560 564 1628 598 μήτε
1646 562 1720 597 ἡμᾶς
1731 559 1889 596 ἐπιτρέπον-

1107 622 1152 645 τες
1167 611 1330 647 ἀφίστασθαι
1348 611 1452 637 τούτου.
1466 610 1523 636 Καὶ
1538 610 1618 644 ἡμεῖς
1637 608 1772 643 μάρτυρες
1787 605 1890 636 τούτου,

1109 660 1156 686 καὶ
1169 660 1185 693 ή
1203 658 1278 689 πόλις
1295 658 1378 689 πᾶσα,
1400 656 1447 683 καὶ
1477 656 1494 690 ἡ
1515 654 1640 690 ἐπαρχία·
1656 653 1731 680 οὐδὲν
1752 653 1799 687 μὲν
1814 652 1891 677 ἐναν-

1109 705 1174 736 τίον,
1188 703 1225 734 ὡς
1239 702 1359 738 ἔγραψαν
1375 702 1482 732 ὲιιείνοι,
1495 701 1553 727 κατ’
1567 699 1648 726 αὺτοῦ
1659 698 1791 732 λέγοντες·
1804 696 1893 723 πάντα

1109 751 1137 777 δὲ
1153 750 1187 777 τὰ
1206 750 1340 784 βέλτιστα,
1361 747 1512 778 σπουδαῖον,
1528 745 1640 780 εὐλαϐῆ,
1664 742 1823 780 Χριστιανὸν
1845 742 1895 768 ἕνα

1110 796 1163 822 τῶν
1185 795 1311 830 ἀσκητῶν
1329 794 1395 829 (94),
1416 792 1522 828 ἀληθῶς
1543 791 1690 817 ἐπίσκοπον
1705 789 1893 824 ὀνομάζοντες.

1112 843 1172 868 Ὅτι
1187 842 1215 868 δὲ
1238 842 1263 867 ot
1278 840 1398 871 πλείονες
1419 838 1498 874 ἡμῶν
1512 838 1591 864 αὐτὸν
1613 835 1816 872 ἐχειροτόνησαν
1841 834 1894 861 ὑπὸ

1110 889 1169 919 ταῖς
1183 886 1236 912 τῶν
1251 886 1358 912 πάντων
1382 884 1458 920 ὕψεσι
1479 884 1526 910 καὶ
1548 882 1631 918 βθαῖς,
1649 881 1784 917 μάρτυρες
1814 879 1894 907 πάλιν

1111 934 1189 969 ἡμεῖς
1205 932 1416 966 ἀξιοπιστότεροι
1433 931 1485 957 τῶν
1494 930 1615 957 ἀπόντων
1627 929 1672 956 καὶ
1682 926 1894 963 ψευὼμένωνφὶ

1111 978 1357 1014 χειροτονήσαντες.
1366 977 1435 1003 Ἀλλ’
1445 977 1518 1012 ὅμως
1529 975 1658 1006 Εὐσέϐιος
1669 974 1717 1009 τὴν
1730 973 1895 1000 κατάστασιν

1117 1024 1272 1051 Ἀθανασίου
1290 1024 1436 1059 μέμφεται,
1452 1023 1594 1058 ἄνθρωπος
1601 1022 1670 1056 τάχα
1686 1020 1751 1055 μηδὲ
1761 1018 1895 1046 κατάστα-

1112 1080 1153 1097 σιν
1172 1071 1240 1102 ὅλως
1254 1069 1387 1106 ἐσχηκώς·
1403 1070 1427 1096 εί
1440 1069 1468 1095 δέ
1488 1077 1538 1095 που
1554 1069 1601 1095 καὶ
1625 1068 1712 1102 ἔσχεν,
1728 1066 1808 1096 αὐτὸς
1830 1066 1895 1092 ἀκυ-

1112 1116 1201 1152 ρώσας
1214 1116 1307 1150 αὑτήν·
1321 1117 1349 1142 ὲν
1358 1114 1472 1151 Βηρυτῷ
1489 1114 1538 1150 μὲν
1552 1112 1586 1149 ἦν
1602 1113 1647 1140 ἀπ’
1665 1112 1761 1147 ἀρχῆς,
1775 1110 1895 1146 Βηρυτὸν

1110 1163 1139 1190 δὲ
1151 1164 1239 1197 ἀφεὶς,
1257 1163 1296 1194 είς
1308 1161 1489 1196 Νικομήδειαν
1499 1158 1575 1195 ἦλθε,
1587 1158 1636 1194 τὴν
1655 1158 1702 1193 μὲν
1720 1156 1794 1192 παρὰ
1814 1156 1896 1191 νόμον

1112 1211 1200 1245 ἀφεὶς,
1218 1211 1258 1241 είς
1272 1210 1305 1245 ἢν
1319 1209 1347 1235 δὲ
1361 1207 1437 1244 παρὰ
1449 1207 1529 1241 νόμον
1546 1203 1701 1231 ὲπιὸαίνωνο
1719 1202 1765 1229 καὶ
1783 1201 1832 1236 τὴν
1848 1201 1896 1236 μὲν

1111 1257 1212 1283 οἰκείαν
1226 1255 1366 1290 ἀστόργως
1397 1250 1608 1282 καταλελοιπὼς,
1634 1249 1682 1284 τὴν
1702 1249 1730 1275 δὲ
1755 1247 1896 1282 ἀλλοτρίαν

1112 1303 1215 1336 ἀλόγως
1241 1301 1373 1335 κατέχων·
1391 1299 1437 1326 καὶ
1460 1298 1508 1333 τῆς
1529 1297 1578 1333 μὶν
1592 1295 1701 1331 πρώτης
1717 1294 1766 1330 ¹τὴν
1781 1292 1896 1328 στοργὴν

1113 1349 1164 1376 ὑπὸ
1179 1348 1228 1383 τῆς
1240 1346 1382 1382 ἀλλοτρίας
1403 1344 1549 1379 ἐπιθυμίας
1570 1341 1700 1378 παριδὼν,
1713 1341 1746 1375 τῇ
1765 1339 1793 1366 δὲ
1807 1338 1897 1365 δευτέ-

1115 1405 1149 1432 ρᾳ
1162 1395 1226 1430 (95),
1250 1394 1316 1430 μηδὲ
1340 1393 1373 1428 ἢν
1387 1392 1438 1418 ὑπὸ
1459 1392 1508 1426 τῆς
1528 1388 1674 1424 ἐπιθυμίας
1690 1387 1752 1422 ἔσχε
1764 1386 1895 1421 τηρήσας.

1120 1441 1184 1468 Ἰδοὺ
1198 1441 1252 1476 γὰρ
1263 1439 1388 1466 κάκεῖθεν
1404 1437 1524 1469 ἀποστὰς
1535 1435 1675 1471 ἀλλοτρίαν
1684 1434 1763 1461 πάλιν
1778 1432 1896 1468 κατέχει,

1115 1486 1253 1521 πανταχοῦ
1272 1486 1332 1517 ταῖς
1345 1483 1497 1519 ἀλλοτρίαις
1512 1480 1702 1516 ὲποφθαλμιῶν
1720 1479 1822 1510 πόλεσι,
1850 1477 1897 1504 καὶ

1079 1541 1101 1573 C
1116 1534 1144 1559 ὲν
1155 1532 1261 1567 πλούτῳ
1274 1531 1321 1558 καὶ
1334 1531 1362 1557 ὲν
1378 1529 1487 1566 μεγέθει
1506 1527 1608 1554 πόλεων
1625 1525 1742 1561 νομίζων
1756 1522 1824 1551 εἶναι
1848 1523 1898 1558 τὴν

1115 1578 1265 1608 εὺσέδειαν,
1282 1576 1329 1604 καὶ
1352 1576 1397 1603 τὸν
1414 1575 1513 1610 κλῆρον
1527 1573 1573 1600 τοῦ
1588 1572 1666 1604 Θεοῦ,
1681 1571 1741 1598 καθ’
1755 1570 1784 1597 δν
1798 1568 1898 1603 ἐτάχθη

1114 1633 1166 1656 τις,
1195 1623 1276 1659 μηδὲν
1298 1622 1458 1657 ἡγούμενος
1473 1621 1523 1647 οὐκ
1535 1619 1621 1650 εἰδὼς,
1643 1619 1684 1645 ὅτι
1702 1617 1749 1644 καὶ
1765 1617 1830 1644 ὅπου
1851 1615 1899 1642 δύο

1115 1671 1133 1705 ἦ
1146 1671 1220 1705 τρεῖς
1236 1668 1397 1705 συνηγμένοι
1412 1668 1480 1694 εἰσὶν
1494 1666 1540 1693 επ).
1555 1665 1594 1701 τῷ
1605 1665 1715 1700 ὀνόματι
1725 1662 1770 1690 τοῦ
1784 1661 1897 1697 Κυρίου,

1117 1716 1173 1742 ἐκεῖ
1182 1717 1254 1742 ἐστιν
1266 1715 1294 1741 ὲν
1315 1714 1389 1750 μέσῳ
1400 1712 1488 1739 αὐτῶν
1504 1713 1518 1738 ὁ
1533 1711 1643 1746 Κύριος.
1663 1710 1719 1736 Ub:
1732 1706 1899 1742 ὲνθυμούμετ

1117 1770 1161 1792 νος
1178 1761 1208 1787 τὺ
1223 1760 1298 1796 παρὰ
1315 1759 1361 1786 τοῦ
1379 1757 1539 1785 ’Δποστόλου
1558 1757 1660 1792 λεχθὲν,
1676 1756 1716 1782 ὅτι
1731 1754 1787 1781 οὐκ
1798 1751 1899 1787 ὲν(96)

1117 1806 1284 1840 ἀλλοτρίοις
1300 1804 1442 1839 καμάτοις
1461 1802 1658 1837 καυχήσομαι”
1679 1800 1709 1826 οὐ
1731 1797 1848 1834 συνορῶν
1869 1797 1901 1823 τὸ

1119 1851 1182 1886 παρ’
1215 1849 1297 1877 αὐτοῦ
1334 1847 1532 1884 παράγγελμα·
1563 1845 1685 1873 Δέδεσαι
1707 1842 1835 1879 γυναικὶ,
1856 1842 1900 1875 μὴ

1120 1896 1195 1930 (tiret
1218 1896 1318 1922 λύσιν.
1349 1895 1380 1921 Εἰ
1402 1894 1430 1920 δὲ
1447 1894 1492 1920 ἐπὶ
1515 1892 1641 1927 γυναικὸς
1667 1890 1698 1916 τὸ
1719 1889 1809 1925 ῥητὸν,
1826 1888 1902 1922 πόσῳ

1122 1942 1220 1977 μᾶλλον
1230 1942 1275 1968 ἐπὶ
1295 1940 1456 1975 Ἐκκλησίας
1464 1939 1510 1965 καὶ
1523 1938 1571 1972 τῆς
1582 1937 1666 1972 αὐτῆς
1675 1934 1824 1967 ἐπισκοπῆς
1834 1932 1901 1968 (97).

1153 1988 1167 2014 ὁ
1182 1986 1316 2017 συνδεθεὶς
1329 1986 1410 2020 ἄλλην
1428 1985 1479 2012 οὐκ
1500 1983 1600 2018 ὀφείλει
1626 1982 1725 2017 ζητεῖν,
1744 1981 1786 2007 (va
1803 1979 1840 2015 μὴ
1854 1979 1903 2006 καὶ

1123 2032 1213 2068 μοιχὺς
1224 2032 1298 2066 παρὰ
1319 2033 1378 2063 ταῖς
1389 2031 1474 2062 θείαις
1489 2029 1645 2065 εὑρίσκηται
1658 2029 1786 2064 Γραψαϊς.

1158 2171 1183 2197 7.
1199 2171 1278 2198 Ἀλλὰ
1295 2171 1341 2197 καὶ
1365 2170 1476 2197 τοιαῦτα
1489 2167 1577 2203 ἑαυτῷ
1597 2166 1732 2199 συνειδὼς,
1757 2165 1903 2201 τετόλμηκε

295 2221 375 2242 ausus
382 2217 423 2242 est
433 2211 574 2240 Athanasii
585 2209 787 2245 promotioncm,
803 2216 861 2243 qua:
872 2209 940 2236 bono
951 2209 1065 2236 omnium

1123 2216 1171 2252 τὴν
1197 2217 1362 2243 κατάστασιν
1384 2215 1552 2246 Ἀθανασίου,
1569 2213 1619 2249 τὴν
1649 2212 1700 2239 ὺπδ
1727 2212 1835 2239 πάντων
1858 2211 1905 2237 ἐπὶ

295 2259 446 2287 testimonio
455 2256 690 2292 comprobabatur,
699 2255 856 2282 calumniari
867 2263 873 2282 :
884 2262 915 2282 ac
926 2254 1071 2289 depasitio-

294 2313 354 2332 ncm
371 2305 421 2340 ipsi
434 2304 599 2339 exprobrare
614 2310 667 2330 non
684 2307 803 2334 veretur,
814 2309 875 2328 cum
892 2301 949 2336 ipse
966 2300 1073 2335 deposi-

294 2357 338 2379 tus
350 2351 440 2383 fuerit,
451 2358 483 2378 ac
491 2357 523 2377 eo
534 2350 591 2385 ipso
605 2354 700 2377 testem
712 2348 885 2384 depositionis
894 2355 949 2375 sua:
958 2347 1068 2379 habeat,

294 2398 365 2432 quod
378 2397 446 2423 alter
466 2396 524 2430 eius
541 2395 600 2423 loco
617 2395 743 2423 suﬁ'ectus
762 2395 807 2422 sit.
831 2393 970 2427 Quomodo
993 2393 1073 2427 igitur

292 2442 336 2470 vel
347 2443 413 2477 ipse,
438 2442 477 2468 vel
490 2441 654 2475 Theognius,
670 2440 751 2468 alium
767 2441 900 2474 deponere
915 2443 1070 2473 potuerunt,

326 2502 347 2517 ⁷¹
367 2501 387 2528 ll
403 2500 466 2528 Cor.
482 2508 509 2531 Χ,
524 2500 568 2527 15.
605 2499 628 2515 ⁷²
648 2498 658 2525 l
675 2498 737 2526 Cor.
755 2506 803 2532 vn,
816 2497 863 2524 21.
882 2496 884 2499 ’

328 2548 383 2584 (94)
396 2548 435 2575 Eo
450 2548 519 2584 forte
531 2547 660 2573 Albanas.
676 2545 819 2584 vocabant,
836 2545 883 2584 ἕνα
906 2544 960 2584 τῶν
983 2544 1071 2584 duxq-

293 2579 357 2616 τῶν,
377 2583 447 2618 quod
462 2584 483 2610 is
498 2583 522 2618 in
535 2589 627 2609 eremo
643 2589 702 2607 cum
722 2582 838 2606 Antonio
854 2580 928 2618 haud
937 2579 1071 2618 modicum

295 2614 551 2654 temporisspatium
566 2620 749 2654 comitioratus
764 2619 845 2654 esset,
860 2615 930 2649 quod
946 2622 979 2642 ex
994 2614 1074 2642 resti-

296 2650 359 2680 ιιιῑᾶ
370 2655 395 2680 in
412 2650 472 2681 Vita
487 2651 594 2677 Antonii
609 2650 667 2677 loco
682 2650 769 2683 palam
784 2652 845 2677 crit.

331 2689 387 2723 (95)
405 2688 497 2723 Paulo,
512 2686 546 2713 ob
559 2690 675 2723 structas
686 2685 720 2711 ab
736 2684 894 2711 Eusebiunis
911 2683 1071 2723 calumnias,

295 2719 442 2751 Coitstanlii
453 2721 541 2756 jussu,
557 2721 641 2747 solum
662 2725 767 2756 vertere
787 2724 890 2756 coacto.
903 2719 1002 2756 selletn_
1017 2719 1075 2756 ejus

297 2753 537 2784 iuvasitEus'cbius
554 2755 775 2782 Nicomediensis.
801 2754 837 2781 De
864 2761 916 2788 qua
938 2761 966 2780 re
991 2753 1076 2781 fusius

297 2794 323 2819 in
342 2791 457 2825 Epistola
472 2793 503 2817 ad
518 2791 652 2817 solitarius
666 2797 787 2825 agemus:

332 2822 387 2862 (96)
403 2827 463 2862 ῨἙν,
480 2826 556 2862 deest
570 2826 595 2862 in
612 2822 761 2862 _cditi_s_’,‘sed
779 2823 805 2850 in
822 2823 886 2862 Reg.
901 2822 1022 2862 etBasil.
1038 2823 1076 2862 le-

298 2857 489 2898 git‘ur.’_Loctrs
512 2861 551 2888 sic
577 2859 658 2887 habet
672 2859 770 2886 llCor.
792 2866 819 2891 Χ,
836 2858 880 2891 l5,
905 2857 955 2884 οὐκ
974 2858 1014 2889 εἰς
1042 2857 1076 2883 τὰ

1126 2261 1216 2293 καλοῖς
1242 2260 1474 2297 μαρτυρουμένην,
1499 2258 1658 2285 διαϐάλλειν·
1684 2257 1730 2283 καὶ
1748 2256 1905 2292 καθαίρεσιν

1125 2307 1262 2339 ὀνειδίζειν
1284 2306 1357 2342 αὐτῷ
1372 2306 1467 2341 τολμᾷ,
1483 2304 1654 2340 καθαιρεθεὶς
1666 2304 1755 2335 αὐτὸς,
1777 2303 1823 2329 καὶ
1837 2302 1907 2338 μάρ-

1125 2360 1194 2387 τυρα
1215 2352 1264 2386 τῆς
1286 2350 1468 2386 καθαιρέσεως
1492 2349 1562 2384 ἔχων
1582 2348 1631 2384 τὴν
1656 2348 1712 2375 ἀντ’
1741 2347 1823 2374 αὐτοῦ
1849 2346 1906 2382 (98)

1125 2397 1298 2424 κατάστασιν.
1314 2396 1376 2428 Πῶς
1395 2393 1441 2422 οὖν
1456 2395 1473 2430 ἢ
1490 2394 1570 2426 αὐτὸς
1591 2395 1607 2429 ἢ
1634 2395 1759 2428 Θεό-(νιος
1776 2392 1907 2428 ἠδύναντο

1124 2443 1264 2478 καθαιρεῖν
1286 2442 1373 2474 ἄλλον,
1388 2441 1464 2468 αὐτοὶ
1478 2439 1694 2474 καθαιρεθέντες,
1711 2439 1758 2465 καὶ
1773 2440 1833 2470 ταῖς
1848 2439 1907 2464 ἀντ’

1123 2545 1230 2581 ἄμετρα
1242 2541 1455 2581 καυχώμενοιὲν
1463 2541 1613 2581 ᾲλλοτρίοις
1629 2541 1732 2581 ξιόποις,
1746 2540 1832 2567 nonin
1858 2540 1911 2566 im-

1124 2576 1241 2606 niena'um
1253 2576 1394 2614 glofiahtes
1412 2576 1694 2614 ingaliettis'laboribus.

1160 2615 1214 2650 (97)
1231 2608 1275 2650 hic
1291 2613 1375 2650 Basil.
1390 2618 1422 2650 et_
1443 2612 1506 2647 lteg.
1526 2611 1596 2638 Editi
1615 2618 1680 2638 vero
1704 2609 1842 2641 mendose,
1875 2608 1908 2634 ἐκ

1124 2647 1173 2685 τῆξ
1189 2647 1272 2684 αὖτῆς
1290 2647 1452 2685 ἐπισκοπῇς.

1161 2678 1216 2719 (98)
1229 2678 1273 2711 Sic
1291 2683 1354 2719 Irteg.
1371 2678 1448 2719 Editi
1457 2689 1532 2719 vero,
1545 2679 1707 2707 ἀντάὑτῶν.
1723 2678 1854 2719 Prtestarf
1867 2678 1909 2719 vi:

1129 2713 1213 2746 de‘tur'
1229 2718 1303 2752 Regii
1316 2713 1406 2743 Ιὲριὶο.
1429 2717 1504 2743 Httuc
1522 2717 1606 2742 locum
1623 2721 1764 2752 perperam
1781 2713 1911 2752 intellexit

1131 2754 1252 2781 Nannius
1265 2749 1308 2787 qui
1323 2753 1410 2784 vertit,
1427 2751 1510 2784 utqui
1525 2758 1590 2787 siue
1602 2749 1823 2787 exauctorationis
1835 2749 1910 2787 testi-

1131 2789 1248 2815 monium
1272 2782 1296 2813 ct
1318 2782 1509 2821 argumentum,
1527 2786 1555 2812 in
1582 2784 1639 2819 ipsa
1661 2784 1702 2810 sui
1723 2782 1912 2810 constitution:

1131 2823 1258 2850 ostendat.
1273 2821 1328 2850 Nec
1342 2819 1435 2849 titelius
1448 2819 1527 2847 intra.
