2031 3048
166 163 215 192 281

724 161 893 189 APOLOGIA
913 161 1052 189 CONTRA
1074 161 1237 189 ARIANOS.

1724 161 1776 188 262

163 221 253 249 αὐτῶν
269 222 466 248 καταστάσεσιν
477 220 664 256 standumst;
682 220 775 247 oram
793 220 848 256 γὰρ
865 220 945 255 ἀκρι-

996 228 1056 248 cum
1075 220 1123 255 ipsi
1145 220 1259 254 depositi
1274 219 1329 247 sint
1342 227 1348 245 :
1362 223 1392 246 ut
1412 219 1453 246 vel
1467 219 1530 247 hinc
1546 220 1680 255 arguitur,
1706 222 1777 255 quod

164 268 228 300 σῶς,
242 269 283 295 ὅτι
304 267 425 303 Ἀμφίων
441 267 489 303 μέν
506 267 534 293 ἐν
548 266 725 302 Νικομηδείᾳ,
745 265 869 301 Χρηστὸς
893 265 948 303 (99)

163 315 192 341 δέ
204 315 232 341 ἐν
243 313 346 348 Νικαίᾳ.
353 313 556 348 κατεστάθησαν
569 312 625 338 ἀντ’
634 311 723 338 αὐτῶν
735 311 779 338 διὰ
785 310 834 345 τὴν
846 311 950 337 οἰκείαν

163 359 301 390 ἀσέϐειαν,
313 360 358 386 καὶ
369 359 418 394 τὴν
431 357 500 394 πρὸς
511 359 573 390 τοὺς
585 357 790 393 ’Δρειομανίτας
798 356 948 390 κοινωνίαν,

163 404 226 436 τοὺς
240 404 294 430 ἀπὸ
306 403 356 437 τῆς
373 403 480 430 συνωθυ
502 403 551 438 τῆς
577 402 768 437 οἱκουμενικῆς
784 401 950 436 ἀποδοκιμα-

164 450 284 480 σθέντας.
312 448 449 483 Κάκείνην
475 447 522 483 τὴν
551 447 590 483 τῷ
614 447 670 473 δντι
698 446 805 472 σύνοδον
828 446 950 481 ἀναιρεῖν

166 495 299 526 θέλοντες,
312 494 361 528 τὴν
372 493 474 520 ἑαυτῶν
489 492 580 519 ἄδικον
590 491 718 518 σύστασιν
727 490 868 526 ὀνομάζειν
885 491 949 517 σύν-

164 542 224 569 οδον
253 539 431 576 ἐπιχειροῦσι,
449 539 494 565 καὶ
521 538 555 565 τὰ
578 538 642 573 παρ’
659 537 749 571 ἐκείνῃ
781 536 818 572 (1)
841 538 950 572 κρατεῖν

164 587 201 623 μὴ
224 586 354 617 Θέλοντες,
367 585 401 611 τά
418 586 480 620 παρ’
498 583 590 615 αὐτοῖς
604 584 716 619 κρατεῖν
738 582 890 618 βούλονται-
903 582 951 608 καὶ

162 631 270 658 σύνοδον
292 630 471 666 ὀνομάζουσιν
490 629 515 656 oi.
530 629 630 664 συνόδῳ
647 627 795 663 τηλικαύτῃ
812 627 849 663 μὴ
861 627 951 654 πειθό-

163 686 249 713 μενοι.
267 676 358 708 Οὕτως
377 676 407 703 οὐ
432 675 540 702 συνόδου
562 675 599 709 (2)
626 674 848 710 πεφροντίκασιν,
881 672 950 700 ἀλλὰ

162 722 372 759 σχηματίζονται
397 721 558 756 φροντίζειν,
573 721 626 750 ἵνα,
639 720 778 752 ἀνελόντες
793 720 855 751 τοὺς
869 719 948 754 ὀρθο-

161 769 263 802 ὃόξους,
287 767 321 794 τὰ
346 767 459 799 δόξαντα
483 767 516 802 τῇ
549 765 705 801 ἀληθεῖκαὶ
725 764 830 801 μεγάλῃ
848 764 949 799 συνόδῳ

161 815 233 842 κατὰ
247 815 286 848 (3)
302 813 355 839 τῶν
370 812 525 848 ’Δρειανῶν,
552 811 678 838 λύσωσιν·
697 807 733 838 ὧν
756 810 949 846 προϊστάμενοι

162 860 208 887 καὶ
218 860 261 886 ἀεὶ
273 859 320 886 καὶ
336 858 393 888 νῦν,
406 857 551 892 ψεύδεσθαι
564 857 684 892 τολμῶσι
696 856 768 883 κατὰ
789 856 946 883 Ἀθανασίου

999 266 1045 293 alii
1056 273 1149 294 eorum
1164 265 1222 292 loco
1230 265 1283 292 sint
1297 265 1437 292 constituti
1449 265 1460 291 2
1473 265 1559 292 Probe
1567 269 1667 293 etenim
1681 267 1778 300 nostis,

998 311 1174 346 Amphionem
1190 311 1363 344 Nicomedia,
1383 311 1525 340 Chrcstum
1543 311 1637 339 Nicaea:
1659 312 1778 347 ipsorum

999 357 1058 384 loco
1081 356 1165 384 fuisse
1191 356 1344 389 ordinatos,
1367 363 1477 392 propter
1497 364 1590 384 eorum
1613 357 1779 391 impietatem

999 408 1027 429 et
1039 403 1254 430 communionem
1279 410 1341 430 cum
1360 403 1536 430 Ariomanitis
1558 403 1593 430 ab
1612 404 1778 430 ecumenica

999 449 1101 482 synodo
1118 448 1276 483 reprobatis.
1298 448 1372 477 Hanc
1396 457 1487 476 veram
1502 449 1632 484 synodum
1654 450 1715 476 dum
1730 450 1778 476 de—

1003 493 1059 520 lere
1074 494 1194 528 cupiunt.
1213 494 1333 528 iniquum
1359 502 1436 521 suum
1465 500 1623 521 conventum
1647 494 1777 530 synodum

999 545 1095 565 vocare
1111 543 1244 566 conantur
1261 547 1268 565 :
1283 543 1310 565 et
1337 538 1400 565 dum
1424 539 1481 573 ejus
1503 538 1609 566 decreta
1627 539 1703 565 irrita
1720 546 1780 566 esse

998 584 1101 617 volunt,
1116 592 1164 611 sua
1184 585 1310 612 obtinere
1334 585 1462 619 cupiunt;
1484 588 1511 611 et
1535 585 1629 619 synodi
1648 585 1779 612 vocabqu

998 635 1120 662 utuntur,
1139 631 1184 665 qui
1201 635 1282 658 tanta:
1299 631 1402 666 synodo
1421 631 1516 658 nolunt
1529 631 1722 665 obtemperare.
1734 631 1780 658 Sic

998 676 1035 703 illi
1056 677 1186 711 synodum
1202 684 1254 704 non
1269 680 1376 708 curant,
1393 676 1455 703 licet
1470 683 1499 703 se
1512 683 1609 704 curare
1630 676 1777 709 simulent;

998 726 1027 748 ut
1049 721 1206 749 orthodoxis
1224 722 1257 749 de
1273 722 1362 749 medio
1383 721 1506 755 sublatis,
1525 729 1584 756 quae
1606 729 1620 748 a
1638 729 1732 755 magna
1752 727 1778 750 et

997 773 1059 794 vera
1073 767 1175 801 synodo
1189 772 1284 794 contra
1302 767 1418 794 Arianos
1432 771 1531 794 statuta
1549 772 1621 799 sunt,
1638 767 1687 802 ipsi
1703 768 1777 795 irrita

998 813 1100 840 faciant
1114 820 1121 838 :
1135 812 1234 847 quibus
1253 812 1362 840 Arianis
1385 820 1446 839 cum
1470 813 1507 839 illi
1526 817 1553 839 et
1568 820 1682 847 semper,
1706 820 1738 840 ac
1751 813 1777 840 in

997 857 1122 892 praesenti
1137 857 1352 893 patrocinentur,
1368 863 1461 885 contra
1483 857 1658 884 Athanasium
1675 858 1779 892 episco-

161 902 208 930 τοῦ
236 902 396 929 ἐπισκόπου.
425 901 526 936 Ὅμοια
547 899 601 935 γάρ
627 899 740 925 κάκεῖνα
767 899 823 929 τοῖς
846 897 903 929 νῦν,
931 897 946 924 ἃ

999 911 1061 939 pum
1080 903 1188 931 mentiri
1204 903 1271 931 nihil
1284 908 1421 931 verentur.
1438 903 1504 931 Nam
1516 903 1641 938 quaejam
1655 903 1720 931 olim
1740 902 1778 930 illi

161 947 314 982 ψεύδονται,
344 946 384 972 ὃτι
399 945 467 980 πρὸς
481 944 530 978 τὴν
544 943 645 970 εἴσοδον
667 942 748 969 αὐτοῦ
771 942 880 974 στάσεις
900 941 947 968 κα)⁸

161 993 255 1028 θρῆνοι
272 991 319 1019 κα)⁸
345 990 457 1026 ὀδυρμοὶ
481 990 617 1024 γεγόνασι,
647 989 702 1015 τῶν
719 988 792 1015 λαῶν
809 989 874 1024 πρὸς
898 988 947 1023 τὴν

161 1038 293 1073 ὑποδοχὴν
311 1036 391 1064 αὑτοῦ
410 1035 685 1070 δυσανασχετούντων.
702 1033 784 1061 Ούδέν
792 1034 845 1069 γάρ
859 1033 948 1060 τοιοῦ-

159 1095 204 1113 τον
217 1086 338 1120 γέγονεν,
348 1084 416 1110 ἀλλὰ
424 1084 478 1110 πᾶν
488 1082 651 1114 τούναντίον,
670 1081 742 1117 χαρά
759 1081 806 1108 καὶ
819 1080 945 1116 εὐθυμία,

159 1131 206 1158 κει.)⁵
235 1131 333 1166 δρόμος
360 1130 413 1156 τῶν
438 1129 519 1161 λαῶν,
546 1128 613 1164 πρὸς
639 1127 688 1163 τὴν
711 1127 841 1154 εὐκταίαν
863 1126 944 1153 αὑτοῦ

161 1178 224 1205 θέαν
241 1177 278 1212 (4)
296 1176 478 1212 ἐπειγομένων
492 1184 498 1190 -
509 1174 677 1211 εὐφροσύνης
692 1174 720 1200 δέ
736 1174 764 1200 αἱ
787 1173 946 1208 Ἐκκλησίαι

161 1224 269 1260 μεσταὶ,
283 1223 329 1250 καὶ
346 1222 514 1258 εὑχαριστὶαι
527 1221 593 1257 πρὸς
606 1221 652 1248 τὸν
667 1220 768 1255 Κύριον
778 1220 946 1256 ἀναφερόμε-

160 1279 205 1296 ναι
224 1268 371 1303 πανταχοῦ.
400 1268 559 1304 Λειτουογο).
577 1267 606 1293 δὲ
631 1267 678 1293 καὶ
696 1266 821 1302 κληρικοὶ
845 1266 946 1298 πάντες

160 1316 246 1348 οὕτως
263 1315 342 1342 αὐτὸν
354 1314 519 1349 ἑωράκασιν,
532 1313 570 1344 ὼς
582 1312 766 1348 εὐφρανθῆναι
778 1312 827 1343 τὰς
843 1312 942 1348 ψυχὰς,

161 1362 289 1397 κάκείνην
297 1361 345 1395 τὴν
358 1360 464 1396 ἡμέραν
484 1359 577 1386 πασῶν
602 1358 785 1394 εὐθυμοτέραν
799 1358 944 1394 ἐσχηκέναι

160 1407 307 1436 πιστεύειν.
328 1407 383 1442 Τὴν
394 1405 448 1441 γὰρ
463 1404 540 1440 ἡμῶν
553 1404 606 1431 τῶν
626 1404 782 1430 ἐπισκόπων
798 1403 945 1438 ἀνεκλάλη-

162 1463 207 1482 τον
216 1453 301 1490 χαράν
312 1453 338 1479 τί
355 1452 406 1488 χρὴ
425 1451 556 1487 γράφειν;
569 1450 747 1486 προλαϐόντες
758 1450 812 1486 γὰρ
831 1451 943 1486 εἰρήκα-

162 1509 223 1536 μεν,
240 1499 277 1531 ὡς
288 1500 336 1526 σὺν
352 1497 426 1533 αύτῴ
443 1497 555 1532 πάσχειν
565 1496 735 1531 ἐνομίζομεν.

196 1591 224 1618 8.
240 1590 347 1617 Τούτων
359 1589 448 1616 τοίνυν
462 1587 548 1620 οὕτως
564 1587 795 1622 ὁμολογουμένων,
811 1587 857 1613 καὶ
881 1586 944 1622 παρ’

162 1635 250 1663 αὐτῶν
275 1634 401 1666 ἐναντίως
415 1633 638 1670 προφερομένων,
656 1632 735 1660 ποίαν
750 1632 805 1667 ἔχει
820 1632 909 1658 πίστιν
927 1632 944 1667 ἡ

162 1681 226 1716 παρ’
249 1679 337 1707 αὐτῶν
352 1679 520 1715 θρυλουμένη
542 1677 648 1709 σύνοδος
673 1675 690 1712 ἢ
713 1677 816 1713 κρίσις;
840 1678 871 1703 Ol
893 1676 946 1712 γὰρ

160 1726 246 1758 οὕτως
262 1725 409 1752 ἐπιϐαίνειν
425 1724 588 1760 τολμῶντες,
608 1720 648 1755 οἷς
668 1723 718 1750 οὐκ
737 1721 816 1754 εἶδον,
835 1720 875 1754 οἷς
897 1723 946 1750 οὐκ

162 1773 299 1803 ἐδίκασαν.
313 1771 354 1806 ἐφ’
367 1770 406 1806 (5)
432 1768 472 1801 οἷς
492 1770 522 1796 οὐ
544 1769 684 1804 συνῆλθον,
709 1769 757 1795 κα)⁵
772 1768 887 1804 γράφειν
909 1768 946 1799 ὡς

162 1817 423 1854 πληροφορηθέντες,
439 1816 497 1847 πῶς
513 1815 555 1850 ἐφ’
568 1813 608 1846 οἷς
622 1814 827 1850 συνεληλυθέναι
840 1815 946 1848 λέγουσι

163 1863 338 1898 πιστευθῆναι
350 1862 494 1894 δύνανται;
515 1860 583 1887 Ἀλλ’
603 1860 633 1887 οὐ
646 1861 704 1886 κατ’
718 1859 817 1895 ἔχθραν
834 1859 946 1886 κάκεῖνα

161 1909 336 1944 πεποιηκέναι
365 1907 513 1934 καὶταῦτα
543 1906 780 1941 mutationi-mw“;
809 1905 875 1932 Ποία
893 1905 947 1940 γὰρ

162 1956 209 1982 καὶ
226 1955 330 1986 σύνοδος
342 1953 496 1981 ἐπισκόπων
506 1951 539 1988 ἦν
552 1952 611 1978 τότε
622 1960 629 1983 ς
648 1952 723 1978 ποῖον
736 1950 872 1986 συνέδριον
882 1950 947 1986 άλη-

162 2001 236 2032 θείας
251 2001 393 2036 ἐχόμενον;
409 1999 449 2030 τίς
464 1998 518 2025 τῶν
535 1998 664 2024 πλειόνων
679 1998 707 2023 ἐν
723 1996 813 2028 αὐτοῖς
838 1995 887 2023 οὐκ
900 1996 946 2031 ἐχ·

163 2046 226 2083 θρδς
241 2047 371 2082 ἡμέτερος
391 2043 442 2080 ἧν;
459 2045 495 2071 Οὐ
520 2043 563 2070 διὰ
589 2043 637 2079 τὴν
674 2043 776 2078 Ἀρείου
795 2043 892 2077 μανίαν
921 2042 946 2068 οί

153 2093 227 2129 περὶ
243 2092 368 2119 Εὐσέσιον
385 2090 444 2118 καθ’
456 2090 533 2125 ἡμῶν
549 2090 697 2125 ὦρμησανς
713 2089 749 2115 Οὺ
763 2089 825 2120 τοὺς
852 2087 947 2119 ἄλλους

164 2137 381 2174 συμφρονοῦντας
394 2137 484 2168 αὐτοῖς
496 2137 628 2171 ἐπήγοντο
638 2143 645 2168 ;
657 2135 715 2162 Οὐκ
728 2135 772 2162 ἀεὶ
787 2134 845 2161 κατ’
859 2132 946 2160 αὐτῶν

164 2184 318 2219 ἐγράφομεν
344 2183 381 2215 ὡς
395 2183 429 2209 τὰ
448 2182 552 2216 Ἀρείου
566 2180 748 2217 φρονούντων;
774 2179 812 2212 (6)
825 2180 882 2206 οὐκ
894 2179 946 2206 EO-

997 949 1101 976 mentiti
1117 954 1190 981 sunt,
1206 949 1332 983 pruenti
1348 956 1441 977 eorum
1457 949 1595 976 mendacio
1610 953 1674 976 sunt
1687 948 1778 976 consi-

997 993 1080 1025 milia,
1099 993 1175 1028 103
1192 1001 1246 1027 quo
1262 994 1354 1021 dicunt
1368 994 1401 1021 ad
1424 993 1482 1029 ejus
1502 994 1650 1029 ingressum
1666 993 1777 1021 seditio-

995 1045 1054 1070 nes,
1073 1037 1161 1065 luctus
1174 1043 1202 1064 et
1223 1037 1428 1065 lamentationes
1457 1038 1561 1072 populis
1573 1037 1631 1072 ejus
1646 1037 1776 1072 receptio-

996 1091 1056 1112 ncm
1070 1092 1140 1119 aegre
1155 1084 1300 1112 ferentibus
1319 1084 1466 1112 exstitisse.
1491 1084 1561 1112 Nihil
1579 1087 1650 1112 enim
1666 1086 1779 1121 contigit

994 1129 1143 1164 ejusmodi;
1159 1130 1205 1157 sed
1224 1134 1335 1157 econtra
1365 1130 1501 1164 gaudium,
1520 1129 1610 1157 laetitia
1625 1135 1652 1158 et
1662 1138 1778 1159 concur-

995 1184 1041 1204 sus
1055 1177 1213 1212 populorum
1233 1177 1291 1212 ejus
1306 1177 1413 1205 videndi
1430 1177 1563 1205 desiderio
1575 1178 1773 1207 festinantium.

994 1222 1120 1251 Ecclesia
1135 1223 1226 1251 latitia
1241 1223 1326 1259 plenae
1341 1231 1374 1252 ac
1389 1224 1487 1259 ubique
1501 1224 1647 1259 gratiarum
1660 1225 1779 1252 actiones

994 1269 1027 1296 ad
1044 1269 1183 1296 Dominum
1199 1269 1394 1296 referebantur.
1407 1268 1522 1296 Miuistri
1537 1273 1629 1297 autem
1644 1275 1671 1296 et
1683 1269 1774 1298 clerici

994 1321 1087 1343 omnes
1113 1315 1150 1342 ita
1167 1323 1228 1343 eum
1242 1315 1334 1343 videre
1345 1333 1353 1347 ,
1372 1319 1400 1342 ut
1414 1315 1510 1342 animis
1527 1315 1724 1343 oblectarenlur
1747 1322 1779 1343 ac

995 1361 1065 1390 diem
1087 1361 1157 1388 illam
1179 1361 1298 1388 omnium
1317 1369 1426 1389 suarum
1449 1362 1616 1389 laetissimam
1638 1362 1777 1390 existima-

995 1412 1065 1435 rent.
1085 1407 1210 1435 Nostrum
1231 1411 1320 1434 autem
1344 1407 1532 1443 episcoporum
1559 1407 1693 1435 incil’abile
1715 1415 1779 1442 gau‘

994 1453 1077 1484 dium,
1094 1453 1158 1488 quid
1173 1460 1241 1488 opus
1255 1457 1296 1480 est
1310 1453 1475 1485 describere,
1493 1461 1552 1481 cum
1567 1453 1691 1488 superius
1704 1453 1779 1481 dixe-

995 1498 1079 1526 rimus
1118 1505 1166 1526 nos
1205 1505 1299 1526 omnes
1336 1497 1394 1532 ejus
1435 1497 1601 1526 calamitates
1638 1505 1779 1533 perpessos

994 1544 1162 1573 existimasse
1169 1544 1182 1571 ?

1030 1591 1056 1618 8.
1073 1590 1135 1619 Haec
1148 1591 1266 1626 igiturin
1281 1590 1404 1618 confesso
1422 1597 1482 1617 cum
1497 1590 1561 1622 sint,
1580 1597 1611 1617 ac
1624 1589 1674 1624 ipsi
1690 1594 1777 1617 tamen

996 1642 1118 1673 opposrto
1142 1637 1220 1664 modo
1235 1641 1371 1669 enarrent.
1384 1644 1444 1671 quae
1457 1636 1522 1663 lides
1532 1635 1651 1663 habenda
1663 1635 1777 1663 concilio

996 1688 1024 1711 et
1039 1683 1148 1711 decreto
1162 1682 1234 1717 quod
1254 1682 1304 1716 ipsi
1320 1681 1469 1717 jactitant?
1487 1681 1538 1714 Qui
1563 1681 1634 1708 enim
1659 1681 1694 1708 ita
1717 1687 1777 1708 sese

997 1729 1120 1764 ingerere
1139 1728 1237 1756 audent
1265 1727 1298 1754 iis
1316 1734 1376 1762 quae
1396 1734 1445 1754 nec
1465 1726 1589 1753 viderunt
1606 1732 1655 1753 nec
1672 1725 1777 1760 judica-

997 1777 1070 1805 runt,
1081 1771 1177 1807 quibus
1189 1779 1277 1806 neque
1293 1770 1480 1802 interfuerunt,
1490 1777 1521 1797 ac
1529 1770 1647 1798 scribere
1660 1776 1714 1798 non
1729 1777 1776 1797 ve—

997 1822 1090 1846 rentur
1100 1817 1175 1852 quasi
1187 1825 1243 1844 rem
1256 1816 1408 1844 certissime
1429 1816 1631 1850 comperissent,
1643 1816 1777 1850 quomodo

997 1863 1024 1891 in
1040 1864 1118 1891 rebus
1145 1870 1258 1898 quarum
1281 1869 1361 1889 causa
1378 1869 1407 1888 se
1424 1861 1583 1897 convenisse
1600 1861 1702 1892 dicunt,
1726 1860 1777 1887 licio,

997 1908 1068 1943 digni
1085 1908 1187 1935 erunt?
1202 1908 1241 1934 An
1267 1915 1318 1934 non
1336 1907 1423 1941 potius
1439 1914 1499 1934 cum
1520 1906 1562 1933 illa
1580 1910 1634 1933 tum
1649 1907 1705 1933 hac
1729 1914 1777 1941 per

997 1954 1164 1982 inimicitiam
1188 1954 1274 1988 egisse
1297 1953 1522 1980 existimabuntur
1535 1953 1547 1979 ’ί
1561 1952 1687 1986 Quaenam
1705 1953 1776 1979 enim

997 2003 1061 2026 tunc
1071 1999 1258 2034 episcoporum
1275 1997 1413 2033 synodus?
1424 1998 1546 2032 quisnam
1564 2005 1707 2025 corisessus
1721 1998 1776 2024 vori

997 2045 1134 2073 studiosus
1149 2044 1161 2071 Ἰ
1174 2044 1235 2078 quis
1257 2051 1288 2070 ex
1311 2043 1446 2078 plerisque
1467 2043 1562 2070 saltem
1582 2050 1674 2070 eorum
1690 2043 1778 2069 inimi-

998 2097 1047 2118 cus
1073 2094 1163 2117 noster
1178 2097 1230 2116 non
1252 2088 1332 2116 erat?
1349 2096 1436 2115 nonne
1451 2088 1506 2115 Arii
1521 2087 1619 2114 furoris
1633 2094 1712 2115 causa
1725 2086 1778 2113 Eu-

997 2135 1098 2162 sebiani
1122 2139 1213 2161 contra
1238 2141 1285 2161 nos
1311 2134 1437 2167 impetum
1461 2133 1548 2160 fecere
1567 2132 1579 2158 ?
1599 2132 1692 2160 Nonne
1714 2133 1777 2158 item

997 2181 1065 2209 alios
1081 2181 1126 2214 qui
1149 2187 1203 2207 suae
1219 2180 1358 2207 sententia:
1372 2183 1449 2206 erant
1464 2179 1497 2206 ad
1515 2179 1630 2213 idipsum
1645 2177 1776 2214 agendum

164 2230 252 2261 σέὃιος
275 2231 289 2256 ὸ
317 2230 344 2255 ἐν
374 2227 526 2264 Καισαρείᾳ
538 2228 588 2263 τῆς
603 2226 782 2262 Παλαιστίνης
806 2226 852 2252 ἐπὶ
868 2225 946 2260 θυσίᾳ

1000 2227 1129 2254 induxere
1140 2227 1152 2253 i
1163 2226 1255 2254 Nonne
1281 2233 1390 2260 semper
1417 2226 1559 2252 adversum
1589 2224 1658 2257 illos,
1674 2228 1702 2250 ut
1717 2230 1776 2250 cum

163 2276 340 2311 κατηγορεῖτο
370 2275 422 2300 ὑπὸ
446 2274 498 2301 τῶν
522 2275 569 2300 σὺν
598 2273 664 2309 ἡμῖν
692 2272 884 2308 ὀμολογητῶνς
907 2270 943 2298 Οό

162 2321 306 2358 Γεώργιος,
332 2321 370 2352 ὼς
382 2320 551 2356 καθαιρεθεὶς
562 2319 614 2346 ὑπὸ
632 2319 804 2354 Ἀλεξάνδρου
820 2317 865 2344 τοῦ
891 2326 944 2352 μα-

162 2366 410 2403 καρίουὴλέγχετος
424 2366 480 2392 Οὐκ
496 2366 539 2392 ἐπ’
555 2365 642 2397 ἄλλοις
659 2364 733 2392 ἄλλοι
749 2364 795 2391 καὶ
807 2362 944 2398 διαφόροις

162 2413 332 2447 ηύθύνοντος
358 2411 420 2444 Πῶς
450 2409 495 2438 οὖν
522 2407 595 2438 οὗτοι
625 2409 741 2437 συνιέναι
776 2407 843 2435 καθ’
866 2407 943 2443 ἡμῶν

163 2459 280 2494 ἦθελον;
305 2458 366 2490 Πῶς
397 2458 425 2484 δέ
445 2457 552 2484 σύνοδον
573 2455 714 2491 ὀνομάζειν
738 2454 890 2490 τολμῶσιν,
912 2450 946 2488 ἧς

163 2504 251 2540 κόμης
269 2503 451 2539 προὺκάϐητο,
468 2504 515 2530 καὶ
531 2502 620 2538 παρῆν
633 2500 825 2535 σπεκουλάτωρ
839 2499 888 2535 (7),
901 2500 947 2526 καὶ

197 2592 254 2627 (99)
268 2592 306 2620 Ita
321 2591 388 2628 Reg.
401 2592 485 2623 Editi,
502 2590 636 2627 Χρηστός.
656 2588 762 2623 Reliqui
785 2595 863 2618 mss..
878 2587 946 2622 Χρι-

162 2629 283 2698 στῗῗῇῑο
305 2661 415 2698 Regius.
433 2665 461 2698 et
487 2665 562 2688 recte
587 2659 706 2695 quidem.
719 2657 783 2691 Alii,
799 2665 860 2686 cum
881 2656 947 2684 editi

162 2696 217 2724 tum
230 2705 309 2732 mss..
321 2698 384 2732 παρ’
402 2696 525 2732 ἐκείνων.

197 2732 234 2767 (2)
250 2725 419 2767 Sic-Regius.
435 2730 543 2765 Reliqui
570 2736 645 2760 vero,
660 2729 691 2754 οὖ
722 2727 840 2760 σύνοδον,
858 2725 946 2753 minus

162 2767 241 2836 mili?)-
257 2800 283 2841 ln
305 2801 390 2828 Editis
406 2801 476 2828 κατά
499 2799 585 2827 deest.
603 2798 657 2826 Nos
683 2805 776 2825 sumus
799 2801 831 2824 ex
858 2795 942 2830 Regio

161 2841 322 2902 ’θ’ἶἮθὲἇίιί
352 2869 426 2896 Θείαν
453 2870 588 2898 mendose.
621 2868 686 2903 Reg.
703 2871 729 2895 et
755 2867 847 2897 Basil..
867 2865 940 2892 Θέαν.

998 2273 1064 2301 Ario
1086 2273 1243 2303 sentientes.
1266 2271 1424 2305 scripsimus
1438 2270 1555 2298 ?Nonne
1575 2269 1705 2296 Eusebius
1721 2268 1778 2295 Cae-

997 2325 1083 2346 sarea
1103 2317 1252 2345 Palaestinae
1265 2317 1410 2350 episcopus
1423 2323 1438 2342 a
1451 2315 1652 2342 confessorihus
1666 2313 1711 2348 qui
1726 2321 1775 2340 nu-

997 2363 1101 2392 biscum
1114 2368 1192 2390 erant
1201 2366 1344 2389 accusatus
1356 2366 1396 2388 est
1408 2361 1478 2395 quod
1491 2360 1569 2388 idolis
1579 2359 1754 2387 sacrificasset
1766 2359 1779 2385 ?

998 2408 1093 2436 Nonne
1101 2408 1230 2442 Georgius
1250 2408 1355 2435 abeato
1365 2406 1519 2434 Alexandro
1540 2405 1676 2440 depositus
1695 2404 1778 2431 fuisse

998 2454 1138 2482 convictus
1154 2458 1195 2479 est
1210 2451 1328 2479 ?Nonne
1342 2452 1385 2479 alii
1405 2451 1439 2479 de
1460 2451 1521 2478 aliis
1541 2456 1568 2478 et
1584 2451 1699 2478 diversis
1722 2450 1777 2476 cri-

1000 2498 1116 2525 minibus
1132 2498 1321 2525 deferebantur
1335 2497 1347 2523 ?
1361 2497 1418 2531 Quo
1432 2504 1496 2532 ergo
1506 2497 1564 2532 jure
1575 2497 1716 2524 adversum
1728 2488 1778 2523 nos

1031 2585 1071 2648 (ᾗ)
1088 2585 1132 2645 Si'c
1152 2585 1217 2620 Reg.
1235 2592 1315 2619 quem
1327 2585 1477 2620 sequimur.
1493 2584 1520 2612 In
1542 2584 1602 2612 aliis
1614 2589 1641 2611 et
1658 2585 1684 2612 in
1699 2584 1778 2612 editis

1065 2629 1110 2648 085
1126 2639 1133 2646 .

996 2622 1038 2648 ἐφ’
1047 2622 1133 2648 deest.

1011 2630 1274 2692 <P(l(il)%:5'j.iipilanius,
1299 2654 1396 2692 haeresi
1412 2654 1456 2692 69.
1477 2654 1519 2692 ait_
1531 2654 1673 2692 Eusebium
1685 2654 1763 2692 [laesa

996 2686 1155 2718 rieitsem'a'
1172 2689 1318 2717 Potamone
1343 2689 1469 2724 Egyptio
1494 2686 1665 2722 objurgath
1681 2689 1778 2724 fuisse.

995 2726 1066 2760 quod
1081 2729 1171 2752 stante
1181 2724 1329 2760 Athanasio
1341 2723 1403 2760 ipse
1415 2723 1555 2760 Eusebius,
1572 2724 1617 2757 qui
1633 2723 1712 2750 idolis
1721 2723 1779 2760 im—

995 2758 1122 2791 molarat,
1152 2759 1226 2793 quasi
1251 2759 1332 2792 judex
1359 2759 1453 2786 sedere
1469 2759 1535 2786 nihil
1552 2763 1699 2785 vereretur.
1714 2758 1778 2791 Quze

995 2795 1082 2822 fusius
1095 2795 1121 2820 in
1132 2793 1273 2820 Athanasii
1287 2794 1345 2819 Vita
1361 2794 1475 2827 egimus.

1031 2829 1069 2865 (7)
1085 2828 1290 2865 Σπεκουλάτωρ,
1304 2828 1400 2865 ubique
1411 2836 1470 2855 cum
1481 2829 1506 2855 in
1520 2827 1632 2865 Glossis,
1647 2832 1701 2854 tum
1712 2827 1779 2865 alios

996 2863 1066 2900 apud
1080 2864 1210 2892 Auctores
1221 2884 1228 2898 ,
1243 2863 1472 2899 ἀποκεφαλιστής,
1486 2868 1510 2892 et
1525 2864 1630 2899 δήμιος,
1648 2863 1777 2897 carui/er.
