2031 3048
277 150 331 181 265

559 153 587 180 S.
606 152 791 181 ATIIANASII
809 153 884 181 ΟΡΡ.
906 154 995 182 PARS
1015 154 1034 182 I.
1056 170 1090 175 —
1106 154 1292 184 IIISTORICA
1312 156 1356 184 ET
1378 158 1587 187 DOGMATICA.

1842 163 1895 190 εει

277 209 423 238 convenire
447 209 764 243 voluerunt?Quomodo
801 213 929 247 synodum
959 221 1041 240 vocari

1106 215 1292 251 Κομεντάριος
1318 217 1391 251 ἡμᾶς
1418 218 1526 252 εἰσῆγεν
1553 219 1613 244 ἀν·τί
1636 219 1764 245 διακόνων
1782 221 1832 255 τῆς
1851 222 1898 249 ἐκ·

277 256 386 288 audent,
407 256 433 282 iu
451 263 502 288 qua
521 264 611 283 comes
625 256 793 290 praesidebat,
806 262 833 285 et
848 258 889 285 cui
904 259 1057 292 speculator

275 302 385 333 aderat,
408 308 439 329 ac
466 301 492 329 in
516 309 596 336 quam
619 302 806 331 Comentarius
820 323 827 335 ,
851 304 908 331 vice
931 304 1053 331 diacono-

275 354 334 374 rum
347 347 467 374 ecclesia:
479 355 526 375 nos
542 349 716 377 introduxit?
729 350 775 377 Ille
787 349 957 385 loquebatur,
972 354 1000 378 et
1011 351 1056 384 qui

273 393 386 421 aderant
398 394 524 427 silebant,
538 394 591 422 imo
608 397 695 431 potius
713 396 803 424 comiti
825 397 1055 431 obtemperabant.

273 437 342 465 Tum
359 446 391 466 ne
406 446 596 468 amoverentur
610 442 654 476 qui
671 443 811 470 amovendi
827 443 986 470 videbantur
1001 443 1057 478 epi-

272 484 356 519 scopi,
371 485 405 512 ab
421 485 479 520 ejus
494 488 609 515 consilio
629 489 836 522 impediebatur.
855 489 901 517 Ille
920 489 1031 524 jubebat
1046 499 1053 517 :

272 538 320 558 nos
335 538 349 557 a
368 531 497 560 militibus
522 533 711 568 trahebamur;
729 535 782 562 imo
798 535 1054 570 potiusjubentibus

271 577 387 605 Eusebio
403 585 465 606 eum
483 579 575 613 sociis,
594 579 637 607 ille
658 588 753 608 eorum
770 581 910 608 sententiis
922 582 1051 616 obseque-

271 624 361 651 batur.
386 624 414 651 In
431 631 548 658 summa,
564 625 667 659 dilecti,
685 625 835 660 cuiusmodi
856 626 899 653 illa
923 626 1051 662 synodus.

269 671 346 705 cujus
362 672 450 699 exitus
475 677 533 700 erat
549 673 675 700 exsilium
690 677 718 701 et
733 674 830 705 caedes,
854 674 875 701 si
896 673 1051 706 imperatori

268 717 407 752 placeret?
419 718 518 752 Quales
529 719 717 748 accusationes
730 720 780 747 ?ln
794 720 845 748 hoc
859 720 931 747 enim
947 719 982 746 illi
995 727 1051 746 rna-

265 764 323 798 jore
334 765 510 793 admiratione
524 765 597 800 digni
611 770 684 793 sunt.
697 766 839 793 Arsenium
848 766 990 801 quemdam
1006 774 1051 793 oc-

265 811 351 838 cisum
367 811 590 844 criminabantur,
601 816 629 838 et
642 812 765 846 poculum
775 813 917 847 mysticum
936 812 1049 839 fractum

263 863 325 884 esse
350 857 595 885 calumniabantur.
617 858 669 886 Sed
693 858 826 886 Arsenius
847 859 953 894 quidem
971 859 1048 891 vivit,

1110 260 1239 295 κλησῖαςς
1261 262 1376 293 Ἐκεῖνος
1393 263 1551 297 ἐφθέγγετο,
1569 264 1615 290 καὶ
1636 266 1659 291 οἱ
1677 266 1807 299 παρόντες
1820 267 1897 295 ἐσιώ-

1110 315 1178 339 πων,
1197 307 1296 342 μᾶλλον
1309 308 1337 334 δὲ
1353 309 1489 343 ὑπήκουον
1501 309 1539 344 τῷ
1557 310 1664 345 κόμητι.
1693 312 1746 338 Καὶ
1763 311 1792 338 τὸ
1807 314 1897 340 κινοῦν

1109 352 1170 383 τοὺς
1195 352 1338 384 δοκοῦντας
1357 354 1530 385 ἐπισκόπους,
1553 356 1604 381 ὑπὸ
1619 357 1667 390 τῆς
1682 357 1784 383 ἐκείνου
1799 358 1896 394 βουλῆς

1109 397 1283 430 ὲνεποδίζετο.
1299 399 1415 431 Ἐκεῖνος
1428 400 1560 431 ἐκέλευεν,
1572 402 1651 436 ἡμεῖς
1665 402 1716 428 ὑπὸ
1725 405 1896 438 στρατιωτῶν

1107 441 1240 477 ἡγόμεθα’
1258 443 1357 479 μᾶλλον
1374 445 1401 470 δὲ
1416 445 1469 471 τῶν
1486 447 1549 481 περὶ
1565 447 1693 474 Εὐσέϐιον
1716 449 1892 481 κελευόντων,

1106 488 1208 520 ἐκεῖνος
1232 490 1293 521 ταῖς
1322 491 1422 516 τούτων
1448 491 1637 527 ὲξυττηρετεῖτο
1664 493 1796 528 γνώμαις.
1813 495 1849 522 Τὸ
1866 496 1893 522 δὲ

1105 534 1174 566 δλον,
1191 536 1334 571 ἀγαπητοὶ,
1352 537 1415 562 ποία
1429 537 1534 568 σύνοδος
1549 538 1611 565 ἔνθα
1626 539 1654 565 τὸ
1667 539 1742 571 τέλος
1760 541 1893 576 ἐξοριστία

1105 580 1150 606 καὶ
1163 580 1242 615 φόνος
1265 582 1305 613 εἰς
1328 582 1404 613 δόξαν
1421 581 1453 618 ἦν
1469 584 1586 617 βασιλεῖς
1606 585 1672 611 Ποῖα
1686 586 1712 611 δὲ
1739 587 1784 612 καὶ
1806 587 1838 613 τὰ
1852 589 1894 621 ἑγ-

1104 626 1247 662 ulmum;
1265 628 1363 660 Μεῖζον
1371 629 1424 664 γὰρ
1440 630 1485 655 ἐπὶ
1501 630 1604 661 τούτοις
1615 632 1643 657 τὸ
1658 633 1716 657 κατ’
1731 633 1819 659 αὐτῶν
1829 634 1893 660 θαῦ-

1105 681 1153 708 μα.
1175 674 1309 710 Ἀρσένιός
1323 684 1363 706 τις
1374 673 1417 710 ἦν,
1432 676 1460 701 ὃν
1479 677 1657 710 πεφονεῦσθαι
1675 679 1892 713 ὲμέμφοντο,καὶ

1103 719 1230 754 ποτήριον
1240 720 1376 747 διέϐαλλον
1389 722 1536 748 κεκλεῖσθαι
1553 724 1690 758 μυστικόν.
1711 725 1779 750 Ἀλλ’
1800 726 1892 761 Ἀρσέ-

1102 773 1156 797 νιος
1172 766 1221 800 μὲν
1236 766 1280 801 ζῆ,
1294 767 1339 792 καὶ
1352 768 1409 801 μεθ’
1425 768 1503 802 ἡμῶν
1521 768 1628 803 εὔχεται
1642 771 1813 804 συνάγεσθαι,
1844 773 1891 798 καὶ

1101 812 1151 837 οὐκ
1171 811 1252 843 ἄλλας
1266 812 1394 847 ἀναμένει
1414 814 1576 849 μαρτυρίας,
1596 816 1638 842 ἵνα
1656 816 1709 848 ζῶν
1727 819 1805 853 φανῇ,
1833 817 1890 844 ἀλλ’

1101 856 1181 888 αὐτὸς
1195 857 1320 892 ὁμολογεῖ
1343 858 1401 893 ζῇν,
1416 860 1526 890 οἰκείοις
1541 861 1578 895 (8)
1602 862 1744 897 γράμμασι
1762 863 1828 898 πρὸς
1845 864 1890 890 τὸν

264 910 295 929 ac
310 902 448 930 nobiscum
466 904 654 932 communione
671 905 746 940 jungi
761 909 880 939 exoptat,
897 912 947 932 nec
963 904 1041 931 aliun-

1102 903 1297 929 συνεπίσκοπον
1322 904 1399 938 ἡμῶν
1427 905 1583 932 Ἀθανάσιον
1610 908 1732 941 γράφων,
1756 909 1785 934 ὃν
1807 910 1888 935 αὐτοῦ

263 949 296 975 de
310 949 462 976 testimonia
485 955 639 984 exspectat,
659 955 688 977 ut
713 951 789 978 vivus
816 951 989 982 exhibeatnr,
1003 950 1050 977 sed

266 990 323 1024 ipse
337 997 366 1017 se
381 990 473 1018 vivere
487 990 589 1019 fatetur
606 992 633 1019 in
653 992 711 1019 suis
734 992 841 1024 litteris,
857 1001 925 1028 quas
942 990 1052 1027 scripsi‘

262 1035 295 1062 ad
321 1036 507 1071 coepiscopum
535 1042 656 1064 nostrum
672 1038 871 1071 Athanasium,
893 1046 971 1073 quem
993 1038 1051 1072 ejus

262 1080 460 1109 interfectorem
473 1089 533 1109 esse
546 1082 728 1110 alIirmabant.
742 1082 797 1111 Nec
811 1084 927 1118 pudebat
942 1084 1047 1119 impios,

260 1126 346 1153 virum
360 1131 434 1154 tanta
453 1127 580 1155 distantia
594 1128 698 1156 itineris
711 1129 766 1156 sive
778 1130 910 1164 pedestris
928 1130 987 1158 sive
1002 1138 1049 1157 na-

260 1171 383 1206 vigabilis
405 1172 581 1208 disiunctum,
604 1175 637 1201 ab
663 1174 708 1202 illo
734 1175 906 1203 interfectum
932 1176 1046 1203 insimu—

260 1216 326 1249 lare,
342 1217 389 1253 qui
402 1225 450 1253 per
463 1218 519 1246 haec
534 1224 655 1254 tempora
667 1241 672 1252 ,
686 1220 729 1248 ubi
747 1220 866 1248 locorum
883 1226 985 1256 ageret,
998 1229 1046 1249 ne-

260 1270 304 1291 mo
320 1269 443 1292 noverat.
467 1264 538 1298 Quin
555 1270 582 1293 et
603 1273 664 1293 eum
680 1267 818 1295 occultare
840 1268 897 1294 ausi
922 1273 995 1301 sunt,
1014 1276 1046 1296 ac

257 1309 401 1337 evanidum
423 1311 546 1344 reddere,
561 1319 622 1339 cum
639 1312 704 1339 nihil
719 1313 762 1340 ille
778 1312 839 1340 mali
853 1321 947 1348 passus
962 1319 1043 1342 esset.

259 1354 325 1382 Etsi
341 1355 398 1382 ﬁeri
412 1356 554 1390 potuisset,
569 1357 595 1385 in
610 1358 691 1384 alium
713 1358 808 1385 orbem
826 1359 900 1386 illum
923 1364 1043 1386 transtu-

256 1400 361 1432 lissent,
381 1401 434 1428 imo
449 1402 538 1437 potius
553 1410 615 1430 eum
629 1403 804 1437 occidissent,
822 1409 851 1431 ut
862 1405 919 1432 sive
937 1413 1042 1439 verum,

256 1448 313 1475 sive
339 1447 429 1475 ﬁctam
455 1449 555 1476 caedem
580 1449 648 1478 falso
668 1449 840 1483 objicientes,
866 1451 1041 1479 Athanasium

258 1500 321 1521 vere
334 1494 499 1522 occiderent.
510 1495 564 1523 Sed
578 1495 674 1523 divinae
685 1495 863 1524 Providentia:
875 1497 902 1524 in
915 1497 964 1524 hoc
975 1505 1042 1532 quo-

254 1547 307 1575 que
330 1541 424 1575 gratia:
441 1542 551 1576 agendae
570 1546 643 1575 sunt,
661 1549 721 1577 qua:
738 1542 803 1569 nihil
827 1542 954 1577 injustqu
973 1551 1041 1579 pne-

1102 948 1184 982 φονὲα
1199 948 1405 977 διεϐεϐαιοῦντο.
1424 951 1478 976 Καὶ
1494 951 1541 977 οὐκ
1552 952 1661 986 ᾐδοῦντο
1676 954 1698 979 οἱ
1727 954 1833 986 ἀσεϐεῖς
1844 956 1889 983 ἆν-

1101 993 1151 1029 δρα
1167 994 1219 1030 πρὸ
1243 996 1369 1021 τοσούτου
1388 996 1579 1031 διαστήματος,
1599 998 1644 1024 καὶ
1671 999 1729 1034 πλῴ
1754 1001 1800 1026 καὶ
1820 1002 1887 1036 πεζῇ

1100 1039 1228 1074 πάμπολυ
1245 1041 1330 1076 μῆχος
1348 1042 1494 1076 ἀπέχοντα,
1511 1043 1573 1078 παρ’
1603 1043 1683 1069 αὐτοῦ
1708 1045 1888 1078 πεφονεῦσθαι

1099 1085 1324 1121 κατηγοροῦντες,
1345 1083 1374 1111 οὗ
1393 1088 1451 1113 κατ’
1468 1088 1589 1119 ἐκείνους
1607 1089 1667 1120 τοὺς
1691 1090 1803 1124 χρόνους
1820 1091 1886 1126 μηδὲ

1097 1131 1146 1166 τὴν
1156 1130 1247 1166 χώραν
1258 1129 1324 1158 εἶδεν
1337 1133 1489 1166 ἄνθρωπος.
1500 1134 1578 1159 Ἀλλὰ
1589 1134 1635 1160 καὶ
1645 1135 1746 1170 κρύψαι
1761 1137 1887 1171 τετολμή-

1097 1184 1170 1207 κασι,
1187 1177 1233 1203 καὶ
1249 1177 1339 1212 ἁψανῆ
1357 1179 1524 1213 καταστῆσαι
1550 1180 1631 1215 μηδὲν
1646 1181 1773 1208 παθόντα.
1789 1183 1842 1209 Καὶ
1862 1184 1886 1208 εἰ

1095 1219 1150 1248 οἶόν
1164 1231 1193 1248 τε
1203 1220 1236 1258 ἦν
1254 1224 1292 1254 είς
1306 1224 1387 1258 ἄλλην
1399 1225 1559 1260 οἰκουμένην
1575 1226 1606 1252 ἂν
1617 1227 1800 1259 μετετίθεσαν,
1817 1228 1885 1263 μᾶλ-

1095 1267 1139 1293 λον
1152 1267 1180 1293 δὲ
1200 1268 1248 1294 καὶ
1272 1268 1319 1294 τοῦ
1345 1269 1393 1303 ζῇν
1422 1269 1531 1304 ἀληθῶς
1547 1270 1579 1296 ἂν
1605 1270 1748 1305 ἐξήγαγον,
1768 1273 1810 1298 ἵνα
1830 1273 1883 1299 εἴτε

1094 1312 1317 1347 ὲπαληθεύοντες,
1335 1315 1387 1340 εἴτε
1402 1314 1568 1348 πλασάμενοι
1584 1316 1672 1349 φόνον,
1684 1316 1791 1351 ἀληθῶς
1808 1317 1884 1344 Ἀθα-

1093 1358 1184 1385 νάσιον
1199 1359 1404 1386 ἀποκτείνωσιν.
1436 1360 1514 1386 Ἀλλὰ
1537 1362 1569 1395 τῇ
1593 1361 1652 1396 θεία
1666 1363 1777 1397 προνοίᾳ.
1791 1363 1838 1389 καὶ
1854 1364 1884 1390 ἐν

1092 1404 1177 1439 τούτῳ
1197 1404 1286 1440 χάρις,
1303 1406 1334 1440 τῇ
1351 1406 1433 1440 μηδὲν
1457 1406 1548 1432 ἄδικον
1564 1407 1663 1441 ἰσχύειν
1689 1408 1882 1444 ὲπιτρεπούσῃ,

1091 1450 1148 1477 ἀλλ’
1164 1451 1215 1478 ὑπὸ
1228 1451 1277 1482 τὰς
1287 1452 1392 1477 πάντων
1401 1452 1475 1486 ὄψεις
1494 1453 1627 1487 ’Λρσένιον
1637 1454 1777 1490 ὑπαγούσῃ
1784 1454 1881 1486 ζῶντα,

1091 1497 1138 1523 καὶ
1149 1496 1274 1532 φανερῶς
1289 1497 1337 1531 τὴν
1354 1498 1412 1523 τότε
1431 1499 1565 1533 συσκευὴν
1582 1499 1618 1533 (9)
1637 1500 1682 1525 καὶ
1700 1501 1882 1534 συκοφαντίαν

1091 1543 1245 1578 ἐλέγχοντα·
1260 1543 1291 1569 οὑ
1314 1544 1366 1579 γὰρ
1379 1544 1415 1575 ὡς
1439 1545 1535 1577 φονέας
1547 1546 1757 1580 ἀποστρέφεται,
1772 1547 1832 1573 οὐδὲ
1843 1548 1882 1579 ὡς

255 1586 343 1614 valere
369 1586 448 1623 104
463 1588 594 1622 permisit,
607 1588 654 1615 sed
678 1588 727 1616 sub
754 1589 874 1616 omnium
889 1589 982 1616 oculos
998 1590 1039 1616 vi-

1094 1589 1254 1624 ἠδικηκότας
1285 1591 1366 1624 μισεῖ”
1384 1591 1500 1616 πέπονθε
1528 1591 1581 1626 γὰρ
1606 1592 1673 1622 ὅλως
1696 1592 1779 1618 οὐδέν.
1803 1592 1881 1620 Ἀλλὰ

252 1638 358 1660 ventem
375 1634 518 1661 Arsenium
535 1634 671 1669 produxit,
688 1642 838 1669 eorumque
857 1635 1038 1670 conspiratio-

253 1686 314 1705 nem
323 1683 402 1713 atque
411 1679 572 1706 calumniam
581 1684 636 1707 tum
643 1680 731 1714 palam
738 1679 959 1716 couvicit.Neque
967 1681 1037 1708 enim

1092 1637 1229 1661 κοινωνεῖν
1243 1636 1307 1671 ἡμῖν
1325 1636 1403 1668 ἀξιοῖ,
1436 1637 1481 1662 καὶ
1508 1637 1728 1672 συναριθμεῖσθαι
1747 1638 1879 1673 βούλεται,

1093 1680 1127 1707 δι’
1143 1677 1180 1707 ὧν
1190 1680 1302 1715 ἔγραψε.

253 1726 298 1759 “le
321 1733 371 1754 nos
396 1731 425 1753 ut
452 1727 640 1755 interfectores
665 1733 821 1762 aversatur,
841 1735 929 1762 neque
944 1733 973 1754 ut
992 1728 1043 1755 sibi
1061 1727 1204 1763 injuriusos
1214 1729 1287 1760 odit;
1303 1728 1368 1755 nihil
1381 1729 1451 1755 enim
1469 1735 1579 1762 prorsus
1589 1728 1650 1755 ntali
1660 1736 1754 1763 passus
1763 1734 1812 1756 est.
1825 1729 1879 1756 Sed

253 1773 392 1801 nobiscum
402 1774 592 1802 communione
603 1774 678 1809 jungi
688 1774 823 1809 postulat,
839 1779 967 1810 optatque
985 1780 1076 1802 nostro
1094 1774 1175 1801 ωειιή
1187 1774 1337 1809 aggregari,
1355 1778 1385 1800 ut
1402 1773 1461 1807 ejus
1477 1774 1573 1801 littera:
1590 1778 1733 1807 testantur.

287 1819 313 1848 9.
333 1821 458 1849 Attamen
477 1821 642 1849 Athanasius
655 1822 763 1856 quidem
782 1829 875 1849 eorum
891 1822 1036 1850 calumniis

253 1865 442 1900 impetebatur,
457 1866 534 1901 quasi
552 1866 598 1900 qui
617 1873 677 1893 eum
694 1866 740 1901 qui
761 1871 817 1894 tum
832 1867 938 1894 vivebat
961 1867 1035 1894 occi-

251 1912 335 1939 disset
349 1919 357 1938 :
373 1912 407 1939 ab
431 1912 496 1947 ipsis
509 1919 572 1940 vero
586 1912 612 1939 in
633 1912 758 1939 exsilium
787 1913 887 1940 missus
912 1918 963 1940 est.
979 1913 1036 1940 Non

251 1957 323 1985 enim
344 1963 535 1992 tmperatorum
556 1963 634 1993 pater
648 1958 722 1985 illum
747 1963 882 1987 extorrem
897 1959 973 1991 fecit,
990 1960 1037 1987 sed

251 2003 316 2030 illud
340 2011 434 2031 eorum
461 2005 604 2032 calumniis
621 2009 662 2032 est
684 2005 884 2033 ascribendum.
912 2005 1039 2033 Animad-

251 2051 346 2078 vertite
359 2050 431 2077 enim
450 2058 512 2077 num
529 2058 572 2078 res
588 2051 623 2077 ita
642 2058 695 2077 non
716 2059 746 2078 se
760 2051 855 2079 habeat
870 2061 877 2079 :
890 2059 950 2079 cum
971 2051 1037 2079 nihil

251 2096 372 2123 criminis
384 2101 476 2123 contra
489 2096 667 2123 Athanasium
680 2097 898 2125 comministrum
914 2104 1035 2125 nostrum

253 2140 431 2173 inveniretur,
443 2148 536 2168 comes
550 2149 616 2169 vero
630 2149 762 2168 summam
777 2143 830 2169 vim
847 2143 1035 2176 inferens,stu-

251 2187 327 2214 diose
345 2187 474 2214 adversus
486 2194 547 2213 eum
569 2194 626 2213 rem
655 2192 762 2223 gereret
782 2198 787 2215 :
806 2188 949 2223 episcopus
974 2189 1032 2223 qui-

250 2234 310 2260 dem
332 2232 494 2260 Athanasius
510 2238 538 2260 ut
559 2233 611 2259 vim
630 2233 680 2260 sibi
696 2233 797 2260 illatam
821 2234 966 2270 eﬂ'ugeret,
995 2243 1034 2262 re.-

251 2277 453 2312 ligiosissimum
472 2279 662 2313 imperatorem
686 2280 762 2312 adiit,
786 2287 838 2310 una
854 2281 992 2312 comitem.
1005 2287 1033 2309 et

249 2323 354 2350 illorum
361 2324 589 2358 conspirationem
600 2325 917 2361 deprecans,3rogansqtte
928 2332 956 2353 ut
968 2327 1032 2363 legi-

249 2368 314 2395 tima
334 2369 520 2404 episcoporum
535 2371 654 2405 synodus
673 2377 825 2406 cogeretur,
845 2377 891 2398 aut
909 2372 965 2406 ipse
979 2372 1030 2399 im-

248 2419 356 2448 perator
384 2416 417 2442 de
445 2416 558 2451 objectis
590 2418 751 2446 criminibus
778 2426 838 2446 sese
871 2423 1029 2453 purgantem

248 2459 362 2486 audiret.
378 2459 525 2494 Imperator
541 2466 630 2488 autem
652 2469 707 2489 rem
727 2462 834 2498 indigne
856 2462 945 2490 ferens
961 2463 1031 2491 litte-

249 2512 294 2532 ras
309 2505 417 2540 scripsit
433 2506 530 2541 quibus
547 2507 605 2535 illos
613 2508 723 2542 ,citavit,
732 2516 792 2536 sese
808 2516 862 2536 rem
876 2509 1028 2535 auditurqu

248 2551 416 2584 promittens,
429 2553 528 2587 quippe
550 2554 595 2588 qui
623 2555 758 2590 synodum
775 2554 849 2582 illam
870 2554 1028 2589 congregari

244 2596 381 2629 iussisset.
396 2597 538 2626 Eusebiaui
560 2604 650 2627 autem
672 2600 716 2628 ubi
743 2600 929 2632 advenissent,
947 2600 1029 2626 Atha-

246 2698 280 2725 de
295 2703 349 2733 quo
364 2696 450 2723 fusius
461 2697 554 2730 Caugii
571 2698 746 2725 Glossarium.
760 2697 826 2725 Ibid.
842 2699 1028 2733 Κομεντάριος

247 2733 273 2768 iu
289 2731 392 2758 Glossis
413 2737 466 2759 tam
487 2734 567 2760 editis
583 2740 662 2767 quam
679 2734 870 2766 manuscriptis
885 2731 1027 2768 Κομεντα-

246 2766 332 2803 ρίσιος
358 2772 480 2803 )‘ocalur.
510 2766 774 2795 Iluic’iucumbebat
804 2766 968 2795 delationum
1002 2773 1028 2795 et

245 2802 446 2828 accusationum
465 2808 637 2830 monumenta
657 2803 726 2837 apud
741 2810 770 2830 se
784 2802 809 2829 in
823 2804 1027 2831 conuuentariis

253 2845 321 2862 serva
327 2844 364 2862 re.

244 2845 459 2904 berbjnArscniil
481 2872 513 2899 ad
542 2872 717 2899 Athanasium
750 2872 896 2907 Epistulam
927 2873 1027 2900 videsis

1125 1822 1151 1849 9.
1166 1822 1302 1856 Καὶὸμως
1324 1820 1482 1852 Ἀθανὰσιος
1496 1821 1545 1856 μὲν
1567 1820 1777 1852 συνεσκευάζετο
1812 1823 1878 1856 παρ’

1089 1866 1189 1897 αὐτῶν.
1200 1867 1237 1898 ὡς
1249 1867 1293 1893 τὸν
1303 1866 1389 1898 ζῶντα
1408 1866 1592 1899 πεφονευκὼς,
1609 1865 1752 1900 ἐξωρίζετο
1765 1865 1792 1891 δὲ
1803 1866 1877 1900 rupit

1089 1911 1143 1938 τῶν
1155 1911 1243 1937 αὐτῶν
1251 1910 1316 1946 (10).
1327 1911 1392 1937 Οὐδὲ
1398 1910 1451 1945 γὰρ
1459 1911 1473 1936 ὁ
1483 1910 1571 1945 πατὴρ
1581 1910 1635 1936 τῶν
1646 1909 1777 1944 βασιλέων
1782 1910 1877 1938 τοῦτον

1087 1957 1226 1993 ἐξώρισεν,
1242 1957 1297 1984 ἀλλ1
1308 1958 1337 1983 αἱ
1354 1957 1456 1983 τούτων
1471 1956 1603 1983 διαϐολαί.
1625 1956 1753 1983 Σκοπεῖτε
1771 1957 1834 1993 γὰρ,
1850 1959 1875 1984 εἰ

1089 2003 1126 2039 μὴ
1139 2003 1223 2034 οὕτως
1236 2002 1301 2038 ἔχει·
1318 2003 1361 2034 Ὦς
1373 2002 1448 2028 οὐδὲν
1462 2002 1510 2037 μὲν
1518 2001 1657 2037 εὑρίσκετο
1673 2001 1744 2028 κατὰ
1753 2002 1800 2028 τοῦ
1812 2002 1875 2029 συλ-

1087 2048 1243 2084 λειτουργοῦ
1254 2048 1331 2084 ἡμῶν
1343 2048 1512 2080 Ἀθανασίου,
1523 2047 1570 2074 ὁδὲ
1580 2048 1667 2083 κόμης
1684 2048 1815 2082 ἐϐιάζετο,
1828 2048 1875 2075 καὶ

1088 2095 1171 2126 πολὺς
1188 2092 1221 2130 ἦν
1232 2093 1388 2125 σπουδάζων
1404 2094 1464 2120 κατ’
1473 2093 1565 2120 αὐτοῦ’
1580 2094 1594 2120 ὁ
1608 2094 1656 2128 μὲν
1665 2094 1814 2126 ἐπίσκοπος
1831 2095 1874 2121 ’Δῖ

1088 2140 1222 2173 θανάσιος,
1238 2139 1331 2174 φυγὼν
1338 2139 1386 2174 τὴν
1396 2139 1544 2174 γενομένην
1553 2138 1624 2173 βίαν,
1637 2138 1736 2174 ἀνῆλθε
1750 2140 1818 2175 πρὸς
1827 2139 1874 2166 τὸν

1085 2185 1279 2212 εὐσεϐέστατον
1297 2185 1417 2220 βασιλέα,
1440 2184 1655 2219 παραιτούμενος
1670 2185 1728 2219 ἅμα
1757 2186 1802 2212 καὶ
1826 2185 1872 2213 τὸν

1086 2232 1192 2268 κόμητα
1205 2231 1311 2262 καὶτὰς
1332 2231 1443 2257 ἐκείνων
1464 2230 1607 2262 συσκευὰς,
1621 2230 1702 2263 ἀξιῶν
1716 2231 1743 2257 δὲ
1759 2232 1872 2266 νόμιμον

1086 2278 1240 2305 ἐπισκόπων
1256 2277 1362 2303 σύνοδον
1386 2275 1614 2311 συγκροτηθῆναι,
1632 2276 1648 2310 ἢ
1662 2276 1708 2303 καὶ
1728 2277 1809 2303 αὑτὸν
1825 2277 1869 2303 δέ·

1087 2324 1181 2356 ξασθαι
1196 2324 1244 2359 τὴν
1260 2322 1416 2356 ἀπολογίαν,
1435 2318 1472 2348 ὧν
1484 2322 1623 2356 ἐπήγαγον
1634 2322 1715 2356 αὐτῷ.
1734 2323 1787 2349 Καὶ
1804 2322 1871 2357 γρά-

1086 2379 1129 2405 φει
1147 2370 1195 2406 μὲν
1212 2369 1337 2405 βασιλεὺς
1358 2368 1529 2402 ἀγανακτῶν,
1549 2368 1596 2394 καὶ
1616 2368 1870 2403 προσκαλεσάμενος

1084 2416 1192 2448 αὐτοὺς,
1209 2414 1442 2450 ἐπαγγελλόμενός
1456 2423 1485 2440 τε
1500 2413 1579 2445 αὐτὸς
1595 2413 1786 2448 ἀκροάσασθαι,
1802 2414 1870 2440 ὁκαὶ

1083 2463 1132 2498 τὴν
1150 2462 1257 2488 σύνοδον
1267 2461 1398 2492 κελεύσας
1412 2460 1550 2495 γενέσθαι·
1567 2461 1592 2486 οἱ
1603 2459 1631 2486 δὲ
1650 2460 1712 2495 περὶ
1729 2459 1868 2490 Εὐσέϐιον,

1083 2507 1249 2540 ἀνελθόντες,
1272 2507 1459 2534 διαϐάλλουσιν
1482 2506 1650 2537 Ἀθανάσιον,
1664 2505 1756 2532 οὐκέτι
1774 2505 1823 2540 μὲν
1834 2505 1869 2531 τὰ

1082 2554 1111 2579 ἐν
1128 2552 1208 2589 Τύρῳ
1222 2551 1388 2587 θρυλούμενα
1414 2551 1478 2586 παρ’
1492 2550 1591 2582 αὐτῶν,
1605 2551 1668 2585 περὶ
1680 2550 1752 2576 σίτου
1765 2550 1793 2576 δὲ
1822 2550 1869 2576 καὶ

1083 2599 1181 2626 πλοίων
1195 2599 1307 2634 ἐποχῆς,
1323 2599 1360 2630 ὼς
1392 2597 1550 2624 Ἀθανασίου
1568 2596 1799 2631 ἐπαγγειλαμένου
1821 2595 1867 2621 δύ-

1083 2698 1239 2775 ch.
1255 2733 1402 2768 συσκευήν.
1416 2737 1445 2760 et
1460 2732 1497 2759 ita
1509 2731 1661 2766 legendum.
1679 2730 1729 2757 Alii
1741 2736 1801 2757 cum
1813 2729 1867 2755 edi.

1083 2772 1304 2838 usﬁdﬁiqahlteg.
1320 2810 1400 2837 quem
1420 2802 1569 2838 sequimur.
1593 2800 1773 2838 Aliiet_editi.
1796 2797 1865 2838 παρ’

1080 2836 1257 2864 αὺτῶνμΜυκ
1276 2836 1346 2864 idem
1368 2838 1432 2871 Reg.
1448 2837 1485 2863 Οὐ
1505 2837 1569 2871 γάρ,
1585 2841 1610 2863 et
1631 2836 1710 2871 paulo
1723 2839 1782 2868 post
1795 2836 1865 2860 idem

1080 2873 1161 2899 αὑτὸν
1177 2872 1256 2909 ἐξώρ.
1266 2873 1328 2906 AliiI
1337 2872 1430 2898 τοῦτον
1447 2871 1584 2907 ἐξώρισεν.
