2031 3048
172 176 228 204 263

172 285 392 313 παντινούπολιν
418 288 465 314 τοῦ
486 289 561 316 σίτου
578 292 771 328 μετακομιδήν·
795 285 881 322 ταῦτά
903 297 958 332 (Η)

169 336 241 360 τινες
269 329 324 356 τῶν
341 331 370 363 ἐξ
395 332 472 367 ἡμῶν
500 333 573 360 ἐνδον
598 335 674 368 ὅντες
701 338 769 372 μετὰ
803 329 958 368 Ἀθανασίου

168 372 305 408 ἀκηκόασι
321 376 368 402 τοῦ
384 376 516 411 βασιλέως
532 380 714 415 ἀπειλοῦντος.
730 382 796 411 Εἶτα
811 386 857 412 τοῦ
881 387 958 414 Ἀθα-

168 418 261 446 νασίου
277 421 440 457 ὀδυρομένου
454 425 499 452 ἐπὶ
514 427 546 461 τῇ
556 426 678 463 διαϐολῇ,
696 430 742 456 καὶ
753 431 958 470 διαϐεϐαιουμέ-

166 473 224 516 νου,
254 467 291 502 μὴ
316 466 384 494 εἴναι
399 469 502 506 ταύτην
518 471 616 508 ἁληθῆ’
637 474 696 506 πῶς
719 476 773 512 γὰρ
787 476 820 504 ἂν
850 466 956 516 ἰδιώτης

166 510 309 558 ἄνθρωπος
336 514 381 540 καὶ
397 515 480 550 πένης
500 518 650 552 τηλικαῦτα
671 510 792 554 δύναιτο;
817 510 954 558 Εὐσέϐιοςζ

164 555 362 606 ουδὲ-δημοσίᾳ
378 563 617 606 παραιτησάμενος
634 566 682 601 τὴν
704 567 840 604 διαὸολὴν,
863 555 953 606 ὤμνυε

164 601 210 628 τὸν
231 602 388 632 Ἀθανάσιον
402 604 472 634 εἶναι
487 609 624 644 πλούσιον,
640 613 686 638 καὶ
698 613 819 648 δυνατὸν,
835 617 881 642 καὶ
895 618 953 645 ἱκα-

235 649 302 685 πρὸς
331 652 430 684 πάντα,
449 654 493 681 ἵνα
517 656 549 682 ὲκ
579 657 680 685 τούτων
703 660 816 688 κάκεῖνα
835 663 953 698 εἰρηκὼς

171 693 326 744 Ἀθανάσιος
336 699 461 734 νομισθῇ.
477 701 569 728 Ταῦτα
579 703 628 738 μὲν
640 705 665 730 oi
680 707 772 740 σεμνοὶ
784 693 952 744 κατηγόρουν

163 740 316 769 ἐπίσκοποι·
334 744 350 779 ἡ
370 744 398 771 δὲ
416 746 463 772 τοῦ
479 746 546 774 Θεοῦ
561 748 641 784 χάρις
664 752 794 786 κρείττων
808 740 952 790 τῆς-τέθνη-

163 786 225 832 ρίας
245 787 336 815 αὐτῶν
356 790 501 827 γεγένητᾶι
519 793 586 829 (i2).
599 795 649 831 τὴν
669 796 722 832 γὰρ
736 786 877 826 εὐσέϐειαν
902 786 949 827 τοί]

117 846 119 848 -
163 831 295 865 βασιλέως
309 836 348 867 εἰς
367 837 569 874 φιλανθρωπίαν
584 842 722 878 κεκίνηκε,
738 845 784 871 καὶ
798 846 858 873 ἀντὶ
869 846 950 874 θανά-

161 879 272 926 τουῂτὴν
282 880 431 926 ἐξοριστίαν
445 885 590 926 παῄσχεν.
606 888 709 916 Οὐκοῦν
721 891 748 916 ai
762 891 892 924 διαϐολαὶ,
902 894 947 921 καὶ

160 923 235 974 οὐδὲν
249 925 321 959 ἄλλο,
335 928 435 955 τούτων
448 923 544 958 αῖτῖαι.
571 933 601 959 ὐ
615 934 664 969 μὲν
674 936 728 969 (15)
741 936 794 974 γὰρ
811 923 946 973 βασιλεὺς.
963 928 984 955 Β

162 969 223 1021 Ῡτρὺ.
232 971 326 1021 τουτου
343 975 466 1010 γράψων,
489 978 539 1013 τὴν
563 981 697 1016 συσκευὴν
717 969 867 1018 ἐμέμψατο,

160 1014 303 1052 ἐπιϐουλὴν
325 1019 462 1054 ᾐτιάσατο,
478 1023 532 1050 τῶν
545 1025 718 1060 Μελιτιανῶνν
734 1029 945 1065 κατεψηφίσατο,

159 1061 316 1113 ἀθεμίτους,
333 1066 402 1102 ἀρᾶς
421 1068 521 1101 ἀξίους,
534 1069 568 1096 τὰ
583 1071 722 1100 δεινότατα
734 1061 836 1108 aia-cois;-
846 1061 946 1113 ἐγγράλ

159 1108 316 1157 ἱρωςείπών.
327 1111 474 1148 Κεκίνηται
489 1115 543 1149 γὰρ
555 1117 650 1153 νεκρὸν
661 1118 786 1154 ἀκηκοὼς
794 1108 944 1157 ἄνθριοιτον,

158 1152 192 1201 δεῖ
202 1154 231 1180 ὲν
253 1157 309 1188 τοῖς
326 1156 408 1189 ζῶσιν
424 1157 468 1196 ἦν·
497 1163 636 1198 κεκίνηται
664 1152 743 1200 φόνον
763 1152 881 1201 ἀκούσας
900 1152 945 1196 ἐπί

158 1198 248 1250 eam,
263 1202 309 1250 καὶ
324 1203 370 1230 τοῦ
385 1204 441 1240 βίου
457 1207 493 1242 μὴ
508 1198 675 1244 στερηθέντα.
686 1212 732 1237 καὶ
742 1212 789 1248 τὴν
801 1198 944 1250 ἐπιστολὴν

158 1245 369 1283 ἀπεστείλαμεν.

254 1390 285 1416 Οί
297 1391 325 1417 δὲ
336 1393 398 1428 περὶ
409 1392 537 1422 Εὐσέϐιον
551 1397 576 1423 οἱ
591 1397 751 1434 θαυμαστοὶ,
768 1402 812 1429 ἵνα
833 1405 878 1431 καὶ
895 1406 943 1442 τὴν

157 1433 285 1485 αλήθειαν
299 1437 393 1485 καίλτὰ
408 1440 545 1475 γραφέντα
561 1442 633 1470 λύειν
646 1433 770 1480 δόξωσιν,
784 1448 869 1485 ὄνομα
882 1433 943 1478 συν-

156 1478 215 1531 Ῡδου
230 1482 451 1531 σχηματίζονται,
468 1487 514 1513 καὶ
527 1488 557 1514 τὸ
572 1488 652 1525 ἔργον
665 1493 752 1528 αὐτῆς
764 1478 843 1531 ’παρά
864 1496 942 1531 βασι-

156 1524 224 1578 λέως
236 1527 413 1563 λαμϐάνουσι.
432 1532 486 1559 Καὶ
499 1524 646 1570 κόμηςνὲπὶ
663 1524 748 1574 τούτίιι
758 1524 942 1578 καὶιστρατιῶ-

741 188 912 219 APOLOGIA
931 193 1070 222 CONTRA
1087 195 1247 225 ARIANOS.

171 239 266 266 νασθαι
283 241 397 269 κωλύειν
412 243 461 279 τὴν
481 244 536 272 ἀπὸ
551 245 750 283 Ἀλεξανδρείας
764 251 805 283 εἰς
820 251 867 287 τὴν
883 253 961 280 Κων-

1737 205 1789 232 266

976 257 998 286 Α
1014 256 1119 285 nasium
1147 259 1358 295 calumniantur,
1377 269 1428 289 non
1454 263 1523 290 ultra
1544 264 1576 292 de
1597 265 1709 299 objectis
1728 273 1742 292 a
1760 273 1789 294 se

1010 301 1073 336 Tyri
1090 303 1265 339 criminibus;
1277 306 1323 334 sed
1335 306 1367 334 de
1379 306 1504 336 frumenti
1521 310 1684 345 naviumque
1695 311 1788 339 deten-

1009 347 1090 381 tione,
1107 349 1184 384 quasi
1200 351 1303 379 scilicet
1319 352 1483 382 Athanasius
1504 355 1621 383 minatus
1636 356 1739 390 luisset,
1759 365 1788 385 se

1007 400 1184 422 commeatum
1206 397 1367 425 Alexandria
1398 399 1656 436 Constantinopolim
1680 410 1786 431 euntem

1007 438 1137 474 impedire
1151 449 1240 476 posse.
1260 443 1321 471 "me
1341 445 1451 480 quidam
1474 454 1508 474 ex
1531 449 1631 476 nostris
1653 450 1698 484 qui
1716 450 1788 478 intus

1006 493 1068 512 cum
1093 486 1240 517 Athanasio
1263 495 1342 517 erant
1358 491 1521 527 imperalore
1540 493 1681 522 minitante
1696 496 1788 522 audie-

1005 537 1077 559 runt.
1092 533 1191 563 Deinde
1213 543 1272 563 cum
1289 537 1454 566 Athanasius
1466 538 1500 567 de
1518 543 1590 567 tanta
1602 540 1734 568 calumnia
1747 542 1788 568 in-

1004 580 1187 614 gemisceret,
1207 586 1235 608 et
1261 581 1356 610 falsam
1383 583 1455 611 illam
1480 592 1539 612 esse
1564 585 1726 618 aﬂirmaret,
1742 587 1786 621 qui

1003 625 1074 651 enim
1095 626 1136 652 vir
1151 626 1270 660 privatus
1290 633 1317 655 et
1337 628 1415 664 inops
1432 633 1505 657 tanta
1527 630 1616 659 iacere
1635 632 1787 666 potuisset?

1003 669 1132 698 Eusebius
1150 679 1183 698 ne
1202 673 1289 706 palam
1304 674 1411 709 quidem
1425 675 1582 704 calumniari
1599 678 1787 713 recusans,ju-

1003 715 1069 742 ravit
1084 716 1260 745 Athanasium
1290 719 1411 752 divitem,
1429 725 1565 756 potentem
1598 726 1626 749 et
1642 723 1675 749 ad
1696 725 1785 751 omnia

1001 762 1126 790 idoneum
1139 771 1215 797 esse,
1228 769 1257 792 ut
1280 765 1344 793 hinc
1363 767 1526 796 Athanasius
1542 768 1584 796 illa
1594 769 1693 797 dixisse
1709 775 1787 803 puta—

1000 812 1082 836 retur.
1100 809 1145 837 Sic
1162 811 1304 839 venerandi
1319 813 1355 840 illi
1370 813 1485 848 episcopi
1503 815 1588 842 virum
1604 815 1783 844 accusabant:

999 854 1045 882 sed
1057 855 1102 882 Dei
1116 856 1200 890 gratia
1216 857 1241 885 in
1261 858 1313 885 hoe
1328 860 1432 894 negotio
1447 860 1506 895 plus
1530 861 1611 888 valuit
1626 869 1705 896 quam
1726 862 1785 889 illo—

1000 909 1058 928 rum
1075 902 1226 937 malignitas
1242 913 1249 930 :
1265 904 1434 939 imperatoris
1452 907 1521 934 enim
1536 907 1662 942 pietatem
1678 908 1710 935 ad
1731 908 1785 935 cle-

999 948 1124 975 mentiam
1144 949 1297 982 inclinavit.
1315 955 1343 977 ut
1358 958 1406 985 pro
1426 956 1512 979 morte
1533 951 1656 980 exsilium
1681 953 1784 988 irroga-

999 996 1048 1020 ret.
1068 992 1130 1021 Hec
1149 993 1230 1028 igitur
1252 994 1317 1023 solis
1346 1003 1438 1023 eorum
1461 996 1603 1024 calumniis
1625 997 1783 1025 ascribenda

997 1044 1068 1067 sunt.
1099 1040 1246 1075 imperator
1268 1042 1399 1076 siquidem
1431 1043 1566 1078 prioribus
1594 1045 1701 1079 scriptis
1726 1046 1783 1073 suis

997 1092 1089 1112 eorum
1107 1085 1257 1114 calumnias
1273 1087 1418 1122 redarguit,
1434 1087 1546 1115 insidias
1561 1089 1718 1117 criminatds
1729 1096 1780 1124 est,

996 1130 1206 1166 Mcletianosque
1218 1124 1363 1164 damnavit,
1374 1140 1442 1167 quos
1453 1133 1582 1167 nefarios,
1591 1136 1780 1168 exsccrandos,

995 1181 1019 1203 et
1034 1176 1202 1211 gravissimis
1217 1177 1268 1205 illis
1291 1178 1456 1211 nominibus,
1473 1179 1570 1207 litteris
1590 1180 1645 1208 suis
1661 1180 1780 1215 appella-

995 1223 1059 1250 bat:
1074 1223 1180 1258 indigne
1188 1223 1286 1259 quippe
1300 1224 1359 1252 tulit
1370 1224 1418 1252 viri
1437 1233 1527 1253 necem
1542 1225 1673 1260 objectam
1687 1227 1780 1260 fuisse,

994 1269 1076 1302 quiin
1089 1269 1157 1296 vivis
1180 1274 1260 1301 esset,
1275 1275 1480 1307 commotusquc
1495 1276 1535 1299 est
1547 1271 1717 1300 homicidium
1733 1280 1781 1300 au-

994 1313 1072 1341 diens
1097 1313 1155 1348 ejus
1181 1314 1227 1349 qui
1253 1314 1366 1348 viveret,
1389 1320 1417 1343 et
1437 1321 1572 1351 superstes
1593 1322 1664 1345 esset
1703 1318 1780 1353 cujus

994 1359 1135 1394 epistolam
1151 1360 1185 1387 ad
1203 1367 1250 1388 vos
1264 1361 1397 1388 misimus.

1030 1406 1074 1432 10.
1095 1405 1241 1434 Eusabiani
1260 1411 1349 1434 autem
1363 1407 1513 1436 admirandi
1529 1408 1567 1436 illi
1582 1409 1631 1437 viri
1649 1413 1679 1437 ut
1695 1414 1720 1437 et
1733 1417 1779 1438 ve-

993 1451 1099 1478 ritatem
1125 1455 1153 1478 et
1177 1450 1279 1479 litteras
1289 1452 1397 1480 abolere
1411 1453 1561 1487 videantur,
1572 1462 1668 1482 nomen
1683 1456 1777 1490 synodi

993 1501 1154 1530 praetexunt,
1166 1497 1276 1533 ejusque
1286 1498 1352 1525 Acta
1373 1497 1407 1526 ab
1424 1498 1585 1533 imperalore
1611 1505 1776 1528 mutuantur.

992 1542 1031 1569 Ad
1049 1542 1099 1569 hoc
1113 1543 1211 1578 negotii
1234 1550 1325 1570 comes
1347 1543 1449 1576 aderat,
1471 1544 1621 1580 militesque
1639 1546 1777 1581 episcopo-

155 1579 199 1598 ται
210 1572 351 1627 δρρυφόροι
361 1576 414 1603 τῶν
422 1578 586 1614 ἐπισκόπων,
599 1583 645 1609 καὶ
653 1572 779 1618 βασιλικὰ
791 1572 941 1624 γράξιματα

994 1596 1050 1615 rnm
1064 1572 1202 1620 satellites,
1216 1593 1243 1616 et
1259 1588 1438 1623 imperatoriae
1450 1572 1624 1625 litter:e,qu:e
1639 1598 1706 1626 quos
1725 1592 1776 1626 ipsi

156 1618 303 1653 συνελθεῖν,
323 1621 370 1653 οὓς
382 1623 485 1659 ᾔτησαν
501 1626 733 1662 ἑπαναγκάζοντα.
909 1637 940 1663 τὸ

156 1663 305 1714 ἰταράδοςον
315 1665 365 1714 τῆς
388 1668 533 1706 ἐπιϐουλῆς
541 1672 630 1700 αὐτῶν
645 1674 825 1712 ἐνθυμήθητε,
838 1678 884 1705 καὶ
893 1679 941 1714 τὴν

155 1708 312 1743 ἀνωμαλίαν
324 1712 378 1739 τῶν
397 1713 579 1752 τολμωμένων
592 1719 692 1752 αὐτοῖς,
709 1708 752 1748 ίνα
768 1708 828 1750 ἑθεν
843 1708 941 1759 δήποτε

155 1755 237 1803 παντὶ
249 1757 342 1803 τρόιιτῳ
352 1759 401 1803 τὸν
417 1761 560 1798 ἄνθρωπον
577 1764 607 1797 ἐξ
621 1766 698 1801 ἡμῶν
712 1755 883 1803 ἁρπάσωσιν.
909 1771 941 1797 Εἰ

156 1798 206 1848 pta
230 1799 285 1836 γὰρ
307 1801 458 1838 ἐπέτρεπον
486 1806 592 1839 ἑαυτοῖς
619 1798 667 1845 τὴν
683 1798 772 1847 κρίσιν
788 1813 878 1848 μόνοις
903 1815 942 1846 ὡς

153 1845 306 1896 intuma-oc,
334 1849 376 1881 τίς
405 1851 524 1886 κόμητος
548 1855 595 1880 καὶ
620 1845 794 1892 στρατιωτῶν
815 1845 940 1896 χρεία;ἧ

293 1893 441 1929 βασιλικοῖς
453 1899 599 1934 συνήγοντο
614 1890 790 1938 γρᾶμμασιν;
852 1906 880 1932 δὲ
893 1890 942 1941 pe;

155 1937 248 1986 σιλέως
258 1939 372 1971 ἐδέοντο.
391 1943 437 1969 καὶ
451 1945 606 1980 παράὑτοῦ
617 1947 648 1974 τὸ
655 1937 738 1984 κῦρος
748 1949 819 1985 ἔχειν
836 1937 939 1986 ἤθελον,

153 1983 198 2011 διὰ
212 1985 239 2012 τί
252 1986 301 2022 τὴν
326 1989 417 2023 κρίσιν
439 1991 520 2017 αὑτοῦ
540 1993 675 2028 παρέλυον
684 1983 697 2028 ;V
711 1995 746 2021 Ἣ
763 1983 820 2029 λιτῶς
835 1983 939 2024 ἐκείνου

152 2030 215 2077 τοὺς
229 2031 278 2066 μὲν
296 2033 473 2068 Μελιτιανοὺς
486 2038 664 2072 συκοφάντας,
688 2040 842 2077 ἀθεμίτους,
861 2044 940 2071 Ἀθαο

151 2076 243 2122 νασιον
252 2078 280 2104 δὲ
296 2080 489 2117 καθαρώτατον
505 2083 538 2109 δι’
556 2081 593 2111 ὧν
604 2084 705 2121 ἔγραψε
719 2087 870 2122 κρίναντος,
893 2089 939 2116 καὶ

150 2120 196 2147 τὸν
219 2122 296 2156 φόνον
323 2125 557 2161 ὲκτραγῳδοῦντος
582 2128 628 2155 τὸν
654 2131 699 2156 ἐπὶ
722 2130 760 2166 τῷ
784 2131 864 2164 ζῶντι
888 2142 937 2159 πε-

150 2166 314 2203 πλασμένον,
324 2165 396 2197 οὗτοι
412 2171 459 2198 καὶ
468 2172 643 2205 Μελιτιανοὺς
655 2174 805 2210 ἀληθεύειν,
815 2177 938 2204 κάκεῖνον

151 2213 300 2241 ὑπεύθυνον
319 2213 390 2242 εἷναι
404 2216 576 2253 διωρίζοντο;
595 2219 642 2246 καὶ
657 2220 694 2256 μὴ
715 2222 878 2258 αἰδούμενοι,
891 2223 937 2250 τὸν

993 1632 1159 1667 postularant
1174 1632 1236 1660 illuc
1250 1633 1395 1660 convenire
1403 1633 1603 1669 compellerent.
1622 1634 1680 1663 Jam
1699 1636 1775 1668 mihi,

992 1685 1092 1711 quaeso,
1116 1678 1286 1706 incredibiles
1309 1685 1401 1706 eorum
1436 1679 1549 1708 insidias
1571 1679 1776 1716 iacinornmque

992 1723 1229 1758 intequabilitatem
1258 1725 1486 1758 animadvertite;
1509 1731 1538 1753 ut
1554 1727 1647 1761 quavis
1671 1727 1776 1755 ratione

992 1770 1068 1797 nobis
1086 1770 1221 1797 hominem
1236 1778 1346 1805 prorsus
1357 1771 1501 1805 abripiant.
1517 1771 1544 1799 Si
1556 1771 1628 1798 enim
1643 1772 1694 1799 sibi
1708 1773 1776 1800 dun.-

992 1819 1077 1847 laxat,
1090 1819 1182 1849 utpote
1197 1815 1330 1850 episcopis
1343 1815 1473 1849 judicium
1492 1816 1679 1851 permisissent
1689 1837 1696 1848 ,
1711 1817 1775 1852 quid

991 1867 1057 1894 opus
1069 1860 1169 1888 comite
1185 1865 1213 1888 et
1235 1861 1366 1888 militibus
1380 1861 1392 1888 ?
1411 1865 1457 1888 aut
1477 1869 1526 1888 cur
1543 1862 1720 1896 imperatoriis
1735 1863 1776 1890 di-

991 1906 1152 1940 plomatibus
1184 1907 1210 1934 in
1229 1914 1310 1934 unum
1322 1907 1408 1934 coacti
1424 1912 1486 1935 sunt
1498 1908 1510 1934 ἲ
1522 1907 1597 1941 Quod
1614 1908 1635 1935 si
1659 1908 1774 1942 impera-

992 1955 1049 1978 tore
1071 1951 1243 1985 indigebant,
1260 1956 1288 1979 et
1314 1952 1349 1979 ab
1371 1952 1416 1980 illo
1437 1954 1624 1981 auctoritatem
1652 1954 1774 1988 accipere

991 1997 1144 2031 cupiebant,
1155 2005 1203 2024 cur
1222 1997 1281 2033 ejus
1299 1997 1430 2032 judicium
1450 1999 1558 2026 irritum
1572 1999 1681 2027 fecere?
1696 1999 1773 2035 105

990 2041 1044 2068 Aut
1059 2048 1109 2069 cur
1120 2049 1180 2069 cum
1195 2042 1239 2069 ille
1251 2042 1348 2070 litteris
1365 2043 1421 2071 suis
1437 2043 1606 2078 Meletianos,
1622 2046 1773 2081 sycophan-

991 2091 1043 2119 tas,
1068 2086 1202 2120 nel'arios,
1224 2087 1400 2116 Athanasium
1427 2096 1491 2117 vero
1524 2089 1773 2118 innocentissimum

986 2132 1124 2167 iudicarit,
1143 2137 1170 2160 et
1185 2133 1327 2161 confictam
1341 2135 1440 2162 caedem
1454 2135 1504 2163 viri
1516 2136 1662 2163 etiamnum
1678 2137 1772 2164 viven—

990 2179 1035 2211 tis,
1053 2179 1227 2207 vehementer
1244 2179 1325 2207 fuerit
1351 2181 1525 2215 insectatus;
1548 2182 1592 2209 isti
1616 2182 1772 2209 Meletianos

989 2230 1054 2251 vera
1069 2224 1171 2256 dicere,
1186 2225 1419 2261 Athanasiumque
1437 2233 1511 2253 reum
1537 2233 1598 2254 esse
1614 2226 1744 2254 deﬁniere
1759 2227 1772 2254 3

150 2258 240 2290 ζῶντα
255 2261 349 2296 νεκρὸν
371 2263 495 2295 ὲποίουν;
514 2264 604 2296 ζῶντα
630 2267 677 2293 καὶ
694 2267 764 2302 μετὰ
777 2269 825 2304 τὴν
847 2270 936 2304 κρίσιν

994 2276 1022 2296 ac
1039 2269 1104 2296 nihil
1129 2269 1256 2302 reveriti,
1273 2269 1407 2298 viventem
1427 2271 1562 2298 hominem
1581 2276 1714 2298 mortuum
1734 2271 1772 2298 si-

149 2303 195 2330 τοῦ
225 2305 364 2340 βασιλέως,
382 2308 428 2334 καὶ
451 2309 495 2336 ὅτε
510 2311 651 2347 συνῄεσαν,
670 2313 716 2339 καὶ
731 2313 795 2349 ἄχρι
813 2314 861 2341 νῦν
887 2315 936 2342 σὺν

149 2351 214 2386 ἡμῖν
225 2352 299 2379 ὄντα.
309 2353 401 2382 Ταῦτα
411 2356 458 2391 μὲν
476 2357 539 2392 περὶ
557 2354 705 2394 ’Ᾰρσενίου.

184 2439 226 2466 Η.
246 2441 379 2478 Ποτήριον
393 2444 421 2471 δὲ
439 2447 580 2480 μυστικὸν,
599 2449 684 2481 ποῖον,
705 2449 786 2485 ἥποῦ
799 2451 933 2485 κατεαγὲν

148 2485 223 2534 παρα
243 2487 402 2524 Μακαρίου;
420 2491 498 2518 τοῦτο
515 2493 568 2528 γὰρ
587 2493 642 2521 ἄνω
658 2494 704 2521 καὶ
725 2495 800 2523 κάτω
815 2498 933 2534 περιιόν-

146 2538 191 2562 τες
205 2531 341 2567 θρυλοῦσι.
356 2535 452 2564 Καίτοι
476 2538 632 2566 Ἀθανάσιον
656 2540 705 2575 μὲν
725 2540 784 2567 οὐδὲ
814 2543 838 2568 oi
852 2531 858 2534 ν
869 2552 935 2570 κατ-

147 2577 241 2624 ηγοροι
256 2580 457 2624 τετολμήκασιν
478 2585 661 2618 αἰτιάσασθαι,
678 2587 702 2613 εἰ
719 2587 755 2623 μὴ
768 2589 832 2624 παρ’
845 2589 936 2617 αὐτῶν

147 2620 336 2660 ὐπεΰλήθησαν
350 2634 356 2641 ·
372 2626 429 2653 ἀλλ’
439 2628 513 2663 ὅμως
527 2629 603 2657 αὐτοὶ
617 2631 648 2657 τὸ
658 2620 734 2664 τέλος
742 2620 791 2668 τῆς
806 2620 936 2670 μέμψεως

181 2734 238 2776 (ii)
252 2735 376 2776 Episcopi
395 2746 506 2776 numero
520 2740 639 2775 quinque
654 2742 722 2770 infra
747 2744 932 2776 nominantur.

145 2770 190 2807 qui
207 2770 377 2800 Constantini
408 2774 433 2800 in
458 2770 634 2803 Athanasium
664 2777 712 2805 ine
734 2783 817 2806 testes
844 2770 930 2807 fuere:

145 2806 334 2865 Sd‘amantius.
352 2808 487 2842 Anubion,
506 2811 714 2843 Agathammon.
729 2806 932 2848 Arbethion,’et

165 2847 181 2866 ο
195 2848 249 2868 rns.

180 2874 237 2919 (12)
268 2876 313 2904 Sic
347 2877 412 2912 Reg.
448 2885 475 2907 et
503 2880 584 2908 Basil.
611 2879 702 2915 Editi,
731 2891 794 2912 vero
815 2884 929 2919 γεγένη-

143 2917 198 2936 ται.

989 2314 1208 2349 mularuntzqui
1232 2319 1259 2342 et
1285 2320 1346 2350 post
1370 2315 1539 2350 imperatoris
1564 2315 1722 2348 decretum,
1744 2321 1772 2344 et

989 2367 1042 2393 quo
1054 2365 1172 2395 tempore
1182 2360 1219 2388 illi
1232 2361 1437 2394 conveniebant,
1452 2366 1480 2389 et
1492 2362 1619 2389 hactenus
1632 2361 1770 2390 nobiscum

986 2405 1012 2432 in
1026 2405 1095 2432 vivis
1106 2410 1156 2433 est.
1167 2405 1230 2433 Haec
1250 2406 1358 2441 quidem
1372 2406 1404 2434 de
1418 2407 1540 2434 Arsenlo.

1021 2451 1066 2478 Η.
1085 2451 1213 2479 Pocnlum
1229 2457 1319 2479 autem
1334 2453 1587 2487 mysticum,quale,
1601 2457 1647 2480 aut
1661 2453 1769 2481 ubinam

983 2502 999 2523 a
1015 2496 1134 2524 Macario
1150 2495 1321 2524 confractum
1336 2501 1377 2525 est
1389 2498 1462 2525 ‘lhoc
1480 2498 1551 2525 enim
1571 2505 1676 2526 sursum
1692 2499 1770 2526 deor-

984 2549 1044 2570 sum
1059 2542 1258 2570 circumeuntes
1278 2543 1415 2576 iactitant.
1435 2543 1511 2571 Licet
1532 2543 1719 2578 Athanasium,
1736 2552 1770 2572 ne

984 2591 1159 2614 accusatores
1178 2587 1286 2621 quidem
1311 2588 1469 2616 insimulare
1500 2589 1557 2616 ausi
1585 2583 1695 2621 essent,
1715 2590 1769 2617 nisi

985 2631 1088 2660 abillis
1105 2633 1230 2661 Submissi
1255 2633 1380 2662 fuissent.
1398 2635 1525 2662 Attamen
1545 2634 1667 2664 criminis
1689 2635 1769 2671 hujus

1025 2745 1082 2808 (15g
1092 2745 1129 2773 ita
1141 2747 1206 2782 Reg.
1215 2755 1294 2782 quem
1302 2749 1451 2783 sequimur.
1461 2749 1510 2776 Alii
1520 2757 1580 2777 cum
1588 2750 1706 2784 Editis,6
1717 2750 1768 2786 μὲν

1025 2790 1043 2808 I.
1085 2781 1182 2808 nistola
1196 2790 1259 2808 vero
1278 2783 1447 2808 Constantini
1464 2785 1495 2808 ad
1516 2785 1701 2808 ΛιΙιαιιιιεῙιιιιιΔ
1715 2794 1766 2808 mm

984 2776 1259 2820 06v._Epistola"ve'ro
1278 2776 1447 2820 genistantini
1464 2785 1495 2811 ad
1515 2776 1767 2820 Athanasium,

983 2817 1072 2853 se,_de
1085 2817 1227 2853 calumniis
1238 2818 1336 2853 quibus
1348 2818 1527 2847 Athanasium
1547 2817 1766 2848 Eusebianiicum

982 2850 1136 2889 blcletianis
1148 2850 1350 2889 impetiverant,
1364 2854 1508 2882 certiorem
1526 2855 1624 2882 factum
1641 2860 1766 2889 testatur,

983 2886 1054 2913 infra
1068 2887 1182 2914 habetur
1196 2895 1203 2913 :
1221 2888 1265 2915 ubi
1282 2889 1364 2916 etiam
1376 2890 1520 2918 conﬁctam
1540 2892 1647 2918 Arscnii
1672 2886 1765 2919 neccni

983 2922 1158 2949 vehementer
1173 2923 1289 2958 exagitat
1302 2924 1460 2959 imperator.
