2031 3048
251 170 303 198 ΞϐΊ

530 168 559 196 S.
581 167 767 195 ATHANASII
788 167 864 196 OPP.
885 167 974 195 PARS
993 167 1014 194 l.
1034 183 1066 189 —-
1088 165 1272 194 HIS'l‘ORlCA
1292 166 1336 193 ET
1352 165 1560 194 DOGMATICA.

1811 163 1868 192 288

249 238 382 258 summam
407 230 433 257 in
453 230 628 258 Athanasium
655 230 775 257 rel‘crunt
791 229 860 264 quod
877 236 910 256 ne
925 228 1029 262 quidem

1084 228 1126 254 ἐπ’
1143 228 1224 255 αὐτὸν
1249 226 1304 263 (14)
1326 227 1452 260 ἄγουσινι
1479 225 1494 251 δ
1517 225 1582 260 μηδὲ
1598 224 1644 250 hri.
1656 223 1798 259 Μακάρων
1814 222 1868 249 [Bst

248 275 376 308 Macario,
391 275 487 309 quippe
503 276 549 310 qui
570 275 711 302 convictus
740 282 792 302 non
816 278 867 305 est,
882 274 931 301 fuit
946 273 1032 307 impu«

249 321 368 348 tandum.
391 319 446 347 Nec
468 321 548 354 pudet
571 328 616 348 eos
646 328 738 348 coram
756 319 975 352 catcchumenis,
994 324 1032 352 et,

247 367 318 400 quod
335 366 409 400 pejus
430 357 594 399 est,‘coram
615 367 731 394 ethnicis
750 366 877 402 mysteria
902 366 959 393 haec
978 369 1032 392 tra-

247 412 346 439 ducere
364 421 370 439 :
389 420 450 440 cum
477 418 610 446 oporteat,
633 417 662 439 ut
686 413 817 447 scriptum
844 417 908 444 est,
936 411 1032 439 Sacra-

247 462 359 484 mentum
382 458 447 493 regis
461 458 618 485 abscondere
630 459 653 474 ⁷³
666 466 676 490 ;
689 463 716 485 et
735 463 764 486 ut
783 457 911 485 Dominus
932 464 1033 491 praece-

247 503 285 537 pit
306 501 418 530 :Nolite
441 509 532 531 sancta
560 504 624 530 dare
647 504 765 535 canibus,
782 511 862 539 neque
883 502 1031 537 proﬁciatis

246 549 402 583 margaritas
417 554 477 576 ante
490 557 581 582 parcos
593 549 627 576 “.
644 548 728 576 Nefas
749 549 820 576 enim
843 553 884 575 est
903 548 1031 583 mysteria

246 595 316 628 apud
335 603 386 622 non
412 595 534 622 initiatos
558 596 716 627 traducere,
737 601 770 622 ne
796 593 897 621 ethnici
923 593 1030 628 quidem

246 639 341 665 horum
360 639 617 672 ignari,irrideant;
635 638 836 666 cathechumeni
858 646 921 666 vero
936 639 969 665 ad
983 645 1031 664 cu-

246 684 393 711 riositatem
411 685 516 711 deducti
541 684 764 712 scandalizentur.
783 684 834 711 Sed
850 688 937 710 tamen
948 683 1032 718 quod-

245 736 306 756 nam
323 730 447 764 poculum
459 751 467 762 ,
485 730 606 763 ubinam,
623 737 650 758 et
678 730 748 765 apud
770 737 901 765 quosnam
922 729 1030 757 confra-

244 779 317 801 ctum
329 780 371 802 est
385 775 544 804 ?-Meletiaui
560 777 631 803 enim
646 781 708 803 sunt
719 775 765 811 qui
777 779 916 806 accusant,
931 775 1029 810 quibus

245 821 317 848 nulla
333 821 399 849 fides
411 821 543 854 habenda,
561 826 653 856 utpote
664 822 710 857 qui
729 829 782 849 non
792 821 848 856 jam
863 821 948 849 solum
958 843 966 855 ,
983 822 1030 849 sed

244 875 259 893 a
278 872 399 901 tempore
420 867 490 894 beati
514 866 586 894 Petri
609 867 728 902 episcopi
746 872 774 894 et
794 867 938 902 martyris,
959 867 1030 894 schi-

244 913 350 941 smatici
365 913 465 941 fuerint
478 919 506 941 et
525 914 649 941 Ecclesiae
669 913 788 947 inimici;
808 914 854 948 qui
878 913 928 948 ipsi
946 913 1026 942 Petro

245 959 374 991 insidiati,
382 960 514 987 Achillam
524 959 580 993 ejus
591 966 773 987 successorem
782 959 938 987 calumniati
947 963 1010 987 sunt
1019 979 1027 991 ,

244 1011 272 1032 et
290 1005 470 1033 Alexandrum
492 1005 562 1041 apud
588 1005 673 1040 ipsum
696 1005 887 1039 imperatorem
914 1012 1027 1033 accusa-

245 1055 318 1076 runt.
338 1049 482 1084 Postquam
494 1050 566 1076 enim
579 1049 642 1076 talia
654 1049 739 1076 moliti
759 1054 832 1081 sunt,
848 1049 1028 1077 Athanasium

245 1095 353 1122 tandem
370 1095 469 1128 adorti,
488 1095 556 1122 nihil
568 1100 651 1130 agunt
666 1103 681 1122 a
696 1103 743 1123 sua
768 1095 941 1130 improbitate
961 1095 1026 1123 alie-

245 1147 308 1166 num
328 1145 377 1167 :ut
389 1140 460 1167 enim
486 1140 512 1167 in
541 1141 697 1169 decessores
714 1140 783 1176 ejus,
801 1141 840 1168 sic
855 1146 882 1168 et
906 1141 932 1168 in
954 1141 1028 1169 illum

245 1185 393 1214 calumnias
424 1191 592 1217 struxerunt.
617 1186 669 1214 Sed
692 1187 718 1214 in
746 1187 890 1222 praesenti,
916 1192 944 1215 et
971 1195 1024 1214 non

245 1232 372 1265 antehac,
382 1239 475 1260 eorum
490 1233 631 1263 calumnia!
642 1237 670 1260 et
683 1233 896 1261 obtrectationes
910 1233 1029 1261 involuc-

244 1285 274 1305 re
290 1287 297 1305 :
311 1278 374 1312 quia
390 1278 535 1308 Eusebium
556 1282 583 1307 et
598 1279 687 1306 socios
705 1278 839 1307 scelerum
861 1278 984 1306 conscios
998 1284 1026 1307 et

245 1328 373 1359 patronos
393 1324 464 1351 nacti
485 1328 558 1351 sunt.
575 1324 624 1358 Qui
643 1328 671 1351 ut
687 1324 794 1352 Arianae
807 1324 952 1358 impietatis
967 1332 1028 1359 gra-

246 1371 284 1399 tia
301 1370 368 1398 alias
386 1375 479 1397 contra
504 1369 601 1397 multos
623 1370 775 1405 episcopos,
791 1371 830 1398 sic
852 1370 910 1404 jam
934 1376 1028 1399 contra

244 1415 420 1443 Athanasium
442 1415 552 1443 insidias
577 1420 710 1443 struxere.
730 1415 835 1443 Etenim
854 1417 927 1444 locus
941 1417 985 1445 ille
1002 1417 1029 1444 ir.

245 1469 299 1497 quo
318 1461 433 1489 fractum
446 1469 505 1489 esse
519 1462 642 1497 poculum
657 1462 800 1495 aiunt,non
819 1468 877 1490 erat
894 1463 1006 1491 ecclesia
1019 1473 1027 1496 ;

245 1508 385 1543 presbyter
404 1515 455 1535 non
474 1513 533 1535 erat
547 1507 592 1542 qui
609 1508 636 1535 in
648 1507 693 1535 illo
706 1508 766 1536 loco
789 1508 928 1537 habitabat
946 1517 954 1536 :
971 1509 1028 1537 dies

1084 274 1192 308 χωρεῖν,
1208 273 1257 299 οὒκ
1272 271 1442 306 ἐλεγχθέντα.
1456 271 1510 298 Καὶ
1525 271 1574 296 οὐκ
1595 269 1767 304 αἰσχύνονται
1783 267 1869 295 ταῦτα

1082 321 1128 347 ἐπὶ
1142 320 1362 356 κατηχουμὲνων,
1377 318 1424 345 καὶ
1434 318 1464 344 τό
1473 326 1504 352 γε
1516 318 1659 353 χείριστον,
1677 316 1723 342 ἐπὶ
1736 315 1870 351 Ἐλλήνων

1081 366 1285 402 τραγῳδοῦντες
1307 365 1341 392 τὰ
1362 365 1518 400 μυστήρια’
1542 363 1617 394 δέον,
1645 363 1682 394 ὠς
1703 361 1867 396 γέγραπται,

1082 412 1256 447 Μυστήριον
1268 411 1422 444 ,βασιλέως
1445 409 1541 437 καλὸν
1564 410 1706 443 κρύπτειν
1716 416 1722 424 ·
1743 408 1791 434 καὶ
1804 407 1840 438 ὡς
1855 407 1869 433 ό

1082 459 1183 495 Κύριος
1199 457 1382 494 παρήγγειλε·
1399 455 1448 489 Μὴ
1464 455 1537 482 δῶτε
1554 455 1590 482 τὰ
1610 454 1678 489 ἅγια
1697 453 1760 486 τοῖς
1779 453 1848 480 κυσὶ
1859 473 1866 485 ,

1079 506 1156 541 μηδὲ
1160 504 1278 538 βάλητε
1291 504 1362 536 τοὺς
1371 502 1554 538 μαργαρίτας
1566 502 1735 536 ἔμπροσθεν
1742 498 1800 526 τῶν
1807 499 1869 533 χοί-

1078 559 1149 584 ρων.
1177 550 1214 576 Οὐ
1234 550 1287 585 χρὴ
1313 548 1367 583 γὰρ
1390 548 1424 574 τὰ
1452 548 1588 582 μυστήρια
1624 546 1756 581 ἀμυήτοις
1787 553 1870 580 τραγ.

1080 596 1167 631 ῳδεῖν,
1183 596 1226 622 ἴνα
1238 596 1276 630 μὴ
1293 594 1422 629 ’Έλληνες
1435 594 1483 629 μὲν
1494 592 1652 627 ἀγνοοῦντες
1672 591 1783 626 γελῶσι,
1806 599 1870 617 κατ-

1081 642 1226 677 ηχούμενοι
1250 641 1290 672 δὲ,
1303 640 1443 676 περίεργοι
1455 639 1613 674 γενόμενοι,
1630 637 1868 669 σκανδαλίζωνται.

1088 687 1166 714 Ἀλλὰ
1180 687 1227 713 καὶ
1240 687 1314 722 ὅμως
1327 687 1403 712 ποῖον
1419 685 1436 720 ἢ
1458 684 1520 716 ποῦ,
1537 685 1554 719 ἢ
1569 684 1643 719 παρὰ
1664 683 1718 710 τίσι
1736 682 1869 716 κατεαγὲν

1081 733 1226 767 ποτήριον;
1242 731 1399 758 Μελιτιανοι
1419 729 1468 765 μὲν
1486 729 1539 765 γάρ
1554 731 1622 756 εἰσιν
1642 731 1665 756 οἱ
1687 728 1871 764 κατηγοροῦν-

1080 787 1125 810 τες
1139 777 1251 804 καθόλου
1270 776 1442 803 πιστεύεσθαι
1458 776 1494 812 μὴ
1510 775 1672 810 ὀφείλοντες.
1691 774 1870 811 Σχισματικοὶ

1080 822 1134 858 γὰρ
1150 823 1197 849 καὶ
1216 822 1308 857 ἐχθροὶ
1329 823 1377 857 τῆς
1401 820 1564 856 Ἐκκλησίας
1582 820 1735 854 γεγόνασιν,
1762 819 1792 846 οὑ
1809 819 1868 851 νῦν,

1081 869 1137 896 ἀλλ’
1151 868 1205 895 ἀπὸ
1216 868 1263 894 τοῦ
1279 867 1413 903 μακαρίου
1434 867 1550 912 Πέτροῇ
1570 866 1719 893 ἐπισκόπου
1736 866 1782 892 καὶ
1800 865 1870 901 μάρ-

1079 923 1160 950 τυρος
1177 914 1338 948 γενομένου·
1355 913 1379 939 οἱ
1395 913 1442 939 καὶ
1456 912 1529 948 αὺτῷ
1548 912 1643 948 Πέτρῳ
1665 911 1871 938 ἐπιϐουλεύσαν-

1078 968 1133 992 τες,
1145 960 1192 986 καὶ
1212 959 1336 994 Ἀχιλλᾶν
1358 959 1412 994 (15)
1432 958 1478 985 τδν
1491 959 1550 994 μετ’
1565 959 1666 985 ὲκεῖνον
1683 957 1869 990 διαϐαλόντες,

1081 1005 1129 1030 καὶ
1147 1003 1321 1038 Ἀλεξάνδρου
1346 1003 1584 1038 κατηγορήσαντες
1602 1003 1698 1039 μέχρις
1722 1001 1803 1029 αὐτοῦ
1822 1002 1869 1029 τοῦ

1079 1049 1220 1084 βασιλέως.
1242 1048 1320 1075 Οὕτω
1341 1048 1395 1084 γὰρ
1420 1048 1453 1084 δὴ
1475 1048 1681 1084 μελετήσαντες,
1708 1047 1800 1074 λοιπὸν
1823 1047 1870 1074 καὶ

1079 1096 1119 1128 είς
1142 1094 1298 1122 Ἀϐανάσιον
1322 1093 1460 1129 διέϐησαν,
1485 1094 1562 1120 οὐδὲν
1584 1093 1658 1126 ξένον
1673 1094 1722 1129 τῆς
1737 1093 1870 1128 πονηρίας

1079 1142 1183 1169 ἑαυτῶν
1202 1141 1357 1174 ποιοὖντες·
1373 1142 1421 1168 καὶ
1439 1141 1493 1177 γὰρ
1516 1140 1610 1176 ὥσπερ
1626 1140 1688 1172 τοὺς
1704 1139 1756 1176 πρὸ
1775 1139 1869 1172 αὑτοῦ,

1078 1190 1149 1216 οὓτω
1173 1190 1220 1216 καὶ
1240 1189 1336 1216 τοῦτον
1362 1187 1592 1223 ὲσυκοφάντησαν.
1626 1186 1705 1213 Ἀλλὰ
1723 1185 1770 1213 νῦν
1782 1185 1871 1212 αὐτῶν

1079 1235 1126 1263 καὶ
1135 1235 1166 1261 οὐ
1179 1235 1310 1270 πρότερον
1324 1234 1340 1269 ή
1352 1232 1518 1268 συκοφαντία
1532 1233 1578 1259 καὶ
1593 1232 1620 1258 αἱ
1632 1231 1752 1258 διαϐολαὶ
1770 1239 1870 1266 κεκρα-

1078 1281 1210 1317 τήκασινσ
1236 1281 1277 1307 ὅτι
1305 1281 1367 1312 τοὺς
1384 1280 1447 1315 περὶ
1471 1278 1598 1305 Εὐσέϐιον
1622 1278 1699 1312 ἔσχον
1723 1277 1870 1313 συνεργοὺς

1079 1327 1126 1352 καὶ
1144 1326 1299 1361 προστάτας
1316 1325 1361 1352 διὰ
1373 1324 1421 1361 τὴν
1434 1324 1536 1351 οίκείαν
1547 1323 1673 1351 ἀσέϐειαν
1691 1323 1745 1350 τῶν
1764 1324 1868 1358 Ἀρειο-

1080 1372 1209 1407 μανιτῶν,
1222 1371 1255 1398 δι’
1271 1371 1304 1406 ἥν
1316 1370 1409 1406 ὥσπερ
1425 1369 1530 1402 πολλοῖς
1551 1369 1722 1401 ἐπισκόποις,
1739 1368 1809 1396 οὕτω
1822 1369 1871 1395 καὶ

1085 1417 1236 1453 ’Δῠανασίῳ
1250 1416 1493 1444 συνεσκευάσαντο.
1509 1416 1564 1443 Καὶ
1576 1416 1630 1451 γὰρ
1641 1417 1655 1442 ό
1672 1415 1753 1447 τόπος
1766 1415 1870 1445 ἐκεῖνος

1079 1464 1108 1491 ὲν
1118 1459 1140 1496 ᾧ
1154 1462 1302 1490 κεκλᾶσθαι
1313 1462 1343 1489 τὸ
1355 1462 1483 1498 ποτήριόν
1499 1470 1591 1497 φησιν,
1605 1462 1655 1488 οὐκ
1677 1458 1710 1496 ἦν
1727 1459 1869 1494 ἐκκλησίαο

1079 1508 1264 1545 πρεσϐύτερος
1279 1507 1329 1535 οὐκ
1338 1505 1371 1543 ἦν
1385 1509 1400 1535 ό
1411 1508 1457 1535 τὸν
1473 1507 1555 1534 τόπον
1570 1507 1708 1542 παροικῶν
1722 1506 1788 1543 (16)·
1803 1508 1873 1543 ἠμέ-

246 1562 298 1588 qua
314 1554 340 1581 id
351 1553 448 1582 feciSse
462 1553 608 1582 Macariutn
622 1554 725 1586 volunt,
739 1562 791 1583 non
804 1560 863 1583 erat
877 1554 1025 1583 Dominica.

1081 1564 1126 1590 ρα,
1143 1554 1203 1581 καθ’
1216 1554 1250 1589 ἢν
1263 1553 1404 1590 Μακάριον
1421 1554 1500 1581 τοῦτο
1515 1554 1693 1589 πεποιηκέναι
1712 1554 1804 1588 φασιν,
1819 1553 1871 1581 οὐκ

245 1601 313 1629 Cum
333 1600 415 1636 igitur
428 1608 515 1635 neque
533 1601 569 1629 ibi
584 1601 704 1630 Ecclesia
719 1605 802 1634 esset,
815 1608 904 1635 neque
920 1601 966 1635 qui
980 1609 1027 1629 sa-

246 1654 294 1674 cra
308 1647 417 1680 faceret,
426 1654 512 1681 neque
526 1646 583 1674 dies
595 1647 646 1674 hoc
660 1647 746 1681 ipsum
761 1645 922 1681 requireret,
937 1645 1027 1680 quale,

246 1697 293 1720 aut.
317 1692 433 1727 quando,
459 1697 504 1720 aut
529 1693 639 1720 ubinam
664 1692 805 1728 mysticum
827 1692 950 1728 poculum
976 1692 1028 1719 l'ra-

247 1743 321 1766 ctum
336 1739 396 1765 est!
410 1738 478 1766 Nam
495 1739 588 1773 pocula
603 1746 665 1766 esse
686 1738 768 1766 multa
784 1746 832 1774 per
847 1739 950 1771 domos,
961 1743 990 1766 et
1003 1738 1028 1765 in

246 1783 334 1812 medio
350 1782 420 1813 foro.
441 1787 603 1818 p:ttet;quzc
621 1783 643 1810 si
665 1782 726 1817 quis
742 1782 849 1816 frangat
874 1781 1029 1808 nullatenus

247 1828 328 1864 impie
352 1828 417 1864 agit.
439 1827 579 1863 Mysticum
605 1834 669 1855 vero
689 1827 830 1862 poculum,
846 1826 917 1860 quod
930 1826 952 1853 si
969 1826 1030 1861 quis

247 1878 341 1909 sponte
358 1874 477 1908 fregerit,
490 1881 538 1908 pro
558 1873 603 1900 tali
624 1881 691 1902 ausu
707 1872 805 1907 impius
821 1871 946 1904 el'licitur,
962 1870 1030 1906 apud

247 1919 320 1946 solos
343 1918 475 1954 legitimos
497 1918 624 1946 Ecclesiae
644 1917 772 1953 pmsides
799 1917 935 1944 invenitur
960 1925 966 1943 :
988 1916 1032 1944 hic

248 1964 322 1991 enim
337 1964 410 1991 solus
428 1964 506 1998 hujus
519 1963 608 1995 poculi
621 1970 684 1990 usus
707 1967 734 1990 et
751 1969 803 1990 non
821 1962 890 1989 alius
905 1966 956 1989 est.
975 1961 1030 1989 Hoc

247 2017 296 2037 vos
314 2009 432 2045 legitime
458 2009 555 2045 populo
577 2009 726 2044 propinatis
743 2009 815 2036 :hoc
829 2015 878 2036 vos
892 2007 925 2035 ab
941 2006 1030 2034 eccle-

247 2056 357 2083 siastico
377 2063 479 2084 canone
500 2055 643 2090 accepistis
656 2063 663 2081 :
678 2054 729 2082 hoc
750 2054 782 2081 ad
798 2061 844 2081 eos
860 2053 945 2081 solum
971 2060 1031 2087 spe-

249 2106 316 2135 ctat,
330 2102 374 2136 qui
389 2101 527 2129 catholica:
540 2101 666 2128 Ecclesia:
677 2104 804 2135 praesunt.
819 2099 944 2127 Vestrum
959 2099 1031 2127 enim

248 2149 381 2176 duntaxat
393 2152 435 2175 est
447 2147 606 2182 sanguinem
618 2146 718 2174 Christi
737 2145 901 2180 propinare;
916 2145 1030 2172 aliorum

247 2201 314 2220 vero
325 2193 435 2226 nullius._
445 2193 498 2220 Sed
518 2197 547 2221 ut
564 2193 661 2228 impius
675 2196 716 2219 est
729 2191 774 2226 qui
792 2191 934 2226 mysticum
947 2198 1032 2226 pocu-

1079 1600 1113 1637 ἧν
1126 1601 1263 1637 Κυριακή.
1281 1601 1358 1636 Μήτε
1370 1601 1459 1628 τοίνυν
1467 1600 1614 1636 ἐκκλησίας
1624 1599 1706 1635 οὔσης
1717 1601 1785 1632 ἐκεῖ,
1800 1601 1870 1636 μήτε

1079 1648 1124 1675 τοῦ
1135 1647 1347 1684 ἱερουργοῦυτος,
1358 1648 1425 1683 μήτε
1435 1648 1483 1683 τῆς
1492 1647 1599 1683 ἡμέρας
1611 1647 1786 1682 ἀπαιτούσης.
1796 1647 1870 1674 ποῖον

1079 1693 1096 1729 ἢ
1111 1694 1185 1726 πότε,
1201 1694 1217 1729 ἢ
1233 1693 1285 1720 ποῦ
1299 1693 1329 1720 τὸ
1346 1694 1474 1729 ποτήριον
1488 1692 1636 1720 κέκλασται
1654 1693 1801 1728 μυστικόν;
1817 1693 1870 1719 Πο-

1079 1739 1161 1775 τήρια
1175 1739 1224 1774 μὲν
1242 1738 1298 1774 (l7)
1315 1739 1368 1774 γὰρ
1382 1736 1546 1766 εἶναιπολλὰ
1563 1739 1608 1766 καὶ
1625 1738 1695 1765 κατὰ
1713 1738 1762 1770 τὰς
1771 1739 1869 1772 οίκίας,

1080 1785 1128 1811 καὶ
1139 1784 1168 1811 ὲν
1182 1784 1269 1819 ἀγορᾷ
1281 1784 1350 1820 μέσῃ
1365 1783 1455 1819 δῆλον,
1474 1784 1520 1811 καὶ
1534 1783 1636 1812 τούτων
1647 1784 1722 1811 οὐδὲν
1732 1786 1746 1811 ό
1762 1784 1870 1820 θραύων

1080 1830 1188 1857 ἀσεϐεῖ·
1201 1830 1231 1856 τὸ
1243 1830 1271 1857 δὲ
1282 1829 1410 1865 μυστικὸν
1420 1830 1559 1866 ποτήριον,
1573 1830 1596 1862 ὃ,
1607 1830 1657 1858 κᾶν
1669 1830 1788 1866 θραυσθῇ
1804 1831 1868 1866 παρ’

1081 1875 1199 1909 ἑκόντος,
1213 1876 1298 1911 ἀσεϐῆ
1316 1875 1372 1911 (l8)
1396 1877 1468 1903 ποιεῖ
1483 1876 1528 1903 τὸν
1541 1877 1777 1912 ἐπικεχειρηκότα,
1795 1877 1870 1912 παρὰ

1083 1920 1174 1956 μόνοις
1184 1922 1238 1953 τοῖς
1251 1921 1373 1956 νομίμως
1391 1921 1557 1956 προεστῶσιν
1577 1921 1733 1957 εὑρίσκεται
1743 1930 1750 1936 ι
1766 1919 1841 1953 οὗτος
1855 1922 1870 1947 ό

1081 1966 1181 2002 τρόπος
1196 1966 1290 1997 τούτου
1311 1966 1359 1993 τοῦ
1383 1966 1513 2002 ποτηρίου
1542 1966 1638 2002 μόνος,
1665 1966 1743 1998 ἄλλος
1771 1966 1867 1998 οὐδείς.

1081 2012 1167 2039 Τοῦτο
1184 2012 1263 2048 ὑμεῖς
1282 2012 1405 2048 νομίμως
1432 2012 1577 2048 προ-πίνετε
1600 2013 1656 2044 τοῖς
1677 2012 1767 2044 λαοῖς·
1790 2011 1869 2039 τοῦτο

1081 2058 1160 2094 ὑμεῖς
1184 2058 1236 2086 ὑπὸ
1253 2059 1299 2086 τοῦ
1317 2059 1541 2095 ὲκκλησιαστικοῦ
1559 2059 1669 2092 κανόνος
1684 2058 1866 2094 παρελάϐετε·

1081 2102 1160 2130 τοῦτο
1185 2104 1265 2138 μόνον
1298 2104 1357 2130 ἐστὶ
1378 2104 1432 2131 τῶν
1456 2105 1507 2139 τῆς
1530 2104 1675 2140 καθολικῆς
1707 2103 1868 2139 Ἐκκλησίας

1081 2149 1269 2185 προεστώτων.
1284 2149 1372 2181 Μόνον
1382 2150 1436 2186 γὰρ
1447 2150 1523 2186 ὑμῶν
1535 2151 1594 2177 ἑστι
1606 2150 1746 2186 προπίνειν
1758 2150 1788 2176 τὸ
1799 2147 1869 2184 αἷμα

1080 2193 1128 2221 τοῦ
1145 2194 1279 2230 Χριστοῖν
1301 2195 1356 2223 τῶν
1378 2195 1407 2223 δὲ
1430 2195 1516 2223 ἄλλων
1538 2195 1653 2228 οὐδενός.
1676 2195 1744 2226 Ἀλλ’
1759 2196 1819 2222 ὅσον
1837 2194 1869 2221 τὸ

248 2239 302 2266 lum
317 2238 432 2274 frangit,
447 2239 484 2266 ita
500 2238 582 2266 multo
604 2238 691 2273 magis
711 2237 808 2272 impius
825 2241 877 2268 est.
899 2236 944 2272 qui
964 2244 1029 2264 san-

1083 2241 1212 2275 μυστικὺν
1223 2241 1237 2267 ό
1247 2240 1398 2277 θλάωνῌθ)
1416 2241 1529 2277 ἀσεϐὴς,
1547 2241 1673 2269 τοσοῦτον
1689 2240 1869 2275 ἀσεϐέστερος

247 2285 355 2320 guinem
368 2285 468 2313 Christi
483 2284 644 2312 contumelia
662 2283 753 2312 allicit.
773 2282 940 2311 Contumelia
957 2282 1028 2310 enim

247 2330 340 2365 allicit,
355 2331 401 2366 qui
423 2336 521 2366 praeter
540 2329 754 2359 ecclesiasticam
771 2329 856 2364 legem
876 2328 940 2355 illud
963 2329 1029 2364 agit.

247 2376 328 2411 (Haec
341 2381 429 2404 autem
443 2385 476 2405 eo
486 2376 608 2409 dicimus,
624 2383 677 2404 non
695 2376 766 2410 quod
785 2374 826 2402 vel
846 2374 1029 2402 schismatico-

249 2431 306 2449 rum
324 2423 448 2458 poculum
465 2431 480 2450 a
507 2422 621 2450 Macario
642 2422 808 2449 confractum
825 2421 870 2452 sit.
888 2421 935 2448 sed
957 2421 1030 2455 quod

249 2469 284 2496 ibi
304 2469 404 2496 nullum
420 2470 529 2497 omnino
542 2468 638 2496 fuerit:
653 2468 788 2502 quomodo
803 2468 874 2494 enim
889 2467 1030 2499 adfuisset,

247 2523 308 2541 cum
325 2523 412 2550 neque
421 2515 495 2542 locus
502 2519 574 2543 esset
588 2514 753 2546 Dominicus,
761 2513 877 2548 necquis
888 2512 967 2547 106
976 2512 1029 2540 illic

282 2571 305 2587 "
318 2570 385 2598 Tub.
399 2578 447 2603 xu,
461 2570 487 2599 7.
525 2571 547 2586 "
563 2569 656 2598 Matth.
676 2578 722 2603 vn,
739 2570 765 2598 6.

284 2630 340 2663 (14)
353 2630 391 2658 [ta
403 2635 430 2656 et
445 2631 509 2665 Reg.
523 2636 549 2658 et
563 2631 603 2659 sic
614 2631 766 2665 legendum,
783 2633 812 2657 ut
823 2634 905 2664 patet.
921 2629 990 2657 Editi
1007 2633 1035 2657 et

248 2666 294 2692 alii
310 2673 387 2697 mss.,
401 2666 447 2692 ὑπ’
463 2666 555 2698 αὐτόν,
570 2666 707 2694 mendose.

287 2701 343 2735 (15)
354 2700 432 2736 Beg.,
442 2701 577 2736 Ἀχελλᾶν.
591 2700 650 2728 Mox
660 2701 741 2731 idem.
750 2699 948 2736 διαϐάλλοντες.
964 2699 1034 2736 Pau-

249 2735 274 2762 lo
282 2741 340 2769 post
355 2734 423 2763 idein
432 2734 511 2769 quiem
521 2737 546 2764 in
556 2739 606 2764 hoc
619 2736 767 2771 sequimur,
778 2734 861 2762 αὑτοῦ
869 2734 914 2762 τοῦ
925 2734 1015 2769 βασιλ.
1025 2742 1032 2766 ;

250 2771 276 2797 in
291 2771 369 2798 editis
383 2770 430 2797 τοῦ
443 2771 526 2798 deest.
659 2770 679 2782 ί·

285 2806 341 2838 (16)
356 2806 435 2839 lleg..
448 2806 538 2833 οἰκῶν.

285 2840 410 2874 (l7)l\lév
431 2841 524 2868 deerat
551 2843 576 2869 in
601 2842 691 2871 editis,
717 2849 765 2868 nos
782 2849 813 2868 ex
835 2840 901 2873 Reg.
927 2844 954 2866 ct
983 2840 1033 2866 Ba-

251 2875 294 2903 sil.
315 2883 407 2903 sumus
439 2877 562 2904 mutuati.
593 2877 650 2904 Mox
683 2882 745 2904 ante
778 2876 847 2903 κατὰ
872 2876 936 2910 llcg.
962 2875 1035 2902 solus

1082 2286 1096 2312 ό
1110 2286 1258 2322 ἐνυϐρίζων
1276 2286 1306 2314 τὸ
1319 2284 1389 2322 αἷμα
1411 2287 1458 2314 τοῦ
1473 2287 1606 2323 Χριστοῦ·
1625 2286 1760 2323 ὲνυϐρίξει
1777 2286 1830 2322 γὰρ
1853 2287 1869 2312 ό

1081 2331 1157 2367 παρὰ
1171 2332 1216 2359 τὸν
1239 2333 1465 2369 ἐκκλησιαστικὸν
1487 2334 1586 2370 θεσμὸν
1605 2333 1684 2361 τοῦτο
1700 2333 1795 2360 ποιῶν.
1813 2332 1869 2360 Καὶ

1079 2378 1166 2406 ταῦτά
1179 2388 1268 2415 φαμεν
1278 2380 1345 2415 (19⁸)
1359 2381 1407 2415 οὐχ
1421 2381 1461 2407 ὅτι
1471 2380 1522 2408 κᾶν
1538 2380 1723 2416 σχισματικῶν
1739 2380 1868 2415 ποτήριον

1081 2423 1227 2451 κέκλασται
1250 2425 1325 2461 παρὰ
1349 2425 1504 2461 Μακαρῐου,
1519 2425 1575 2453 ἀλλ’
1588 2427 1628 2452 ὃτι
1654 2426 1734 2461 μηδὲν
1750 2424 1783 2461 ἦν
1800 2425 1868 2457 ὅλως

1081 2469 1157 2497 ἔχετ’
1175 2470 1234 2503 πῶς
1257 2472 1330 2508 γάρ;
1349 2473 1414 2499 ὅπου
1436 2473 1505 2508 μήτε
1530 2473 1614 2506 τόπος
1627 2473 1779 2509 Κυριακῆς,
1799 2473 1867 2508 μήτε

1078 2523 1121 2548 τις
1141 2516 1198 2552 ἐκεῖ
1216 2517 1265 2552 τῆς
1289 2518 1466 2554 Ἐκκλησίας,
1479 2518 1548 2546 ἀλλὰ
1573 2520 1642 2554 μήτε
1661 2520 1676 2546 ό
1696 2519 1791 2555 καιρὸς
1815 2527 1868 2553 μυ-

1085 2629 1132 2658 καί
1144 2630 1235 2658 habet.

1121 2665 1223 2702 (l78)rlta
1241 2665 1321 2702 Reg.,
1342 2671 1369 2694 et
1386 2666 1494 2701 quidem
1512 2672 1595 2695 recte.
1611 2667 1692 2695 Basil.
1710 2675 1775 2695 vero
1787 2667 1800 2694 ὃ
1815 2667 1869 2694 κᾶν

1085 2700 1218 2738 θραυσθαι
1240 2700 1416 2738 ἄρδεκόντος,
1431 2702 1526 2738 ἀσεϐῆ.
1542 2703 1622 2735 Editi,
1635 2704 1674 2730 ὅτι
1692 2703 1724 2731 ἂν
1751 2702 1869 2738 θραῦσαι

1085 2735 1130 2772 ipf
1148 2736 1217 2772 ἑκῲν
1230 2735 1390 2772 τιςηάσεϐἧ.

1120 2771 1176 2807 (l9)
1190 2771 1269 2807 3e51,
1281 2771 1395 2800 θλάνων.

1121 2805 1421 2843 tl9‘)ltaReg..caateri
1431 2815 1494 2835 vero
1502 2816 1563 2836 cum
1578 2807 1643 2836 editi
1667 2812 1721 2835 tum
1738 2815 1802 2835 mss.
1818 2815 1868 2843 pro

1087 2842 1186 2878 φαμέν,
1206 2841 1255 2877 μέν
1269 2847 1371 2874 tantum
1385 2843 1494 2871 habent.
