2031 3048
168 144 220 174 269

729 148 899 177 APOLOGIA
919 147 1056 176 CONTRA
1078 147 1235 175 ARIANOS.

1726 144 1779 170 €70

171 206 288 242 στηρίων
301 203 335 242 ἦν
348 215 355 239 ;
369 203 452 239 Οὗτος
479 207 508 234 δέ
530 207 603 234 ἐστιν
624 209 638 235 ὁ
658 208 873 244 πολυθρύλλητος
896 209 951 244 (ῇο)

1015 209 1212 241 ιυοιθεὶεειὶους,
1232 207 1279 235 sed
1304 213 1391 242 neque
1407 211 1513 240 tempus
1530 203 1718 241 mysteriorum
1737 211 1780 231 es-

176 250 308 287 ’ῐσχύρας,
326 253 341 278 ὁ
355 253 422 288 μήτε
437 252 489 279 ὑπὸ
500 253 550 288 τῆς
570 253 730 289 Ἐκκλησίας
744 253 950 289 χειροτονηθεὶς,

172 297 218 324 καὶ
230 297 274 323 ὅτε
293 298 355 329 τοὺς
368 297 419 324 ὑπὸ
436 297 566 325 Μελετιου
580 299 798 331 κατασταθέντας
804 299 951 335 πρεσϐυτέ-

174 351 237 378 ρους
259 342 432 379 Ἀλέξανδρος
443 343 556 379 ἐδέχετο,
570 345 637 380 μηδέ
654 345 765 377 ἐκείνοις
787 345 952 380 συναριθμη-

171 387 243 420 θεις-
257 388 342 419 οὕτως
352 388 411 415 οὐδὲ
424 389 526 416 ἐκεῖθεν
539 390 700 425 κατεστάθη.

208 475 251 502 η.
268 475 352 505 Πόθεν
366 473 413 502 οὖν
430 476 612 513 πρεσϐύτερος
630 477 769 512 ’Ῐσχὺρας;
784 476 854 508 τίνος
871 485 953 504 κατα-

174 521 336 555 στήσαντος;
354 520 407 557 ἆρα
422 522 570 549 Κολλούθου
586 531 594 556 ;
609 523 663 558 (ξι)
676 522 754 549 τοῦτο
777 522 831 558 γὰρ
851 523 952 550 λοιπόν.

180 564 249 592 Ἀλλ’
264 566 304 592 δτι
317 567 465 598 unaue“
480 568 662 604 πρεσσύτερος
678 569 715 595 ὢν
731 568 897 604 ἐτελεύτησε,
908 570 954 596 καὶ

173 613 247 639 πᾶσα
259 613 318 648 χεὶρ
332 613 413 640 αὑτοῦ
427 614 536 648 γέγονεν
551 614 660 650 ἄκυρος,
682 616 728 642 καὶ
740 615 838 647 πάντες
853 616 877 642 ot
891 617 954 651 παρ’

173 657 255 684 αὑτοῦ
269 658 483 691 κατασταθέντες
501 661 529 686 ἐν
544 659 581 695 τῷ
594 661 722 695 σχίσματι
744 660 797 695 (‘22)
810 660 898 686 λαῖκοὶ
911 669 955 695 γε-

174 703 279 737 γόνασι,
293 704 339 730 καὶ
357 704 427 731 οὕτω
454 705 623 740 συνάγονται,
638 706 725 740 δῆλον,
744 706 790 732 καὶ
806 706 891 732 οὐδενὶ
907 715 956 732 κα-

175 748 304 784 θέστηκεν
319 749 475 785 ἀμφίϐολον.
492 751 553 783 Πῶς
566 750 611 778 οὖν
629 751 735 786 ἰδιώτης
750 751 900 786 ἄνθρωπος,
909 751 956 778 καὶ

175 793 296 820 οῑκίσκον
314 795 396 821 οἰκῶν
420 796 561 826 ἰδιωτικὸν,
586 796 713 831 ποτήριον
736 796 806 831 ἐχειν
828 795 956 830 μυστικὸν

176 840 356 875 πιστευθειη;
384 840 450 867 ἀλλὰ
475 841 536 867 τότε
563 841 608 868 τὸν
641 841 747 876 ἰδιώτην
774 840 956 876 πρεσϐύτερον

1006 254 1078 289 set?)
1093 254 1117 282 ls
1134 258 1222 281 autem
1237 257 1279 281 est
1290 252 1409 280 famosus
1426 251 1469 279 ille
1479 250 1612 286 lschyras,
1620 249 1665 285 qui
1679 256 1730 277 nec
1748 248 1781 276 ab

1006 299 1126 326 Ecclesia
1142 299 1283 327 ordinatus
1298 302 1349 330 est.
1365 304 1464 331 neque,
1482 303 1542 323 cum
1565 295 1781 330 presbyterorum

1005 353 1021 373 ε
1036 345 1141 372 Meletio
1152 343 1494 372 ordinatorumAlexander
1504 341 1654 375 catalogum
1670 340 1781 374 recepit,

1007 391 1040 418 iis
1056 390 1099 418 ille
1122 393 1314 417 annumeratus
1327 392 1385 422 est;
1400 392 1427 416 et
1441 387 1480 415 sic
1497 393 1583 421 neque
1600 385 1662 412 hinc
1673 384 1781 412 ordina-

1008 437 1104 463 tionem
1117 435 1241 463 habuisse
1257 435 1351 470 potuit.

1043 481 1086 509 η.
1113 481 1187 509 Unde
1208 481 1289 516 igitur
1312 479 1451 515 presbyter
1467 476 1616 512 lschyras?
1637 483 1688 510 quo
1715 475 1785 501 ordi-

1008 533 1087 556 nante
1097 528 1109 554 ‘.'
1119 535 1182 554 num
1196 524 1339 554 Collutho?
1353 524 1380 552 id
1395 523 1466 551 enim
1489 522 1574 550 solum
1594 525 1688 549 restat.
1703 520 1783 554 Atqui

1008 572 1182 603 Colluthum,
1204 569 1390 606 presbyterum
1419 569 1529 601 obiisse,
1552 567 1698 601 ambasque
1725 565 1784 600 ejus

1008 624 1104 645 manus
1118 617 1175 645 sine
1187 616 1348 644 auctoritate
1372 614 1464 647 fuisse,
1479 621 1510 640 ac
1524 620 1616 640 omnes
1635 612 1679 647 qui
1707 611 1740 638 ab
1753 618 1786 638 eo

1009 663 1162 692 schismatis
1175 668 1294 697 tempore
1316 661 1431 688 ordinati
1447 664 1517 693 sunt,
1532 659 1565 687 ad
1587 659 1714 685 laicorum
1731 661 1787 685 sta-

1010 715 1064 736 tum
1084 709 1207 736 redactos
1227 708 1264 735 ita
1287 707 1464 735 conventibus
1491 706 1637 738 interesse,
1663 704 1788 731 omnibus

1010 760 1113 787 notum,
1129 762 1160 781 ac
1175 753 1238 780 nulli
1255 753 1366 780 dubium
1382 756 1432 780 est.
1447 751 1586 785 Quomodo
1603 750 1685 784 igitur
1699 749 1787 783 priva-

1011 805 1053 827 tus
1066 800 1155 833 homo,
1170 799 1196 826 in
1209 799 1311 833 privata
1324 797 1404 825 domo
1417 794 1684 830 habitans,poculum
1694 794 1788 829 mysti-

1010 853 1071 873 cum
1086 845 1185 872 habere
1211 844 1336 871 credatur
1351 843 1363 869 ?
1378 842 1430 869 Sed
1445 847 1509 869 tunc
1531 841 1567 868 illi
1591 840 1724 876 privatum
1742 840 1790 867 ho-

175 883 325 919 ὼνόμαζον,
338 885 384 911 καὶ
396 885 444 920 τὴν
458 886 641 921 προσηγορίαν
655 884 728 921 αὐτῷ
741 885 843 920 ταύτην
857 884 901 911 διὰ
912 884 961 920 τὴν

1015 891 1111 918 minem
1130 889 1318 925 presbyterum
1334 887 1547 924 appellabant,et
1557 887 1607 914 hoc
1619 885 1788 918 vocabulum,

176 931 237 958 καθ’
254 932 331 967 ἡμῶν
347 932 452 959 ἀδικίαν
469 933 636 968 ἐχαρίζοντο,
661 933 708 960 καὶ
734 932 782 958 νῦν
804 932 897 968 μισθὸν
911 932 959 966 τῆς

177 978 340 1013 κατηγορίας
351 978 497 1013 ἐκκλησίας
511 979 653 1014 οἰκοδομὴν
670 978 853 1014 προξενοῦσιν.
867 977 960 1010 Οὕτως

178 1024 228 1049 οὐκ
245 1021 317 1058 εἶχεν
328 1024 473 1058 ἐκκλησίαν
489 1024 639 1060 ἄνθρωπος,
658 1024 724 1051 ἀλλὰ
742 1024 835 1060 μισθὸν
849 1024 898 1058 τῆς
913 1033 960 1050 κα-

176 1068 303 1103 κοηθείας
312 1070 360 1096 καὶ
374 1070 424 1104 τῆς
439 1070 507 1105 πρὸς
519 1070 568 1104 τὴν
578 1070 743 1105 κατηγορίαν
761 1070 893 1105 ὑπακοῆς·
913 1069 960 1096 νῦν

176 1114 211 1149 ἣν
226 1115 276 1141 οὐκ
291 1113 346 1150 εἶχε
362 1115 505 1150 λαμϐάνει,
523 1117 569 1142 καὶ
587 1116 657 1150 τάχα
677 1116 723 1142 καὶ
738 1116 889 1152 ἐπισκοπὴν
899 1117 961 1142 ἀντ-

177 1161 271 1188 έδοσαν
297 1162 371 1197 αὐτῷ
398 1162 469 1197 (23)·
487 1162 573 1189 ταῦτα
588 1162 642 1198 γὰρ
657 1162 750 1198 θρυλεί
770 1163 893 1198 περιιὼν,
916 1163 962 1189 καὶ

176 1207 248 1233 οὕτω
263 1207 323 1234 καθ’
339 1208 417 1243 ἡμῶν
434 1208 600 1244 βρενθύεται.
620 1207 697 1234 Οὕτω
709 1208 800 1234 λοιπὸν
814 1208 963 1243 τηλικαῦτα

178 1252 282 1279 ἔπαθλα
308 1254 382 1288 παρὰ
397 1254 450 1280 τῶν
475 1254 632 1281 ἐπισκόπων
657 1255 713 1286 τοῖς
730 1255 892 1289 κατηγόροις
916 1254 963 1280 καὶ

180 1298 362 1332 συκοφάνταις
378 1299 553 1334 προστίθεται
565 1308 572 1315 ο
591 1299 712 1331 εἰκότως,
732 1299 756 1326 οἱ
769 1298 823 1334 γὰρ
836 1298 963 1334 συνεργὸν

179 1345 218 1375 είς
234 1344 251 1371 ἃ
271 1344 366 1379 ήθελον
393 1345 473 1371 αὑτὸν
494 1346 650 1381 ἐσχηκότες,
667 1345 705 1377 ὼς
725 1345 778 1372 τῶν
795 1345 963 1380 πραγμάτων

179 1390 315 1422 κοινωνὸν,
330 1390 401 1417 οὕτω
418 1391 465 1417 καὶ
483 1391 531 1426 τῆς
553 1391 647 1426 ὁμοίας
660 1391 811 1425 ἐπισκοπῆς
833 1391 962 1425 ἠξίωσαν.

186 1435 265 1462 Ἀλλὰ
280 1436 361 1471 μήπω
371 1436 466 1468 ταῦτα,
483 1436 523 1462 ἔτι
537 1437 565 1463 δέ
581 1437 630 1469 τὰς
653 1437 736 1469 ἀκοὰς
752 1438 808 1469 τοῖς
821 1437 880 1463 τότε
896 1445 965 1472 πρα-

181 1480 266 1516 χθεῖσι
284 1483 347 1517 παρ’
362 1482 452 1509 αὐτῶν
467 1481 563 1509 ἑνδοτε.

217 1569 260 1596 i5.
278 1570 323 1606 Μὴ
337 1570 495 1606 δυνηθέντες
506 1571 572 1607 πρὸς
588 1571 636 1607 τὴν
649 1572 785 1608 ἀλήθειαν,
801 1573 888 1600 καίτοι
905 1573 964 1599 κατ’

181 1615 266 1649 αὐτῆς
281 1617 546 1652 παρεσκευασμένοι,
567 1618 615 1645 καὶ
639 1618 667 1644 ἐν
687 1617 767 1654 Τύρῳ
793 1618 875 1654 μηδὲν
899 1619 966 1645 ἁπο-

181 1661 316 1693 δείξαντος
335 1662 452 1698 Ἰσχύρα,
463 1662 532 1689 ἀλλὰ
546 1663 712 1697 συκοφάντου
728 1663 966 1698 δεικνυμένου,καὶ

181 1707 231 1743 τὴν
257 1708 390 1744 συσκευὴν
406 1708 495 1735 αὐτῶν
509 1709 557 1744 τῆς
584 1709 765 1744 συκοφαντίας
778 1709 902 1745 λυούσης,
926 1711 966 1741 εἰς

182 1754 334 1788 ἀποδείξεις
362 1754 417 1790 (Ἡ)
447 1755 653 1791 ὑπερτίθενται,
684 1755 732 1781 καὶ
755 1755 965 1789 ἐπαγγέλλονται

183 1800 300 1835 πέμψειν
313 1800 342 1832 ἐξ
359 1801 462 1828 ἑαυτῶν
475 1801 538 1832 τοὺς
550 1801 620 1828 κατὰ
639 1801 790 1837 Μαρεώτην
809 1801 966 1837 πολυπραγ-

185 1845 358 1881 μονήσοντας.
377 1847 431 1872 Καὶ
449 1846 496 1878 οὓς
518 1847 597 1882 ἡμεῖς
623 1847 817 1882 παρῃτούμεθα
841 1847 966 1883 φανερῶς

184 1891 227 1918 διὰ
240 1891 341 1924 πολλὰ,
362 1893 409 1919 καὶ
430 1892 468 1924 ὡς
490 1892 524 1919 τὰ
542 1893 646 1928 Ἀρείου
662 1892 834 1928 φρονοῦντας,
855 1893 902 1919 καὶ
923 1894 967 1920 διὰ

184 1935 262 1963 τοῦτο
278 1937 355 1972 ἡμῶν
370 1937 492 1972 ἐχθροὺς,
509 1938 672 1964 ἀπέστειλαν
688 1938 763 1965 αὐτοὶ
777 1938 877 1973 κρύφα,
895 1937 968 1973 χρώς

187 1990 261 2016 μενοι
275 1984 308 2018 τῇ
330 1982 484 2018 δυναστείᾳ,
496 1984 688 2019 Διόγνιον(25),
704 1985 804 2020 Μάριν,
821 1985 967 2022 Θεόδωρον,

187 2026 360 2058 Μακεδόνων,
374 2027 421 2053 δύο
436 2027 584 2063 νεωτέρους
599 2028 648 2063 τὴν
663 2028 769 2063 ἡλικίαν
780 2030 827 2055 καὶ
849 2029 894 2055 τὸν
907 2030 970 2064 τρό-

187 2080 248 2104 πον,
275 2073 426 2108 Οὐρσάκιον
450 2073 497 2100 καὶ
522 2074 628 2109 Οὑάλην
653 2074 706 2100 ἀπὸ
732 2075 895 2106 Παννονίας·
922 2075 970 2102 καὶ¹

187 2113 260 2144 οὖτοι
284 2118 352 2153 μετὰ
378 2119 428 2154 τὴν
448 2119 582 2155 τοσαύτην
602 2119 670 2151 ὁδὸν,
688 2120 721 2155 ἣν
739 2121 897 2156 ὑπέμειναν,
926 2121 969 2148 ἵνα

173 2162 317 2193 ,δικάσωσι
330 2164 369 2199 τῷ
385 2165 483 2200 ἐχθρῷ,
497 2165 577 2192 πάλιν
591 2165 645 2192 ἀπὸ
653 2165 740 2201 Τύρου
756 2167 802 2193 καὶ
821 2168 861 2199 εἰς
882 2167 970 2200 Ἀλεξ-

1010 937 1108 964 uthinc
1122 935 1219 970 injuste
1231 942 1280 962 nos
1293 939 1432 966 vexarent,
1443 933 1492 968 ipsi
1505 932 1663 964 tribuebant,
1677 936 1703 959 et
1719 938 1790 958 nunc

1010 983 1036 1009 in
1050 981 1228 1009 accusationis
1245 979 1406 1010 mercedem,
1419 978 1505 1006 eidem
1519 977 1566 1013 ipsi
1584 977 1704 1005 ecclesiae
1725 984 1790 1004 con-

1010 1028 1182 1055 structionem
1200 1025 1357 1054 concedunt.
1373 1024 1443 1060 Ergo
1458 1023 1597 1051 ecclesiam
1614 1024 1656 1050 vir
1673 1023 1716 1050 ille
1735 1030 1788 1050 non

1010 1073 1123 1106 habuit;
1141 1072 1187 1099 sed
1212 1072 1267 1106 jam
1282 1071 1308 1098 in
1325 1070 1475 1098 mercedem
1489 1069 1672 1104 malignitatis,
1691 1076 1722 1096 ac
1735 1076 1790 1096 sua)

1010 1119 1038 1146 in
1051 1119 1201 1146 accusando
1216 1116 1398 1151 obsequentia:
1415 1123 1496 1150 quam
1512 1122 1565 1142 non
1589 1115 1703 1142 habebat
1721 1115 1791 1142 acci-

1011 1165 1063 1200 pit,
1081 1169 1108 1191 et
1135 1163 1250 1191 fortasse
1276 1163 1313 1190 illi
1342 1162 1424 1190 etiam
1453 1161 1622 1198 episcopatus
1653 1161 1790 1195 praemium

1012 1209 1151 1239 contulere
1166 1217 1173 1235 :
1189 1208 1216 1236 id
1232 1209 1302 1236 enim
1317 1208 1360 1236 ille
1374 1207 1583 1242 circumquaque
1595 1206 1699 1240 iactitat
1713 1209 1740 1232 ct
1755 1206 1792 1232 ita

1013 1258 1153 1284 adversum
1168 1263 1218 1283 nos
1234 1259 1390 1290 arroganter
1403 1253 1468 1288 agit.
1483 1252 1568 1280 Tanta
1584 1252 1709 1279 nimirum
1725 1258 1792 1286 prte-

1013 1304 1066 1330 mia
1081 1301 1312 1330 obtrectatoribus
1326 1305 1353 1328 et
1369 1299 1542 1336 sycophantis
1554 1298 1587 1325 ab
1600 1298 1733 1332 episeopis
1747 1297 1794 1324 de-

1014 1349 1145 1380 feruntur.
1170 1353 1198 1375 et
1213 1347 1309 1374 merito
1323 1346 1451 1381 quidem;
1473 1351 1552 1380 quem
1575 1343 1645 1371 enim
1661 1343 1699 1370 illi
1718 1341 1794 1376 adju-
1844 1344 1847 1345 '

1015 1400 1101 1422 torem
1115 1394 1154 1422 sui
1168 1393 1297 1429 propositi
1316 1391 1386 1418 nacti
1402 1394 1475 1423 sunt,
1490 1396 1550 1417 eum
1566 1393 1657 1423 utpote
1675 1387 1794 1423 negotio--

1016 1448 1074 1468 rum
1085 1439 1198 1470 socium,
1206 1437 1339 1466 consimili
1350 1436 1505 1470 episcopatu
1521 1434 1663 1461 donavere.
1677 1433 1728 1460 Sed
1741 1439 1793 1459 non

1016 1492 1047 1513 co
1064 1492 1107 1512 res
1121 1483 1219 1512 desinit
1239 1489 1354 1516 ;aurem
1377 1480 1465 1508 adhuc
1486 1478 1603 1514 praebete
1627 1477 1659 1505 iis
1682 1485 1740 1512 qua:
1761 1478 1794 1504 ab

1017 1531 1067 1558 illis
1082 1535 1144 1556 tunc
1156 1532 1229 1563 gesta
1245 1532 1318 1555 sunt.

1054 1577 1097 1604 15.
1114 1575 1179 1603 Cum
1200 1574 1284 1608 igitur
1298 1573 1324 1600 in
1339 1572 1479 1600 veritatem
1502 1570 1647 1606 prmvalere
1666 1577 1718 1596 non
1735 1576 1795 1604 pos-

1018 1627 1088 1654 sent,
1104 1627 1256 1656 quanquam
1282 1619 1410 1646 adversus
1441 1617 1512 1645 illam
1535 1624 1594 1646 sese
1614 1616 1794 1644 adornarent:

1019 1673 1045 1695 et
1057 1675 1116 1695 cum
1125 1666 1186 1702 Tyri
1201 1665 1267 1693 nihil
1284 1665 1404 1700 lschyras
1417 1664 1530 1698 probare
1541 1662 1680 1697 potuisset,
1696 1661 1741 1688 sed
1753 1668 1797 1696 sy-

1019 1714 1150 1749 cophanta
1162 1711 1417 1748 deprehenderetur,
1428 1718 1458 1737 ac
1473 1710 1587 1744 ipsamet
1597 1708 1653 1743 ejus
1664 1706 1797 1734 calumnia

1018 1767 1110 1788 eorum
1121 1758 1346 1794 conspirationem
1359 1761 1508 1788 everteret;
1519 1761 1549 1783 ut
1563 1763 1630 1782 nova
1641 1758 1797 1789 argumenta

1019 1807 1186 1838 comparent,
1202 1804 1336 1837 negotium
1347 1801 1524 1839 suspendunt,
1542 1808 1574 1828 ac
1593 1799 1753 1835 pollicentur
1770 1805 1799 1825 se

1019 1857 1052 1876 ex
1075 1849 1131 1876 suis
1147 1848 1248 1883 aliquot
1273 1848 1318 1882 qui
1338 1856 1394 1875 rem
1418 1847 1571 1882 diligentius
1586 1845 1756 1879 explorarent
1772 1844 1799 1870 in

1022 1895 1165 1922 Mareotem
1181 1894 1320 1921 missuros.
1331 1893 1402 1927 Quos
1415 1897 1503 1920 autem
1519 1899 1567 1919 nos
1576 1891 1665 1919 multis
1683 1892 1716 1918 de
1733 1897 1799 1917 cau-

1021 1941 1059 1968 sis
1073 1940 1159 1975 palam
1173 1939 1372 1972 recusavimus,
1384 1943 1410 1966 et
1425 1938 1495 1973 quod
1511 1945 1571 1965 cum
1588 1936 1651 1963 Ario
1661 1935 1799 1968 sentirent,

1023 1994 1053 2014 ac
1070 1986 1180 2020 proinde
1197 1985 1296 2012 inimici
1315 1984 1398 2012 nostri
1410 1989 1515 2015 essent;
1530 1983 1579 2010 hos
1595 1982 1642 2014 illi,
1662 1980 1801 2016 tyrannica

1024 2032 1063 2058 usi
1080 2034 1222 2066 potestate,
1235 2030 1303 2057 clam
1319 2031 1415 2057 misere
1431 2029 1583 2064 Diognium,
1600 2028 1696 2058 Marin,
1711 2026 1800 2053 Theo-

1024 2077 1128 2111 dorum,
1154 2076 1351 2108 Macedonium,
1373 2076 1493 2109 duosque
1522 2079 1601 2101 aelate
1628 2077 1654 2101 et
1684 2071 1802 2099 moribus

1021 2123 1141 2159 iuniores
1153 2122 1295 2151 Ursacium
1307 2128 1333 2150 et
1345 2122 1485 2149 Valentem
1503 2121 1529 2148 in
1545 2120 1683 2147 Pannonia
1699 2118 1803 2153 episco-

1024 2177 1084 2205 pos,
1102 2170 1148 2205 qui
1164 2173 1223 2205 post
1245 2169 1312 2196 tanti
1328 2168 1430 2196 itineris
1445 2167 1562 2200 labores,
1581 2165 1681 2193 inimici
1701 2164 1741 2191 sui
1762 2162 1803 2197 ju-

225 2232 279 2270 (20)
292 2232 360 2270 Reg.
376 2233 584 2270 πολυθρύλητος,
599 2238 625 2261 ει
642 2234 675 2261 ita
687 2234 786 2270 passim
801 2235 905 2270 θρυλέω
913 2243 964 2262 cun

1025 2245 1058 2264 an
1083 2245 1147 2265 vero
1163 2234 1397 2264 indiscriminatim
1420 2235 1453 2262 ab
1479 2232 1607 2268 antiquis,
1630 2230 1759 2261 Μελέτιος
1775 2233 1804 2257 et

191 2268 490 2308 derivatisrcu‘mutnico
503 2269 518 2295 λ
535 2269 560 2296 in
576 2270 669 2308 eodem
689 2268 783 2296 codice
802 2268 967 2299 scribuntur.

190 2303 334 2338 Existimat
358 2302 555 2331 Felckmannus
581 2304 639 2330 haec
670 2311 730 2330 cum
757 2305 970 2338 prmcedentibus

192 2345 246 2377 non
255 2337 407 2377 coluerere,
419 2344 500 2377 atque
510 2339 577 2377 adeo
589 2337 819 2377 contextumesse
834 2339 970 2377 mutilum,

191 2372 237 2397 sed
254 2372 404 2404 immerito;
431 2370 487 2399 haec
513 2373 583 2400 enim
601 2383 608 2400 :
631 2370 716 2405 Οὗτος
730 2373 759 2399 δέ
775 2375 849 2400 ἐστιν
863 2374 879 2399 ἁ
890 2370 972 2401 πολυὲ

191 2406 355 2448 θρύλλητοςη
374 2407 557 2448 superioribus
586 2412 647 2448 sunt
674 2408 822 2448 referenda.
848 2408 970 2448 ’ῌνυϐρέα

192 2441 233 2473 ζει
261 2441 315 2482 γὰρ
343 2442 358 2467 ὁ
371 2479 377 2482 ι
389 2442 463 2478 παρὰ
479 2443 523 2482 τον
542 2443 766 2482 ἐκκλησιαπικρν
786 2443 890 2482 θεσμὸν.
911 2441 973 2482 τοῦ-

192 2478 341 2512 τολποιῶν,
369 2478 528 2503 lutet-media
558 2485 621 2506 \‘ero
645 2478 796 2512 parenthesi
812 2478 969 2506 claudenda.

228 2509 311 2549 Paulo
341 2516 402 2549 post
418 2512 566 2549 Μελετίῳ,
586 2513 620 2549 i_Ia
644 2509 712 2549 mss.
729 2520 835 2549 omnes
862 2517 889 2549 et
906 2514 971 2541 edit.

193 2545 322 2574 Commel.
355 2546 443 2574 Editio
474 2545 563 2574 aute'm
590 2547 762 2578 Parisiensis.
786 2547 973 2575 Μελιτίουιιει-

193 2581 237 2624 bet
257 2589 264 2608 ε
291 2585 419 2624 putarunt
430 2588 531 2624 nempe
545 2583 663 2609 editores
673 2590 741 2624 'cmn
760 2583 835 2624 _alias
847 2582 903 2610 fere
915 2584 972 2624 iiiis-

192 2616 274 2656 λίτιος
297 2616 411 2656 legatur,
430 2617 466 2643 ita
491 2617 534 2644 hic
547 2624 652 2656 quoque
672 2617 812 2656 legendum
836 2618 974 2656 esse.__Nos

193 2658 257 2691 sero
267 2651 409 2691 lectionem
423 2651 840 2691 manuscriptorum‘retinemus.
855 2658 881 2678 et
896 2652 975 2680 Mele-

194 2685 259 2725 tium
273 2693 378 2725 semper
386 2685 480 2725 Latine
495 2687 649 2725 scribimus,
661 2687 766 2725 _in_hoc
778 2687 910 2714 Auctores
925 2687 974 2713 La-

195 2720 267 2760 tinos
282 2720 435 2760 {ithanasio
450 2729 556 2760 coaevus
572 2721 678 2760 imitati.
696 2721 827 2760 Eyagrins
842 2728 916 2749 certe
927 2722 972 2756 qui

194 2755 303 2795 tantonii
318 2755 446 2795 vitamlab
458 2756 797 2795 dthanasioﬂconscriptam
812 2756 906 2783 Latine
915 2755 974 2783 ver-

196 2789 238 2822 tit,
258 2796 364 2829 semper
383 2789 512 2829 Μείςιὶμε,
528 2798 579 2817 non
600 2789 889 2829 Melititts,:.liabet._Et
910 2798 974 2818 sane

195 2831 257 2863 cuni
272 2824 414 2863 aliquando
425 2825 636 2863 Maiéctoicuin
648 2834 660 2853 ε
684 2826 825 2863 scribatur.
843 2827 972 2856 incertum

197 2866 230 2885 an
245 2858 299 2885 ἀπὺ
314 2859 359 2884 τοῦ
386 2859 526 2892 Μελετῑου,
543 2860 667 2887 Μελιτίου
689 2862 787 2888 sensim
807 2861 902 2888 factum
928 2861 972 2891 sit,

1024 2272 1149 2304 Μελίτιος
1165 2272 1263 2301 dictum
1277 2271 1321 2299 sit.

1068 2307 1113 2342 21)
1123 2301 1275 2334 Κολλούθου
1289 2310 1316 2332 et
1327 2301 1724 2342 inQ‘a__K6D.ouBog.ﬁSicomnes
1736 2307 1801 2342 mss.

1021 2334 1083 2370 cod.
1099 2334 1198 2369 etedit.
1215 2341 1346 2368 Commel.
1364 2339 1434 2366 Edit.
1459 2344 1546 2364 autem
1565 2336 1648 2363 Paris.
1661 2334 1729 2362 male
1748 2335 1802 2370 Κο-

1021 2376 1116 2403 λούθου
1133 2382 1160 2404 et
1171 2374 1304 2406 Κόλουθος
1321 2375 1410 2401 habet.
1427 2373 1489 2400 Erat
1500 2373 1522 2399 is
1535 2371 1675 2399 Colluthus
1688 2369 1802 2406 presby-

1023 2416 1064 2438 ter
1074 2411 1279 2440 Alexandrinus.
1294 2404 1340 2443 qui
1353 2413 1423 2435 tanta
1441 2408 1490 2434 fuit
1503 2407 1639 2441 superbia,
1657 2410 1686 2431 ut
1703 2404 1802 2443 adver-

1023 2454 1068 2473 sus
1079 2446 1256 2472 Alexandrum
1267 2438 1419 2477 episcopum
1431 2438 1569 2476 insurgere
1583 2447 1673 2477 ausus,
1689 2438 1803 2477 presby-

1024 2485 1095 2542 |teres
1115 2479 1255 2540 orldinandi
1272 2475 1458 2506 auctoritatem
1473 2477 1522 2504 sibi
1542 2475 1686 2510 arrogarit,
1698 2475 1731 2501 de
1748 2481 1802 2508 quo

1037 2523 1111 2542 llSlllS
1127 2523 1140 2540 ο
1155 2522 1203 2541 tas.

1037 2516 1111 2544 usius
1127 2515 1203 2541 alias.

1059 2550 1115 2584 (92)
1133 2549 1209 2583 Reg.,
1224 2549 1252 2584 ἐν
1264 2548 1301 2583 τῷ
1322 2548 1455 2583 σχήματιι
1467 2547 1615 2584 alii_omoes
1629 2544 1691 2572 editi
1707 2548 1733 2570 et
1742 2551 1801 2584 ἠια-

1025 2579 1206 2618 nu‘scr’iptiEJ
1218 2583 1257 2619 τῷ
1274 2579 1412 2619 existim
1423 2589 1502 2617 quam
1516 2581 1657 2608 lectionem
1674 2579 1750 2614 sequi
1763 2579 1804 2605 Vi-

1024 2627 1083 2647 sum
1098 2625 1149 2646 εει.

1064 2654 1119 2690 (ἳΰ)
1139 2655 1175 2681 De
1191 2652 1427 2690 collato_lschyra_:
1438 2651 1594 2690 episcopatu
1610 2650 1637 2677 in
1653 2648 1804 2677 mercedem

1025 2686 1165 2716 calumniae
1181 2696 1246 2719 sum,
1260 2687 1328 2714 infra
1345 2687 1399 2720 agit
1410 2686 1582 2713 Athanasius.

1024 2758 1038 2784 δ
1060 2724 1116 2790 (ξι)
1149 2724 1188 2751 Ita
1219 2718 1286 2758 licg.
1313 2728 1340 2749 et
1363 2718 1449 2748 ‘Basil.
1481 2720 1550 2747 Editi
1577 2726 1650 2752 vero,
1676 2719 1716 2750 εἰς
1742 2718 1806 2745 ἀπό-

1039 2767 1062 2784 ει
1081 2766 1114 2784 ιν.

1039 2766 1114 2784 ειειν.

1061 2789 1118 2827 (25)
1135 2793 1170 2819 De
1182 2792 1305 2827 Diogaio,
1319 2789 1527 2827 sivefl‘heognio
1543 2789 1603 2827 ride
1613 2797 1672 2825 qua:
1685 2789 1801 2816 dicimus

1026 2824 1190 2863 paulo'infra
1208 2824 1360 2855 adinitium
1376 2826 1499 2861 Epistula:
1510 2824 1582 2852 Julii.
