2031 3048
240 115 290 144 271
518 114 546 143 S.
565 113 750 142 ATHANASII
769 114 845 142 OPP.
864 114 954 142 PARS
973 114 994 143 1.
1015 129 1049 135 -

239 173 345 201 dicandi
365 180 446 201 causa
457 178 602 208 susceptos,
618 179 724 200 rursum
737 172 809 208 Tyro
829 173 1017 200 Alexandriam
1032 175 1054 203 Α

240 225 302 247 sunt
327 219 449 254 profecti.
462 218 515 246 Nec
536 224 704 251 recusarunt,
724 219 786 246 licet
797 219 901 254 iudices
917 224 1018 251 essent,

240 270 320 293 testes
333 266 453 297 ﬁeri,sed
470 272 579 292 omnem
595 265 751 292 insidiarum
775 266 906 293 rationem
927 270 1020 300 aperte

240 310 366 345 amplexi,
376 311 484 346 quosvis
496 310 604 337 labores
615 311 769 345 itineraque
786 312 902 343 subiere.
916 316 945 338 ut
957 318 1020 338 con-

239 355 328 383 flatam
343 356 570 390 conspirationem
587 355 619 383 ad
639 355 766 384 allectum
789 357 962 384 deducerent.
984 356 1020 383 Et

212 400 214 403 ’
238 399 392 435 episcopum
407 400 513 435 quidem
527 401 703 428 Athanasium
720 402 746 428 in
761 406 889 429 extranea
911 401 1021 435 regione

239 445 374 472 detentum
391 445 524 480 reliquere
542 454 548 471 :
564 445 613 480 ipsi
628 452 693 473 vero
708 446 734 472 in
751 445 898 472 adversarii
915 446 955 473 sui
972 453 1019 472 ur-

239 491 299 517 bem
313 490 427 524 ingressi
440 494 512 522 sunt,
525 491 600 525 quasi
611 491 636 518 in
651 491 798 519 Ecclesiam
809 495 837 518 et
852 490 878 518 in
893 491 1019 526 populum

239 534 475 562 debaccharentur.
485 535 551 567 lmo,
562 535 631 569 quod
645 535 789 563 absurdius
802 540 853 569 est,
861 535 1020 571 cumlschy-

240 588 295 608 ram
311 586 495 609 accusatorem
510 589 600 609 secum
616 582 797 616 adducerent,
813 583 959 610 Macarium
975 584 1019 618 qui

239 628 414 655 accusabatur
428 629 503 663 sequi
531 637 584 656 non
608 630 767 663 permisere,
788 630 834 657 sed
855 637 915 657 eum
942 630 1020 665 107

239 673 302 708 Tyri
319 673 344 700 in
359 674 478 701 custodia
494 674 646 709 reliquere;
659 675 714 710 ipse
725 676 796 703 enim
816 675 948 703 Macarius
960 683 1021 711 pre-

239 721 331 754 sbyter
354 720 553 748 Alexandrinus
572 728 679 748 sursum
697 721 821 749 deorsum
850 721 883 749 ab
905 721 971 757 ipsis
994 723 1020 750 in

239 765 276 792 eri
282 773 341 792 men
356 765 514 793 vocabatur.

274 809 318 836 Μ.
334 809 389 836 Soli
418 810 499 845 igitur
515 817 574 837 cum
591 814 746 838 accusatore
760 809 949 838 Alexandriam
976 809 1020 837 in-

1068 111 1250 140 HISTONCA
1271 111 1314 139 ET
1333 110 1543 140 DOGMATICA.
1801 111 1857 139 272

1069 171 1192 207 ἀνδρειαν
1214 170 1373 205 ἠπείγοντο·
1400 169 1467 205 μηδὲ
1496 168 1526 196 τδ
1543 169 1680 204 μάρτυρες
1695 168 1720 194 οἱ
1734 168 1857 195 δικασταὶ

1071 217 1197 252 γενέσθαι
1211 216 1455 251 παραιτησάμενοι,
1471 215 1538 242 ἀλλὰ
1565 215 1652 241 πάντα
1674 214 1774 249 τρόπον
1798 215 1858 240 ἐπι·

1072 262 1168 297 ϐουλῆς
1191 261 1382 297 ἀναδεξάμενοι
1409 261 1541 297 φανερῶς,
1564 261 1611 287 καὶ
1625 260 1713 287 πάντα
1736 259 1857 295 κάματον

1073 309 1119 334 καὶ
1136 308 1224 334 πᾶσαν
1241 307 1299 334 ὁδὸν
1312 307 1487 338 ὑποστάντες,
1503 307 1545 333 ἵνα
1560 306 1608 342 τὴν
1622 306 1855 340 κατασκευαζομέ-

1071 363 1120 389 νην
1136 353 1270 389 συσκευὴν
1293 353 1466 388 πληρώσωσι.
1492 353 1546 379 Καὶ
1568 352 1613 378 τὸν
1640 352 1689 387 μὲν
1709 351 1857 378 ἐπίσκοπον

1078 399 1234 426 Ἀθανάσιον
1264 399 1444 434 κατεχόμενον
1466 399 1512 425 ἐπὶ
1536 398 1614 433 ξένης
1643 397 1698 432 (26)
1719 397 1854 432 ἠφίεσαν·

1072 445 1150 472 αὐτοὶ
1168 444 1195 470 δὲ
1210 445 1249 476 είς
1267 444 1316 479 τὴν
1336 444 1382 470 τοῦ
1397 444 1494 479 ἐχθροῦ
1516 444 1592 470 πόλιν
1607 444 1742 478 εἰσῄεσαν,
1761 443 1855 479 ὥσπερ

1072 490 1302 525 ἐπικωμάζοντες,
1320 490 1364 516 καὶ
1373 491 1405 524 τῇ
1426 489 1574 523 Ἐκκλησία
1587 489 1634 515 καὶ
1643 488 1689 524 τῷ
1697 488 1755 524 λαῷ
1765 489 1811 515 καὶ
1825 490 1855 516 τὸ

1073 534 1307 571 παραλογώτερον,
1328 534 1450 570 Ὶσχὺραν
1463 533 1508 560 τὸν
1521 534 1670 570 κατήγορον
1683 534 1740 569 μεθ’
1752 534 1855 561 ἐαυτῶν

1073 580 1247 615 ἐπαγόμενοι,
1263 579 1403 615 Μακάριον
1420 579 1465 606 τὸν
1477 580 1711 615 κατηγορούμενον
1737 580 1787 606 οὐκ
1806 581 1854 606 ἐπ-

1073 625 1189 660 έτρεψαν
1214 624 1394 659 ἀκολουθῆσαι
1407 644 1414 656 ,
1434 623 1490 650 ἀλλ’
1518 623 1670 659 ἔμφρουρον
1694 624 1802 658 ἀφῆκαν
1827 624 1855 650 ἐν

1073 673 1163 708 Τύρῳ.
1185 672 1256 697 Ἀνω
1271 670 1324 706 γὰρ
1338 671 1386 698 καὶ
1400 671 1475 697 κάτω
1486 670 1626 705 Μακάριος
1639 671 1653 697 ὁ
1674 669 1857 706 πρεσϐύτερος

1072 718 1122 754 τῆς
1147 715 1347 752 Ἀλεξανδρείας
1363 717 1484 753 ὑπήγετο
1503 717 1567 753 παρ’
1588 716 1676 744 αὐτῶν
1696 717 1735 752 τῷ
1760 716 1857 752 ἐγκλή-

1074 772 1149 800 ματι.

1110 811 1154 838 Η.
1178 811 1261 838 Μόνοι
1285 811 1374 838 τοίνυν
1389 808 1458 845 μετὰ
1476 808 1524 836 τοῦ
1546 807 1702 844 κατηγόρου
1716 806 1766 842 τὴν
1785 806 1858 833 Ἀλε-

239 855 335 889 gressi,
351 855 436 890 ipsum
452 856 547 883 domus
561 856 680 891 ejusdem
693 863 844 890 mensaeque
855 860 1018 890 consortem,

1071 857 1212 892 ξάνδρειαν
1237 856 1291 892 (27)
1307 855 1481 887 εἰσελθόντες,
1495 854 1616 881 σύνοικον
1631 853 1724 884 αὑτὸν,
1735 853 1781 879 καὶ
1795 860 1857 878 συν-

239 909 271 928 ac
287 907 466 935 compotorem
490 902 619 934 habuere,
647 907 838 937 assumptoque
864 909 915 928 una
930 901 1018 928 Phila-

239 947 297 983 grio
314 945 420 982 Ευριί
438 947 577 982 ιιτωίεειο,
595 948 622 975 in
651 947 795 974 Mareotem
813 955 841 975 se
857 947 993 975 contulere
1009 956 1016 974 :

239 998 320 1028 atque
349 993 404 1021 illic
422 994 531 1021 scilicet
559 994 608 1021 soli
624 1001 671 1028 pro
687 1001 734 1021 sua
752 993 862 1021 libidine
878 1001 938 1021 cutn
951 1000 1019 1028 pra-.-

239 1039 310 1066 dicto
321 1039 378 1066 viro
390 1039 590 1072 inquisitionem
605 1039 703 1067 fecere.
719 1039 809 1074 Neque
819 1040 976 1074 permisere,
989 1043 1020 1066 ut

240 1085 389 1120 presbyteri
407 1085 461 1113 illic
475 1086 644 1119 interessent,
663 1086 724 1114 licet
747 1086 773 1113 id
793 1086 830 1114 illi
843 1087 963 1121 impense
976 1094 1019 1114 ro-

239 1136 344 1166 garent.
371 1130 433 1159 ldeo
453 1137 543 1158 autem
563 1133 712 1168 presbyteri
731 1132 804 1160 urbis
819 1137 846 1160 et
864 1133 946 1160 totius
973 1140 1017 1160 re-

238 1177 335 1211 gionis,
354 1182 383 1204 ut
403 1177 455 1205 sibi
484 1177 521 1204 illi
544 1178 638 1206 adesse
661 1179 764 1210 liceret,
784 1178 962 1214 postulabant,
989 1183 1017 1206 ut

239 1223 387 1250 submissos
401 1223 435 1250 ab
454 1223 562 1259 lscbyra
590 1229 671 1251 testes
690 1225 892 1257 convincerent,
908 1226 1017 1260 quinam

239 1271 265 1294 et
280 1268 411 1295 undenam
429 1272 530 1295 essent.
547 1269 580 1298 At
597 1269 635 1297 illi
653 1277 746 1298 sacros
759 1271 867 1306 quidem
881 1272 1019 1300 nnnistros

239 1314 334 1341 adesse
350 1322 402 1342 non
422 1321 600 1348 concessere;
628 1316 674 1342 sed
690 1323 781 1343 coram
792 1317 909 1344 ethnicis
924 1317 957 1345 de
973 1324 1019 1344 ec-

239 1359 332 1392 clesia,
347 1360 380 1387 de
389 1360 485 1392 calice,
501 1361 534 1388 de
545 1368 646 1392 mensa.
666 1361 699 1388 de
710 1362 794 1389 sacris
811 1362 890 1389 rebus
907 1362 1019 1397 inquisi-

241 1406 339 1432 tionem
357 1405 489 1434 fecerunt.
517 1406 550 1433 Et
569 1406 639 1441 quod
654 1407 764 1442 gravius
781 1411 832 1440 est,
851 1407 976 1435 ethnicos
991 1407 1018 1434 in

240 1452 332 1479 testes,
347 1457 408 1476 cum
422 1449 455 1476 de
475 1451 589 1485 mystico
606 1450 701 1484 poculo
724 1451 914 1485 disquirerent,
933 1452 1018 1480 advo-

240 1497 336 1520 carunt
350 1502 356 1520 :
373 1493 427 1521 imo
441 1502 508 1529 quos
523 1496 556 1521 ab
568 1495 718 1522 Athanasio
732 1495 861 1523 Catholici
873 1497 961 1524 accitu
975 1504 1018 1524 ra-

239 1544 298 1573 ptos
309 1547 368 1567 esse
386 1539 594 1573 allirmaverant,
610 1549 731 1576 quosque
750 1542 858 1569 ubinam
884 1547 1018 1570 terrarum
1032 1528 1054 1557 C

239 1590 340 1617 essent.
365 1593 393 1613 se
410 1587 514 1614 nescire
530 1587 725 1621 proﬁtebantur
736 1607 744 1621 ,
760 1588 833 1622 ipsos
850 1588 882 1615 ad
905 1596 934 1616 se
945 1593 972 1617 et
985 1590 1020 1616 ad

239 1632 395 1666 praefectum
413 1632 538 1667 privatim
556 1633 739 1660 introduxere.
765 1633 820 1661 Nec
841 1635 935 1668 puduit
953 1654 961 1666 ,
986 1634 1020 1662 ab

239 1676 384 1704 Athanasio
398 1679 524 1712 episcopo
543 1679 576 1707 de
600 1680 688 1707 medio
706 1679 827 1707 sublatos
844 1680 934 1708 dicere
948 1687 995 1708 eos
1010 1700 1018 1713 ,

239 1730 352 1756 quorum
378 1725 557 1751 cernebantur
572 1725 735 1753 testimoniis
758 1726 807 1754 uti.
829 1725 882 1754 Sed
900 1734 961 1754 cum
988 1734 1020 1754 eo

238 1768 324 1795 solum
339 1774 460 1803 spectent
479 1775 507 1797 ut
518 1778 579 1798 eum
597 1771 731 1805 occidant,
747 1779 793 1800 eos
812 1772 857 1806 qui
879 1772 967 1800 adhuc
993 1773 1019 1800 in

239 1815 307 1842 vivis
319 1819 381 1842 sunt
398 1820 517 1843 mortuos
533 1824 638 1845 rursum
659 1817 796 1850 simulant,
813 1818 850 1845 uti
862 1818 895 1845 de
907 1818 1020 1846 Arsenio

239 1860 336 1887 fecere.
351 1860 418 1888 Nam
433 1861 556 1889 homines
582 1863 628 1897 qui
649 1863 738 1890 adhuc
754 1868 910 1898 supersunt.
930 1868 957 1891 et
973 1864 1018 1898 qui

238 1905 326 1939 palam
341 1907 440 1941 degunt
455 1907 480 1933 in
494 1914 541 1934 sua
556 1908 674 1943 regione,
685 1909 755 1943 apud
774 1917 822 1936 vos
839 1909 917 1944 longe
933 1917 1020 1937 semo-

240 1954 281 1976 tos
300 1951 376 1984 quasi
387 1951 419 1977 de
435 1951 521 1978 medio
533 1952 650 1980 sublatos
664 1953 855 1981 miserabiliter
868 1954 1018 1988 deplorant;

239 2000 268 2021 ut
284 2003 343 2023 cum
357 1997 449 2030 procul
467 1998 588 2031 petenda:
608 1998 662 2026 sint
674 1999 855 2033 probationes,
875 2000 1020 2027 commini-

239 2047 326 2068 strum
346 2048 466 2070 nostrum
486 2044 594 2071 valeant
609 2044 781 2078 calumniari,
796 2045 872 2080 quasi
887 2045 912 2071 vi
928 2050 955 2072 et
971 2053 1019 2079 po-

241 2093 337 2115 testate
350 2095 414 2116 usus
429 2089 480 2122 sit;
496 2097 557 2116 cum
583 2095 671 2117 tamen
687 2090 777 2117 omnia
791 2090 851 2124 ipsi,
870 2091 896 2117 vi
908 2095 935 2117 et
953 2090 1020 2118 alio-

239 2142 298 2161 rum
314 2135 464 2169 patrocinio
479 2135 550 2168 freti,
571 2141 661 2171 agant.
686 2136 830 2164 Enimvero
846 2144 904 2171 qua:
924 2136 951 2164 iu
964 2137 1019 2164 Ma-

240 2183 313 2206 reote
341 2184 539 2214 perpetrarunt,
557 2181 638 2208 rebus
655 2181 718 2216 Tyri
737 2181 821 2215 gestis
844 2186 907 2208 sunt
926 2181 1017 2208 eonsi-
1034 2196 1055 2224 ι)

239 2224 368 2252 millima:
394 2229 422 2251 ut
449 2226 518 2252 enim
532 2225 586 2252 illic
604 2233 695 2253 comes
711 2226 804 2253 aderat
819 2234 880 2253 cum
911 2226 1018 2253 militari

239 2277 330 2301 manu,
356 2269 420 2297 nulli
444 2270 602 2305 permittens
618 2276 716 2305 praeter
732 2278 825 2298 eorum
856 2271 1017 2298 sententiam

239 2315 340 2349 aliquid
355 2315 444 2343 dicere
461 2315 502 2343 vel
515 2324 612 2350 agere;
636 2316 672 2343 ita
686 2324 795 2352 quoque
810 2323 837 2344 et
851 2317 895 2344 hic
910 2316 1019 2353 {Egypti

239 2361 381 2393 praefectus
396 2367 455 2387 eum
472 2361 580 2388 militari
597 2369 676 2388 manu
691 2362 794 2393 aderat,
806 2362 851 2396 qui
865 2369 958 2389 omnes
974 2369 1019 2389 ec-

238 2404 404 2432 clesiasticos
427 2409 552 2438 terreret,
569 2413 618 2433 nec
633 2406 716 2433 ullum
731 2407 763 2434 de
776 2406 888 2434 veritate
901 2407 1017 2434 testimo-

239 2450 312 2477 nium
325 2449 395 2478 ferre
406 2451 592 2486 permitteret:
608 2456 634 2479 et
654 2452 725 2487 quod
743 2452 885 2480 absurdius
900 2456 952 2485 est,
967 2461 1014 2480 co-

273 2519 328 2555 (26)
340 2520 376 2547 Ita
395 2520 459 2555 Reg.
476 2525 503 2547 et
519 2521 600 2548 Basil.
625 2521 660 2547 At
675 2520 749 2553 editi,
767 2521 831 2555 περὶ
847 2518 935 2554 ξένης.
962 2519 1020 2547 Mox

239 2554 317 2591 Reg,
330 2555 376 2591 τοῦ
389 2554 498 2591 ἐχθροῦ.
514 2556 720 2591 lteliqniomnes
731 2563 790 2583 cum
805 2554 869 2591 editi
883 2560 938 2591 tum
957 2563 1022 2583 mss.

237 2590 284 2617 τοῦ
301 2589 391 2625 ἐχθροί
405 2589 540 2617 incuriose.
555 2589 637 2617 Paulo
649 2595 709 2624 post
720 2589 909 2625 editiubegrsp
923 2590 1024 2619 ἐπικω-

239 2625 370 2666 μάζοντες
384 2627 417 2661 τῇ
439 2625 586 2661 Ἐκκλησία
600 2626 628 2652 ἐν
644 2625 684 2661 τῷ
702 2624 767 2660 λαῷ.
788 2624 841 2652 Nos
854 2624 966 2659 Regium
981 2634 1024 2652 se-

238 2668 355 2694 quimur.

273 2695 330 2730 (‘27)
349 2695 427 2729 Reg..
443 2695 512 2722 κατὰ
523 2695 571 2730 τὴν
588 2695 799 2730 Ἄλεξὰνδρειαν.

283 2697 330 2727 ‘27)
349 2697 427 2729 Reg..
443 2697 512 2722 κατὰ
523 2697 547 2721 τ’
558 2705 571 2721 ν
588 2697 799 2730 ’Δλεξᾱνδρειαν.

264 2697 330 2770 ,ἓὶῖἢ
348 2730 394 2758 Sic
410 2729 478 2764 Reg.
495 2736 521 2757 et
538 2704 620 2758 Easil.
650 2731 718 2757 Editi
744 2736 845 2762 ιιυιιίιι,
868 2729 940 2764 παρᾶ
972 2730 1021 2755 Ἰσ-

239 2773 328 2831 Nai?)
339 2798 409 2826 Edit.
425 2799 554 2826 Cmnmel.
567 2801 701 2831 mendoso,
715 2799 846 2833 ἡττᾶσθαι.
861 2798 927 2833 Reg.
937 2799 1023 2833 ἡρπά-

237 2833 298 2860 σθαι
312 2841 370 2861 eam
386 2839 472 2861 acuto.
482 2835 532 2861 Alii
543 2842 644 2867 omnes,
656 2834 801 2870 ήρπὶιθαι.
817 2833 886 2866 Mox,
897 2835 941 2860 τοῦ
951 2835 1024 2861 Καθ-

1069 903 1167 935 έστιον,
1189 903 1237 929 καὶ
1251 902 1392 937 συμπότην
1408 901 1525 936 ἔχοντες,
1543 900 1589 927 καὶ
1602 900 1647 926 τὸν
1672 899 1790 934 ἐπαρχον
1807 898 1857 933 τῆς

1068 949 1204 983 Αἰγύπτου
1216 948 1359 984 Φιλάγριον
1368 947 1579 983 παραλαϐόντες,
1593 945 1639 973 ἐπὶ
1649 945 1698 980 τὴν
1706 943 1857 980 Μαρεὼτην

1068 994 1198 1030 ἀπῆλθον·
1213 994 1295 1021 κάκεῖ
1308 993 1387 1030 δῆθεν
1412 992 1551 1020 ἐποιοῦντο
1565 991 1614 1027 τὴν
1630 991 1752 1024 ἐξέτασιν
1771 989 1856 1025 μόνοι,

1068 1040 1106 1071 ὡς
1120 1040 1224 1075 ἠθελον,
1244 1040 1313 1076 μετὰ
1324 1039 1370 1067 τοῦ
1381 1038 1588 1075 προειρημένου·
1610 1037 1695 1064 πολλὰ
1707 1038 1770 1068 τοὺς
1785 1045 1854 1072 πρε-

1069 1084 1215 1120 σϐυτέρους
1223 1087 1349 1120 παρεῖναι
1355 1083 1594 1120 παρακαλέσαντας
1598 1083 1648 1109 οὐκ
1653 1081 1855 1117 ἐπιτρέψαντες.

1075 1129 1181 1163 Ὶίξίουν
1196 1130 1223 1157 δὲ
1238 1132 1364 1165 παρεῖναι
1380 1130 1406 1156 οἵ
1419 1138 1448 1156 τε
1465 1131 1515 1164 τῆς
1526 1128 1627 1160 πόλεως
1643 1127 1690 1154 καὶ
1702 1128 1751 1162 τῆς
1766 1127 1858 1162 χώρας

1070 1176 1159 1211 πάσης
1181 1176 1368 1212 πρεσϐύτεροι,
1394 1176 1435 1203 ἵνα
1461 1175 1523 1207 τοὺς
1547 1173 1778 1209 ὐποϐαλλομένους
1805 1173 1858 1200 ὑπὸ

1075 1222 1184 1258 ἰσχύρα
1199 1222 1253 1257 (28)
1270 1221 1424 1256 διελέγξωσι
1441 1222 1513 1253 τίνες
1536 1222 1583 1248 καὶ
1610 1220 1690 1247 πόθεν
1711 1220 1774 1246 elei.
1802 1219 1857 1246 Καὶ

1068 1269 1130 1300 τοὺς
1148 1269 1196 1304 μὲν
1209 1269 1380 1305 λειτουργοὺς
1399 1268 1517 1295 ἐκώλυον
1545 1268 1684 1302 παρεῖναι’
1698 1266 1745 1293 ἐπὶ
1759 1266 1787 1292 δὲ
1802 1265 1857 1292 τῶν

1069 1315 1182 1342 ἐθνικῶν
1208 1314 1337 1350 ἐξήταζον
1364 1314 1429 1350 περὶ
1449 1314 1606 1349 ἐκκλησίας,
1622 1313 1686 1348 περὶ
1711 1311 1852 1348 ποτηρίου,

1070 1363 1132 1398 περὶ
1146 1361 1295 1397 τραπέζης,
1313 1361 1359 1389 καὶ
1382 1361 1436 1387 τῶν
1461 1361 1561 1395 ἁγίων·
1578 1359 1669 1387 καὶτὸ
1694 1358 1852 1394 δεινότερον,

1069 1408 1191 1439 ἐθνικοῦς
1208 1407 1322 1434 ἐκάλουν
1340 1407 1481 1442 μάρτυρας
1493 1406 1557 1441 περὶ
1578 1404 1708 1440 ποτηρίου
1723 1403 1854 1440 μυστικοῦ

1068 1450 1226 1487 ζητοῦντες·
1240 1452 1287 1478 καὶ
1304 1451 1351 1483 οὓς
1365 1451 1504 1487 ἡρπάσθαι
1520 1451 1574 1487 (Ξ9)
1596 1450 1672 1485 παρὰ
1697 1450 1855 1476 ’Δθανασίου

1069 1498 1234 1534 διωρίζοντο,
1252 1499 1284 1524 ἐκ
1299 1498 1489 1533 μετακλήσεως
1499 1496 1545 1524 τοῦ
1560 1495 1712 1528 καθολικοῦ,
1726 1495 1772 1522 καὶ
1787 1495 1854 1530 μηδὲ

1071 1544 1132 1571 ὅποι
1145 1544 1195 1580 γῆς
1212 1545 1264 1571 εἰσι
1283 1543 1436 1578 γινώσκειν,
1449 1543 1560 1575 τούτους
1574 1543 1682 1578 εἰσῆγον
1698 1542 1739 1576 ἐφ’
1752 1541 1856 1568 ἐαυτῶν

1071 1591 1118 1618 καὶ
1140 1590 1188 1617 τοῦ
1211 1590 1334 1626 ἐπάρχου
1359 1589 1448 1625 μόνον.
1472 1589 1526 1616 Καὶ
1543 1589 1592 1615 οὐκ
1618 1587 1728 1623 ᾐδοῦντο
1745 1587 1858 1618 τούτους

1069 1636 1216 1671 ἠφανίσθαι
1227 1635 1302 1672 παρὰ
1312 1635 1358 1662 τοῦ
1373 1635 1522 1662 ἐπισκόπου
1543 1633 1701 1661 ’Δθανασίου
1716 1633 1839 1667 λέγοντες
1849 1651 1856 1663 ,

1069 1678 1107 1708 ὧν
1121 1683 1180 1713 ταῖς
1197 1681 1361 1717 μαρτυρίαις
1375 1679 1546 1716 συγχρῆσθαι
1555 1678 1687 1706 δοκοῦσιν·
1705 1677 1784 1705 Ἀλλὰ
1797 1677 1859 1704 κὰν-

1069 1727 1156 1755 ταῦθα
1180 1728 1259 1763 μόνον
1278 1726 1406 1761 φονεῦσαι
1423 1725 1589 1761 βουλόμενοι,
1605 1724 1686 1751 πάλιν
1700 1724 1763 1754 τοὺς
1789 1722 1857 1755 ζῶν-

1069 1782 1128 1806 τας,
1138 1773 1175 1805 ὡς
1192 1773 1388 1804 ἀποθανόντας,
1405 1772 1451 1798 τὸν
1465 1771 1512 1798 ἐπὶ
1534 1771 1671 1806 Ἀρσενίου
1694 1769 1793 1805 τρόπον
1815 1776 1859 1802 μι-

1071 1819 1122 1855 μοὺ
1127 1827 1200 1854 μενοι
1209 1819 1380 1846 πλάττονται.
1394 1819 1491 1849 ὐντας
1502 1816 1557 1852 (50)
1568 1816 1622 1851 γὰρ
1629 1815 1691 1847 τοὺς
1698 1813 1857 1850 ἀνθρώπους

1070 1866 1117 1892 καὶ
1128 1865 1307 1901 φαινομένους
1319 1865 1364 1891 ἐπὶ
1378 1864 1427 1900 τῆς
1441 1863 1518 1896 ἰδίας,
1534 1861 1599 1898 ὑμῖν
1619 1862 1675 1894 τοῖς
1694 1859 1801 1896 μακρὰν
1820 1859 1858 1890 ὡς

1070 1911 1182 1945 ἀφανεῖς
1206 1909 1433 1947 ἐκτραγῳδοῦσιν,
1465 1908 1524 1940 ἵνα,
1551 1907 1662 1943 μακρὰν
1689 1907 1773 1933 όντων
1805 1904 1858 1930 τῶν

1070 1956 1198 1991 ἐλέγχων,
1218 1955 1262 1982 τὸν
1282 1954 1486 1989 συλλειτουργδν
1503 1953 1581 1988 ἡμῶν
1606 1951 1795 1982 διαϐάλλωσιν,
1819 1949 1857 1980 ὡς

1071 2001 1115 2036 βίᾳ
1131 2001 1178 2027 καὶ
1187 2001 1329 2036 δυναστείᾳ
1343 2000 1492 2036 χρώμενον,
1510 1998 1597 2025 καίτοι
1614 1998 1702 2024 πάντα
1715 1997 1791 2023 αὐτοὶ
1810 2003 1857 2030 με-

1069 2047 1104 2073 τὰ
1118 2047 1275 2079 δυναστείας
1292 2047 1338 2073 καὶ
1354 2045 1522 2080 προστασίας
1546 2044 1722 2080 πράττοντες.
1737 2042 1791 2068 Καὶ
1805 2041 1857 2076 γὰρ

1069 2093 1149 2128 ὅμοια
1173 2093 1253 2119 πάλιν
1267 2092 1302 2119 τὰ
1325 2092 1396 2119 κατὰ
1419 2091 1573 2128 Μαρεώτην
1599 2091 1656 2122 τοῖς
1681 2088 1752 2116 κατὰ
1771 2087 1857 2122 Τύρον

1069 2138 1183 2172 ἐγίνετοο
1199 2138 1291 2173 ὥσπερ
1303 2139 1357 2174 γὰρ
1371 2139 1429 2164 ἐκεῖ
1440 2139 1528 2173 κόμης
1537 2135 1571 2172 ἦν
1586 2136 1653 2171 μετὰ
1662 2133 1859 2170 στρατιωτικῆς

1069 2185 1229 2220 ὑπηρεσίας,
1247 2184 1334 2211 οὐδενὶ
1350 2184 1506 2220 ἐπιτρέπων
1527 2182 1604 2218 παρὰ
1618 2182 1652 2208 τὰ
1678 2181 1792 2212 ἐκείνοις
1814 2179 1858 2206 δο-

1073 2230 1181 2262 κοῦντα,
1205 2230 1222 2266 ἢ
1244 2230 1380 2264 λέγεσθαι,
1405 2229 1422 2264 ἤ
1443 2229 1625 2265 πράττεσθαι,
1645 2227 1714 2254 οὕτω
1741 2225 1788 2253 καὶ
1816 2226 1858 2251 ἐν⁴

1071 2275 1158 2302 ταῦθα
1169 2275 1183 2301 ό
1194 2275 1244 2309 τῆς
1259 2275 1395 2308 Αἰγύπτου
1405 2274 1522 2309 ἔπαρχος
1540 2273 1608 2308 μετὰ
1629 2272 1677 2308 τῆς
1693 2271 1796 2304 τάξεως
1811 2268 1856 2305 ἦν,

1072 2319 1174 2350 πάντας
1194 2319 1244 2354 μὲν
1259 2319 1322 2350 τοὺς
1342 2319 1390 2354 τῆς
1418 2318 1564 2353 ἐκκλησίας
1591 2317 1724 2352 ἐκφοϐῶν,
1758 2315 1859 2351 μηδένα

1071 2363 1100 2390 δέ
1114 2362 1183 2397 μετὰ
1206 2363 1334 2398 ἀληθείας
1354 2363 1508 2398 ἐπιτρέπων
1522 2363 1685 2398 μαρτυρεῖν·
1700 2361 1746 2387 καὶ
1761 2359 1792 2386 τὸ
1804 2368 1858 2386 πα-

1071 2408 1243 2445 ραδοξότερον
1259 2410 1287 2435 ἐν
1300 2409 1373 2444 αὐτῷ
1387 2408 1424 2443 τῷ
1435 2409 1509 2443 τόπῳ
1519 2408 1566 2434 καὶ
1589 2409 1622 2443 τῇ
1642 2407 1714 2442 οἰκίᾳ
1731 2406 1780 2432 τοῦ
1793 2414 1858 2432 κατ-

1069 2455 1179 2490 ηγόρου.
1189 2455 1235 2481 καὶ
1247 2453 1345 2490 ᾠκουν,
1358 2455 1405 2481 καὶ
1412 2454 1548 2487 ἐξετάζειν
1558 2453 1665 2481 ἐδόκουν
1678 2453 1695 2480 ἃ
1705 2452 1857 2487 ἠϐούλοντο,

1075 2521 1176 2550 ολικοῦ.
1192 2521 1340 2559 Καθολικοί
1365 2523 1391 2548 in
1413 2520 1524 2559 singulis
1553 2519 1714 2559 dioecesibus
1732 2518 1859 2559 ollicialos

1076 2562 1162 2589 erant,
1180 2558 1225 2592 qui
1248 2557 1366 2592 negotia,
1384 2555 1556 2592 rationesque
1571 2555 1678 2592 nomine
1691 2555 1859 2592 imperatoris

1078 2587 1239 2624 tractabant,
1255 2587 1324 2619 uane
1342 2591 1420 2618 iidem
1441 2587 1589 2624 λογοθέται,
1613 2589 1638 2616 id
1663 2595 1703 2615 eat
1717 2587 1859 2624 rationales

1077 2632 1103 2653 et
1116 2623 1305 2661 procuratores
1321 2626 1384 2653 dicti
1399 2623 1548 2653 sunt.'ll:ee
1561 2633 1609 2661 vox
1623 2624 1777 2661 frequenter
1789 2623 1859 2661 apud

1077 2657 1252 2697 Athanasium
1265 2661 1393 2688 occurrit.
1406 2661 1472 2688 Vide
1480 2659 1575 2697 Cangii
1589 2664 1616 2686 et
1628 2659 1734 2697 _Sniceri
1747 2657 1857 2697 Leniea.

1077 2696 1135 2723 Mox
1153 2696 1219 2731 Reg.
1242 2704 1321 2731 quem
1354 2697 1503 2731 sequimur,
1525 2693 1586 2721 ὁποι
1609 2693 1661 2728 γῆς
1679 2694 1758 2724 εἰσιν,
1773 2693 1818 2719 alii
1833 2697 1860 2718 et

1076 2732 1139 2758 editi
1154 2732 1221 2758 ἐστι.

1112 2765 1166 2801 (50)
1182 2766 1227 2794 Sic
1241 2765 1344 2801 [leget
1363 2764 1506 2801 Basil,Alii
1522 2772 1585 2793 vero
1605 2771 1664 2793 eum
1688 2762 1767 2791 editis
1782 2759 1860 2788 Οὕτω

1080 2799 1132 2837 γὰρ
1144 2801 1214 2833 τοῖιι-
1228 2799 1298 2829 Infra
1310 2800 1376 2837 Reg.
1389 2799 1543 2827 διαόἀλωσι.
