2031 3048
166 148 220 177 275

711 151 883 180 ΑροιοοιΑ
902 151 1041 179 CONTRA
1062 151 1223 181 ARIANOS.

1728 151 1780 179 2H

167 211 192 237 οί
208 209 263 236 εἴτε
276 209 411 241 δικασταὶ,
425 211 479 238 εἴτε
492 211 638 247 μάρτυρες,
655 211 710 238 εἴτε
727 212 778 247 τῆς
790 212 895 239 ἑαυτῶν
906 213 951 240 καὶ

1002 213 1062 240 dem
1079 213 1178 241 inloco
1196 217 1224 241 et
1243 213 1269 240 in
1288 212 1354 247 ipsis
1379 212 1545 240 accusatoﬁs
1559 209 1661 239 aedibus
1675 211 1782 239 habita-

170 255 298 282 Εὐσεϐίου
316 257 442 292 σπουδῆς,
453 257 521 293 ὅπερ
534 257 724 293 ἀληθέστερον,
750 257 884 293 ὑπηρέται
897 267 951 285 πα-

172 301 356 337 ραγενόμενοι.

205 390 247 418 15.
262 391 316 417 Καὶ
325 390 384 418 τίνα
398 391 431 418 τὰ
448 392 512 427 παρ’
527 391 616 418 αὐτῶν
628 393 667 424 εἰς
681 392 729 428 τὴν
750 391 952 428 Ἀλεξάνδρειαν

169 437 347 472 τολμηθέντα,
364 438 514 473 νομίζομεν
530 438 601 473 ὑμᾶς
626 437 662 473 μὴ
676 438 780 471 ἀγνοεῖν
792 446 798 452 ·
814 437 951 473 πανταχοῦ

169 481 223 516 γὰρ
245 481 402 508 διαδέδοται.
426 481 494 517 Ξίῳη
521 482 613 517 γυμνὰ
633 483 703 509 κατὰ
728 482 781 508 τῶν
797 482 851 517 (51)
868 483 952 516 ἁγίων

170 527 309 564 παρθένων
331 528 378 555 καὶ
402 528 455 555 τῶν
471 528 591 562 ἀδελφῶν
615 528 722 564 ἐχώρει,
748 529 793 555 καὶ
822 529 952 565 μάστιγες

169 575 239 602 κατὰ
250 574 303 601 τῶν
315 574 430 610 ἐντίμων
442 575 516 611 παρὰ
531 575 590 610 Θεῷ
606 575 748 610 σωμάτων,
767 575 814 602 καὶ
830 576 892 607 τοὺς
904 575 952 601 πό-

168 621 215 653 δας
242 621 372 656 ἐχώλευον
391 622 443 648 ὑπὸ
469 621 522 648 τῶν
548 621 669 657 πληγῶν,
687 622 714 648 αἱ
738 620 788 656 τὴν
810 620 899 656 ψυχὴν
923 620 952 646 ἐν

169 667 265 702 ἁγνεία
277 667 323 693 καὶ
339 667 420 693 πᾶσιν
431 667 568 703 ὁλόκληροι
582 669 636 698 τοῖς
648 667 750 699 καλοῖς.
766 668 908 702 Ἐργασίαι
922 676 951 694 τε

169 711 327 738 κατάὺτῶν
349 711 515 738 ἐπεσείοντο·
533 712 578 738 καὶ
599 712 701 739 ἐθνικοὶ
725 713 806 747 δῆμοι
830 713 898 748 πρὸς
921 713 952 739 τὸ

169 757 297 792 γυμνοῦν,
311 757 432 789 τύπτειν,
447 758 615 792 ἀσελγαίνειν
639 759 698 785 κατ’
713 758 817 791 αὐτῶν,
845 758 952 793 βωμούς

168 812 198 829 τε
213 804 260 830 καὶ
279 802 372 835 θυσίας
397 804 554 830 ἐπαπειλεῖν
580 804 684 836 αὑταῖς.
705 804 759 830 Καί
773 813 814 835 τις
835 804 952 839 ἀσελγὴς

168 848 248 883 ἀνὴρ,
261 848 298 879 ὡς
312 848 434 880 ἐξουσίας
458 849 551 875 λοιπὸν
566 848 690 884 δοθείσης
707 849 758 876 ὑπὸ
771 849 818 876 τοῦ
831 850 951 886 ἐπάρχου

169 893 236 928 πρὸς
250 893 328 929 χάριν
339 894 393 921 τῶν
404 895 569 926 ἐπισκόπων,
586 896 664 931 χεῖρα
679 895 812 931 παρθένου
827 897 950 931 κατεῖχε,

169 939 214 965 καὶ
227 939 294 975 πρὸς
306 939 420 974 τυχόντα
434 939 489 975 (52)
508 939 597 975 βωμὸν
611 937 710 972 εἷλκεν,
722 940 844 975 ἀνάγκην
857 940 951 972 θυσίας

169 985 215 1012 καὶ
228 985 347 1021 διωγμοῦ
366 986 543 1020 μιμούμενος.
559 986 613 1012 Καὶ
627 985 713 1012 ταῦτα
728 985 886 1020 ἐπράττετο,
905 985 951 1012 καὶ

169 1032 241 1067 φυγὴ
258 1032 312 1058 τῶν
326 1031 466 1067 παρθένων
475 1030 520 1066 ἦν,
533 1032 580 1058 καὶ
593 1032 678 1066 γέλως
686 1031 739 1058 τῶν
754 1031 867 1058 ἐθνικῶν
882 1031 952 1058 κατὰ

167 1077 216 1112 τῆς
237 1076 407 1112 Ἐκκλησίας,
416 1077 470 1103 τῶν
479 1077 633 1104 ἐπισκόπων
644 1077 717 1104 ἔνδον
731 1077 824 1108 ὅντων,
831 1077 877 1103 καὶ
887 1077 952 1104 ταὺ-

166 1132 217 1159 την
237 1123 279 1159 τὴν
297 1123 385 1150 οἰκίαν
403 1119 622 1159 οἰκούντων,ἐνῇ
638 1122 721 1149 ταῦτα
737 1122 895 1158 ἐπράττετο,
905 1122 952 1149 καὶ

168 1170 214 1204 ἀφ’
229 1167 262 1205 ἧς
277 1169 320 1196 διὰ
341 1170 389 1205 τὴν
407 1171 446 1201 είς
458 1169 556 1200 αὐτοὺς
572 1169 662 1204 χάριν,
675 1169 760 1203 ξιφῶν
777 1169 805 1195 αἱ
823 1169 951 1204 παρθένοι

167 1215 288 1250 γυμνῶν,
304 1215 352 1242 καὶ
368 1215 465 1247 παντὸς
482 1214 612 1247 κινδύνου,
630 1215 677 1242 καὶ
694 1215 808 1250 ὕϐρεων,
822 1216 868 1241 καὶ
879 1223 950 1249 παρ-

166 1261 252 1292 οινίας
277 1261 467 1297 πεπείρανται.
488 1261 544 1287 Καὶ
559 1260 644 1287 ταῦτα
659 1260 777 1296 ἔπασχον
792 1261 821 1287 ἐν
840 1261 952 1296 νηστείᾳ

167 1305 242 1342 παρὰ
256 1306 308 1333 τῶν
319 1308 375 1338 τοῖς
388 1307 546 1339 ἐπισκόποις
563 1307 635 1334 ένδον
649 1307 879 1342 συνεστιωμένων.

202 1436 245 1465 16.
265 1436 357 1465 Ταῦτα
384 1438 547 1473 προειδότες,
569 1438 607 1470 ὼς
621 1438 727 1474 ἐχθρῶν
747 1438 847 1470 εἴσοδος
868 1439 916 1473 οὐχ
932 1440 949 1474 ἡ

166 1483 284 1519 τυχοῦσα
299 1484 394 1520 βλάϐη,
406 1485 455 1521 τὴν
471 1485 631 1520 παραίτησιν
645 1485 841 1520 ἐποιησάμεθα.
858 1485 950 1512 Ταῦτα

167 1530 214 1556 καὶ
229 1529 399 1567 Ἀλέξανδρος
412 1530 468 1566 (35)
480 1532 508 1557 ἐν
519 1530 557 1566 νῷ
567 1530 655 1557 λαϐὼν
665 1532 680 1558 ὁ
695 1531 743 1567 τῆς
753 1530 950 1566 Θεσσαλονίκης

165 1575 323 1608 ἐπίσκοπος,
340 1576 440 1612 γράφει
464 1576 533 1613 πρὸς
557 1577 619 1608 τοὺς
648 1577 707 1603 ἐκεῖ
733 1577 876 1612 μείναντας
899 1577 949 1612 τὴν

167 1621 301 1657 συσκευὴν
315 1621 442 1657 ἐλέγχων,
457 1622 503 1649 καὶ
513 1621 561 1658 τὴν
575 1621 719 1657 ἐπιϐουλὴν
729 1622 932 1657 μαρτυρόμενος
942 1629 949 1636 ο

166 1667 195 1693 δν
220 1666 271 1693 κᾶν
293 1667 492 1703 συναριθμιῖισιν
516 1668 638 1701 ἑαυτοῖς,
661 1667 708 1694 καὶ
730 1667 780 1702 τῆς
808 1666 952 1703 ἐπιϐουλῆς

169 1713 305 1748 μετρῶσιν
320 1713 376 1744 ἕνα,
392 1713 469 1740 οὐδὲν
491 1713 555 1740 ἄλλο
575 1713 591 1748 ἢ
617 1713 677 1740 κατ’
694 1713 798 1740 ἐκείνου
818 1712 867 1748 τὴν
891 1712 952 1748 βίαν

166 1759 327 1786 δεικνύουσι.
342 1760 398 1786 Καὶ
411 1760 465 1795 γὰρ
476 1759 523 1786 καὶ
531 1761 546 1787 ὁ
557 1759 734 1796 παμπόνηρος
745 1759 878 1795 Ἰσχύρας,
892 1759 953 1785 οὺδέ

168 1802 249 1834 αὐτὸς
264 1803 328 1830 ἄνευ
347 1803 429 1838 φόϐου
445 1804 492 1830 καὶ
506 1803 566 1839 βίας
588 1803 632 1829 ἐπ’
648 1803 702 1839 (54)
726 1803 792 1830 αὐτὸ
807 1803 950 1840 ὥρμησεν,

168 1846 224 1873 ἀλλ’
243 1847 349 1883 ἀνάγκη
364 1848 412 1883 τὴν
429 1847 596 1884 κατηγορίαν
618 1848 710 1875 ὑπέδυ.
733 1847 832 1875 Τούτου
848 1848 951 1884 τεκμή-

169 1900 236 1928 ριον,
250 1893 330 1926 αὐτὸς
347 1892 466 1929 ἔγραψεν
489 1893 611 1929 Ἰσχύρας
638 1893 706 1929 πρὸς
724 1893 769 1920 τὸν
794 1893 953 1920 συνεπισκο-

168 1945 219 1964 πον
237 1938 404 1970 Ἀθανάσιον,
423 1939 465 1966 ὃτι
486 1939 568 1975 μηδὲν
582 1940 639 1966 ἐκεῖ
655 1939 808 1974 πέπρακται
823 1939 950 1972 τοιοῦτον,

168 1983 224 2010 ἀλλ’
241 1984 377 2020 ὑπεϐλήθη
403 1985 568 2013 πλάσασθαι.
596 1985 650 2012 Καὶ
673 1985 759 2012 ταῦτα
787 1985 905 2020 ἔγραψεν
920 1985 951 2011 οὺ

166 2028 271 2064 δεχθεὶς
293 2030 358 2064 παρ’
377 2029 459 2057 αὐτοῦ
485 2030 523 2062 ὡς
549 2029 743 2066 πρεσϐύτερος,
771 2029 802 2056 οὐ
826 2030 952 2065 τοιαύτην

168 2075 280 2111 χάριτος
293 2076 477 2111 προσηγορίαν
497 2076 598 2110 λαϐὼν,
619 2077 669 2103 οὐκ
691 2076 833 2112 οἰκοδομὴν
854 2077 952 2112 ἐκκλη-

169 2122 231 2153 σίας
246 2122 285 2153 εῐς
298 2122 415 2158 ἀμοιϐὴν
428 2122 526 2157 τυχὼν,
541 2123 571 2149 οὐ
595 2123 689 2158 μισθὸν
702 2123 855 2158 ἐπισκοπῆς
869 2132 952 2159 προσ-

167 2167 294 2203 δοκήσας
310 2165 347 2194 ὧν
355 2168 462 2195 πάντων
470 2168 549 2204 ἔτυχε
558 2169 621 2204 παρ’
631 2169 721 2196 αὐτῶν
727 2169 825 2205 διὰτὴν
834 2177 952 2205 κατηγο-

995 259 1067 286 ιιιιιιιι
1081 264 1108 286 et
1118 267 1174 286 rem
1192 259 1378 293 disquirebant
1399 266 1446 292 pro
1461 265 1510 285 sua
1528 257 1649 290 libidine,
1662 257 1707 290 qui
1725 257 1782 284 sive

998 304 1114 338 iudices,
1126 305 1183 332 sive
1196 310 1288 338 testes,
1307 305 1375 336 sive,
1389 304 1460 338 quod
1485 303 1574 330 verius
1590 307 1640 334 est,
1661 310 1717 329 sua:
1731 302 1783 329 Eu-

1001 351 1123 385 sehiique
1139 350 1285 378 voluntatis
1300 350 1417 378 ministri
1431 350 1482 377 huc
1496 357 1525 376 se
1536 348 1716 376 contulerant.

1038 397 1082 424 £5.
1097 397 1161 430 Qua:
1175 404 1240 424 vero
1257 396 1427 423 Alexandriae
1453 395 1571 422 facinora
1598 394 1783 421 commiserint

1002 443 1078 470 vobis
1094 451 1148 470 non
1164 443 1255 477 ignota
1280 449 1340 469 esse
1362 442 1536 473 arbitramur,
1553 448 1613 467 nam
1632 447 1662 466 ea
1686 439 1784 474 ubique

1002 495 1066 517 sunt
1082 488 1252 523 pervulgata.
1265 487 1352 515 Gladii
1367 488 1496 514 adversus
1513 493 1604 513 sacras
1618 485 1736 519 virgines
1756 489 1783 512 et

1002 534 1099 562 fratres
1115 533 1230 561 districti
1244 543 1251 560 :
1271 533 1375 567 ﬂagella
1394 531 1595 559 houorabilibus
1609 531 1679 564 apud
1701 529 1782 556 Deum

1001 579 1160 614 corporibus
1175 578 1292 609 incussa,
1308 578 1344 604 ita
1361 582 1390 604 ut
1402 577 1426 604 vi
1439 577 1577 612 plagarum
1586 576 1697 610 pedibus
1711 573 1783 601 clau-

1002 625 1134 656 dicarent,
1150 631 1211 659 quae
1232 628 1321 651 mente
1349 630 1397 649 sua
1422 622 1539 648 castitati
1557 625 1658 647 tantum
1677 620 1783 654 piisque

1001 670 1129 705 operibus
1142 669 1342 696 incumbebant.
1368 667 1436 694 llinc
1453 666 1552 699 ﬂagitia
1570 666 1698 693 adversus
1725 665 1784 693 illas

1002 715 1156 746 commissa,
1168 713 1258 749 populi
1271 720 1366 747 nempe
1377 712 1487 745 ethnici,
1505 712 1578 746 ipsas
1595 711 1707 740 undare.
1724 717 1783 736 ver-

1003 762 1108 793 berare,
1126 760 1277 795 petulanter
1287 758 1430 786 adversum
1446 758 1505 785 illas
1532 765 1622 792 agere,
1650 756 1782 784 idolorum

1001 814 1064 834 aras
1078 812 1105 834 et
1131 806 1264 834 sacrificia
1285 806 1402 832 minitari
1418 815 1425 833 :
1444 805 1511 832 adeo
1529 809 1558 830 ut
1583 804 1705 838 petulans
1724 803 1783 837 qui-

1003 853 1062 880 dam
1080 852 1132 885 vir,
1147 852 1223 887 quasi
1249 856 1407 886 potestatetu
1426 858 1440 877 a
1467 849 1593 884 praefecto
1614 849 1640 875 in
1668 848 1782 883 gratiam

1002 897 1188 931 episcoporum
1203 895 1362 930 accepisset,
1389 894 1522 929 virginem
1538 901 1618 920 manu
1647 897 1782 928 arreptam

1004 942 1037 968 ad
1055 941 1150 973 altare,
1169 941 1240 975 quod
1252 939 1321 967 forte
1333 940 1439 967 obvium
1456 943 1524 971 erat,
1542 938 1715 973 pertraxerit,
1730 938 1782 964 vim

1001 987 1064 1014 olim
1081 986 1114 1013 ad
1129 985 1336 1013 sacrificandum
1350 985 1458 1011 allatam
1483 992 1514 1011 ac
1529 984 1724 1018 persecutionis
1743 983 1784 1010 fu-

1003 1040 1091 1060 rorem
1108 1032 1242 1059 imitatus.
1252 1031 1324 1058 Inter
1340 1031 1397 1058 haec
1410 1030 1530 1057 facinora
1543 1049 1550 1062 ,
1569 1030 1686 1064 virgines
1701 1030 1784 1064 fugie-

1000 1078 1074 1111 bant,
1084 1078 1185 1106 ethnici
1198 1077 1348 1105 Ecclesiam
1361 1076 1519 1109 irridebant,
1534 1083 1595 1103 cum
1609 1075 1714 1103 interim
1726 1076 1783 1110 epi-

1002 1125 1075 1160 scopi
1086 1125 1157 1152 intus
1168 1129 1267 1157 essent,
1292 1129 1319 1151 et
1335 1124 1361 1150 iu
1379 1122 1423 1150 illa
1448 1122 1505 1158 ipsa
1521 1123 1600 1149 domo
1619 1122 1645 1149 in
1659 1129 1710 1156 qua
1727 1121 1785 1148 haec

1001 1170 1226 1207 perpetrabantur
1241 1169 1403 1196 habitarent.
1416 1167 1452 1195 Ex
1467 1175 1500 1195 ea
1514 1167 1570 1202 ipsa
1582 1167 1672 1199 domo,
1683 1171 1711 1193 ut
1723 1174 1783 1193 eum

1001 1217 1135 1252 episcopis
1146 1215 1232 1252 gratia
1249 1215 1374 1246 iniretur,
1390 1213 1526 1248 virgines,
1544 1213 1654 1240 strictos
1682 1212 1784 1248 gladios

1004 1262 1084 1298 108
1098 1269 1231 1296 omneque
1243 1260 1435 1296 periculorum,
1447 1258 1619 1293 iniuriarum,
1637 1263 1664 1286 et
1686 1263 1783 1285 contu-

1002 1309 1144 1335 meliarum
1161 1314 1246 1342 genus
1261 1310 1380 1341 experta:
1394 1309 1468 1332 sunt.
1493 1304 1526 1331 Et
1541 1304 1597 1330 hac
1617 1303 1667 1331 illa:
1689 1303 1783 1338 jejunii

1002 1359 1122 1388 tempore
1135 1353 1214 1380 abiis
1230 1352 1348 1388 quicum
1363 1350 1496 1386 episcopis
1512 1350 1584 1377 intus
1594 1351 1783 1385 epulabantur,

1001 1403 1065 1428 sunt
1080 1405 1222 1434 perpessa.

1035 1445 1079 1472 16.
1095 1444 1156 1472 llzcc
1168 1451 1229 1472 cum
1247 1443 1474 1478 praevidissemus,
1491 1442 1562 1477 quod
1573 1442 1677 1478 scilicet
1687 1442 1720 1469 ab
1733 1441 1783 1468 lto-

1001 1491 1054 1519 stili
1065 1491 1173 1518 incursu
1186 1491 1256 1518 haud
1266 1489 1323 1516 leve
1334 1494 1526 1516 nocumeulum
1540 1493 1700 1523 emergeret,
1712 1488 1784 1523 ejus-

1001 1536 1072 1564 modi
1087 1535 1190 1571 legatos
1210 1535 1403 1563 recusavitnus.
1417 1534 1478 1562 llaec
1497 1533 1651 1561 Alexander
1677 1541 1783 1568 quoque

1002 1579 1202 1608 Thessalonica:
1213 1579 1358 1614 episcopus
1369 1587 1428 1607 cum
1439 1579 1674 1610 animadverteret,
1688 1578 1721 1605 ad
1736 1586 1784 1606 eos

1001 1625 1046 1660 qui
1065 1625 1120 1653 illic
1134 1625 1374 1653 commorabantur
1387 1624 1492 1652 litteras
1510 1623 1593 1655 misit,
1605 1623 1705 1657 quibus
1716 1630 1783 1650 con—

1001 1671 1176 1706 spirationem
1194 1675 1331 1705 argueret,
1350 1677 1382 1697 ac
1410 1669 1443 1697 de
1463 1676 1556 1696 eorum
1572 1668 1678 1696 insidiis
1706 1667 1783 1695 testi-

1002 1717 1120 1746 monium
1138 1716 1239 1744 ferret:
1267 1723 1346 1751 quem
1361 1715 1465 1743 tametsi
1485 1715 1555 1742 inter
1566 1722 1630 1742 suos
1646 1722 1777 1741 annume-

1001 1767 1074 1797 rant,
1086 1770 1195 1797 suaeque
1208 1761 1419 1796 conspirationis
1433 1761 1536 1788 socium
1555 1759 1691 1794 iactitant,
1715 1759 1783 1786 nihil

1002 1809 1073 1836 aliud
1090 1809 1285 1840 demonstrant,
1299 1814 1379 1842 quam
1393 1814 1422 1834 se
1441 1806 1477 1833 illi
1499 1806 1554 1832 vim
1571 1805 1703 1833 intulisse.
1730 1805 1778 1832 Et-

1002 1854 1076 1882 enim
1092 1861 1141 1882 nec
1154 1853 1277 1888 lschyras
1296 1852 1340 1879 ille
1351 1851 1581 1883 sceleratissimus,
1595 1851 1696 1885 absque
1711 1855 1784 1877 metu

1002 1903 1028 1928 et
1042 1899 1114 1927 illata
1125 1900 1151 1927 vi
1162 1900 1195 1926 ad
1207 1899 1277 1926 hanc
1285 1906 1341 1925 rem
1353 1897 1470 1924 animum
1483 1896 1594 1931 appulit,
1603 1897 1650 1924 sed
1663 1900 1782 1929 coactus,

1001 1945 1149 1973 accusandi
1162 1944 1306 1972 Athanasii
1320 1950 1417 1970 munus
1443 1941 1572 1976 suscepit.
1588 1941 1670 1976 Cujus
1687 1941 1725 1968 rei
1739 1948 1783 1968 ar-

1002 1993 1158 2025 gumentqu
1177 1988 1241 2016 illud
1253 1993 1295 2015 est
1308 1987 1379 2022 quod
1397 1987 1453 2021 ipse
1478 1986 1602 2021 lschyras
1625 1986 1784 2020 coepiscopo

1001 2034 1151 2063 Athanasio
1170 2034 1269 2061 litteris
1283 2033 1339 2061 suis
1353 2032 1501 2061 declaravit
1514 2032 1581 2060 nihil
1599 2031 1730 2067 ejusmodi
1745 2031 1782 2058 ibi

1002 2085 1106 2117 gestum
1122 2081 1224 2113 fuisse;
1240 2080 1287 2108 sed
1302 2087 1331 2107 se
1350 2080 1525 2107 subornatum
1539 2079 1588 2106 ista
1610 2077 1783 2105 confinxisse.

1002 2127 1036 2154 Et
1053 2126 1111 2153 haec
1132 2125 1251 2160 scripsit,
1268 2132 1328 2151 cum
1345 2131 1395 2152 nec
1418 2125 1452 2151 ab
1477 2124 1534 2159 ipso
1551 2123 1624 2150 velut
1645 2122 1787 2157 presbyter

1005 2176 1131 2207 receptus
1140 2176 1222 2204 esset,
1249 2178 1299 2199 nec
1321 2170 1453 2205 ejusmodi
1477 2169 1666 2205 appellationis
1688 2175 1786 2194 munus

169 2213 240 2249 ρίαν.
259 2213 336 2240 Ἀλλὰ
348 2214 394 2241 καὶ
409 2215 439 2241 τὸ
451 2215 529 2249 γένος
540 2215 620 2242 αὐτοῦ
638 2216 691 2242 πᾶν
712 2216 770 2251 μεθ’
790 2216 867 2252 ἡμῶν
896 2224 951 2242 συν-

1005 2223 1180 2251 consecutus,
1199 2224 1287 2252 neque
1300 2216 1420 2244 ecclesia:
1432 2216 1659 2243 constructionem
1680 2214 1706 2241 in
1718 2220 1786 2248 pra:-

168 2260 250 2294 ήγετο
268 2267 276 2275 ·
291 2260 341 2286 οὐκ
354 2259 387 2286 ἂν
404 2259 460 2295 (55)
481 2260 668 2296 συναχθέντες,
683 2260 740 2295 εῐγε
754 2262 784 2287 τὸ
799 2262 879 2296 τυχὸν
893 2261 952 2296 ἡδί-

167 2312 260 2339 κηντο.

1006 2262 1089 2289 mium
1103 2266 1199 2289 nactus
1220 2266 1304 2295 esset,
1322 2269 1372 2289 nec
1397 2268 1445 2296 pro
1462 2259 1585 2288 mercede
1604 2259 1785 2294 episcopatum

1007 2312 1186 2342 exspectaret.
1202 2307 1266 2341 Quae
1284 2311 1371 2334 tamen
1381 2307 1468 2334 omnia
1484 2306 1517 2333 ab
1533 2305 1583 2332 illis
1598 2305 1623 2331 in
1637 2304 1787 2331 accusatio-

168 2351 210 2378 nis
225 2351 364 2386 praemium
377 2351 503 2380 obtinuit.
521 2353 590 2387 Quin
605 2359 632 2382 et
644 2362 737 2382 omnes
752 2354 809 2389 ejus
834 2355 943 2390 cognati
965 2355 1105 2384 nobiscum
1139 2355 1349 2388 conveniebant,
1363 2355 1434 2389 quod
1465 2361 1530 2382 sane
1548 2361 1602 2381 non
1610 2352 1706 2380 facturi
1721 2351 1787 2378 fuis-

167 2403 239 2430 seut,
251 2399 273 2426 si
288 2399 330 2426 vel
349 2400 483 2427 tantillum
503 2400 607 2435 injuria:
631 2409 645 2428 a
670 2402 747 2430 nobis
770 2403 947 2437 accepissent.

202 2445 246 2471 17.
263 2445 356 2472 Ταῦτα
371 2445 420 2481 μὲν
435 2443 482 2473 οὖν
495 2447 536 2473 ὅτι
549 2447 589 2482 μὴ
600 2447 687 2481 λόγος,
703 2447 759 2474 ἀλλ’
770 2447 859 2483 ἔργον,
879 2447 950 2484 μάρ-

167 2499 247 2526 τυρες
259 2490 307 2526 μὲν
321 2491 345 2518 οἱ
363 2490 410 2518 τοῦ
424 2492 571 2528 Μαρεώτου
595 2494 773 2530 πρεσϐύτεροι
798 2494 907 2528 πάντες,
925 2495 950 2522 οἱ

167 2536 211 2563 ἀεὶ
223 2536 346 2568 συνόντες
356 2537 385 2563 ἐν
401 2539 460 2570 ταῖς
476 2538 624 2573 περιοδίαις
636 2538 675 2574 τῷ
692 2540 843 2575 ὲπισκόπῳ.
858 2541 890 2567 0!
905 2541 951 2568 καὶ

167 2582 227 2609 τότε
244 2582 398 2617 γράψαντες
413 2583 481 2610 κατὰ
507 2584 632 2620 Ἰσχύρα·
662 2585 708 2612 καὶ
732 2586 802 2621 μήτε
825 2587 854 2612 ἐν
869 2586 950 2622 Τύρῳ

166 2629 190 2654 οι
205 2627 326 2660 ἐλθόντες
341 2629 372 2660 ἐξ
385 2629 474 2657 αὐτῶν
487 2630 682 2665 ἐπιτραπέντες
703 2632 789 2659 εἰπεῖν
811 2632 860 2667 τὴν
885 2632 950 2668 ἀλή-

284 2695 344 2722 Τῶν
374 2699 450 2726 dcest
483 2700 509 2726 in
542 2700 619 2728 editis
644 2705 672 2727 et
695 2707 772 2733 mss.,
795 2700 876 2735 [legio
905 2707 954 2727 cx-

167 2739 262 2839 ιθῖὲέξ
278 2770 346 2806 Reg.
358 2775 384 2796 et
397 2769 484 2806 Basih
497 2770 698 2810 παρατυχόντα.

204 2803 250 2838 (Ξῦ
292 2806 437 2839 Epistulam
461 2805 606 2832 Alexandri
633 2805 683 2833 hac

204 2803 262 2839 (Ξῦ)
292 2803 437 2840 Epistulam
461 2803 683 2833 A'lexa'ndrfhac
711 2805 745 2832 de
779 2811 808 2831 re
835 2805 954 2840 conscri-

188 2843 241 2865 tam
268 2839 489 2874 atl’Diunysium
517 2840 645 2867 comitem
672 2840 742 2866 infra
761 2840 872 2867 videsis.
887 2839 956 2866 Pau-

178 2881 194 2901 (τ
208 2879 269 2909 post
284 2874 348 2910 llcg.
371 2875 584 2910 μαρτυρόμενος.
611 2874 661 2903 Alii
679 2883 738 2902 cum
759 2875 837 2903 editis
853 2883 953 2910 μαρτυ-

1041 2447 1085 2474 ΓΙ.
1102 2445 1178 2479 Quod
1193 2450 1283 2472 autem
1299 2444 1356 2472 haec
1370 2451 1423 2471 non
1445 2450 1519 2471 mera
1532 2443 1613 2470 verba
1642 2442 1707 2474 sint,
1738 2442 1790 2471 sed.

1005 2501 1048 2521 res
1064 2497 1156 2528 getae,
1170 2495 1252 2518 testes
1270 2495 1333 2517 sunt
1358 2496 1452 2517 omnes
1465 2489 1589 2515 Marcone
1614 2488 1761 2522 presbyteri
1777 2507 1790 2523 ,1

1004 2540 1049 2575 qui
1066 2538 1222 2573 episcopum
1249 2537 1463 2564 circumeuntem
1479 2542 1586 2569 semper
1601 2535 1765 2562 comitantur
1776 2554 1789 2566 ,,

1007 2585 1108 2620 quique
1126 2588 1189 2611 tunc
1208 2582 1490 2617 adversuslschyram
1502 2581 1645 2616 scripsere.
1658 2580 1708 2613 Qui
1722 2587 1792 2607 vero.

1007 2639 1040 2658 cx
1056 2631 1110 2658 illis
1124 2631 1224 2657 'l‘vrum
1241 2634 1385 2661 venerunt,
1402 2628 1542 2656 veritatem
1556 2627 1647 2655 dicere
1661 2626 1792 2662 permissi.

1005 2699 1146 2736 ρούμβνρς·

1111 2733 1176 2773 ῌος.
1190 2732 1236 2773 ἐπὶ
1246 2731 1343 2773 τούτῳ.

1041 2765 1097 2803 (35)
1112 2765 1180 2803 Anie
1193 2768 1243 2795 οὐκ
1261 2767 1304 2798 ἄν,
1318 2765 1348 2794 in
1365 2765 1445 2803 editis
1472 2766 1518 2803 καί
1536 2766 1642 2803 legit_ur.
1658 2765 1710 2792 Sed
1725 2773 1792 2793 cum.

1003 2812 1018 2831 a
1034 2800 1101 2839 Reg.
1110 2808 1138 2830 et
1150 2802 1234 2839 Basil.
1249 2802 1366 2839 absit,et
1380 2801 1479 2839 alioqui
1492 2800 1671 2839 supercilium,
1685 2807 1787 2834 expuu-

1003 2836 1142 2870 ctum'est;
1159 2837 1271 2872 epistola
1297 2844 1360 2864 vero
1373 2836 1437 2865 cieri
1453 2836 1588 2871 Mareola‘,
1607 2837 1640 2864 de
1659 2844 1711 2870 qua
1727 2840 1790 2870 post.

1004 2874 1059 2902 haec
1076 2874 1175 2909 agitur,
1191 2872 1261 2900 iul‘ra
1278 2872 1400 2900 habetur.
