2031 3048
257 149 313 179 273

557 151 587 180 S.
608 149 791 178 ATllANASll
810 149 885 178 OPP.
904 149 994 177 PARS
1014 149 1034 177 Ι.
1054 165 1090 170 --
1109 149 1293 178 HISTORICA
1313 149 1355 177 ΕΤ
1376 148 1585 177 DOGMATICA.

1827 147 1880 174 27b

259 217 313 238 non
330 214 412 238 sunt:
432 217 518 245 neque
535 210 567 238 iis
586 211 632 245 qui
646 210 672 237 in
683 209 803 238 Mareote
823 217 989 243 remansere,
1005 211 1044 238 ls-

1097 209 1179 242 Βειαν,
1194 211 1261 245 μήτε
1276 211 1305 236 ἐν
1318 209 1356 245 τῷ
1371 208 1507 245 Μαρεώτῃ
1521 209 1727 244 άπομείναντες,
1737 217 1829 244 συγχω
1835 217 1882 244 ρη-

259 257 372 293 chyram
388 256 582 292 sycophantam
597 263 711 291 arguere
732 263 891 285 concessum
905 262 958 284 est.
973 257 1047 284 Huic'

260 303 323 331 item
336 303 374 330 rei
391 303 542 330 testimonio
561 307 625 330 sunt
637 303 802 337 exemplaria
819 303 876 338 ipsa
891 303 1040 331 litterarum

260 348 416 379 Alexandri,
429 349 659 384 presbyterorum,
667 354 695 376 et
707 349 831 385 lschyrat.
848 350 967 378 Misimus
975 357 1042 384 quo-

260 401 313 428 que
327 394 469 427 epistolam
492 395 577 430 patris
593 395 803 430 imperatorum,
820 396 846 423 in
861 403 913 431 qua
926 400 1043 423 testatur

262 447 292 467 se
308 447 361 467 non
381 441 468 467 solum
485 440 592 476 indigne
606 440 687 474 ferre,
700 442 771 475 quod
794 441 828 469 de
856 442 975 475 Arsenii,
995 442 1042 476 qui

261 487 287 513 in
303 486 371 514 vivis
395 491 478 518 esset.
495 495 561 514 nece
584 495 646 514 eum
669 493 846 518 accusarent:
874 489 921 516 sed
949 489 1042 515 mirari

260 538 368 566 quoque
389 532 547 559 varietatem
574 533 835 567 inconstantiamque
863 533 1044 561 accusationis

261 577 294 604 de
308 577 403 611 poculo
418 577 495 604 taetre
507 586 514 610 ;
536 579 606 611 quod
621 585 718 612 nempe
732 579 811 606 modo
823 577 970 606 ﬂacarium
983 586 1043 614 pre-

261 623 410 658 sbylerum,
426 623 505 650 modo
519 623 696 650 Athanasium
707 624 876 659 episcopum,
897 624 930 652 de
946 624 1042 658 poculo

261 670 386 697 manibus
419 670 560 697 conl'racto
593 670 791 698 insimularent.
819 670 859 697 Ac
888 670 1044 698 Meletianos

261 716 369 750 quidem
388 717 578 751 sycophantas,
596 721 713 744 econtra
729 723 793 744 vero
805 716 984 744 Athanasium
1000 717 1043 743 in-

261 762 485 789 nocentissimum
515 763 683 797 pronuntiat.
712 762 762 796 Qui
788 763 861 790 enim
894 769 945 789 non
966 769 1044 797 syco-

262 807 371 842 phantae
385 806 539 841 Mcletiani,
566 815 598 835 ac
615 815 670 842 pra:
695 807 821 835 omnibus
843 807 970 839 Joannes,
997 808 1043 842 qui

261 861 324 880 cum
348 853 375 880 in
401 853 543 881 ecclesiam
560 854 697 888 ingressus
722 858 801 887 esset,
817 854 957 882 nobiscum
970 861 1044 881 com-

262 899 439 931 Inunicasset,
461 907 507 927 sua
526 904 602 935 gesta
623 899 813 934 improhasset,
837 908 897 928 cum
924 901 1043 928 nondum

262 944 408 979 quidquam
423 946 456 972 de
465 946 549 973 calice
565 946 652 973 l'racto
672 946 820 977 movisset;
835 946 880 974 ubi
899 947 966 973 vidit
991 947 1045 974 Eu-

262 990 390 1018 sebianos
404 991 636 1019 Ariomanitarum
664 1000 709 1020 res
739 999 846 1025 curare,
867 1001 920 1020 non
946 993 1046 1021 audere

263 1039 354 1062 tamen
376 1035 465 1070 palam
481 1036 534 1064 illis
551 1044 629 1071 opem
653 1035 735 1069 ferre,
764 1038 810 1065 sed
831 1038 899 1066 alias
916 1046 1045 1072 personas

263 1080 361 1114 quibus
375 1086 516 1109 uterentur
526 1089 663 1117 quaerere;
681 1084 810 1118 aeipsum,
822 1089 851 1111 ut
868 1085 897 1111 tit
915 1085 942 1112 in
962 1092 1045 1112 saecu-

264 1125 366 1154 laribus
381 1127 504 1159 theatris,
518 1128 676 1156 histrionem
690 1130 823 1157 submisit.
848 1130 1042 1165 Argumentum

265 1176 354 1198 autem
378 1177 445 1204 erat,
465 1173 627 1201 Arianorum
654 1180 815 1209 certamen;
839 1176 932 1211 prima:
956 1182 1046 1211 partes

265 1222 294 1244 ut
308 1217 345 1245 illi
361 1225 416 1245 rem
435 1220 503 1246 bene
517 1224 630 1254 gerant;
656 1220 790 1248 submissa
804 1229 918 1256 persona
944 1227 972 1250 et
998 1230 1046 1257 ap-

263 1263 374 1298 pendix,
383 1263 502 1292 Joannes
513 1273 573 1292 cum
583 1267 674 1294 sociis.
692 1267 726 1295 Ut
740 1268 902 1295 Arianorum
914 1268 1045 1302 fautores,

265 1309 361 1336 horum
375 1311 498 1342 obtentu,
513 1311 562 1338 sub
578 1311 700 1346 jndicum
720 1313 812 1340 habitu
829 1313 975 1348 impietatis
991 1314 1046 1341 ini-

265 1354 352 1381 micos
366 1354 521 1391 proﬂigent,
541 1356 681 1392 ipsamque
698 1358 863 1392 impietatem
883 1359 1023 1386 stabiliant
1039 1379 1046 1392 ,

265 1404 293 1426 et
305 1399 421 1428 Arianos
434 1400 460 1428 in
474 1401 615 1429 ecclesiam
632 1402 825 1431 introducam:
849 1408 876 1431 et
890 1404 936 1438 qui
960 1405 1047 1439 pieta-

266 1449 319 1473 tetn
337 1446 478 1474 elitninare
503 1447 639 1480 volebant,
664 1456 711 1483 per
725 1449 890 1484 impietatem
918 1457 1048 1484 superare

265 1491 410 1519 nituntur:
428 1493 474 1528 qui
505 1500 568 1521 vero
597 1494 762 1528 impietatem
788 1496 814 1522 in
833 1496 969 1524 Christum
989 1504 1047 1523 am-

266 1537 335 1571 plexi
349 1542 422 1571 sunt,
440 1539 587 1573 impietatis
601 1540 692 1568 hostes
714 1542 788 1568 velut
808 1541 908 1576 impios
927 1550 942 1570 e
959 1542 1047 1570 medio

266 1583 360 1610 tollere
372 1589 435 1611 sunt
447 1585 577 1619 aggressi.
595 1586 634 1613 Ac
650 1587 774 1621 poculum
788 1587 865 1614 nobis
878 1588 1046 1615 confractum

266 1629 416 1663 proferunt,
446 1635 476 1657 ut
492 1638 543 1658 una
566 1639 626 1658 cum
643 1632 710 1667 ipsis
724 1634 888 1661 Athanasius
911 1634 993 1667 impie
1021 1635 1047 1661 in

265 1674 404 1702 Christum
418 1683 496 1710 agere
514 1677 647 1705 videatur.
669 1679 704 1705 At
716 1687 844 1713 quorsum
861 1679 904 1706 illa
918 1680 987 1714 apud
1001 1687 1048 1707 eos

266 1720 372 1756 mystici
390 1722 478 1756 poculi
490 1723 612 1750 mentio?
629 1723 762 1751 undenam
773 1724 918 1759 impietatis
935 1725 960 1752 in
973 1724 1050 1752 Chri-

266 1770 336 1792 slnm
348 1767 468 1800 patronis
491 1775 566 1795 mens
586 1768 628 1795 illa
652 1777 714 1803 erga
734 1770 858 1804 poculum
886 1769 966 1805 109
981 1770 1045 1798 reli-

267 1809 340 1844 gioea
351 1811 363 1837 2
375 1812 509 1839 undenam
523 1813 661 1841 Christum
682 1815 868 1849 ignorantibus
884 1816 984 1843 Christi
1001 1823 1049 1850 po-

267 1855 358 1883 culum
382 1863 476 1885 notum
492 1859 555 1886 est?
571 1867 619 1886 cur
634 1861 678 1894 qui
692 1868 721 1888 se
740 1861 865 1895 poculum
876 1863 998 1888 venerari
1012 1862 1049 1889 si-

267 1902 380 1934 mulant,
392 1904 480 1937 poculi
498 1905 581 1932 Deum
600 1906 733 1934 dedecore
743 1906 936 1935 aﬂlciunl?aut
947 1909 1048 1944 curqui

268 1947 391 1982 poculum
409 1949 510 1985 lugent,
522 1951 676 1987 episcopum
700 1952 745 1988 qui
761 1953 786 1981 in
805 1954 850 1982 illo
863 1956 991 1990 mysteria
1006 1962 1049 1983 ce-

267 1993 355 2021 lebrat
370 1995 494 2024 occidere
509 2002 644 2032 satagunt,
662 1999 715 2025 imo
732 2003 862 2033 quantum
881 2000 907 2026 in
922 2000 988 2034 ipsis
1001 1999 1051 2028 fuit

267 2037 443 2067 occiderunt?
457 2048 540 2075 quare
558 2042 605 2076 qui
631 2043 718 2070 throni
740 2043 886 2079 episcopali
901 2045 980 2072 modo
1002 2053 1049 2073 or-

268 2084 325 2111 nati
338 2085 422 2113 vicem
435 2087 628 2120 lamentantur,
644 2090 799 2124 episropum
814 2091 840 2117 in
854 2091 899 2118 illo
911 2092 1048 2120 sedentem

268 2130 423 2159 lnterllcere
437 2138 582 2166 conantur,
601 2138 631 2161 ut
643 2139 669 2161 et
681 2135 794 2163 thronus
807 2136 963 2170 episcopum
978 2144 1050 2171 quae-

267 2180 321 2210 rat,
339 2181 367 2204 et
389 2178 477 2213 populi
494 2179 539 2213 pia
563 2178 686 2207 doctrina
703 2181 863 2215 priventur?
885 2181 975 2216 Itaque
1001 2190 1051 2210 nec

1092 255 1182 287 θέντες
1196 256 1302 290 ἐλέγξαι
1312 255 1357 282 τὸν
1377 255 1499 291 Ἱσχύραν
1509 255 1692 290 συκοφάντην·
1709 254 1756 281 καὶ
1770 255 1839 281 αὐτὰ
1853 254 1881 281 δὲ

1091 300 1126 326 τὰ
1142 300 1295 337 ἀντίγραφα
1309 300 1363 327 τῶν
1389 299 1561 336 Ἀλεξάνδρου
1570 300 1752 336 γραμμάτων,
1763 300 1810 327 καὶ
1826 299 1880 326 τῶν

1091 347 1294 382 πρεσϐυτέρων,
1312 347 1358 373 καὶ
1373 346 1408 373 τὰ
1421 345 1476 381 (36)
1495 346 1613 381 Ἰσχύρα.
1630 345 1840 381 Ἀπεστείλαμεν
1852 345 1880 372 δὲ

1092 393 1139 419 καὶ
1162 392 1212 428 τὴν
1227 392 1276 419 τοῦ
1294 392 1397 427 πατρὸς
1413 392 1467 418 τῶν
1491 391 1622 427 βασιλέων
1639 391 1800 426 ἐπιστολήν·
1816 391 1879 418 ἔνθα

1091 439 1122 465 οὺ
1139 438 1219 474 μόνον
1232 439 1277 465 ἐπ’
1298 438 1429 473 Ἀρσενίῳ
1447 437 1628 473 δυσχεραίνει,
1650 437 1691 463 ὅτι
1714 435 1815 468 ζῶντος
1837 437 1880 463 ἀν·

1093 484 1201 520 θρώπου
1213 485 1291 518 φόνος
1301 485 1464 517 ἐνεκαλεῖτο,
1480 484 1547 511 ἀλλὰ
1564 484 1611 510 καὶ
1626 484 1672 510 ἐπὶ
1691 482 1731 518 τῷ
1755 483 1879 518 ποτηρίῳ

1092 529 1229 564 ἐθαύμαζε
1238 529 1294 565 (57)
1307 529 1337 556 ’τὸ
1350 529 1471 556 ποικίλον
1482 529 1532 564 τῆς
1540 528 1708 564 κατηγορίας
1716 528 1762 554 καὶ
1777 536 1811 554 πε
1817 528 1880 554 πλα-

1092 576 1217 611 νημένον,
1236 576 1276 602 ὃτι
1294 575 1332 611 πὴ
1350 576 1398 610 μὲν
1411 575 1555 611 Μακαρίου
1569 575 1616 601 τοῦ
1631 574 1828 610 πρεσϐυτέρου,
1841 574 1879 609 πὴ

1092 621 1120 647 δὲ
1131 621 1289 648 Ἀθανασίου
1294 620 1339 648 τοῦ
1346 621 1495 647 ἐπισκόπου
1502 620 1605 656 κατηγό
1610 628 1681 655 ρουν,
1688 620 1725 652 ὡς
1732 619 1880 650 κλάσαντος

1092 667 1152 698 ταῖς
1158 667 1235 701 χερσὶ
1242 667 1272 693 τὸ
1279 668 1409 702 ποτήριον
1418 674 1424 680 ·
1435 667 1482 693 καὶ
1488 666 1569 693 πάλιν
1580 666 1750 700 συκοφάντας
1758 665 1820 696 τοὺς
1829 665 1881 691 Με-

1093 711 1237 744 λιτιανοὺς,
1247 713 1293 739 καὶ
1302 712 1380 739 πάλιν
1396 711 1552 739 Ἀθανάσιον
1559 710 1751 747 καθαρώτατον
1764 710 1880 745 ἀποφαί-

1094 766 1178 784 νεται.
1186 758 1248 790 Πῶς
1255 759 1308 794 γὰρ
1317 759 1347 786 οὐ
1359 759 1526 793 συκοφάνται
1540 758 1706 791 Μελιτιανοὶ,
1723 758 1768 784 καὶ
1785 758 1837 793 πρό
1847 766 1880 791 γε

1094 804 1202 831 πάντων
1217 805 1360 840 ’1ωάννης;
1374 805 1404 832 ’0
1410 804 1535 831 εἰσελθὼν
1547 805 1586 836 είς
1596 804 1645 840 τὴν
1659 804 1816 839 ἐκκλησίαν,
1825 812 1881 830 κοι-

1093 851 1215 886 νωνήσας
1227 852 1303 886 ἡμῖν,
1316 852 1467 886 καταγνοὺς
1477 850 1584 883 ἑαυτοῦ,
1602 850 1683 886 μηδὲν
1698 850 1738 876 ἔτι
1756 850 1820 885 περὶ
1833 849 1880 876 τοῦ

1095 896 1224 932 ποτηρίου
1247 896 1376 930 κινήσας·
1399 896 1490 931 ἐπειδὴ
1514 896 1576 928 τοὺς
1599 895 1662 932 περὶ
1680 895 1807 922 Εὑσέϐιον
1828 892 1881 921 εἶδε

1095 943 1292 976 σπουδάζοντας
1300 945 1356 975 τοῖς
1372 943 1601 978 Ἀρειομανίταις,
1609 943 1660 969 οὐκ
1671 941 1881 977 ἀποτολμῶντας

1093 989 1123 1016 δὲ
1135 988 1260 1024 φανερῶς
1276 989 1367 1020 αὺτοῖς
1384 989 1535 1023 συνεργεῖν,
1552 987 1620 1014 ἀλλά
1633 987 1782 1023 ζητοῦντας
1792 986 1881 1018 ἄλλοις

1095 1033 1210 1070 χρῆσθαι
1220 1034 1376 1069 προσώποις
1385 1041 1391 1048 ·
1406 1032 1502 1060 ἑαυτὸν
1516 1033 1710 1068 ὑποϐέϐληκεν,
1721 1032 1814 1067 ὥσπερ
1828 1031 1882 1058 τῶν

1095 1079 1147 1111 ἔξω
1171 1079 1304 1115 θεάτρων,
1326 1079 1486 1115 ὑποκριτήν.
1513 1078 1568 1106 Καὶ
1592 1079 1608 1114 ή
1639 1078 1688 1114 μὲν
1709 1078 1835 1109 ὑπόθεσις
1847 1074 1881 1112 ἦν

1101 1125 1246 1161 Ἀρειανῶν
1262 1125 1335 1161 ἀγών
1347 1135 1353 1141 ·
1366 1126 1413 1153 καὶ
1428 1126 1459 1152 τὸ
1484 1125 1659 1162 πρωτότυπον
1674 1125 1794 1156 ἐκείνους
1815 1132 1882 1150 κατ-

1095 1171 1201 1207 ορθοῦν,
1235 1172 1352 1208 ὑποϐολὴ
1365 1172 1393 1198 δὲ
1409 1172 1457 1199 καὶ
1479 1173 1646 1208 παράρτημα
1668 1171 1771 1198 τούτων
1791 1171 1882 1198 Ἰωάν-

1096 1226 1145 1253 νης
1153 1217 1200 1243 καὶ
1207 1218 1231 1243 οἰ
1245 1218 1292 1244 σὺν
1303 1217 1376 1252 αὐτῷ
1386 1225 1393 1233 ⁵
1407 1218 1449 1244 ἴνα
1461 1218 1484 1244 oi
1496 1218 1549 1243 τῶν
1566 1216 1711 1252 Ἀρειανῶν
1718 1215 1882 1243 σπουδασταὶ

1095 1263 1138 1290 διὰ
1153 1264 1201 1298 τῆς
1214 1263 1314 1290 τούτων
1326 1263 1498 1299 προφάσεως,
1519 1263 1654 1290 δικαστῶν
1673 1263 1802 1298 σχήματι,
1820 1263 1882 1293 τοὺς

1096 1308 1209 1344 ἐχθροὺς
1229 1310 1278 1344 τῆς
1291 1310 1417 1341 ἀσεϐείας
1439 1309 1611 1342 ἀπώσωνται,
1631 1309 1677 1335 καὶ
1692 1308 1740 1343 τὴν
1753 1307 1882 1334 ἀσέϐειαν

1097 1355 1317 1390 ὲγκαταπήξωσι,
1333 1356 1380 1382 καὶ
1392 1356 1455 1387 τοὺς
1483 1355 1638 1390 Ἀρειανοὺς
1656 1354 1826 1388 εἰσαγάγωσι
1846 1354 1880 1388 τῇ

1104 1400 1250 1436 Ἐκκλησία
1261 1409 1267 1416 ·
1282 1401 1329 1427 καὶ
1340 1402 1364 1427 oi
1386 1401 1434 1437 τὴν
1453 1400 1593 1428 εὐσέϐειαν
1609 1400 1665 1435 (38)
1681 1399 1817 1434 ὲξωθῆσαι
1838 1397 1883 1425 θέ-

1096 1446 1189 1478 λοντες
1210 1446 1244 1472 δι’
1258 1446 1385 1478 ἀσεϐείας
1405 1448 1515 1482 νικῆσαι
1543 1445 1697 1482 βιάζονται·
1725 1445 1772 1472 καὶ⁸
1792 1445 1816 1470 οί
1833 1444 1883 1480 τὴν

1097 1491 1224 1519 ἀσέϐειαν
1247 1492 1298 1527 τὴν
1322 1492 1393 1519 κατά
1408 1492 1525 1528 Χριστοῦ
1549 1491 1736 1528 προελόμενοι,
1753 1491 1816 1522 τοὺς
1833 1490 1883 1525 τῆς

1097 1538 1224 1570 ἀσεϐείας
1238 1538 1350 1574 ἐχθροὺς
1373 1538 1411 1569 ὼς
1430 1538 1538 1570 ἀσεϐεῖς
1560 1538 1664 1565 ἀνελεῖν
1682 1536 1862 1572 ἐπεχείρησαν
1874 1545 1881 1551 ·

1098 1584 1144 1611 καὶ
1157 1584 1285 1619 ποτήριον
1300 1585 1365 1619 ἡμῖν
1380 1584 1545 1620 προφέρουσι
1557 1583 1749 1618 κεκλασμένον,
1764 1582 1807 1608 ἵνα
1821 1581 1883 1616 δόξῃ

1099 1630 1145 1657 καὶ
1165 1630 1320 1661 Ἀθανάσιος
1334 1630 1404 1657 κατὰ
1412 1629 1528 1666 Χριστοῦ
1541 1629 1697 1656 συνασεϐεῖν
1704 1629 1804 1660 αὐτοῖς.
1815 1628 1883 1654 Ποία

1098 1677 1152 1712 γὰρ
1166 1677 1212 1703 καὶ
1228 1677 1320 1712 μνήμη
1331 1677 1396 1712 παρ’
1406 1677 1496 1708 αὐτοῖς
1508 1676 1644 1710 ὀφείλεται
1657 1675 1785 1711 ποτηρίου
1793 1682 1885 1710 μυστι-

1099 1722 1162 1755 κοῧ;
1176 1722 1256 1749 πόθεν
1271 1722 1397 1753 ἀσεϐείας
1406 1722 1456 1757 τῆς
1465 1723 1506 1754 είς
1516 1722 1632 1757 Χριστὸν
1650 1722 1812 1757 προστάταις
1821 1721 1885 1755 περὶ

1099 1768 1227 1804 ποτηρίου
1248 1768 1310 1800 νοῦς
1332 1768 1462 1803 εὐσεϐής;
1481 1767 1562 1794 πόθεν
1584 1769 1640 1799 τοῖς
1654 1767 1698 1794 τὸν
1714 1766 1829 1802 Χριστὸν
1846 1767 1884 1801 μὴ

1099 1815 1259 1850 γνωρίζουσι
1273 1816 1401 1850 ποτήριον
1413 1814 1530 1850 Χριστοῦ
1540 1813 1677 1849 γνώριμον
1688 1813 1759 1845 mit;
1766 1814 1789 1839 οἱ
1803 1813 1885 1847 ποτή-

1100 1868 1155 1896 ριον
1166 1861 1247 1896 τιμᾷν
1262 1859 1540 1896 προσποιούμενοιτὺν
1553 1859 1599 1886 τοῦ
1615 1859 1745 1895 ποτηρίου
1755 1859 1819 1885 Θεὸν
1828 1859 1885 1885 ἀτι-

1101 1906 1246 1941 μάζουσιν;
1257 1906 1273 1942 ἢ
1286 1906 1345 1938 πῶς
1353 1906 1378 1932 oi
1400 1906 1528 1942 ποτήριον
1542 1905 1698 1941 ὀδυρόμενοι
1714 1905 1759 1932 τὸν
1775 1905 1886 1932 ἐπίσκο-

1100 1960 1150 1978 πον
1166 1952 1211 1979 τὸν
1232 1953 1260 1978 έν
1273 1952 1346 1987 αὐτῷ
1363 1951 1593 1988 μυσταγωγοῦντα
1605 1951 1731 1986 φονεῦσαι
1756 1950 1884 1986 (meiat;

1100 1998 1147 2025 καὶ
1160 1999 1307 2033 ἐφόνευσαν
1324 1998 1357 2025 ἂν
1372 1999 1401 2024 τδ
1422 1999 1483 2025 ὅσον
1498 1999 1526 2024 ὲν
1542 1999 1655 2029 ἑαυτοῖς.
1672 1998 1734 2029 Πῶς
1760 1997 1788 2024 δὲ
1803 1998 1826 2024 οἱ
1839 1997 1885 2023 τδν

1100 2043 1193 2080 θρόνον
1206 2044 1251 2070 τὸν
1265 2044 1451 2079 ἐστολισμένον
1465 2043 1649 2076 έπισκοπικῶς
1662 2043 1826 2080 ὀδυρόμενοι,
1840 2043 1886 2069 τδν

1099 2089 1129 2114 ὲν
1139 2087 1212 2123 αὐτῷ
1227 2087 1380 2124 καθήμενον
1396 2089 1544 2115 ἐπίσκοπον
1560 2088 1664 2115 ἀνελεῖν
1680 2087 1823 2123 ζητοῦσιν;
1842 2087 1886 2114 ἵνα

1100 2134 1148 2161 καὶ
1160 2135 1175 2160 ὁ
1187 2134 1279 2170 θρόνος
1297 2134 1342 2161 τὸν
1355 2134 1503 2161 ἐπίσκοπον
1515 2134 1594 2169 ζητῇ,
1607 2134 1654 2160 καὶ
1668 2134 1692 2160 οἱ
1704 2133 1762 2160 λαοὶ
1776 2133 1826 2169 τῆς
1839 2133 1885 2160 εὑ-

1102 2181 1195 2213 σεϐοὖς
1210 2181 1380 2213 διδασκαλίας
1405 2181 1581 2216 στερηθῶσιν.
1597 2179 1665 2206 Οῦτε
1679 2178 1725 2206 οὖν
1747 2180 1885 2215 ποτήριον,

267 2222 394 2257 poculum
424 2223 610 2258 confractum,
635 2233 685 2252 nec
713 2226 811 2259 caedes,
840 2234 889 2253 nec
909 2227 1046 2262 quidpiam

1100 2227 1161 2253 οὕτε
1176 2227 1264 2262 φόνος,
1278 2226 1339 2253 οὔτε
1352 2235 1378 2253 τι
1393 2226 1446 2252 τῶν
1460 2226 1505 2252 ὑπ’
1515 2225 1604 2253 αὐτῶν
1620 2224 1886 2261 τερατολογηθέντων

268 2268 450 2296 inanditorum
480 2270 631 2298 facinorum
654 2279 714 2306 quae
739 2273 788 2306 ipsi
803 2272 927 2306 objecere
941 2273 973 2301 ad
990 2274 1048 2301 htnc

268 2312 402 2347 agendum
422 2313 482 2342 illos
502 2315 648 2349 compulit;
674 2316 721 2343 sed
736 2316 864 2351 praedicta
886 2317 1048 2346 Arianorum

269 2357 405 2392 impietas.
419 2358 501 2392 Cujus
512 2360 599 2394 gratia
613 2366 756 2396 postquam
771 2362 920 2390 Athanasio
935 2363 1049 2398 aliisque

268 2403 403 2439 episcopis
421 2405 540 2433 insidiati
556 2411 629 2440 sunt,
645 2408 791 2435 etiamnum
808 2408 936 2437 Ecclesiae
952 2409 1048 2438 bellum

269 2448 397 2478 inferunt.
413 2451 517 2478 Etenim
535 2452 644 2486 quinam
656 2454 767 2481 ctediutn
780 2454 990 2490 cxsiliorumque
1007 2463 1053 2483 au-

267 2497 376 2524 ctores?
390 2505 479 2524 nonne
493 2498 557 2525 isti?
573 2499 687 2532 Quinam
710 2501 881 2528 strettlarium
901 2502 1051 2535 patrocinio

269 2544 322 2576 usi,
337 2544 472 2579 episcopis
485 2545 671 2573 insidiantur?
692 2553 779 2574 nonne
794 2547 948 2579 Eusebiani,
964 2553 992 2574 et
1002 2555 1052 2574 ne-

270 2597 419 2624 quaquam,
429 2595 459 2617 ut
471 2591 521 2625 ipsi
534 2591 666 2624 scribunt,
676 2592 858 2620 Athanasius?
874 2594 939 2628 quin
963 2593 1052 2627 potius

270 2635 304 2662 ab
324 2636 388 2671 ipsis
401 2636 444 2663 ille
455 2641 482 2664 et
496 2637 540 2664 alii
555 2644 661 2672 quoque
672 2638 760 2664 vexati
777 2642 848 2665 sunt.
859 2637 924 2664 Nam
939 2645 971 2664 eo
985 2643 1052 2664 tetu-

276 2695 470 2757 1(5§)Basil.,
485 2695 532 2722 καὶ
547 2696 594 2722 τοῦ
618 2696 737 2732 Ἰσχὺρα.
757 2697 828 2724 ΕιΙίιὶ
852 2704 915 2724 vero
944 2696 988 2722 καὶ
1017 2695 1052 2722 τὰ

299 2739 395 2757 σγυοα.

299 2739 440 2801 ἷζῆῗαῐίιις.
448 2787 454 2797 ,
462 2771 525 2801 ante
539 2765 687 2801 ἐθαύμαζε,
697 2768 776 2794 naltet
787 2766 876 2794 πάλιν.

309 2800 453 2836 (ὅὸῌίεκη
471 2800 520 2835 τὴν
535 2801 672 2835 ἀσέϐειαν,
696 2809 846 2836 perperam.
870 2801 966 2828 Caeteri
992 2808 1053 2836 cum

273 2835 354 2862 editis
364 2835 413 2870 τὴν
430 2836 582 2864 εὐσέϐειαν.
601 2836 658 2863 Mox
675 2835 750 2870 Rch
762 2845 839 2869 quem
857 2836 1004 2869 sequimur,
1021 2835 1054 2861 δι’

275 2871 400 2901 ἀσεϐείας
412 2871 530 2904 νικῆσαι.
548 2870 640 2904 B.tsil.,
661 2872 693 2897 δι’
710 2871 835 2898 ἀτέἦειαν
850 2872 967 2906 νικῆσαι.
986 2871 1054 2898 Edili

1102 2273 1141 2304 είς
1151 2272 1230 2298 τοῦτο
1243 2272 1341 2303 αὐτοὺς
1350 2272 1514 2307 προήγαγεν,
1527 2270 1584 2297 ἀλλ’
1600 2272 1616 2306 ὴ
1629 2270 1814 2306 προειρημένη
1832 2269 1886 2296 τῶν

1108 2316 1251 2352 ’Δρειανῶν
1270 2315 1395 2342 ἀσέϐειαε
1412 2316 1445 2342 δι’
1460 2315 1494 2350 ἢν
1510 2315 1557 2342 καὶ
1576 2315 1725 2350 Ἀθανασίῳ
1740 2315 1786 2342 καὶ
1797 2314 1887 2346 ἄλλοις

1101 2361 1259 2393 ἐπισκόποις
1278 2360 1527 2393 ἐπιϐουλεύσαντες,
1550 2360 1590 2387 ἔτι
1607 2360 1653 2387 καὶ
1666 2360 1712 2387 νῦν
1724 2361 1758 2396 τῇ
1775 2360 1887 2395 Ἐκκλη-

1105 2408 1149 2443 atq.
1179 2406 1351 2441 πολεμοῦσιν.
1368 2403 1442 2441 Ἄρα
1458 2405 1510 2442 γὰρ
1528 2405 1600 2437 τίνες
1615 2406 1639 2431 οῑ
1660 2405 1756 2439 φόνους
1778 2405 1823 2431 καὶ
1848 2405 1888 2437 ἐξ·

1104 2453 1224 2489 οριστίας
1241 2451 1347 2487 ἀληθῶς
1365 2451 1418 2487 (59)
1448 2452 1626 2487 ποιήσαντες;
1638 2452 1687 2486 οὐχ
1703 2447 1790 2484 uiuet;
1813 2448 1887 2486 'Apa

1104 2499 1184 2531 τίνες,
1195 2499 1254 2529 ταῖς
1264 2497 1361 2529 ἔξωθεν
1370 2497 1546 2532 προστασίαις
1557 2495 1702 2531 χρώμενοι,
1715 2497 1770 2528 τοῖς
1782 2497 1889 2523 ἐπισκό-

1105 2553 1167 2576 ποις
1191 2543 1422 2576 ὲπιϐουλεύουσινς
1444 2543 1493 2579 οὐχ
1507 2544 1531 2570 οἱ
1547 2544 1611 2579 περὶ
1624 2542 1753 2570 Εὑσέϐιον
1777 2542 1887 2577 μᾶλλον,

1104 2591 1151 2617 καὶ
1170 2590 1218 2616 οὐκ
1240 2589 1407 2621 Ἀθανάσιος,
1423 2589 1461 2620 ὡς
1477 2588 1555 2615 αὐτοὶ
1579 2588 1730 2623 γράφουσι;
1759 2588 1820 2622 παρ’
1838 2587 1886 2614 αὐ-

1104 2636 1157 2662 τῶν
1172 2635 1226 2671 γὰρ
1249 2635 1329 2666 αὐτὸς
1343 2635 1390 2661 καὶ
1404 2634 1478 2661 ἄλλοι
1500 2634 1651 2661 πεπόνθασι
1676 2633 1744 2669 (40).
1765 2633 1820 2660 Καὶ
1834 2632 1888 2668 γὰρ

1103 2695 1136 2721 δι’
1148 2694 1274 2721 ἀσέϐειαν
1281 2693 1404 2729 κινῆσαι.

1140 2729 1197 2764 (59)
1216 2729 1261 2756 Sic
1273 2726 1348 2763 Reg.’
1362 2728 1391 2756 ln
1408 2728 1468 2756 aliis
1495 2733 1522 2756 et
1548 2728 1628 2756 editis
1656 2727 1763 2762 ἀληθῶς
1781 2726 1887 2754 deside-

1106 2770 1201 2834 mihi)
1216 2798 1247 2826 Hi
1266 2802 1380 2834 quatuor
1388 2798 1540 2834 presbyteri
1554 2798 1725 2834 nominantur
1742 2797 1766 2823 in
1776 2796 1888 2832 epistola

1109 2832 1203 2869 synodi
1222 2832 1399 2860 Sardiceusis’
1407 2834 1439 2860 ad
1469 2832 1622 2869 Egyptiosr
1636 2833 1793 2869 episcopos;
1812 2837 1888 2860 sunt-

1109 2867 1161 2904 qitc
1178 2869 1355 2904 Aphthonius,
1372 2867 1544 2902 Athanasius,
1562 2868 1667 2900 Paulus,
1686 2867 1802 2893 l‘luliun.
