2031 3048
176 153 229 180 977

720 151 892 178 APOLOGIA
911 151 1051 179 CONTRA
1071 150 1232 178 ARIANOS.

1742 149 1794 177 278

175 211 223 238 καὶ
245 210 423 246 πρεσϐύτεροι
452 210 500 244 τῆς
522 208 723 244 Ἀλεξανδρείας
745 208 878 244 τέσσαρες
903 217 954 235 κατ

1016 216 1081 243 pore
1094 213 1211 243 quatuor
1240 206 1416 239 Alexandrini
1445 206 1614 242 presbyteri,
1640 213 1794 240 quanquam

175 256 277 282 ἐκεῖνον
286 255 331 281 τὸν
348 255 450 290 καιρὸν,
464 254 552 281 καίτοι
567 253 633 289 μηδὲ
643 255 683 286 είς
700 254 787 289 Τύρον
799 254 960 287 ἐξελθόντες,

175 299 314 336 ὑ-τερόριὸι
332 300 396 334 παρ’
412 298 501 325 αὐτῶν
517 299 671 332 γεγόνασιν.
684 295 759 332 Ἀρα
768 297 840 329 τίνες
854 299 878 324 ot
894 298 961 334 θρή-

174 354 227 372 νων
240 345 286 371 καὶ
297 343 421 380 δακρύων
439 339 524 377 affet;
537 344 586 378 οὺχ
602 345 627 370 oi
654 344 702 370 καὶ
722 343 758 370 τὰ
777 343 872 380 πρῶτα
883 345 963 380 ποιή-

174 400 280 422 σαντες,
302 390 348 417 καὶ
370 390 484 425 δεύτερα
506 390 650 416 συνάπτειν
672 390 709 425 μὴ
734 389 960 425 παραιτούμενοι.

174 436 220 462 καὶ
237 435 325 462 πάντα
338 434 576 468 συκοφαντοῦντες,
590 434 634 460 ἶνα
651 433 799 460 ἐπίσκοπον
810 433 961 460 ἀπολέσωσι

174 482 212 517 μὴ
227 481 374 507 ὑπείκοντα
402 481 435 515 τῇ
458 479 506 514 τῆς
520 478 648 510 ἀσεϐείας
662 478 750 505 αὐτῶν
767 478 888 514 «ipsaet;
911 477 961 504 Διὰ

171 525 249 551 τοῦτο
263 525 280 560 ἠ
302 524 385 559 ἔχθρα
401 524 455 550 τῶν
469 523 532 559 περὶ
547 523 676 550 Εὐσέϐιον
686 531 693 537 ·
710 522 755 549 διὰ
777 522 856 549 τοῦτο
876 522 910 549 τὰ
931 523 960 548 ἐν

171 571 251 605 Τύρῳ
263 569 406 605 κινηθέντα
416 577 422 584 ”
436 569 480 596 διὰ
492 569 571 596 τοῦτο
584 570 611 595 al
638 568 814 604 προσποίητοι
837 567 940 603 κρίσεις
950 576 957 583 ·

170 615 215 642 διὰ
225 615 303 642 τοῦτο
319 615 365 642 νῦν
382 615 430 641 καὶ
438 615 523 650 χωρὶς
533 614 649 650 κρίσεως
662 614 727 649 παρ’
744 613 843 645 αὐτῶν,
860 613 898 645 ὡς
911 621 960 639 πε-

171 662 224 697 πλη
230 670 329 697 ροφορη
334 661 432 696 μένων,
441 661 592 696 γράμματα
601 668 607 674 ·
635 659 678 686 διὰ
690 659 770 686 τοῦτο
790 661 817 685 at
831 660 899 695 πρὸς
913 659 959 686 τὸν

171 708 277 744 πατέρα
293 707 348 733 τῶν
364 707 493 742 βασιλέων
505 707 551 733 καὶ
568 706 637 741 πρὸς
656 706 754 737 αὐτοὺς
774 706 838 737 τοὺς
850 705 959 731 εὐσεϐε-

171 753 285 784 στάτους
302 752 421 787 βασιλεῖς
436 751 570 778 διαϐολαί.

205 797 248 825 18.
267 795 317 824 Οἴα
333 797 387 833 γὰρ
408 797 454 823 καὶ
476 796 522 823 νῦν
541 796 700 831 κατείρηται
722 796 736 822 ὸ
753 794 958 830 συλλειτουργὸς

168 844 249 880 ἡμῶν
268 844 442 879 ἈΘανάσιας,
467 844 613 877 ἀναγκαῖον
637 842 709 877 ὑμᾶς
723 841 832 873 εἰδέναι,
847 840 892 867 ἳνα
910 839 958 867 καὶ

1012 254 1115 287 Tyrum
1130 262 1184 282 non
1202 257 1344 285 venerant,
1354 253 1389 279 ab
1405 253 1470 287 ipsis
1481 253 1506 279 in
1523 251 1648 279 exsilium
1658 252 1711 279 acti
1719 257 1793 279 sunt.

1012 298 1128 332 Quinam
1142 306 1208 334 ergo
1218 299 1291 325 luctu
1307 302 1335 325 et
1350 297 1478 332 lacrymis
1495 297 1590 332 digni?
1607 304 1696 325 nonne
1707 298 1753 332 qui
1767 304 1796 326 et

1011 340 1102 380 priora
1115 344 1160 372 illa
1173 348 1375 380 perpetrarunt.
1385 348 1413 371 et
1425 343 1542 371 secunda
1569 343 1669 370 addere
1681 351 1734 371 non
1749 352 1793 372 re-

1011 396 1121 424 cusant,
1138 391 1239 426 quique
1256 391 1331 418 omni
1351 390 1548 418 calumniarum
1559 397 1657 425 genere
1669 394 1792 422 utuntur.

1011 437 1209 472 utepiscopum
1222 437 1256 464 de
1277 436 1365 464 medio
1376 436 1480 468 tollant,
1504 436 1575 470 quod
1590 436 1678 470 impiae
1697 436 1794 464 haeresi

1011 489 1066 508 suae
1077 489 1130 510 non
1144 482 1275 510 cesserit?
1286 481 1347 509 Haec
1363 488 1444 508 causa
1475 481 1528 508 odii
1554 480 1767 508 Eusebianorunt
1781 489 1791 507 :

1010 527 1067 555 haec
1080 535 1173 554 eorum
1185 534 1246 561 quae
1254 526 1319 562 Tyri
1332 531 1391 553 acta
1403 530 1466 552 sunt
1478 525 1555 561 origo
1567 533 1574 551 :
1588 525 1652 552 hinc
1665 525 1792 553 simulata

1010 573 1054 601 illa
1064 573 1165 607 judicia
1180 582 1187 600 :
1217 573 1282 600 hinc
1306 572 1359 599 illa:
1375 579 1467 599 eorum
1484 571 1594 604 litterae.
1606 579 1675 606 quas
1689 591 1697 605 ,
1724 572 1793 600 citra

1009 617 1136 653 praevium
1149 616 1292 651 judicium,
1300 616 1378 651 quasi
1396 616 1441 651 qui
1454 615 1487 644 de
1498 615 1579 643 rebus
1587 617 1718 644 certiores
1725 617 1791 650 sint,

1008 663 1200 698 perscribunt;
1226 663 1290 690 hinc
1316 661 1368 690 illae
1382 669 1475 689 eorum
1502 662 1572 696 apud
1599 662 1791 696 imperatorum

1008 713 1112 743 patrem
1134 711 1160 736 et
1184 707 1254 743 apud
1277 708 1353 743 ipsos
1372 707 1509 743 piissimos
1534 707 1714 742 imperatores
1742 715 1790 735 ca-

1007 754 1127 781 lumniaa.

1043 799 1088 827 18.
1099 798 1193 832 Qualia
1213 798 1285 825 enim
1299 805 1371 825 nunc
1384 805 1492 833 quoque
1520 797 1652 826 adversus
1679 799 1791 826 commi-

1008 846 1122 873 nistrum
1138 849 1260 872 nostrum
1273 844 1453 872 Athanasium
1474 845 1569 872 'delala
1584 844 1648 876 sint,
1665 851 1712 872 vos
1736 847 1802 872 non“

169 891 201 917 ικ
214 889 308 916 τούτου
331 889 487 924 καταγνῶτε
506 888 556 924 τῆς
573 891 704 924 πονηρίας
723 887 822 918 αὐτῶν,
847 886 893 913 καὶ
917 894 954 920 γι-

1009 891 1134 926 ignorare
1150 897 1199 924 par
1207 894 1266 922 est;
1284 894 1312 916 ut
1327 889 1389 916 hinc
1401 889 1483 917 etiam
1496 897 1589 917 eorum
1603 890 1732 917 malitiam
1743 891 1790 917 dc-

168 935 291 971 νώσκητε
313 935 354 962 ὅτι
370 935 451 970 μηδὲν
467 934 530 961 ἄλλο
544 934 561 969 ἢ
580 934 706 969 φονεῦσαι
725 932 838 969 ζητοῦσι
852 933 897 959 τὸν
911 932 957 959 ἄν-

166 982 228 1017 δρα.
247 982 323 1013 Σίτος
340 981 416 1016 παρὰ
436 980 483 1007 τοῦ
509 980 610 1015 πατρὸς
627 979 680 1006 τῶν
704 979 836 1015 βασιλέων
858 978 957 1005 ἐδίδοτο

169 1027 225 1062 (Ii)
241 1027 308 1063 πρὸς
324 1027 373 1058 τὰς
385 1026 438 1052 τῶν
450 1026 542 1062 χηρῶν
556 1025 702 1060 διατροφὰς
718 1024 770 1061 ἰδίᾳ
783 1025 833 1060 μὲν
842 1024 955 1056 Λιϐύας,

170 1071 222 1109 ut;
238 1072 266 1100 δέ
282 1081 351 1098 τισιν
365 1071 394 1104 ἐξ
405 1072 552 1106 Αίγύπτου.
573 1071 672 1097 Τοῦτον
692 1071 792 1102 πάντες
805 1070 956 1105 λαμϐάνου-

170 1128 211 1146 διν
227 1119 291 1154 ἄχρι
305 1118 363 1151 νῦν,
381 1117 539 1144 Ἀθανασίου
563 1117 644 1152 μηδὲν
668 1116 697 1150 ἐξ
713 1116 793 1143 αὐτοῦ
807 1115 956 1151 κομιζομέ-

167 1173 214 1191 νου
236 1165 306 1200 πλὴν
328 1164 408 1199 μόνου
427 1163 474 1190 τοῦ
495 1163 660 1198 συγκάμνειν
685 1163 785 1194 αὐτοῖς.
812 1161 890 1188 Ἀλλὰ
908 1161 955 1188 νῦν

166 1209 278 1236 ἐκείνων
305 1209 495 1244 λαμϐανόντων
520 1208 557 1244 μὴ
575 1208 769 1243 μεμψαμὲνων,
796 1207 956 1244 ὁμολογούν-

165 1263 219 1281 των
237 1254 402 1290 λαμϐάνειν,
419 1253 592 1288 διαϐέϐληται
611 1253 766 1285 Ἀθανάσιος
783 1254 821 1285 ὡς
836 1253 895 1280 ὅλον
908 1254 954 1280 τὸν

167 1301 238 1327 σῖτον
255 1300 435 1335 πιπράσκων,
454 1299 501 1326 καὶ
529 1300 569 1330 εἰς
588 1299 618 1325 τὸ
643 1299 708 1325 ἴδιον
733 1298 952 1334 άποφερόμενοςο

166 1347 212 1373 καὶ
227 1346 305 1373 τοῦτο
326 1346 428 1382 ἔγραψε
452 1345 595 1380 βασιλεὺς,
613 1344 773 1380 αίτιὼμενος
790 1346 822 1372 ὲκ
836 1345 892 1372 τῶν
906 1354 953 1380 γε-

168 1391 322 1427 γενημένων
334 1390 473 1418 διαϐολῶν.
491 1389 570 1420 Τίνες
583 1389 672 1416 τοίνυν
684 1391 709 1416 οι
725 1389 933 1425 διαϐεϐληκότες
945 1399 952 1424 ;

168 1438 223 1477 ούχ
237 1439 261 1464 οἰ
273 1438 319 1464 καὶ
331 1438 364 1464 τά
379 1437 474 1472 πρῶτα
487 1437 659 1472 ποιήσαντες,
676 1435 724 1462 καὶ
737 1435 772 1462 τὰ
785 1435 899 1471 δεύτερα
909 1444 952 1462 κι-

166 1488 219 1514 νεῖν
233 1484 269 1522 μὴ
278 1484 502 1521 παραιτούμενοι;
517 1482 594 1514 Τίνες
607 1482 632 1508 ot
642 1482 697 1509 τῶν
705 1481 875 1517 γραμμάτων
891 1481 952 1508 τού-

166 1541 219 1559 των
231 1531 312 1559 αἴτιοι
329 1531 382 1558 τῶν
397 1531 450 1567 (Β)
468 1528 542 1566 παρὰ
555 1528 602 1557 τοῦ
626 1528 757 1565 βασιλέως
781 1529 950 1565 λεγομένων;
965 1549 986 1579 C

166 1579 214 1614 οὐχ
229 1579 253 1604 oi
265 1578 397 1613 ’Δρειανοὶ
406 1576 607 1609 σπουδάζοντες,
619 1577 666 1603 καὶ
674 1576 754 1612 μηδὲν
767 1577 836 1603 κατά
845 1576 891 1603 τοῦ
903 1577 950 1603 άν-

165 1625 227 1660 ags;
252 1623 484 1660 παραιτησάμενοι
509 1624 576 1659 μήτε
603 1623 702 1657 λέγειν,
729 1623 797 1658 μήτε
818 1622 951 1657 γράφειν;

165 1670 258 1701 Οὐδεὶς
278 1670 342 1706 γὰρ,
358 1670 422 1700 τοὺς
437 1669 554 1696 τοσαῦτα
568 1669 734 1703 ποιήσαντας
752 1667 840 1702 ἀφεὶς,
856 1667 952 1699 ἄλλους

167 1716 354 1743 ὑποπτεύσειε,
370 1716 425 1743 Καὶ
437 1715 491 1752 γὰρ
502 1715 698 1751 ἐναργέστατον
712 1713 800 1741 αὐτῶν
813 1714 843 1740 τὸ
853 1713 953 1748 δεῖγμα

165 1761 214 1796 τῆς
229 1760 354 1795 διαϐολῆς
375 1760 498 1794 φαίνεται
513 1768 520 1775 ⁵
544 1760 721 1791 σπουδάζουσι
746 1758 800 1794 γὰρ
820 1758 868 1793 τῆς
892 1759 953 1784 Ἐκ-

167 1807 279 1841 κλησίας
300 1806 446 1840 ἀφελέσθαι
470 1806 515 1832 τὸν
535 1807 606 1832 σῖτον
626 1807 659 1841 τῇ
678 1805 812 1840 προφάσει
827 1804 879 1839 τῆς
896 1804 952 1830 δια-

166 1852 248 1887 ϐολῆς
260 1852 308 1879 καὶ
325 1853 471 1887 Ἀρειανοῖς
486 1852 645 1887 παρασχεῖν.
663 1851 694 1877 '0
711 1851 818 1877 πάντων
837 1850 953 1885 μάλιστα

166 1899 206 1930 είς
225 1897 288 1929 τοὺς
300 1897 403 1928 αἰτίους
418 1897 467 1932 τῆς
480 1896 596 1932 σπουδῆς
617 1896 665 1923 καὶ
679 1896 741 1928 τοὺς
754 1895 884 1931 ἐξάρχους
903 1896 951 1922 αὑ-

166 1944 219 1970 τῶν
234 1943 388 1978 ἀνατρέχει,
405 1942 467 1973 τοὺς
490 1942 557 1977 μήτε
576 1941 672 1976 φόνους
695 1942 764 1968 κατὰ
788 1941 835 1968 τοῦ
856 1941 952 1977 ἀνδρὸς

167 1989 277 2023 κινῆσαι
299 1988 566 2024 παραιτησαμένους,
587 1988 621 2015 δι’
643 1985 680 2015 ἄν
702 1988 787 2023 ψευδῆ
809 1987 952 2023 διαϐεϐλή-

167 2043 230 2062 κασι
245 2034 363 2069 βασιλεῖ,
382 2034 449 2069 μήτε
462 2033 515 2060 τῶν
532 2033 638 2069 κλήρων
653 2033 708 2068 (45)
723 2033 774 2068 τῆς
792 2033 952 2068 Ἐκκλησίας

166 2079 312 2115 ἀφελέσθαι
325 2078 374 2110 τὰς
388 2078 502 2115 τροφὰς,
519 2078 562 2105 ἵνα
575 2078 613 2114 τῷ
628 2078 682 2106 om
698 2078 791 2115 κέρδος
808 2079 951 2115 αἰρετικοῖς

167 2125 366 2161 παράσχωνται.

1006 935 1179 971 prehendatis
1215 940 1243 962 et
1260 935 1424 970 agnoscatis,
1448 935 1516 962 nihil
1546 935 1618 962 aliud
1651 935 1710 963 illos
1737 936 1789 964 nisi

1006 983 1107 1010 easdem
1118 981 1169 1009 viri
1187 989 1320 1016 quaerere.
1340 981 1517 1008 Frumentum
1533 981 1567 1009 ab
1592 981 1788 1015 imperatorum

1006 1033 1082 1063 patre
1097 1028 1261 1062 erogabatur
1287 1035 1336 1062 pro
1349 1027 1440 1055 viduis
1457 1027 1557 1062 partim
1573 1027 1675 1063 Libyis.
1692 1027 1789 1062 partim

1004 1074 1140 1110 A'ngptiis
1151 1074 1312 1109 quibusdam
1330 1073 1442 1101 alendis.
1456 1073 1533 1106 Quod
1550 1080 1645 1100 omnes
1658 1072 1791 1100 hactenus

1005 1124 1193 1154 perceperunt,
1208 1118 1358 1146 Athanasio
1373 1118 1440 1145 nihil
1452 1122 1548 1153 praeter
1559 1117 1677 1144 laborem
1688 1122 1715 1144 et
1725 1124 1788 1151 ope-

1005 1173 1062 1192 ram
1080 1166 1143 1193 hinc
1158 1165 1302 1192 referente.
1320 1164 1356 1191 At
1370 1171 1442 1192 nunc
1456 1164 1519 1191 licet
1531 1163 1650 1198 qttiillud
1669 1162 1790 1197 recipere

1004 1210 1093 1238 solent
1107 1217 1159 1238 non
1173 1215 1387 1245 conquerantur,
1403 1210 1458 1237 imo
1477 1217 1507 1237 se
1521 1210 1660 1245 percipere
1680 1209 1786 1237 fatean-

1005 1261 1058 1289 tur,
1074 1257 1252 1284 Athanasium
1267 1261 1356 1284 tamen
1373 1256 1410 1283 illi
1426 1255 1583 1284 calumniati
1603 1260 1683 1288 sunt,
1709 1256 1789 1290 quasi

1003 1304 1048 1337 qui
1062 1303 1227 1330 frumentum
1254 1307 1338 1330 totum
1359 1303 1458 1329 vendat
1483 1306 1510 1329 et
1529 1302 1556 1329 in
1569 1302 1704 1336 propriam
1730 1309 1791 1329 rem

1003 1348 1118 1374 divertat
1130 1356 1137 1374 :
1155 1351 1182 1374 et
1195 1347 1248 1374 hac
1258 1347 1291 1374 de
1303 1355 1331 1374 re
1343 1347 1503 1381 imperator,
1517 1346 1636 1382 ipsorum
1646 1346 1791 1375 calumniis

1003 1392 1136 1425 inductus,
1152 1392 1251 1420 litteris
1265 1392 1321 1420 suis
1334 1400 1395 1419 eum
1409 1393 1572 1421 criminatus
1592 1395 1644 1421 est.
1670 1393 1790 1426 Quinam

1004 1438 1085 1473 igitur
1096 1438 1141 1465 isti
1158 1437 1388 1466 calumniatores?
1418 1437 1513 1467 Nonne
1525 1440 1570 1474 qui
1586 1444 1612 1467 et
1634 1439 1720 1474 prima
1739 1438 1784 1466 illa

1003 1488 1206 1520 perpetrarltnt,
1222 1489 1250 1513 et
1264 1486 1382 1513 secunda
1401 1493 1510 1513 movere
1535 1493 1588 1512 non
1603 1485 1757 1513 abnuerunt
1773 1485 1785 1511 ?

1004 1531 1117 1564 Quinam
1133 1531 1285 1558 litterarum
1300 1538 1362 1566 quae
1373 1531 1406 1558 ah
1419 1531 1583 1564 imperatore
1593 1530 1682 1557 missas
1693 1530 1785 1557 dicun-

1004 1583 1057 1610 tur,
1072 1581 1197 1604 auctores
1209 1576 1303 1604 fuere!
1329 1584 1419 1604 nottne
1442 1576 1535 1603 Ariani
1552 1576 1597 1611 qui
1622 1576 1655 1603 iis
1672 1576 1788 1603 maxime

1003 1623 1122 1652 student.
1135 1628 1163 1650 et
1175 1623 1241 1650 nihil
1257 1628 1353 1650 contra
1369 1622 1457 1649 virum
1471 1641 1479 1653 .
1495 1622 1540 1649 vel
1550 1621 1641 1648 dicere
1654 1620 1696 1648 vel
1720 1620 1787 1649 scri-

1002 1668 1066 1696 bere
1080 1669 1224 1696 recusant'!
1239 1668 1324 1696 Nemo
1332 1668 1416 1700 enim,
1427 1668 1536 1695 omissis
1549 1671 1588 1694 tot
1599 1671 1787 1700 tantorumque

1001 1713 1132 1741 scelerum
1149 1714 1315 1746 auctoribus,
1331 1714 1398 1743 alios
1421 1718 1563 1749 suspectos
1580 1712 1716 1741 habuerit.
1740 1712 1787 1743 lit-

995 1759 1322 1788 cnintmanifestissimum
1343 1759 1409 1787 illud
1421 1764 1464 1787 est
1475 1767 1567 1789 eorum
1581 1759 1722 1786 calumnia!
1739 1765 1786 1786 ar-

1002 1810 1168 1841 gumentum,
1181 1806 1316 1842 quodper
1327 1805 1533 1841 sycophantiam
1546 1813 1621 1832 suam
1638 1804 1785 1832 Ecclesiam

1003 1850 1141 1878 frumento
1156 1851 1274 1884 privare,
1303 1851 1336 1878 ad
1358 1851 1531 1885 Arianosque
1555 1850 1620 1878 illud
1637 1850 1786 1877 transferre

1003 1901 1136 1931 satagant.
1151 1896 1227 1929 Quod
1246 1897 1363 1923 maxime
1389 1895 1469 1929 hujus
1491 1895 1597 1923 consilii
1629 1895 1788 1923 auctoribus

1003 1947 1031 1970 et
1044 1950 1137 1970 eorum
1149 1941 1316 1977 principibus
1332 1940 1524 1969 ascribendum
1540 1946 1592 1968 est.
1606 1939 1656 1973 Qui
1675 1947 1725 1967 nec
1739 1946 1785 1966 ve-

1002 1989 1047 2017 riti
1058 1994 1120 2017 sunt
1135 1993 1304 2023 perpetratas
1320 1988 1406 2016 caedes
1419 1988 1445 2014 in
1463 1987 1556 2015 odium
1571 1986 1622 2014 viri
1637 1986 1784 2021 publicare.

1002 2041 1117 2068 quarum
1129 2040 1211 2060 causa
1226 2032 1294 2061 falsa
1308 2034 1345 2061 illi
1359 2033 1475 2061 crimina
1495 2031 1565 2067 apud
1593 2031 1791 2066 imperatorem,

1003 2080 1171 2115 imposuere:
1181 2087 1232 2107 nec
1245 2084 1398 2107 metuerant
1410 2079 1513 2107 clerum
1528 2078 1658 2106 Ecclesia:
1672 2078 1785 2105 alimen-

1003 2127 1037 2155 tis
1055 2126 1175 2162 privare.
1193 2130 1222 2154 ut
1238 2125 1283 2153 illa
1300 2133 1395 2160 reapse
1411 2125 1438 2153 in
1464 2124 1655 2153 hereticorum
1679 2123 1783 2152 lucrum

1002 2173 1139 2201 cederent.

195 2195 245 2240 i9.
267 2212 476 2248 Ἀπεστείλαμεν
490 2212 517 2239 δὲ
532 2212 578 2239 καὶ
590 2211 638 2247 τὴν
651 2212 802 2248 μαρτυρίαν
812 2212 865 2239 τῶν
881 2212 951 2240 κατὰ

1004 2195 1217 2245 "litigii-simus
1232 2223 1339 2251 quoque
1350 2216 1383 2243 ad
1403 2223 1450 2243 vos
1471 2214 1625 2243 testimonia
1644 2213 1784 2241 commini-

168 2259 284 2294 Λιϐύην,
301 2258 349 2285 καὶ
363 2258 545 2289 Πεντάπολιν,
562 2258 608 2285 καὶ
622 2257 676 2284 τῶν
692 2257 721 2290 ἐξ
733 2257 869 2291 Αἰγύπτου
886 2257 950 2284 συλ-

1000 2269 1119 2292 strorum
1131 2268 1286 2290 nostrorum
1299 2261 1401 2296 Libyae,
1423 2260 1579 2295 Pentapolis
1602 2263 1630 2286 et
1648 2258 1755 2293 ,Ἐπιιιί
1773 2266 1781 2290 ;

165 2303 330 2340 λειτουργῶν
342 2303 430 2338 ἡμῶν,
448 2304 490 2330 ἵνα
503 2304 549 2330 καὶ
562 2304 594 2330 ὲκ
606 2303 699 2330 τούτου
713 2302 800 2337 γνῶτε
816 2303 866 2338 τὴν
881 2304 951 2330 κατὰ

1004 2313 1030 2336 ιιι
1044 2309 1109 2336 hinc
1121 2315 1214 2335 eorum
1232 2307 1260 2334 in
1273 2306 1450 2333 Athanasium
1464 2305 1598 2332 calumnia
1615 2303 1694 2338 110
1709 2302 1784 2332 vobis

172 2349 329 2376 Ἀθανασίου
361 2349 546 2385 γεγενημένην
574 2349 766 2384 συκοφαντίαν.
802 2349 894 2375 Ταῦτα
922 2349 950 2376 δὲ

165 2395 296 2428 ποιοῦσιν,
328 2396 382 2428 ἵνα,
410 2394 484 2430 φόϐῳ
510 2395 602 2421 λοιπὸν
627 2394 817 2430 ἡσυχαζόντων
838 2395 892 2422 τῶν
916 2395 950 2422 τὰ

164 2442 213 2477 τῆς
227 2441 366 2473 εὐσεϐείας
382 2440 560 2476 φρονούντων,
583 2442 599 2476 ἡ
612 2441 666 2467 τῶν
683 2440 788 2467 ἀσεϐῶν
808 2441 951 2476 Ἀρειανῶν

166 2485 271 2521 αἵρεσις
282 2485 455 2521 άντεισαχθῇ.
477 2484 557 2512 Ἀλλὰ
567 2485 614 2511 καὶ
626 2486 659 2520 τῇ
676 2485 724 2520 μὲν
738 2485 815 2521 ὑμῶν
823 2485 951 2522 εὐλαϐείᾳ

165 2531 254 2567 χάρις,
272 2531 419 2567 ἀγαπητοὶ,
433 2531 474 2558 ὅτι
490 2531 617 2562 πολλάκις
632 2531 694 2563 τοὺς
714 2532 869 2567 ’Δρειανοὺς
888 2532 951 2559 ἀνα-

166 2575 354 2611 θεματίζοντες
376 2576 523 2611 ἐγράψατε,
548 2577 595 2603 καὶ
620 2575 710 2612 χώραν
731 2577 822 2608 αὐτοῖς
837 2578 876 2609 είς
899 2578 948 2613 τὴν

171 2620 332 2656 Ἐκκλησίαν
349 2621 380 2647 οὐ
403 2620 535 2648 δεδώκατε
548 2629 554 2635 ·
580 2621 634 2648 τῶν
653 2621 682 2648 δὲ
708 2622 771 2657 περὶ
784 2622 911 2649 Εὑσέϐιον
935 2624 949 2650 ὁ

165 2665 273 2702 ἔλεγχος
289 2666 381 2701 ἐγγύς.
405 2667 469 2694 Ἰδοὺ
482 2666 535 2702 γὰρ
553 2666 620 2702 μετὰ
638 2666 672 2694 τὰ
688 2667 807 2703 πρότερα
821 2669 885 2705 παρ’
899 2669 949 2695 αὺ-

210 2753 256 2787 ιι)
269 2753 350 2788 ιιρκη
362 2753 476 2780 ἐδέδοτο.

210 2788 256 2816 42)
291 2787 317 2815 In
337 2789 417 2816 editis
444 2788 497 2815 τῶν
527 2788 617 2820 deest,
646 2796 695 2816 nos
718 2797 811 2816 sumus
837 2797 870 2817 ex
896 2791 948 2817 Ba-

232 2827 258 2850 et
291 2823 356 2859 Reg.
390 2824 512 2851 mutuati.
548 2823 618 2851 Infra
653 2823 731 2860 Reg.,
767 2825 861 2857 Οὐδεὶς
893 2827 946 2861 γὰρ

1001 2354 1162 2380 innotescat.
1180 2352 1243 2379 Haec
1265 2355 1354 2378 autem
1371 2351 1431 2378 ideo
1452 2349 1566 2381 faciunt,
1582 2353 1611 2375 ut
1625 2348 1658 2375 iis
1674 2347 1720 2381 qui
1740 2347 1784 2382 pie

1000 2399 1121 2426 sentiunt
1137 2405 1191 2432 pra:
1209 2400 1281 2424 metu
1307 2395 1435 2430 deinceps
1453 2393 1667 2429 quiescentibus,
1685 2391 1783 2426 impio-

1001 2451 1059 2470 rum
1069 2443 1232 2470 Arianorum
1244 2441 1355 2469 baeresis
1381 2448 1452 2468 verae
1469 2440 1531 2467 fidei
1547 2439 1607 2467 loco
1630 2438 1784 2467 introduca-

1000 2492 1052 2516 tur.
1068 2488 1120 2515 Sed
1133 2492 1229 2515 vestrae
1249 2487 1340 2522 pietati
1357 2486 1450 2520 gratiae
1460 2486 1581 2520 agenda},
1596 2484 1697 2517 dilecti,
1710 2483 1783 2518 quod

1002 2533 1100 2567 stepius
1117 2532 1234 2560 Arianos
1248 2532 1357 2567 scriptis
1374 2531 1471 2558 vestris
1480 2531 1651 2558 anathemate
1670 2530 1781 2556 damna-

1002 2578 1105 2610 veritis,
1129 2583 1157 2605 et
1186 2578 1273 2605 loeum
1294 2578 1360 2612 ipsis
1380 2578 1406 2604 in
1422 2576 1542 2604 Ecclesia
1568 2583 1621 2602 non
1641 2574 1782 2602 dederitis.

1003 2624 1111 2651 Eusebii
1124 2628 1214 2650 autem
1225 2628 1253 2651 et
1264 2630 1375 2651 suorum
1395 2622 1495 2650 malitia
1510 2621 1591 2648 facile
1602 2620 1759 2654 coarguitur
1773 2627 1781 2645 :

1003 2677 1064 2696 ttant
1089 2673 1150 2704 post
1169 2669 1274 2704 priores
1297 2668 1358 2696 illas
1383 2675 1446 2696 suas
1461 2675 1509 2702 pro
1524 2666 1633 2694 Arianis
1655 2665 1781 2697 litteras,

1038 2755 1094 2792 (45)
1121 2754 1169 2783 Vix
1195 2755 1340 2783 dubitarim
1355 2755 1495 2791 legendum
1522 2761 1583 2792 esse
1608 2754 1661 2792 τῷν
1677 2752 1782 2792 χηρῶν,

1001 2789 1062 2818 licet
1072 2799 1167 2818 ouines
1193 2796 1247 2818 tum
1271 2792 1345 2823 editi.
1371 2789 1426 2818 tum
1450 2798 1530 2822 mss.,
1548 2789 1601 2819 τῶν
1612 2789 1718 2824 κλήρων
1735 2790 1781 2824 ηρ-

1002 2826 1090 2852 beant.
1116 2827 1150 2852 At
1174 2825 1228 2852 τῶν
1252 2826 1342 2862 χηρῶν
1359 2826 1500 2861 legendqu
1523 2833 1583 2854 esse
1599 2823 1779 2859 przecedeutia

1000 2868 1105 2896 quoque
1118 2862 1239 2890 suadent.
