  <div class='ocr_page' id='page_1' title='image "/cluster/home/n/w/nwhite01/storage/ocr_20150623/25/njp.32101010944591/425.png"; bbox 0 0 2031 3048; ppageno 0'>
   <div class='ocr_carea' id='block_1_1' title="bbox 239 152 294 181">
    <p class='ocr_par' dir='ltr' id='par_1_1' title="bbox 239 152 294 181">
     <span class='ocr_line' id='line_1_1' title="bbox 239 152 294 181; baseline 0.036 -2"><span class='ocrx_word' id='word_1_1' title='bbox 239 152 294 181; x_wconf 74' lang='lat'><strong>279</strong></span> 
     </span>
    </p>
   </div>
   <div class='ocr_carea' id='block_1_2' title="bbox 540 150 1577 183">
    <p class='ocr_par' dir='ltr' id='par_1_2' title="bbox 540 150 1577 183">
     <span class='ocr_line' id='line_1_2' title="bbox 540 150 1577 183; baseline 0.002 -4"><span class='ocrx_word' id='word_1_2' title='bbox 540 150 569 180; x_wconf 85' lang='lat' dir='ltr'><strong>S.</strong></span> <span class='ocrx_word' id='word_1_3' title='bbox 590 151 777 180; x_wconf 80' lang='lat' dir='ltr'><strong>ATIIANASII</strong></span> <span class='ocrx_word' id='word_1_4' title='bbox 797 152 874 181; x_wconf 83' lang='lat' dir='ltr'><strong>OPP.</strong></span> <span class='ocrx_word' id='word_1_5' title='bbox 896 152 985 180; x_wconf 70' lang='lat' dir='ltr'><strong>PARS</strong></span> <span class='ocrx_word' id='word_1_6' title='bbox 1005 153 1026 180; x_wconf 90' lang='grc' dir='ltr'><strong>Ι.</strong></span> <span class='ocrx_word' id='word_1_7' title='bbox 1046 167 1082 173; x_wconf 82' lang='lat'><strong>-</strong></span> <span class='ocrx_word' id='word_1_8' title='bbox 1101 151 1286 183; x_wconf 66' lang='lat' dir='ltr'><strong>HISTORICA</strong></span> <span class='ocrx_word' id='word_1_9' title='bbox 1305 152 1349 180; x_wconf 86' lang='lat' dir='ltr'><strong>ET</strong></span> <span class='ocrx_word' id='word_1_10' title='bbox 1369 151 1577 181; x_wconf 73' lang='lat' dir='ltr'><strong>DOGllATICA.</strong></span> 
     </span>
    </p>
   </div>
   <div class='ocr_carea' id='block_1_3' title="bbox 1814 152 1868 181">
    <p class='ocr_par' dir='ltr' id='par_1_3' title="bbox 1814 152 1868 181">
     <span class='ocr_line' id='line_1_3' title="bbox 1814 152 1868 181; baseline 0 -1"><span class='ocrx_word' id='word_1_11' title='bbox 1814 152 1868 181; x_wconf 60' lang='grc' dir='ltr'><strong>τεο</strong></span> 
     </span>
    </p>
   </div>
   <div class='ocr_carea' id='block_1_4' title="bbox 241 206 1028 246">
    <p class='ocr_par' dir='ltr' id='par_1_4' title="bbox 241 209 1028 246">
     <span class='ocr_line' id='line_1_4' title="bbox 241 209 1028 246; baseline 0.004 -10"><span class='ocrx_word' id='word_1_12' title='bbox 241 210 357 237; x_wconf 58' lang='lat' dir='ltr'><strong>llum-unt</strong></span> <span class='ocrx_word' id='word_1_13' title='bbox 367 209 445 237; x_wconf 81' lang='lat' dir='ltr'><strong>vobis</strong></span> <span class='ocrx_word' id='word_1_14' title='bbox 457 209 620 244; x_wconf 75' lang='lat' dir='ltr'><strong>exemplaria</strong></span> <span class='ocrx_word' id='word_1_15' title='bbox 630 210 764 243; x_wconf 76' lang='lat' dir='ltr'><strong>misimus,</strong></span> <span class='ocrx_word' id='word_1_16' title='bbox 779 215 873 245; x_wconf 85' lang='lat' dir='ltr'><strong>aperte</strong></span> <span class='ocrx_word' id='word_1_17' title='bbox 883 211 938 246; x_wconf 79' lang='lat' dir='ltr'><strong>jam</strong></span> <span class='ocrx_word' id='word_1_18' title='bbox 952 213 1028 240; x_wconf 80' lang='lat' dir='ltr'><strong>Ario-</strong></span> 
     </span>
    </p>
   </div>
   <div class='ocr_carea' id='block_1_5' title="bbox 1078 206 1872 246">
    <p class='ocr_par' dir='ltr' id='par_1_5' title="bbox 1081 206 1872 246">
     <span class='ocr_line' id='line_1_5' title="bbox 1081 206 1872 246; baseline 0 -9"><span class='ocrx_word' id='word_1_19' title='bbox 1081 211 1135 237; x_wconf 89' lang='grc' dir='ltr'>τῶν</span> <span class='ocrx_word' id='word_1_20' title='bbox 1151 211 1214 246; x_wconf 78' lang='grc' dir='ltr'>περὶ</span> <span class='ocrx_word' id='word_1_21' title='bbox 1228 210 1282 237; x_wconf 81' lang='grc' dir='ltr'>τῶν</span> <span class='ocrx_word' id='word_1_22' title='bbox 1300 210 1448 246; x_wconf 78' lang='grc' dir='ltr'>’Δρειανῶν</span> <span class='ocrx_word' id='word_1_23' title='bbox 1460 210 1622 245; x_wconf 84' lang='grc' dir='ltr'>γράμματα,</span> <span class='ocrx_word' id='word_1_24' title='bbox 1633 206 1671 236; x_wconf 77' lang='grc' dir='ltr'><strong>ὧν</strong></span> <span class='ocrx_word' id='word_1_25' title='bbox 1684 210 1730 236; x_wconf 75' lang='grc' dir='ltr'>καὶ</span> <span class='ocrx_word' id='word_1_26' title='bbox 1746 210 1872 238; x_wconf 81' lang='grc' dir='ltr'>ἀπεστεί-</span> 
     </span>
    </p>
   </div>
   <div class='ocr_carea' id='block_1_6' title="bbox 243 255 1026 289">
    <p class='ocr_par' dir='ltr' id='par_1_6' title="bbox 243 255 1026 289">
     <span class='ocr_line' id='line_1_6' title="bbox 243 255 1026 289; baseline 0.001 -6"><span class='ocrx_word' id='word_1_27' title='bbox 243 256 370 287; x_wconf 81' lang='lat' dir='ltr'><strong>manitas.</strong></span> <span class='ocrx_word' id='word_1_28' title='bbox 385 255 420 282; x_wconf 88' lang='lat' dir='ltr'><strong>ab</strong></span> <span class='ocrx_word' id='word_1_29' title='bbox 431 256 557 283; x_wconf 85' lang='lat' dir='ltr'><strong>universa</strong></span> <span class='ocrx_word' id='word_1_30' title='bbox 572 255 693 283; x_wconf 79' lang='lat' dir='ltr'><strong>Ecclesia</strong></span> <span class='ocrx_word' id='word_1_31' title='bbox 713 257 847 284; x_wconf 84' lang='lat' dir='ltr'><strong>catholica</strong></span> <span class='ocrx_word' id='word_1_32' title='bbox 863 258 1005 284; x_wconf 81' lang='lat' dir='ltr'><strong>damnatos</strong></span> <span class='ocrx_word' id='word_1_33' title='bbox 1018 277 1026 289; x_wconf 90' lang='lat'><strong>,</strong></span> 
     </span>
    </p>
   </div>
   <div class='ocr_carea' id='block_1_7' title="bbox 242 301 1029 338">
    <p class='ocr_par' dir='ltr' id='par_1_7' title="bbox 242 301 1029 338">
     <span class='ocr_line' id='line_1_7' title="bbox 242 301 1029 338; baseline 0 -9"><span class='ocrx_word' id='word_1_34' title='bbox 242 303 371 329; x_wconf 86' lang='lat' dir='ltr'><strong>adversus</strong></span> <span class='ocrx_word' id='word_1_35' title='bbox 390 301 542 329; x_wconf 86' lang='lat' dir='ltr'><strong>Eeclesiam</strong></span> <span class='ocrx_word' id='word_1_36' title='bbox 557 302 715 334; x_wconf 82' lang='lat' dir='ltr'><strong>concitant;</strong></span> <span class='ocrx_word' id='word_1_37' title='bbox 740 302 840 337; x_wconf 79' lang='lat' dir='ltr'><strong>quibus</strong></span> <span class='ocrx_word' id='word_1_38' title='bbox 862 303 944 330; x_wconf 87' lang='lat' dir='ltr'><strong>etiam</strong></span> <span class='ocrx_word' id='word_1_39' title='bbox 969 304 1029 338; x_wconf 78' lang='lat' dir='ltr'><strong>epi-</strong></span> 
     </span>
    </p>
   </div>
   <div class='ocr_carea' id='block_1_8' title="bbox 240 348 1030 384">
    <p class='ocr_par' dir='ltr' id='par_1_8' title="bbox 240 348 1030 384">
     <span class='ocr_line' id='line_1_8' title="bbox 240 348 1030 384; baseline 0.003 -9"><span class='ocrx_word' id='word_1_40' title='bbox 240 355 350 382; x_wconf 87' lang='lat' dir='ltr'><strong>scopum</strong></span> <span class='ocrx_word' id='word_1_41' title='bbox 364 348 541 379; x_wconf 78' lang='lat' dir='ltr'><strong>constituere,</strong></span> <span class='ocrx_word' id='word_1_42' title='bbox 561 355 595 376; x_wconf 87' lang='lat' dir='ltr'><strong>ac</strong></span> <span class='ocrx_word' id='word_1_43' title='bbox 617 349 698 376; x_wconf 81' lang='lat' dir='ltr'><strong>minis</strong></span> <span class='ocrx_word' id='word_1_44' title='bbox 714 349 918 384; x_wconf 85' lang='lat' dir='ltr'><strong>terroribusqne</strong></span> <span class='ocrx_word' id='word_1_45' title='bbox 935 349 1030 377; x_wconf 81' lang='lat' dir='ltr'><strong>Eccle-</strong></span> 
     </span>
    </p>
   </div>
   <div class='ocr_carea' id='block_1_9' title="bbox 241 393 1030 430">
    <p class='ocr_par' dir='ltr' id='par_1_9' title="bbox 241 393 1030 430">
     <span class='ocr_line' id='line_1_9' title="bbox 241 393 1030 430; baseline 0.003 -9"><span class='ocrx_word' id='word_1_46' title='bbox 241 394 297 421; x_wconf 85' lang='lat' dir='ltr'><strong>sias</strong></span> <span class='ocrx_word' id='word_1_47' title='bbox 311 393 443 426; x_wconf 87' lang='lat' dir='ltr'><strong>dividunt,</strong></span> <span class='ocrx_word' id='word_1_48' title='bbox 459 398 488 420; x_wconf 92' lang='lat' dir='ltr'><strong>ut</strong></span> <span class='ocrx_word' id='word_1_49' title='bbox 511 394 614 429; x_wconf 80' lang='lat' dir='ltr'><strong>ubique</strong></span> <span class='ocrx_word' id='word_1_50' title='bbox 638 394 786 429; x_wconf 78' lang='lat' dir='ltr'><strong>impietatis</strong></span> <span class='ocrx_word' id='word_1_51' title='bbox 809 402 865 422; x_wconf 65' lang='lat' dir='ltr'><strong>sum</strong></span> <span class='ocrx_word' id='word_1_52' title='bbox 888 395 1030 430; x_wconf 79' lang='lat' dir='ltr'><strong>adjutores</strong></span> 
     </span>
    </p>
   </div>
   <div class='ocr_carea' id='block_1_10' title="bbox 242 438 1030 473">
    <p class='ocr_par' dir='ltr' id='par_1_10' title="bbox 242 438 1030 473">
     <span class='ocr_line' id='line_1_10' title="bbox 242 438 1030 473; baseline 0.001 -7"><span class='ocrx_word' id='word_1_53' title='bbox 242 439 370 466; x_wconf 80' lang='lat' dir='ltr'><strong>habeant.</strong></span> <span class='ocrx_word' id='word_1_54' title='bbox 385 438 524 473; x_wconf 86' lang='lat' dir='ltr'><strong>Siquidem</strong></span> <span class='ocrx_word' id='word_1_55' title='bbox 534 444 563 466; x_wconf 92' lang='lat' dir='ltr'><strong>et</strong></span> <span class='ocrx_word' id='word_1_56' title='bbox 576 440 705 467; x_wconf 81' lang='lat' dir='ltr'><strong>diaconos</strong></span> <span class='ocrx_word' id='word_1_57' title='bbox 719 440 753 467; x_wconf 86' lang='lat' dir='ltr'><strong>ad</strong></span> <span class='ocrx_word' id='word_1_58' title='bbox 768 439 953 467; x_wconf 83' lang='lat' dir='ltr'><strong>Ariomanitas</strong></span> <span class='ocrx_word' id='word_1_59' title='bbox 967 441 1030 468; x_wconf 92' lang='lat' dir='ltr'><strong>mit-</strong></span> 
     </span>
    </p>
   </div>
   <div class='ocr_carea' id='block_1_11' title="bbox 241 484 1030 519">
    <p class='ocr_par' dir='ltr' id='par_1_11' title="bbox 241 484 1030 519">
     <span class='ocr_line' id='line_1_11' title="bbox 241 484 1030 519; baseline 0.003 -9"><span class='ocrx_word' id='word_1_60' title='bbox 241 489 310 516; x_wconf 83' lang='lat' dir='ltr'><strong>tunt,</strong></span> <span class='ocrx_word' id='word_1_61' title='bbox 327 484 374 519; x_wconf 86' lang='lat' dir='ltr'><strong>qui</strong></span> <span class='ocrx_word' id='word_1_62' title='bbox 388 484 478 519; x_wconf 81' lang='lat' dir='ltr'><strong>palam</strong></span> <span class='ocrx_word' id='word_1_63' title='bbox 495 492 590 512; x_wconf 89' lang='lat' dir='ltr'><strong>eorum</strong></span> <span class='ocrx_word' id='word_1_64' title='bbox 613 485 790 513; x_wconf 79' lang='lat' dir='ltr'><strong>conventibus</strong></span> <span class='ocrx_word' id='word_1_65' title='bbox 803 485 937 512; x_wconf 81' lang='lat' dir='ltr'><strong>intersunt</strong></span> <span class='ocrx_word' id='word_1_66' title='bbox 950 505 959 517; x_wconf 92' lang='lat'><strong>,</strong></span> <span class='ocrx_word' id='word_1_67' title='bbox 986 486 1030 513; x_wconf 87' lang='lat' dir='ltr'><strong>lit-</strong></span> 
     </span>
    </p>
   </div>
   <div class='ocr_carea' id='block_1_12' title="bbox 241 530 1028 565">
    <p class='ocr_par' dir='ltr' id='par_1_12' title="bbox 241 530 1028 565">
     <span class='ocr_line' id='line_1_12' title="bbox 241 530 1028 565; baseline 0.004 -10"><span class='ocrx_word' id='word_1_68' title='bbox 241 535 368 564; x_wconf 86' lang='lat' dir='ltr'><strong>terasque</strong></span> <span class='ocrx_word' id='word_1_69' title='bbox 382 530 513 561; x_wconf 86' lang='lat' dir='ltr'><strong>scribunt,</strong></span> <span class='ocrx_word' id='word_1_70' title='bbox 528 537 561 558; x_wconf 89' lang='lat' dir='ltr'><strong>ac</strong></span> <span class='ocrx_word' id='word_1_71' title='bbox 575 530 742 565; x_wconf 78' lang='lat' dir='ltr'><strong>exemplaria</strong></span> <span class='ocrx_word' id='word_1_72' title='bbox 764 530 800 558; x_wconf 83' lang='lat' dir='ltr'><strong>ab</strong></span> <span class='ocrx_word' id='word_1_73' title='bbox 815 530 869 558; x_wconf 86' lang='lat' dir='ltr'><strong>illis</strong></span> <span class='ocrx_word' id='word_1_74' title='bbox 883 531 1028 565; x_wconf 85' lang='lat' dir='ltr'><strong>recipiunt,</strong></span> 
     </span>
    </p>
   </div>
   <div class='ocr_carea' id='block_1_13' title="bbox 238 575 1030 612">
    <p class='ocr_par' dir='ltr' id='par_1_13' title="bbox 238 575 1030 612">
     <span class='ocr_line' id='line_1_13' title="bbox 238 575 1030 612; baseline 0.004 -11"><span class='ocrx_word' id='word_1_75' title='bbox 238 575 333 609; x_wconf 84' lang='lat' dir='ltr'><strong>sicque</strong></span> <span class='ocrx_word' id='word_1_76' title='bbox 349 575 497 603; x_wconf 84' lang='lat' dir='ltr'><strong>Ecclesiam</strong></span> <span class='ocrx_word' id='word_1_77' title='bbox 517 576 544 603; x_wconf 93' lang='lat' dir='ltr'><strong>in</strong></span> <span class='ocrx_word' id='word_1_78' title='bbox 562 576 682 604; x_wconf 80' lang='lat' dir='ltr'><strong>schisma</strong></span> <span class='ocrx_word' id='word_1_79' title='bbox 706 577 878 612; x_wconf 83' lang='lat' dir='ltr'><strong>conjiciunt:</strong></span> <span class='ocrx_word' id='word_1_80' title='bbox 903 585 963 604; x_wconf 90' lang='lat' dir='ltr'><strong>cum</strong></span> <span class='ocrx_word' id='word_1_81' title='bbox 976 577 1030 605; x_wconf 87' lang='lat' dir='ltr'><strong>illis</strong></span> 
     </span>
    </p>
   </div>
   <div class='ocr_carea' id='block_1_14' title="bbox 240 622 1030 657">
    <p class='ocr_par' dir='ltr' id='par_1_14' title="bbox 240 622 1030 657">
     <span class='ocr_line' id='line_1_14' title="bbox 240 622 1030 657; baseline 0.006 -10"><span class='ocrx_word' id='word_1_82' title='bbox 240 627 349 656; x_wconf 87' lang='lat' dir='ltr'><strong>quoque</strong></span> <span class='ocrx_word' id='word_1_83' title='bbox 378 622 590 655; x_wconf 85' lang='lat' dir='ltr'><strong>communicant,</strong></span> <span class='ocrx_word' id='word_1_84' title='bbox 617 629 648 650; x_wconf 88' lang='lat' dir='ltr'><strong>ac</strong></span> <span class='ocrx_word' id='word_1_85' title='bbox 667 630 760 650; x_wconf 89' lang='lat' dir='ltr'><strong>eorum</strong></span> <span class='ocrx_word' id='word_1_86' title='bbox 779 623 904 651; x_wconf 50' lang='lat' dir='ltr'><strong>haeresim</strong></span> <span class='ocrx_word' id='word_1_87' title='bbox 930 624 1030 657; x_wconf 90' lang='lat' dir='ltr'><strong>ubique</strong></span> 
     </span>
    </p>
   </div>
   <div class='ocr_carea' id='block_1_15' title="bbox 239 665 1030 703">
    <p class='ocr_par' dir='ltr' id='par_1_15' title="bbox 239 665 1030 703">
     <span class='ocr_line' id='line_1_15' title="bbox 239 665 1030 703; baseline 0.005 -10"><span class='ocrx_word' id='word_1_88' title='bbox 239 665 341 694; x_wconf 78' lang='lat' dir='ltr'><strong>litteris</strong></span> <span class='ocrx_word' id='word_1_89' title='bbox 354 667 413 695; x_wconf 83' lang='lat' dir='ltr'><strong>suis</strong></span> <span class='ocrx_word' id='word_1_90' title='bbox 428 670 640 696; x_wconf 82' lang='lat' dir='ltr'><strong>commendant:</strong></span> <span class='ocrx_word' id='word_1_91' title='bbox 658 668 810 697; x_wconf 87' lang='lat' dir='ltr'><strong>Ecclesiam</strong></span> <span class='ocrx_word' id='word_1_92' title='bbox 835 675 925 697; x_wconf 89' lang='lat' dir='ltr'><strong>autetn</strong></span> <span class='ocrx_word' id='word_1_93' title='bbox 950 677 1030 703; x_wconf 83' lang='lat' dir='ltr'><strong>repu-</strong></span> 
     </span>
    </p>
   </div>
   <div class='ocr_carea' id='block_1_16' title="bbox 238 712 1055 750">
    <p class='ocr_par' dir='ltr' id='par_1_16' title="bbox 238 712 1055 750">
     <span class='ocr_line' id='line_1_16' title="bbox 238 712 1055 750; baseline 0.005 -11"><span class='ocrx_word' id='word_1_94' title='bbox 238 712 323 745; x_wconf 83' lang='lat' dir='ltr'><strong>diant.</strong></span> <span class='ocrx_word' id='word_1_95' title='bbox 337 718 411 741; x_wconf 79' lang='lat' dir='ltr'><strong>utex</strong></span> <span class='ocrx_word' id='word_1_96' title='bbox 431 713 528 741; x_wconf 86' lang='lat' dir='ltr'><strong>litteris</strong></span> <span class='ocrx_word' id='word_1_97' title='bbox 550 722 618 749; x_wconf 86' lang='lat' dir='ltr'><strong>quas</strong></span> <span class='ocrx_word' id='word_1_98' title='bbox 642 715 695 750; x_wconf 88' lang='lat' dir='ltr'><strong>ipsi</strong></span> <span class='ocrx_word' id='word_1_99' title='bbox 722 715 846 743; x_wconf 84' lang='lat' dir='ltr'><strong>Romano</strong></span> <span class='ocrx_word' id='word_1_100' title='bbox 877 716 1005 750; x_wconf 88' lang='lat' dir='ltr'><strong>episcopo</strong></span> <span class='ocrx_word' id='word_1_101' title='bbox 1021 735 1028 747; x_wconf 87' lang='lat'><strong>,</strong></span> <span class='ocrx_word' id='word_1_102' title='bbox 1052 726 1055 729; x_wconf 95' lang='grc'>·</span> 
     </span>
    </p>
   </div>
   <div class='ocr_carea' id='block_1_17' title="bbox 238 752 1029 796">
    <p class='ocr_par' dir='ltr' id='par_1_17' title="bbox 238 752 1029 796">
     <span class='ocr_line' id='line_1_17' title="bbox 238 752 1029 796; baseline 0.004 -11"><span class='ocrx_word' id='word_1_103' title='bbox 238 752 357 786; x_wconf 72' lang='lat' dir='ltr'><strong>fortasse</strong></span> <span class='ocrx_word' id='word_1_104' title='bbox 367 764 395 786; x_wconf 90' lang='lat' dir='ltr'><strong>et</strong></span> <span class='ocrx_word' id='word_1_105' title='bbox 409 760 486 787; x_wconf 83' lang='lat' dir='ltr'><strong>vobis</strong></span> <span class='ocrx_word' id='word_1_106' title='bbox 501 761 647 795; x_wconf 89' lang='lat' dir='ltr'><strong>scripsere,</strong></span> <span class='ocrx_word' id='word_1_107' title='bbox 661 761 786 788; x_wconf 86' lang='lat' dir='ltr'><strong>ediscere</strong></span> <span class='ocrx_word' id='word_1_108' title='bbox 800 760 934 796; x_wconf 80' lang='lat' dir='ltr'><strong>peteritis.</strong></span> <span class='ocrx_word' id='word_1_109' title='bbox 951 761 1029 794; x_wconf 85' lang='lat' dir='ltr'><strong>Quod</strong></span> 
     </span>
    </p>
   </div>
   <div class='ocr_carea' id='block_1_18' title="bbox 238 805 1030 840">
    <p class='ocr_par' dir='ltr' id='par_1_18' title="bbox 238 805 1030 840">
     <span class='ocr_line' id='line_1_18' title="bbox 238 805 1030 840; baseline 0.003 -8"><span class='ocrx_word' id='word_1_110' title='bbox 238 810 328 832; x_wconf 86' lang='lat' dir='ltr'><strong>autem</strong></span> <span class='ocrx_word' id='word_1_111' title='bbox 340 805 398 833; x_wconf 75' lang='lat' dir='ltr'><strong>hzec</strong></span> <span class='ocrx_word' id='word_1_112' title='bbox 412 806 497 834; x_wconf 84' lang='lat' dir='ltr'><strong>inulta</strong></span> <span class='ocrx_word' id='word_1_113' title='bbox 521 814 582 834; x_wconf 86' lang='lat' dir='ltr'><strong>esse</strong></span> <span class='ocrx_word' id='word_1_114' title='bbox 597 814 650 834; x_wconf 92' lang='lat' dir='ltr'><strong>non</strong></span> <span class='ocrx_word' id='word_1_115' title='bbox 669 807 795 840; x_wconf 89' lang='lat' dir='ltr'><strong>debeant,</strong></span> <span class='ocrx_word' id='word_1_116' title='bbox 816 807 898 834; x_wconf 92' lang='lat' dir='ltr'><strong>etiam</strong></span> <span class='ocrx_word' id='word_1_117' title='bbox 913 814 971 840; x_wconf 87' lang='lat' dir='ltr'><strong>vos,</strong></span> <span class='ocrx_word' id='word_1_118' title='bbox 989 807 1030 834; x_wconf 89' lang='lat' dir='ltr'><strong>di-</strong></span> 
     </span>
    </p>
   </div>
   <div class='ocr_carea' id='block_1_19' title="bbox 236 847 1028 887">
    <p class='ocr_par' dir='ltr' id='par_1_19' title="bbox 236 847 1028 887">
     <span class='ocr_line' id='line_1_19' title="bbox 236 847 1028 887; baseline 0.003 -8"><span class='ocrx_word' id='word_1_119' title='bbox 236 847 393 885; x_wconf 82' lang='lat' dir='ltr'><strong>lectissimi,</strong></span> <span class='ocrx_word' id='word_1_120' title='bbox 415 853 635 881; x_wconf 88' lang='lat' dir='ltr'><strong>animadvertitis</strong></span> <span class='ocrx_word' id='word_1_121' title='bbox 650 862 657 887; x_wconf 90' lang='lat'><strong>;</strong></span> <span class='ocrx_word' id='word_1_122' title='bbox 671 854 776 882; x_wconf 83' lang='lat' dir='ltr'><strong>atrocia</strong></span> <span class='ocrx_word' id='word_1_123' title='bbox 795 855 869 882; x_wconf 90' lang='lat' dir='ltr'><strong>enim</strong></span> <span class='ocrx_word' id='word_1_124' title='bbox 890 859 953 882; x_wconf 85' lang='lat' dir='ltr'><strong>sunt</strong></span> <span class='ocrx_word' id='word_1_125' title='bbox 967 858 995 881; x_wconf 89' lang='lat' dir='ltr'><strong>et</strong></span> <span class='ocrx_word' id='word_1_126' title='bbox 1013 861 1028 881; x_wconf 90' lang='lat' dir='ltr'><strong>a</strong></span> 
     </span>
    </p>
   </div>
   <div class='ocr_carea' id='block_1_20' title="bbox 237 888 1065 935">
    <p class='ocr_par' dir='ltr' id='par_1_20' title="bbox 237 888 1065 935">
     <span class='ocr_line' id='line_1_20' title="bbox 237 888 1065 935; baseline 0.002 -10"><span class='ocrx_word' id='word_1_127' title='bbox 237 897 338 926; x_wconf 81' lang='lat' dir='ltr'><strong>Christi</strong></span> <span class='ocrx_word' id='word_1_128' title='bbox 356 899 478 926; x_wconf 82' lang='lat' dir='ltr'><strong>doctrina</strong></span> <span class='ocrx_word' id='word_1_129' title='bbox 492 899 590 926; x_wconf 86' lang='lat' dir='ltr'><strong>aliena.</strong></span> <span class='ocrx_word' id='word_1_130' title='bbox 604 899 660 927; x_wconf 84' lang='lat' dir='ltr'><strong>Hac</strong></span> <span class='ocrx_word' id='word_1_131' title='bbox 670 899 752 935; x_wconf 75' lang='lat' dir='ltr'><strong>igitur</strong></span> <span class='ocrx_word' id='word_1_132' title='bbox 765 901 798 927; x_wconf 91' lang='lat' dir='ltr'><strong>de</strong></span> <span class='ocrx_word' id='word_1_133' title='bbox 810 907 890 927; x_wconf 87' lang='lat' dir='ltr'><strong>causa</strong></span> <span class='ocrx_word' id='word_1_134' title='bbox 906 900 933 927; x_wconf 91' lang='lat' dir='ltr'><strong>in</strong></span> <span class='ocrx_word' id='word_1_135' title='bbox 945 908 1027 927; x_wconf 87' lang='lat' dir='ltr'><strong>unum</strong></span> <span class='ocrx_word' id='word_1_136' title='bbox 1044 888 1065 918; x_wconf 74' lang='grc' dir='ltr'><strong><em>Β</em></strong></span> 
     </span>
    </p>
   </div>
   <div class='ocr_carea' id='block_1_21' title="bbox 237 943 1028 980">
    <p class='ocr_par' dir='ltr' id='par_1_21' title="bbox 237 943 1028 980">
     <span class='ocr_line' id='line_1_21' title="bbox 237 943 1028 980; baseline 0.001 -10"><span class='ocrx_word' id='word_1_137' title='bbox 237 943 336 975; x_wconf 83' lang='lat' dir='ltr'><strong>coacti,</strong></span> <span class='ocrx_word' id='word_1_138' title='bbox 357 943 407 970; x_wconf 78' lang='lat' dir='ltr'><strong>has</strong></span> <span class='ocrx_word' id='word_1_139' title='bbox 429 945 464 970; x_wconf 89' lang='lat' dir='ltr'><strong>ad</strong></span> <span class='ocrx_word' id='word_1_140' title='bbox 488 951 537 970; x_wconf 84' lang='lat' dir='ltr'><strong>vos</strong></span> <span class='ocrx_word' id='word_1_141' title='bbox 552 944 659 971; x_wconf 76' lang='lat' dir='ltr'><strong>litteras</strong></span> <span class='ocrx_word' id='word_1_142' title='bbox 675 944 812 976; x_wconf 83' lang='lat' dir='ltr'><strong>misimus.</strong></span> <span class='ocrx_word' id='word_1_143' title='bbox 837 950 967 980; x_wconf 75' lang='lat' dir='ltr'><strong>rogantes</strong></span> <span class='ocrx_word' id='word_1_144' title='bbox 981 952 1028 971; x_wconf 81' lang='lat' dir='ltr'><strong>ve-</strong></span> 
     </span>
    </p>
   </div>
   <div class='ocr_carea' id='block_1_22' title="bbox 237 987 1029 1025">
    <p class='ocr_par' dir='ltr' id='par_1_22' title="bbox 237 987 1029 1025">
     <span class='ocr_line' id='line_1_22' title="bbox 237 987 1029 1025; baseline 0.004 -11"><span class='ocrx_word' id='word_1_145' title='bbox 237 991 322 1014; x_wconf 82' lang='lat' dir='ltr'><strong>stram</strong></span> <span class='ocrx_word' id='word_1_146' title='bbox 335 988 361 1014; x_wconf 91' lang='lat' dir='ltr'><strong>in</strong></span> <span class='ocrx_word' id='word_1_147' title='bbox 373 987 483 1016; x_wconf 83' lang='lat' dir='ltr'><strong>Christo</strong></span> <span class='ocrx_word' id='word_1_148' title='bbox 497 990 667 1023; x_wconf 84' lang='lat' dir='ltr'><strong>prudentiam</strong></span> <span class='ocrx_word' id='word_1_149' title='bbox 700 994 731 1017; x_wconf 92' lang='lat' dir='ltr'><strong>ut</strong></span> <span class='ocrx_word' id='word_1_150' title='bbox 749 990 819 1017; x_wconf 86' lang='lat' dir='ltr'><strong>hanc</strong></span> <span class='ocrx_word' id='word_1_151' title='bbox 836 990 946 1025; x_wconf 85' lang='lat' dir='ltr'><strong>quidem</strong></span> <span class='ocrx_word' id='word_1_152' title='bbox 963 997 1029 1017; x_wconf 90' lang='lat' dir='ltr'><strong>con-</strong></span> 
     </span>
    </p>
   </div>
   <div class='ocr_carea' id='block_1_23' title="bbox 240 1033 1024 1070">
    <p class='ocr_par' dir='ltr' id='par_1_23' title="bbox 240 1033 1024 1070">
     <span class='ocr_line' id='line_1_23' title="bbox 240 1033 1024 1070; baseline 0.003 -10"><span class='ocrx_word' id='word_1_153' title='bbox 240 1033 384 1060; x_wconf 79' lang='lat' dir='ltr'><strong>fessionem</strong></span> <span class='ocrx_word' id='word_1_154' title='bbox 401 1033 551 1069; x_wconf 79' lang='lat' dir='ltr'><strong>recipiatis,</strong></span> <span class='ocrx_word' id='word_1_155' title='bbox 569 1034 711 1062; x_wconf 84' lang='lat' dir='ltr'><strong>Athanasii</strong></span> <span class='ocrx_word' id='word_1_156' title='bbox 725 1042 790 1062; x_wconf 87' lang='lat' dir='ltr'><strong>vero</strong></span> <span class='ocrx_word' id='word_1_157' title='bbox 809 1035 962 1070; x_wconf 86' lang='lat' dir='ltr'><strong>coepiscopi</strong></span> <span class='ocrx_word' id='word_1_158' title='bbox 976 1042 1024 1062; x_wconf 90' lang='lat' dir='ltr'><strong>no-</strong></span> 
     </span>
    </p>
   </div>
   <div class='ocr_carea' id='block_1_24' title="bbox 238 1079 1028 1113">
    <p class='ocr_par' dir='ltr' id='par_1_24' title="bbox 238 1079 1028 1113">
     <span class='ocr_line' id='line_1_24' title="bbox 238 1079 1028 1113; baseline 0.001 -6"><span class='ocrx_word' id='word_1_159' title='bbox 238 1079 287 1107; x_wconf 89' lang='lat' dir='ltr'><strong>stri</strong></span> <span class='ocrx_word' id='word_1_160' title='bbox 299 1079 386 1107; x_wconf 88' lang='lat' dir='ltr'><strong>vicem</strong></span> <span class='ocrx_word' id='word_1_161' title='bbox 400 1079 513 1108; x_wconf 86' lang='lat' dir='ltr'><strong>dolcatis</strong></span> <span class='ocrx_word' id='word_1_162' title='bbox 526 1101 533 1113; x_wconf 89' lang='lat'><strong>,</strong></span> <span class='ocrx_word' id='word_1_163' title='bbox 548 1088 579 1108; x_wconf 87' lang='lat' dir='ltr'><strong>ac</strong></span> <span class='ocrx_word' id='word_1_164' title='bbox 595 1081 755 1108; x_wconf 81' lang='lat' dir='ltr'><strong>Eusebianis</strong></span> <span class='ocrx_word' id='word_1_165' title='bbox 773 1080 835 1108; x_wconf 88' lang='lat' dir='ltr'><strong>talia</strong></span> <span class='ocrx_word' id='word_1_166' title='bbox 853 1081 1028 1108; x_wconf 87' lang='lat' dir='ltr'><strong>molientibus</strong></span> 
     </span>
    </p>
   </div>
   <div class='ocr_carea' id='block_1_25' title="bbox 239 1126 1028 1161">
    <p class='ocr_par' dir='ltr' id='par_1_25' title="bbox 239 1126 1028 1161">
     <span class='ocr_line' id='line_1_25' title="bbox 239 1126 1028 1161; baseline 0.001 -9"><span class='ocrx_word' id='word_1_167' title='bbox 239 1126 445 1158; x_wconf 76' lang='lat' dir='ltr'><strong>succenseam;</strong></span> <span class='ocrx_word' id='word_1_168' title='bbox 463 1130 494 1154; x_wconf 91' lang='lat' dir='ltr'><strong>ut</strong></span> <span class='ocrx_word' id='word_1_169' title='bbox 509 1134 544 1154; x_wconf 88' lang='lat' dir='ltr'><strong>ne</strong></span> <span class='ocrx_word' id='word_1_170' title='bbox 557 1126 675 1161; x_wconf 84' lang='lat' dir='ltr'><strong>amplius</strong></span> <span class='ocrx_word' id='word_1_171' title='bbox 692 1126 845 1154; x_wconf 87' lang='lat' dir='ltr'><strong>istiusmodi</strong></span> <span class='ocrx_word' id='word_1_172' title='bbox 866 1127 986 1161; x_wconf 87' lang='lat' dir='ltr'><strong>pravitas</strong></span> <span class='ocrx_word' id='word_1_173' title='bbox 999 1131 1028 1154; x_wconf 91' lang='lat' dir='ltr'><strong>et</strong></span> 
     </span>
    </p>
   </div>
   <div class='ocr_carea' id='block_1_26' title="bbox 238 1171 1027 1201">
    <p class='ocr_par' dir='ltr' id='par_1_26' title="bbox 238 1171 1027 1201">
     <span class='ocr_line' id='line_1_26' title="bbox 238 1171 1027 1201; baseline 0.003 -3"><span class='ocrx_word' id='word_1_174' title='bbox 238 1171 338 1198; x_wconf 72' lang='lat' dir='ltr'><strong>malitia</strong></span> <span class='ocrx_word' id='word_1_175' title='bbox 367 1171 498 1199; x_wconf 85' lang='lat' dir='ltr'><strong>adversus</strong></span> <span class='ocrx_word' id='word_1_176' title='bbox 514 1172 663 1199; x_wconf 82' lang='lat' dir='ltr'><strong>Ecclesiam</strong></span> <span class='ocrx_word' id='word_1_177' title='bbox 679 1172 732 1199; x_wconf 91' lang='lat' dir='ltr'><strong>vim</strong></span> <span class='ocrx_word' id='word_1_178' title='bbox 744 1172 876 1201; x_wconf 85' lang='lat' dir='ltr'><strong>obtineat.</strong></span> <span class='ocrx_word' id='word_1_179' title='bbox 885 1172 939 1200; x_wconf 80' lang='lat' dir='ltr'><strong>Vos</strong></span> <span class='ocrx_word' id='word_1_180' title='bbox 955 1173 1027 1200; x_wconf 85' lang='lat' dir='ltr'><strong>enim</strong></span> 
     </span>
    </p>
   </div>
   <div class='ocr_carea' id='block_1_27' title="bbox 237 1216 1026 1253">
    <p class='ocr_par' dir='ltr' id='par_1_27' title="bbox 237 1216 1026 1253">
     <span class='ocr_line' id='line_1_27' title="bbox 237 1216 1026 1253; baseline 0.004 -10"><span class='ocrx_word' id='word_1_181' title='bbox 237 1216 371 1252; x_wconf 80' lang='lat' dir='ltr'><strong>ejusmodi</strong></span> <span class='ocrx_word' id='word_1_182' title='bbox 382 1217 520 1251; x_wconf 70' lang='lat' dir='ltr'><strong>injustitim</strong></span> <span class='ocrx_word' id='word_1_183' title='bbox 535 1217 656 1245; x_wconf 83' lang='lat' dir='ltr'><strong>vindices</strong></span> <span class='ocrx_word' id='word_1_184' title='bbox 667 1218 853 1253; x_wconf 87' lang='lat' dir='ltr'><strong>imploramus.</strong></span> <span class='ocrx_word' id='word_1_185' title='bbox 871 1218 935 1246; x_wconf 91' lang='lat' dir='ltr'><strong>illud</strong></span> <span class='ocrx_word' id='word_1_186' title='bbox 951 1219 1026 1253; x_wconf 83' lang='lat' dir='ltr'><strong>Apo-</strong></span> 
     </span>
    </p>
   </div>
   <div class='ocr_carea' id='block_1_28' title="bbox 237 1261 1028 1298">
    <p class='ocr_par' dir='ltr' id='par_1_28' title="bbox 237 1261 1028 1298">
     <span class='ocr_line' id='line_1_28' title="bbox 237 1261 1028 1298; baseline 0.003 -10"><span class='ocrx_word' id='word_1_187' title='bbox 237 1261 300 1288; x_wconf 91' lang='lat' dir='ltr'><strong>stoli</strong></span> <span class='ocrx_word' id='word_1_188' title='bbox 315 1262 394 1289; x_wconf 88' lang='lat' dir='ltr'><strong>vobis</strong></span> <span class='ocrx_word' id='word_1_189' title='bbox 406 1267 652 1290; x_wconf 82' lang='lat' dir='ltr'><strong>commemorantes</strong></span> <span class='ocrx_word' id='word_1_190' title='bbox 666 1272 672 1290; x_wconf 91' lang='lat'><strong>:</strong></span> <span class='ocrx_word' id='word_1_191' title='bbox 690 1263 801 1298; x_wconf 78' lang='lat' dir='ltr'><strong>Auferte</strong></span> <span class='ocrx_word' id='word_1_192' title='bbox 811 1263 913 1290; x_wconf 80' lang='lat' dir='ltr'><strong>malum</strong></span> <span class='ocrx_word' id='word_1_193' title='bbox 934 1271 967 1291; x_wconf 75' lang='lat' dir='ltr'><strong>ea:</strong></span> <span class='ocrx_word' id='word_1_194' title='bbox 983 1271 1028 1291; x_wconf 74' lang='lat' dir='ltr'><strong>vo—</strong></span> 
     </span>
    </p>
   </div>
   <div class='ocr_carea' id='block_1_29' title="bbox 237 1307 1028 1343">
    <p class='ocr_par' dir='ltr' id='par_1_29' title="bbox 237 1307 1028 1343">
     <span class='ocr_line' id='line_1_29' title="bbox 237 1307 1028 1343; baseline 0.005 -10"><span class='ocrx_word' id='word_1_195' title='bbox 237 1308 277 1334; x_wconf 75' lang='lat' dir='ltr'><strong>bis</strong></span> <span class='ocrx_word' id='word_1_196' title='bbox 292 1308 356 1342; x_wconf 75' lang='lat' dir='ltr'><strong>ipsis</strong></span> <span class='ocrx_word' id='word_1_197' title='bbox 373 1307 448 1334; x_wconf 82' lang='lat'><strong>&quot;-&quot;.</strong></span> <span class='ocrx_word' id='word_1_198' title='bbox 460 1307 529 1335; x_wconf 81' lang='lat' dir='ltr'><strong>Mala</strong></span> <span class='ocrx_word' id='word_1_199' title='bbox 548 1309 620 1336; x_wconf 90' lang='lat' dir='ltr'><strong>enim</strong></span> <span class='ocrx_word' id='word_1_200' title='bbox 638 1316 733 1336; x_wconf 83' lang='lat' dir='ltr'><strong>revera</strong></span> <span class='ocrx_word' id='word_1_201' title='bbox 748 1314 826 1343; x_wconf 86' lang='lat' dir='ltr'><strong>sunt,</strong></span> <span class='ocrx_word' id='word_1_202' title='bbox 845 1314 874 1337; x_wconf 90' lang='lat' dir='ltr'><strong>et</strong></span> <span class='ocrx_word' id='word_1_203' title='bbox 904 1317 1028 1337; x_wconf 88' lang='lat' dir='ltr'><strong>commu-</strong></span> 
     </span>
    </p>
   </div>
   <div class='ocr_carea' id='block_1_30' title="bbox 238 1354 1027 1391">
    <p class='ocr_par' dir='ltr' id='par_1_30' title="bbox 238 1354 1027 1391">
     <span class='ocr_line' id='line_1_30' title="bbox 238 1354 1027 1391; baseline 0.003 -11"><span class='ocrx_word' id='word_1_204' title='bbox 238 1354 320 1381; x_wconf 87' lang='lat' dir='ltr'><strong>nione</strong></span> <span class='ocrx_word' id='word_1_205' title='bbox 338 1358 431 1381; x_wconf 86' lang='lat' dir='ltr'><strong>nostra</strong></span> <span class='ocrx_word' id='word_1_206' title='bbox 441 1354 564 1390; x_wconf 74' lang='lat' dir='ltr'><strong>indigna.</strong></span> <span class='ocrx_word' id='word_1_207' title='bbox 575 1361 637 1389; x_wconf 72' lang='lat' dir='ltr'><strong>qua</strong></span> <span class='ocrx_word' id='word_1_208' title='bbox 650 1355 688 1382; x_wconf 92' lang='lat' dir='ltr'><strong>illi</strong></span> <span class='ocrx_word' id='word_1_209' title='bbox 705 1360 908 1390; x_wconf 86' lang='lat' dir='ltr'><strong>perpetrarunt.</strong></span> <span class='ocrx_word' id='word_1_210' title='bbox 923 1355 962 1384; x_wconf 82' lang='lat' dir='ltr'><strong>Ne</strong></span> <span class='ocrx_word' id='word_1_211' title='bbox 976 1356 1027 1391; x_wconf 71' lang='lat' dir='ltr'><strong>igi-</strong></span> 
     </span>
    </p>
   </div>
   <div class='ocr_carea' id='block_1_31' title="bbox 239 1398 1028 1434">
    <p class='ocr_par' dir='ltr' id='par_1_31' title="bbox 239 1398 1028 1434">
     <span class='ocr_line' id='line_1_31' title="bbox 239 1398 1028 1434; baseline 0.005 -10"><span class='ocrx_word' id='word_1_212' title='bbox 239 1403 283 1425; x_wconf 89' lang='lat' dir='ltr'><strong>tur</strong></span> <span class='ocrx_word' id='word_1_213' title='bbox 300 1398 354 1426; x_wconf 87' lang='lat' dir='ltr'><strong>illis</strong></span> <span class='ocrx_word' id='word_1_214' title='bbox 365 1406 458 1426; x_wconf 89' lang='lat' dir='ltr'><strong>aurem</strong></span> <span class='ocrx_word' id='word_1_215' title='bbox 474 1400 629 1434; x_wconf 60' lang='lat' dir='ltr'><strong>praebeatis,</strong></span> <span class='ocrx_word' id='word_1_216' title='bbox 648 1400 671 1428; x_wconf 88' lang='lat' dir='ltr'><strong>si</strong></span> <span class='ocrx_word' id='word_1_217' title='bbox 689 1401 778 1428; x_wconf 85' lang='lat' dir='ltr'><strong>denuo</strong></span> <span class='ocrx_word' id='word_1_218' title='bbox 791 1401 824 1428; x_wconf 86' lang='lat' dir='ltr'><strong>ad</strong></span> <span class='ocrx_word' id='word_1_219' title='bbox 839 1408 887 1428; x_wconf 87' lang='lat' dir='ltr'><strong>vos</strong></span> <span class='ocrx_word' id='word_1_220' title='bbox 904 1401 1028 1428; x_wconf 80' lang='lat' dir='ltr'><strong>scribant</strong></span> 
     </span>
    </p>
   </div>
   <div class='ocr_carea' id='block_1_32' title="bbox 238 1445 1027 1483">
    <p class='ocr_par' dir='ltr' id='par_1_32' title="bbox 238 1445 1027 1483">
     <span class='ocr_line' id='line_1_32' title="bbox 238 1445 1027 1483; baseline 0.006 -11"><span class='ocrx_word' id='word_1_221' title='bbox 238 1448 333 1472; x_wconf 90' lang='lat' dir='ltr'><strong>contra</strong></span> <span class='ocrx_word' id='word_1_222' title='bbox 364 1445 519 1481; x_wconf 86' lang='lat' dir='ltr'><strong>episcopum</strong></span> <span class='ocrx_word' id='word_1_223' title='bbox 535 1446 733 1480; x_wconf 76' lang='lat' dir='ltr'><strong>Athanasium;</strong></span> <span class='ocrx_word' id='word_1_224' title='bbox 746 1448 886 1483; x_wconf 90' lang='lat' dir='ltr'><strong>(quidquid</strong></span> <span class='ocrx_word' id='word_1_225' title='bbox 903 1449 974 1476; x_wconf 88' lang='lat' dir='ltr'><strong>enim</strong></span> <span class='ocrx_word' id='word_1_226' title='bbox 994 1449 1027 1477; x_wconf 85' lang='lat' dir='ltr'><strong>ab</strong></span> 
     </span>
    </p>
   </div>
   <div class='ocr_carea' id='block_1_33' title="bbox 238 1490 1025 1530">
    <p class='ocr_par' dir='ltr' id='par_1_33' title="bbox 238 1490 1025 1530">
     <span class='ocr_line' id='line_1_33' title="bbox 238 1490 1025 1530; baseline 0.008 -14"><span class='ocrx_word' id='word_1_227' title='bbox 238 1490 290 1517; x_wconf 91' lang='lat' dir='ltr'><strong>illis</strong></span> <span class='ocrx_word' id='word_1_228' title='bbox 307 1490 487 1525; x_wconf 80' lang='lat' dir='ltr'><strong>proﬁciscitur</strong></span> <span class='ocrx_word' id='word_1_229' title='bbox 498 1491 593 1520; x_wconf 83' lang='lat' dir='ltr'><strong>falsum</strong></span> <span class='ocrx_word' id='word_1_230' title='bbox 607 1497 650 1521; x_wconf 87' lang='lat' dir='ltr'><strong>est</strong></span> <span class='ocrx_word' id='word_1_231' title='bbox 659 1492 678 1528; x_wconf 87' lang='lat'><strong>;)</strong></span> <span class='ocrx_word' id='word_1_232' title='bbox 693 1493 746 1521; x_wconf 87' lang='lat' dir='ltr'><strong>into</strong></span> <span class='ocrx_word' id='word_1_233' title='bbox 761 1493 867 1521; x_wconf 87' lang='lat' dir='ltr'><strong>etiamsi</strong></span> <span class='ocrx_word' id='word_1_234' title='bbox 883 1494 1025 1530; x_wconf 63' lang='lat' dir='ltr'><strong>Egyptia-</strong></span> 
     </span>
    </p>
   </div>
   <div class='ocr_carea' id='block_1_34' title="bbox 239 1537 1023 1572">
    <p class='ocr_par' dir='ltr' id='par_1_34' title="bbox 239 1537 1023 1572">
     <span class='ocr_line' id='line_1_34' title="bbox 239 1537 1023 1572; baseline 0.006 -9"><span class='ocrx_word' id='word_1_235' title='bbox 239 1543 299 1563; x_wconf 91' lang='lat' dir='ltr'><strong>rum</strong></span> <span class='ocrx_word' id='word_1_236' title='bbox 315 1537 502 1572; x_wconf 82' lang='lat' dir='ltr'><strong>episcoporum</strong></span> <span class='ocrx_word' id='word_1_237' title='bbox 519 1539 628 1567; x_wconf 87' lang='lat' dir='ltr'><strong>nomina</strong></span> <span class='ocrx_word' id='word_1_238' title='bbox 649 1539 676 1566; x_wconf 91' lang='lat' dir='ltr'><strong>in</strong></span> <span class='ocrx_word' id='word_1_239' title='bbox 688 1540 785 1568; x_wconf 85' lang='lat' dir='ltr'><strong>litteris</strong></span> <span class='ocrx_word' id='word_1_240' title='bbox 801 1541 857 1568; x_wconf 83' lang='lat' dir='ltr'><strong>suis</strong></span> <span class='ocrx_word' id='word_1_241' title='bbox 868 1545 1023 1568; x_wconf 77' lang='lat' dir='ltr'><strong>exararent.</strong></span> 
     </span>
    </p>
   </div>
   <div class='ocr_carea' id='block_1_35' title="bbox 239 1580 1027 1618">
    <p class='ocr_par' dir='ltr' id='par_1_35' title="bbox 239 1580 1027 1618">
     <span class='ocr_line' id='line_1_35' title="bbox 239 1580 1027 1618; baseline 0.008 -10"><span class='ocrx_word' id='word_1_242' title='bbox 239 1580 333 1609; x_wconf 82' lang='lat' dir='ltr'><strong>Palam</strong></span> <span class='ocrx_word' id='word_1_243' title='bbox 346 1582 419 1610; x_wconf 87' lang='lat' dir='ltr'><strong>enim</strong></span> <span class='ocrx_word' id='word_1_244' title='bbox 431 1587 473 1610; x_wconf 87' lang='lat' dir='ltr'><strong>est</strong></span> <span class='ocrx_word' id='word_1_245' title='bbox 485 1590 538 1611; x_wconf 92' lang='lat' dir='ltr'><strong>non</strong></span> <span class='ocrx_word' id='word_1_246' title='bbox 556 1591 606 1611; x_wconf 87' lang='lat' dir='ltr'><strong>nos</strong></span> <span class='ocrx_word' id='word_1_247' title='bbox 622 1584 685 1612; x_wconf 88' lang='lat' dir='ltr'><strong>talia</strong></span> <span class='ocrx_word' id='word_1_248' title='bbox 697 1586 828 1618; x_wconf 82' lang='lat' dir='ltr'><strong>scribere,</strong></span> <span class='ocrx_word' id='word_1_249' title='bbox 844 1587 892 1614; x_wconf 85' lang='lat' dir='ltr'><strong>sed</strong></span> <span class='ocrx_word' id='word_1_250' title='bbox 905 1586 1027 1614; x_wconf 78' lang='lat' dir='ltr'><strong>Meletia-</strong></span> 
     </span>
    </p>
   </div>
   <div class='ocr_carea' id='block_1_36' title="bbox 239 1628 1027 1667">
    <p class='ocr_par' dir='ltr' id='par_1_36' title="bbox 239 1628 1027 1667">
     <span class='ocr_line' id='line_1_36' title="bbox 239 1628 1027 1667; baseline 0.008 -13"><span class='ocrx_word' id='word_1_251' title='bbox 239 1634 290 1655; x_wconf 89' lang='lat' dir='ltr'><strong>nos</strong></span> <span class='ocrx_word' id='word_1_252' title='bbox 304 1635 414 1663; x_wconf 82' lang='lat' dir='ltr'><strong>semper</strong></span> <span class='ocrx_word' id='word_1_253' title='bbox 427 1628 628 1663; x_wconf 83' lang='lat' dir='ltr'><strong>schismaticos,</strong></span> <span class='ocrx_word' id='word_1_254' title='bbox 646 1631 691 1666; x_wconf 88' lang='lat' dir='ltr'><strong>qui</strong></span> <span class='ocrx_word' id='word_1_255' title='bbox 706 1630 758 1659; x_wconf 86' lang='lat' dir='ltr'><strong>huc</strong></span> <span class='ocrx_word' id='word_1_256' title='bbox 780 1639 866 1667; x_wconf 88' lang='lat' dir='ltr'><strong>usque</strong></span> <span class='ocrx_word' id='word_1_257' title='bbox 888 1631 1027 1660; x_wconf 81' lang='lat' dir='ltr'><strong>Ecclesias</strong></span> 
     </span>
    </p>
   </div>
   <div class='ocr_carea' id='block_1_37' title="bbox 237 1673 1026 1707">
    <p class='ocr_par' dir='ltr' id='par_1_37' title="bbox 237 1673 1026 1707">
     <span class='ocr_line' id='line_1_37' title="bbox 237 1673 1026 1707; baseline 0.008 -7"><span class='ocrx_word' id='word_1_258' title='bbox 237 1673 395 1707; x_wconf 80' lang='lat' dir='ltr'><strong>perturbant</strong></span> <span class='ocrx_word' id='word_1_259' title='bbox 407 1680 436 1702; x_wconf 87' lang='lat' dir='ltr'><strong>et</strong></span> <span class='ocrx_word' id='word_1_260' title='bbox 450 1675 597 1704; x_wconf 86' lang='lat' dir='ltr'><strong>seditiones</strong></span> <span class='ocrx_word' id='word_1_261' title='bbox 631 1683 814 1705; x_wconf 86' lang='lat' dir='ltr'><strong>commovent.</strong></span> <span class='ocrx_word' id='word_1_262' title='bbox 835 1678 1026 1707; x_wconf 82' lang='lat' dir='ltr'><strong>Ordinationes</strong></span> 
     </span>
    </p>
   </div>
   <div class='ocr_carea' id='block_1_38' title="bbox 237 1719 1025 1759">
    <p class='ocr_par' dir='ltr' id='par_1_38' title="bbox 237 1719 1025 1759">
     <span class='ocr_line' id='line_1_38' title="bbox 237 1719 1025 1759; baseline 0.008 -13"><span class='ocrx_word' id='word_1_263' title='bbox 237 1719 310 1746; x_wconf 83' lang='lat' dir='ltr'><strong>enim</strong></span> <span class='ocrx_word' id='word_1_264' title='bbox 323 1721 455 1748; x_wconf 85' lang='lat' dir='ltr'><strong>absurdas</strong></span> <span class='ocrx_word' id='word_1_265' title='bbox 469 1719 584 1755; x_wconf 76' lang='lat' dir='ltr'><strong>faciunt,</strong></span> <span class='ocrx_word' id='word_1_266' title='bbox 595 1729 626 1749; x_wconf 85' lang='lat' dir='ltr'><strong>ac</strong></span> <span class='ocrx_word' id='word_1_267' title='bbox 634 1722 755 1750; x_wconf 91' lang='lat' dir='ltr'><strong>virorum</strong></span> <span class='ocrx_word' id='word_1_268' title='bbox 771 1724 816 1758; x_wconf 90' lang='lat' dir='ltr'><strong>qui</strong></span> <span class='ocrx_word' id='word_1_269' title='bbox 832 1725 1025 1759; x_wconf 70' lang='lat' dir='ltr'><strong>propemodum</strong></span> 
     </span>
    </p>
   </div>
   <div class='ocr_carea' id='block_1_39' title="bbox 238 1764 1027 1806">
    <p class='ocr_par' dir='ltr' id='par_1_39' title="bbox 238 1764 1027 1806">
     <span class='ocr_line' id='line_1_39' title="bbox 238 1764 1027 1806; baseline 0.008 -14"><span class='ocrx_word' id='word_1_270' title='bbox 238 1764 342 1792; x_wconf 85' lang='lat' dir='ltr'><strong>ethnici</strong></span> <span class='ocrx_word' id='word_1_271' title='bbox 358 1770 423 1793; x_wconf 89' lang='lat' dir='ltr'><strong>sunt</strong></span> <span class='ocrx_word' id='word_1_272' title='bbox 437 1775 444 1793; x_wconf 88' lang='lat'><strong>:</strong></span> <span class='ocrx_word' id='word_1_273' title='bbox 459 1771 487 1794; x_wconf 94' lang='lat' dir='ltr'><strong>et</strong></span> <span class='ocrx_word' id='word_1_274' title='bbox 498 1766 629 1802; x_wconf 84' lang='lat' dir='ltr'><strong>ejusmodi</strong></span> <span class='ocrx_word' id='word_1_275' title='bbox 646 1767 767 1796; x_wconf 76' lang='lat' dir='ltr'><strong>facinora</strong></span> <span class='ocrx_word' id='word_1_276' title='bbox 783 1775 951 1804; x_wconf 82' lang='lat' dir='ltr'><strong>perpetrant,</strong></span> <span class='ocrx_word' id='word_1_277' title='bbox 967 1779 1027 1806; x_wconf 74' lang='lat' dir='ltr'><strong>qua:</strong></span> 
     </span>
    </p>
   </div>
   <div class='ocr_carea' id='block_1_40' title="bbox 238 1811 1026 1851">
    <p class='ocr_par' dir='ltr' id='par_1_40' title="bbox 238 1811 1026 1851">
     <span class='ocr_line' id='line_1_40' title="bbox 238 1811 1026 1851; baseline 0.008 -14"><span class='ocrx_word' id='word_1_278' title='bbox 238 1811 360 1838; x_wconf 83' lang='lat' dir='ltr'><strong>scribere</strong></span> <span class='ocrx_word' id='word_1_279' title='bbox 370 1811 480 1846; x_wconf 89' lang='lat' dir='ltr'><strong>quidem</strong></span> <span class='ocrx_word' id='word_1_280' title='bbox 493 1813 691 1846; x_wconf 89' lang='lat' dir='ltr'><strong>erubescimus,</strong></span> <span class='ocrx_word' id='word_1_281' title='bbox 710 1814 758 1842; x_wconf 83' lang='lat' dir='ltr'><strong>sed</strong></span> <span class='ocrx_word' id='word_1_282' title='bbox 771 1814 848 1842; x_wconf 84' lang='lat' dir='ltr'><strong>vobis</strong></span> <span class='ocrx_word' id='word_1_283' title='bbox 860 1815 885 1842; x_wconf 91' lang='lat' dir='ltr'><strong>id</strong></span> <span class='ocrx_word' id='word_1_284' title='bbox 896 1823 911 1842; x_wconf 90' lang='lat' dir='ltr'><strong>a</strong></span> <span class='ocrx_word' id='word_1_285' title='bbox 931 1816 1026 1851; x_wconf 72' lang='lat' dir='ltr'><strong>legatis</strong></span> 
     </span>
    </p>
   </div>
   <div class='ocr_carea' id='block_1_41' title="bbox 238 1856 1024 1929">
    <p class='ocr_par' dir='ltr' id='par_1_41' title="bbox 238 1856 1024 1929">
     <span class='ocr_line' id='line_1_41' title="bbox 239 1856 1024 1894; baseline 0.008 -11"><span class='ocrx_word' id='word_1_286' title='bbox 239 1856 352 1889; x_wconf 79' lang='lat' dir='ltr'><strong>nostris.</strong></span> <span class='ocrx_word' id='word_1_287' title='bbox 367 1857 413 1892; x_wconf 91' lang='lat' dir='ltr'><strong>qui</strong></span> <span class='ocrx_word' id='word_1_288' title='bbox 438 1858 580 1893; x_wconf 85' lang='lat' dir='ltr'><strong>epistolam</strong></span> <span class='ocrx_word' id='word_1_289' title='bbox 607 1859 686 1888; x_wconf 89' lang='lat' dir='ltr'><strong>vobis</strong></span> <span class='ocrx_word' id='word_1_290' title='bbox 714 1860 831 1894; x_wconf 84' lang='lat' dir='ltr'><strong>tradent,</strong></span> <span class='ocrx_word' id='word_1_291' title='bbox 847 1861 951 1889; x_wconf 86' lang='lat' dir='ltr'><strong>discere</strong></span> <span class='ocrx_word' id='word_1_292' title='bbox 963 1861 1024 1889; x_wconf 88' lang='lat' dir='ltr'><strong>lice-</strong></span> 
     </span>
     <span class='ocr_line' id='line_1_42' title="bbox 238 1901 359 1929; baseline 0 0"><span class='ocrx_word' id='word_1_293' title='bbox 238 1901 277 1929; x_wconf 89' lang='lat' dir='ltr'><strong>bit</strong></span> <span class='ocrx_word' id='word_1_294' title='bbox 291 1902 359 1929; x_wconf 74' lang='lat' dir='ltr'><strong>im.</strong></span> 
     </span>
    </p>
   </div>
   <div class='ocr_carea' id='block_1_42' title="bbox 258 1902 359 1939">
    <p class='ocr_par' dir='ltr' id='par_1_42' title="bbox 258 1902 359 1939">
     <span class='ocr_line' id='line_1_43' title="bbox 258 1902 359 1939; baseline 0.01 -10"><span class='ocrx_word' id='word_1_295' title='bbox 258 1902 277 1929; x_wconf 93' lang='lat' dir='ltr'><strong>it</strong></span> <span class='ocrx_word' id='word_1_296' title='bbox 291 1902 359 1939; x_wconf 69' lang='grc' dir='ltr'>(ιτ).</span> 
     </span>
    </p>
   </div>
   <div class='ocr_carea' id='block_1_43' title="bbox 274 2031 1026 2071">
    <p class='ocr_par' dir='ltr' id='par_1_43' title="bbox 274 2031 1026 2071">
     <span class='ocr_line' id='line_1_44' title="bbox 274 2031 1026 2071; baseline 0.008 -12"><span class='ocrx_word' id='word_1_297' title='bbox 274 2031 320 2059; x_wconf 76' lang='lat'><strong>20.</strong></span> <span class='ocrx_word' id='word_1_298' title='bbox 334 2031 396 2060; x_wconf 69' lang='lat' dir='ltr'><strong>Hmc</strong></span> <span class='ocrx_word' id='word_1_299' title='bbox 405 2033 514 2067; x_wconf 88' lang='lat' dir='ltr'><strong>quidem</strong></span> <span class='ocrx_word' id='word_1_300' title='bbox 530 2033 650 2070; x_wconf 62' lang='lat' dir='ltr'><strong>Egyptii</strong></span> <span class='ocrx_word' id='word_1_301' title='bbox 676 2035 710 2062; x_wconf 84' lang='lat' dir='ltr'><strong>ad</strong></span> <span class='ocrx_word' id='word_1_302' title='bbox 733 2043 829 2064; x_wconf 81' lang='lat' dir='ltr'><strong>omnes</strong></span> <span class='ocrx_word' id='word_1_303' title='bbox 838 2037 980 2071; x_wconf 85' lang='lat' dir='ltr'><strong>episcopos</strong></span> <span class='ocrx_word' id='word_1_304' title='bbox 998 2043 1026 2065; x_wconf 94' lang='lat' dir='ltr'><strong>et</strong></span> 
     </span>
    </p>
   </div>
   <div class='ocr_carea' id='block_1_44' title="bbox 239 2078 1024 2116">
    <p class='ocr_par' dir='ltr' id='par_1_44' title="bbox 239 2078 1024 2116">
     <span class='ocr_line' id='line_1_45' title="bbox 239 2078 1024 2116; baseline 0.008 -11"><span class='ocrx_word' id='word_1_305' title='bbox 239 2078 273 2106; x_wconf 80' lang='lat' dir='ltr'><strong>nd</strong></span> <span class='ocrx_word' id='word_1_306' title='bbox 288 2078 389 2106; x_wconf 84' lang='lat' dir='ltr'><strong>Julium</strong></span> <span class='ocrx_word' id='word_1_307' title='bbox 405 2079 558 2107; x_wconf 79' lang='lat' dir='ltr'><strong>Romanum</strong></span> <span class='ocrx_word' id='word_1_308' title='bbox 580 2081 747 2116; x_wconf 83' lang='lat' dir='ltr'><strong>episcopum.</strong></span> <span class='ocrx_word' id='word_1_309' title='bbox 774 2082 858 2110; x_wconf 88' lang='lat' dir='ltr'><strong>Porro</strong></span> <span class='ocrx_word' id='word_1_310' title='bbox 880 2082 1024 2112; x_wconf 81' lang='lat' dir='ltr'><strong>Euscbiani</strong></span> 
     </span>
    </p>
   </div>
   <div class='ocr_carea' id='block_1_45' title="bbox 239 2125 1026 2163">
    <p class='ocr_par' dir='ltr' id='par_1_45' title="bbox 239 2125 1026 2163">
     <span class='ocr_line' id='line_1_46' title="bbox 239 2125 1026 2163; baseline 0.006 -11"><span class='ocrx_word' id='word_1_311' title='bbox 239 2133 347 2160; x_wconf 88' lang='lat' dir='ltr'><strong>quoque</strong></span> <span class='ocrx_word' id='word_1_312' title='bbox 358 2126 391 2154; x_wconf 87' lang='lat' dir='ltr'><strong>ad</strong></span> <span class='ocrx_word' id='word_1_313' title='bbox 407 2125 507 2153; x_wconf 88' lang='lat' dir='ltr'><strong>Julium</strong></span> <span class='ocrx_word' id='word_1_314' title='bbox 521 2127 673 2161; x_wconf 79' lang='lat' dir='ltr'><strong>scripsere:</strong></span> <span class='ocrx_word' id='word_1_315' title='bbox 686 2136 719 2156; x_wconf 84' lang='lat' dir='ltr'><strong>ac</strong></span> <span class='ocrx_word' id='word_1_316' title='bbox 735 2133 878 2163; x_wconf 75' lang='lat' dir='ltr'><strong>sperantes</strong></span> <span class='ocrx_word' id='word_1_317' title='bbox 894 2136 924 2157; x_wconf 89' lang='lat' dir='ltr'><strong>se</strong></span> <span class='ocrx_word' id='word_1_318' title='bbox 948 2130 1026 2158; x_wconf 85' lang='lat' dir='ltr'><strong>nobis</strong></span> 
     </span>
    </p>
   </div>
   <div class='ocr_carea' id='block_1_46' title="bbox 241 2173 1025 2211">
    <p class='ocr_par' dir='ltr' id='par_1_46' title="bbox 241 2173 1025 2211">
     <span class='ocr_line' id='line_1_47' title="bbox 241 2173 1025 2211; baseline 0.005 -11"><span class='ocrx_word' id='word_1_319' title='bbox 241 2178 372 2200; x_wconf 84' lang='lat' dir='ltr'><strong>terrorem</strong></span> <span class='ocrx_word' id='word_1_320' title='bbox 387 2174 557 2206; x_wconf 85' lang='lat' dir='ltr'><strong>incussuros,</strong></span> <span class='ocrx_word' id='word_1_321' title='bbox 574 2173 706 2208; x_wconf 78' lang='lat' dir='ltr'><strong>rogabant</strong></span> <span class='ocrx_word' id='word_1_322' title='bbox 727 2179 755 2202; x_wconf 93' lang='lat' dir='ltr'><strong>ut</strong></span> <span class='ocrx_word' id='word_1_323' title='bbox 782 2175 902 2210; x_wconf 87' lang='lat' dir='ltr'><strong>synodus</strong></span> <span class='ocrx_word' id='word_1_324' title='bbox 915 2183 1025 2211; x_wconf 76' lang='lat' dir='ltr'><strong>cogere-</strong></span> 
     </span>
    </p>
   </div>
   <div class='ocr_carea' id='block_1_47' title="bbox 1079 255 1873 292">
    <p class='ocr_par' dir='ltr' id='par_1_47' title="bbox 1079 255 1873 292">
     <span class='ocr_line' id='line_1_48' title="bbox 1079 255 1873 292; baseline 0 -10"><span class='ocrx_word' id='word_1_325' title='bbox 1079 256 1112 283; x_wconf 90' lang='grc' dir='ltr'><strong>λα</strong></span> <span class='ocrx_word' id='word_1_326' title='bbox 1116 265 1165 292; x_wconf 84' lang='grc' dir='ltr'><strong>μεν</strong></span> <span class='ocrx_word' id='word_1_327' title='bbox 1173 256 1207 283; x_wconf 89' lang='grc' dir='ltr'><strong>τά</strong></span> <span class='ocrx_word' id='word_1_328' title='bbox 1214 256 1379 292; x_wconf 76' lang='grc' dir='ltr'>ἀντίγραφα,</span> <span class='ocrx_word' id='word_1_329' title='bbox 1387 257 1512 292; x_wconf 78' lang='grc' dir='ltr'><strong>φανερῶς</strong></span> <span class='ocrx_word' id='word_1_330' title='bbox 1526 255 1618 282; x_wconf 80' lang='grc' dir='ltr'>λοιπὸν</span> <span class='ocrx_word' id='word_1_331' title='bbox 1625 255 1688 287; x_wconf 76' lang='grc' dir='ltr'>τοὺς</span> <span class='ocrx_word' id='word_1_332' title='bbox 1698 256 1773 290; x_wconf 83' lang='grc' dir='ltr'><strong>παρά</strong></span> <span class='ocrx_word' id='word_1_333' title='bbox 1781 256 1873 291; x_wconf 78' lang='grc' dir='ltr'>πάσης</span> 
     </span>
    </p>
   </div>
   <div class='ocr_carea' id='block_1_48' title="bbox 1077 300 1870 338">
    <p class='ocr_par' dir='ltr' id='par_1_48' title="bbox 1077 300 1870 338">
     <span class='ocr_line' id='line_1_49' title="bbox 1077 300 1870 338; baseline -0.001 -9"><span class='ocrx_word' id='word_1_334' title='bbox 1077 303 1126 338; x_wconf 82' lang='grc' dir='ltr'>τῆς</span> <span class='ocrx_word' id='word_1_335' title='bbox 1142 302 1289 338; x_wconf 79' lang='grc' dir='ltr'>καθολικῆς</span> <span class='ocrx_word' id='word_1_336' title='bbox 1307 303 1468 337; x_wconf 84' lang='grc' dir='ltr'>Ἐκκλησίας</span> <span class='ocrx_word' id='word_1_337' title='bbox 1483 300 1748 336; x_wconf 82' lang='grc' dir='ltr'>ἀναθεματισθέντας</span> <span class='ocrx_word' id='word_1_338' title='bbox 1767 302 1870 337; x_wconf 80' lang='grc' dir='ltr'>Ἀρειο-</span> 
     </span>
    </p>
   </div>
   <div class='ocr_carea' id='block_1_49' title="bbox 1080 347 1873 384">
    <p class='ocr_par' dir='ltr' id='par_1_49' title="bbox 1080 347 1873 384">
     <span class='ocr_line' id='line_1_50' title="bbox 1080 347 1873 384; baseline -0.001 -10"><span class='ocrx_word' id='word_1_339' title='bbox 1080 349 1193 384; x_wconf 88' lang='grc' dir='ltr'>μανίτας</span> <span class='ocrx_word' id='word_1_340' title='bbox 1207 349 1376 384; x_wconf 69' lang='grc' dir='ltr'><strong>ἐπεγείρουσι</strong></span> <span class='ocrx_word' id='word_1_341' title='bbox 1397 348 1467 375; x_wconf 75' lang='grc' dir='ltr'>κατὰ</span> <span class='ocrx_word' id='word_1_342' title='bbox 1483 348 1531 383; x_wconf 81' lang='grc' dir='ltr'>τῆς</span> <span class='ocrx_word' id='word_1_343' title='bbox 1553 347 1726 382; x_wconf 69' lang='grc' dir='ltr'>Ἐκκλησία-ς,</span> <span class='ocrx_word' id='word_1_344' title='bbox 1750 348 1796 374; x_wconf 72' lang='grc' dir='ltr'>καὶ.</span> <span class='ocrx_word' id='word_1_345' title='bbox 1815 348 1873 374; x_wconf 74' lang='grc' dir='ltr'>ἐπί-</span> 
     </span>
    </p>
   </div>
   <div class='ocr_carea' id='block_1_50' title="bbox 1079 392 1871 430">
    <p class='ocr_par' dir='ltr' id='par_1_50' title="bbox 1079 392 1871 430">
     <span class='ocr_line' id='line_1_51' title="bbox 1079 392 1871 430; baseline -0.003 -10"><span class='ocrx_word' id='word_1_346' title='bbox 1079 403 1180 421; x_wconf 82' lang='grc' dir='ltr'>σκοπον</span> <span class='ocrx_word' id='word_1_347' title='bbox 1197 394 1253 429; x_wconf 67' lang='grc'>(44)</span> <span class='ocrx_word' id='word_1_348' title='bbox 1278 395 1370 427; x_wconf 81' lang='grc' dir='ltr'>αὐτοῖς</span> <span class='ocrx_word' id='word_1_349' title='bbox 1395 394 1574 430; x_wconf 79' lang='grc' dir='ltr'><strong>κατέστησαν,</strong></span> <span class='ocrx_word' id='word_1_350' title='bbox 1593 393 1639 420; x_wconf 77' lang='grc' dir='ltr'>καὶ</span> <span class='ocrx_word' id='word_1_351' title='bbox 1660 394 1720 425; x_wconf 81' lang='grc' dir='ltr'>ταῖς</span> <span class='ocrx_word' id='word_1_352' title='bbox 1747 392 1871 425; x_wconf 80' lang='grc' dir='ltr'><strong>ἀπειλαῖς</strong></span> 
     </span>
    </p>
   </div>
   <div class='ocr_carea' id='block_1_51' title="bbox 1079 438 1871 475">
    <p class='ocr_par' dir='ltr' id='par_1_51' title="bbox 1079 438 1871 475">
     <span class='ocr_line' id='line_1_52' title="bbox 1079 438 1871 475; baseline -0.001 -10"><span class='ocrx_word' id='word_1_353' title='bbox 1079 439 1126 465; x_wconf 75' lang='grc' dir='ltr'>καὶ</span> <span class='ocrx_word' id='word_1_354' title='bbox 1139 441 1195 470; x_wconf 85' lang='grc' dir='ltr'><strong>τοίς</strong></span> <span class='ocrx_word' id='word_1_355' title='bbox 1216 439 1310 474; x_wconf 78' lang='grc' dir='ltr'>φόὸοις</span> <span class='ocrx_word' id='word_1_356' title='bbox 1326 439 1458 475; x_wconf 81' lang='grc' dir='ltr'>διαιροῦσι</span> <span class='ocrx_word' id='word_1_357' title='bbox 1485 439 1535 471; x_wconf 83' lang='grc' dir='ltr'><strong>τὰς</strong></span> <span class='ocrx_word' id='word_1_358' title='bbox 1556 438 1728 474; x_wconf 82' lang='grc' dir='ltr'>Ἔκκλησίας,</span> <span class='ocrx_word' id='word_1_359' title='bbox 1747 439 1790 464; x_wconf 78' lang='grc' dir='ltr'><strong>ἵνα</strong></span> <span class='ocrx_word' id='word_1_360' title='bbox 1804 446 1871 464; x_wconf 84' lang='grc' dir='ltr'>παν-</span> 
     </span>
    </p>
   </div>
   <div class='ocr_carea' id='block_1_52' title="bbox 1078 485 1870 522">
    <p class='ocr_par' dir='ltr' id='par_1_52' title="bbox 1078 485 1870 522">
     <span class='ocr_line' id='line_1_53' title="bbox 1078 485 1870 522; baseline -0.001 -10"><span class='ocrx_word' id='word_1_361' title='bbox 1078 485 1161 520; x_wconf 75' lang='grc' dir='ltr'>ταχοῦ</span> <span class='ocrx_word' id='word_1_362' title='bbox 1179 487 1326 521; x_wconf 84' lang='grc' dir='ltr'>συνεργοὺς</span> <span class='ocrx_word' id='word_1_363' title='bbox 1338 486 1421 522; x_wconf 74' lang='grc' dir='ltr'>ἔχωσι</span> <span class='ocrx_word' id='word_1_364' title='bbox 1433 486 1482 522; x_wconf 83' lang='grc' dir='ltr'>τῆς</span> <span class='ocrx_word' id='word_1_365' title='bbox 1495 486 1622 519; x_wconf 79' lang='grc' dir='ltr'>ἀσεϐείας</span> <span class='ocrx_word' id='word_1_366' title='bbox 1636 486 1735 514; x_wconf 78' lang='grc' dir='ltr'>αὐτῶν.</span> <span class='ocrx_word' id='word_1_367' title='bbox 1752 485 1806 511; x_wconf 78' lang='grc' dir='ltr'><strong>Καὶ</strong></span> <span class='ocrx_word' id='word_1_368' title='bbox 1816 485 1870 521; x_wconf 83' lang='grc' dir='ltr'><strong>γὰρ</strong></span> 
     </span>
    </p>
   </div>
   <div class='ocr_carea' id='block_1_53' title="bbox 1080 531 1869 568">
    <p class='ocr_par' dir='ltr' id='par_1_53' title="bbox 1080 531 1869 568">
     <span class='ocr_line' id='line_1_54' title="bbox 1080 531 1869 568; baseline 0 -10"><span class='ocrx_word' id='word_1_369' title='bbox 1080 533 1126 558; x_wconf 74' lang='grc' dir='ltr'>καὶ</span> <span class='ocrx_word' id='word_1_370' title='bbox 1142 532 1282 564; x_wconf 72' lang='grc' dir='ltr'>διακόνους</span> <span class='ocrx_word' id='word_1_371' title='bbox 1301 531 1369 567; x_wconf 75' lang='grc' dir='ltr'>πρὸς</span> <span class='ocrx_word' id='word_1_372' title='bbox 1389 533 1453 564; x_wconf 77' lang='grc' dir='ltr'>τοὺς</span> <span class='ocrx_word' id='word_1_373' title='bbox 1470 533 1676 568; x_wconf 79' lang='grc' dir='ltr'>’Δρειομανίτας</span> <span class='ocrx_word' id='word_1_374' title='bbox 1690 532 1869 560; x_wconf 77' lang='grc' dir='ltr'>ἀποστέλλου-</span> 
     </span>
    </p>
   </div>
   <div class='ocr_carea' id='block_1_54' title="bbox 1080 577 1870 614">
    <p class='ocr_par' dir='ltr' id='par_1_54' title="bbox 1080 577 1870 614">
     <span class='ocr_line' id='line_1_55' title="bbox 1080 577 1870 614; baseline 0 -11"><span class='ocrx_word' id='word_1_375' title='bbox 1080 585 1132 610; x_wconf 86' lang='grc' dir='ltr'>σιν,</span> <span class='ocrx_word' id='word_1_376' title='bbox 1149 577 1173 604; x_wconf 82' lang='grc' dir='ltr'><strong>οἰ</strong></span> <span class='ocrx_word' id='word_1_377' title='bbox 1190 577 1315 613; x_wconf 81' lang='grc' dir='ltr'>φανερῶς</span> <span class='ocrx_word' id='word_1_378' title='bbox 1328 578 1487 612; x_wconf 84' lang='grc' dir='ltr'>συνάγονται</span> <span class='ocrx_word' id='word_1_379' title='bbox 1502 579 1567 614; x_wconf 70' lang='grc' dir='ltr'>παρ’</span> <span class='ocrx_word' id='word_1_380' title='bbox 1578 579 1670 610; x_wconf 85' lang='grc' dir='ltr'>αὐτοῖς</span> <span class='ocrx_word' id='word_1_381' title='bbox 1687 578 1734 604; x_wconf 75' lang='grc' dir='ltr'>καὶ</span> <span class='ocrx_word' id='word_1_382' title='bbox 1751 577 1870 613; x_wconf 76' lang='grc' dir='ltr'>γράφου-</span> 
     </span>
    </p>
   </div>
   <div class='ocr_carea' id='block_1_55' title="bbox 1080 623 1869 660">
    <p class='ocr_par' dir='ltr' id='par_1_55' title="bbox 1080 623 1869 660">
     <span class='ocr_line' id='line_1_56' title="bbox 1080 623 1869 660; baseline -0.001 -10"><span class='ocrx_word' id='word_1_383' title='bbox 1080 632 1122 650; x_wconf 87' lang='grc' dir='ltr'><strong>σιν</strong></span> <span class='ocrx_word' id='word_1_384' title='bbox 1138 624 1241 656; x_wconf 80' lang='grc' dir='ltr'>αύτοτς,</span> <span class='ocrx_word' id='word_1_385' title='bbox 1264 624 1311 650; x_wconf 77' lang='grc' dir='ltr'>καὶ</span> <span class='ocrx_word' id='word_1_386' title='bbox 1333 623 1487 660; x_wconf 84' lang='grc' dir='ltr'>ἀντίγραφα</span> <span class='ocrx_word' id='word_1_387' title='bbox 1502 625 1567 660; x_wconf 77' lang='grc' dir='ltr'>παρ’</span> <span class='ocrx_word' id='word_1_388' title='bbox 1586 624 1676 652; x_wconf 80' lang='grc' dir='ltr'>αὐτῶν</span> <span class='ocrx_word' id='word_1_389' title='bbox 1700 624 1869 659; x_wconf 80' lang='grc' dir='ltr'>κομίζονται,</span> 
     </span>
    </p>
   </div>
   <div class='ocr_carea' id='block_1_56' title="bbox 1079 667 1871 704">
    <p class='ocr_par' dir='ltr' id='par_1_56' title="bbox 1079 667 1871 704">
     <span class='ocr_line' id='line_1_57' title="bbox 1079 667 1871 704; baseline 0.003 -11"><span class='ocrx_word' id='word_1_390' title='bbox 1079 667 1129 702; x_wconf 82' lang='grc' dir='ltr'><strong>τὴν</strong></span> <span class='ocrx_word' id='word_1_391' title='bbox 1160 667 1323 702; x_wconf 79' lang='grc' dir='ltr'><strong>Ἐκκλησίαν</strong></span> <span class='ocrx_word' id='word_1_392' title='bbox 1353 668 1579 704; x_wconf 77' lang='grc' dir='ltr'>κατασχίζοντες,</span> <span class='ocrx_word' id='word_1_393' title='bbox 1607 670 1655 695; x_wconf 72' lang='grc' dir='ltr'>καὶ</span> <span class='ocrx_word' id='word_1_394' title='bbox 1680 669 1871 700; x_wconf 72' lang='grc' dir='ltr'><strong>κοινωνοῦντες</strong></span> 
     </span>
    </p>
   </div>
   <div class='ocr_carea' id='block_1_57' title="bbox 1079 713 1870 750">
    <p class='ocr_par' dir='ltr' id='par_1_57' title="bbox 1079 713 1870 750">
     <span class='ocr_line' id='line_1_58' title="bbox 1079 713 1870 750; baseline 0.003 -12"><span class='ocrx_word' id='word_1_395' title='bbox 1079 713 1180 745; x_wconf 77' lang='grc' dir='ltr'>αὐτοῖς,</span> <span class='ocrx_word' id='word_1_396' title='bbox 1199 714 1246 740; x_wconf 78' lang='grc' dir='ltr'>καὶ</span> <span class='ocrx_word' id='word_1_397' title='bbox 1261 713 1412 749; x_wconf 81' lang='grc' dir='ltr'>γράμματα</span> <span class='ocrx_word' id='word_1_398' title='bbox 1429 713 1638 747; x_wconf 74' lang='grc' dir='ltr'><strong>ἀποστέλλοντες</strong></span> <span class='ocrx_word' id='word_1_399' title='bbox 1654 714 1789 750; x_wconf 85' lang='grc' dir='ltr'>πανταχοῦ</span> <span class='ocrx_word' id='word_1_400' title='bbox 1801 735 1807 746; x_wconf 88' lang='grc'><strong>,</strong></span> <span class='ocrx_word' id='word_1_401' title='bbox 1820 715 1870 749; x_wconf 75' lang='grc' dir='ltr'>τὴν</span> 
     </span>
    </p>
   </div>
   <div class='ocr_carea' id='block_1_58' title="bbox 1079 759 1870 796">
    <p class='ocr_par' dir='ltr' id='par_1_58' title="bbox 1079 759 1870 796">
     <span class='ocr_line' id='line_1_59' title="bbox 1079 759 1870 796; baseline 0.001 -11"><span class='ocrx_word' id='word_1_402' title='bbox 1079 759 1185 793; x_wconf 75' lang='grc' dir='ltr'>αἵρεσιν</span> <span class='ocrx_word' id='word_1_403' title='bbox 1211 759 1301 786; x_wconf 82' lang='grc' dir='ltr'>αὐτῶν</span> <span class='ocrx_word' id='word_1_404' title='bbox 1329 760 1514 792; x_wconf 84' lang='grc' dir='ltr'>συνιστῶντα,</span> <span class='ocrx_word' id='word_1_405' title='bbox 1547 761 1594 787; x_wconf 79' lang='grc' dir='ltr'>καὶ</span> <span class='ocrx_word' id='word_1_406' title='bbox 1623 761 1672 796; x_wconf 78' lang='grc' dir='ltr'>τὴν</span> <span class='ocrx_word' id='word_1_407' title='bbox 1709 761 1870 795; x_wconf 74' lang='grc' dir='ltr'>Ἐκκλησίαν</span> 
     </span>
    </p>
   </div>
   <div class='ocr_carea' id='block_1_59' title="bbox 1080 803 1872 842">
    <p class='ocr_par' dir='ltr' id='par_1_59' title="bbox 1080 803 1872 842">
     <span class='ocr_line' id='line_1_60' title="bbox 1080 803 1872 842; baseline 0.003 -11"><span class='ocrx_word' id='word_1_408' title='bbox 1080 805 1314 841; x_wconf 75' lang='grc' dir='ltr'>ἀποκηρύττοντα,</span> <span class='ocrx_word' id='word_1_409' title='bbox 1329 805 1366 837; x_wconf 82' lang='grc' dir='ltr'>ὡς</span> <span class='ocrx_word' id='word_1_410' title='bbox 1390 805 1537 842; x_wconf 83' lang='grc' dir='ltr'>δυνήσεσθε</span> <span class='ocrx_word' id='word_1_411' title='bbox 1565 806 1670 842; x_wconf 86' lang='grc' dir='ltr'>μαθεῖν,</span> <span class='ocrx_word' id='word_1_412' title='bbox 1684 807 1730 841; x_wconf 76' lang='grc' dir='ltr'>ἀφ’</span> <span class='ocrx_word' id='word_1_413' title='bbox 1741 803 1779 834; x_wconf 83' lang='grc' dir='ltr'>ὦν</span> <span class='ocrx_word' id='word_1_414' title='bbox 1794 807 1872 833; x_wconf 76' lang='grc' dir='ltr'>αὐτοὶ</span> 
     </span>
    </p>
   </div>
   <div class='ocr_carea' id='block_1_60' title="bbox 1079 851 1872 888">
    <p class='ocr_par' dir='ltr' id='par_1_60' title="bbox 1079 851 1872 888">
     <span class='ocr_line' id='line_1_61' title="bbox 1079 851 1872 888; baseline 0.003 -12"><span class='ocrx_word' id='word_1_415' title='bbox 1079 851 1119 886; x_wconf 84' lang='grc' dir='ltr'>τῷ</span> <span class='ocrx_word' id='word_1_416' title='bbox 1141 852 1282 886; x_wconf 84' lang='grc' dir='ltr'>Ῥωμαίων</span> <span class='ocrx_word' id='word_1_417' title='bbox 1309 852 1450 887; x_wconf 76' lang='grc' dir='ltr'>ἑπισκόπῳ</span> <span class='ocrx_word' id='word_1_418' title='bbox 1473 852 1540 887; x_wconf 72' lang='grc'><strong>(45),</strong></span> <span class='ocrx_word' id='word_1_419' title='bbox 1565 853 1611 879; x_wconf 69' lang='grc' dir='ltr'>καὶ</span> <span class='ocrx_word' id='word_1_420' title='bbox 1633 853 1705 888; x_wconf 86' lang='grc' dir='ltr'>τάχα</span> <span class='ocrx_word' id='word_1_421' title='bbox 1732 853 1778 880; x_wconf 74' lang='grc' dir='ltr'>καὶ</span> <span class='ocrx_word' id='word_1_422' title='bbox 1802 853 1872 888; x_wconf 74' lang='grc' dir='ltr'>πρὸς</span> 
     </span>
    </p>
   </div>
   <div class='ocr_carea' id='block_1_61' title="bbox 1080 894 1869 933">
    <p class='ocr_par' dir='ltr' id='par_1_61' title="bbox 1080 894 1869 933">
     <span class='ocr_line' id='line_1_62' title="bbox 1080 894 1869 933; baseline -0.001 -10"><span class='ocrx_word' id='word_1_423' title='bbox 1080 897 1151 931; x_wconf 75' lang='grc' dir='ltr'>ὑμᾶς</span> <span class='ocrx_word' id='word_1_424' title='bbox 1164 896 1294 932; x_wconf 70' lang='grc' dir='ltr'>ἔγραψαν.</span> <span class='ocrx_word' id='word_1_425' title='bbox 1318 896 1361 928; x_wconf 84' lang='grc' dir='ltr'>Ὠς</span> <span class='ocrx_word' id='word_1_426' title='bbox 1376 894 1422 923; x_wconf 80' lang='grc' dir='ltr'>οὖν</span> <span class='ocrx_word' id='word_1_427' title='bbox 1447 897 1496 923; x_wconf 87' lang='grc' dir='ltr'>οὐκ</span> <span class='ocrx_word' id='word_1_428' title='bbox 1514 897 1676 933; x_wconf 82' lang='grc' dir='ltr'>ἀνεκδίκητα</span> <span class='ocrx_word' id='word_1_429' title='bbox 1696 896 1782 923; x_wconf 81' lang='grc' dir='ltr'>ταῦτά</span> <span class='ocrx_word' id='word_1_430' title='bbox 1800 897 1869 928; x_wconf 84' lang='grc' dir='ltr'>ὲστι,</span> 
     </span>
    </p>
   </div>
   <div class='ocr_carea' id='block_1_62' title="bbox 1079 939 1868 976">
    <p class='ocr_par' dir='ltr' id='par_1_62' title="bbox 1079 939 1868 976">
     <span class='ocr_line' id='line_1_63' title="bbox 1079 939 1868 976; baseline -0.003 -9"><span class='ocrx_word' id='word_1_431' title='bbox 1079 942 1208 976; x_wconf 71' lang='lat' dir='ltr'><strong>owede</strong></span> <span class='ocrx_word' id='word_1_432' title='bbox 1225 941 1272 968; x_wconf 78' lang='grc' dir='ltr'>καὶ</span> <span class='ocrx_word' id='word_1_433' title='bbox 1284 941 1373 976; x_wconf 77' lang='grc' dir='ltr'>ὑμεῖς,</span> <span class='ocrx_word' id='word_1_434' title='bbox 1387 941 1535 976; x_wconf 84' lang='grc' dir='ltr'>ἀγαπητοί.</span> <span class='ocrx_word' id='word_1_435' title='bbox 1559 941 1639 967; x_wconf 90' lang='grc' dir='ltr'>Δεινά</span> <span class='ocrx_word' id='word_1_436' title='bbox 1662 940 1716 976; x_wconf 85' lang='grc' dir='ltr'><strong>γὰρ</strong></span> <span class='ocrx_word' id='word_1_437' title='bbox 1732 940 1778 966; x_wconf 77' lang='grc' dir='ltr'>καὶ</span> <span class='ocrx_word' id='word_1_438' title='bbox 1790 939 1868 966; x_wconf 82' lang='grc' dir='ltr'>ἀλλὸ-</span> 
     </span>
    </p>
   </div>
   <div class='ocr_carea' id='block_1_63' title="bbox 1077 985 1868 1023">
    <p class='ocr_par' dir='ltr' id='par_1_63' title="bbox 1077 985 1868 1023">
     <span class='ocr_line' id='line_1_64' title="bbox 1077 985 1868 1023; baseline -0.001 -10"><span class='ocrx_word' id='word_1_439' title='bbox 1077 995 1140 1022; x_wconf 87' lang='grc' dir='ltr'>τρια</span> <span class='ocrx_word' id='word_1_440' title='bbox 1160 987 1209 1022; x_wconf 86' lang='grc' dir='ltr'>τῆς</span> <span class='ocrx_word' id='word_1_441' title='bbox 1233 986 1305 1014; x_wconf 82' lang='grc' dir='ltr'>κατὰ</span> <span class='ocrx_word' id='word_1_442' title='bbox 1329 986 1446 1023; x_wconf 79' lang='grc' dir='ltr'>Χριστὸν</span> <span class='ocrx_word' id='word_1_443' title='bbox 1472 985 1645 1018; x_wconf 71' lang='grc' dir='ltr'>διδασκαλίας</span> <span class='ocrx_word' id='word_1_444' title='bbox 1669 986 1738 1013; x_wconf 83' lang='grc' dir='ltr'>ὲστί.</span> <span class='ocrx_word' id='word_1_445' title='bbox 1766 985 1868 1012; x_wconf 80' lang='grc' dir='ltr'>Τούτου</span> 
     </span>
    </p>
   </div>
   <div class='ocr_carea' id='block_1_64' title="bbox 1078 1031 1867 1068">
    <p class='ocr_par' dir='ltr' id='par_1_64' title="bbox 1078 1031 1867 1068">
     <span class='ocr_line' id='line_1_65' title="bbox 1078 1031 1867 1068; baseline -0.003 -8"><span class='ocrx_word' id='word_1_446' title='bbox 1078 1032 1144 1067; x_wconf 82' lang='grc' dir='ltr'>γοῦν</span> <span class='ocrx_word' id='word_1_447' title='bbox 1171 1033 1265 1060; x_wconf 69' lang='grc' dir='ltr'>ἕνεκεν</span> <span class='ocrx_word' id='word_1_448' title='bbox 1293 1034 1370 1068; x_wconf 76' lang='grc' dir='ltr'>κοινῇ</span> <span class='ocrx_word' id='word_1_449' title='bbox 1401 1031 1572 1064; x_wconf 81' lang='grc' dir='ltr'>συνελθόντες</span> <span class='ocrx_word' id='word_1_450' title='bbox 1602 1031 1764 1068; x_wconf 77' lang='grc' dir='ltr'>ἐγράψαμεν</span> <span class='ocrx_word' id='word_1_451' title='bbox 1791 1033 1867 1067; x_wconf 85' lang='grc' dir='ltr'>ὑμῖν,</span> 
     </span>
    </p>
   </div>
   <div class='ocr_carea' id='block_1_65' title="bbox 1078 1077 1868 1115">
    <p class='ocr_par' dir='ltr' id='par_1_65' title="bbox 1078 1077 1868 1115">
     <span class='ocr_line' id='line_1_66' title="bbox 1078 1077 1868 1115; baseline 0 -10"><span class='ocrx_word' id='word_1_452' title='bbox 1078 1077 1215 1110; x_wconf 76' lang='grc' dir='ltr'>ἀξιοῦντες</span> <span class='ocrx_word' id='word_1_453' title='bbox 1238 1078 1315 1114; x_wconf 67' lang='grc' dir='ltr'>ὑμῶν</span> <span class='ocrx_word' id='word_1_454' title='bbox 1331 1079 1382 1113; x_wconf 84' lang='grc' dir='ltr'>τὴν</span> <span class='ocrx_word' id='word_1_455' title='bbox 1400 1079 1430 1105; x_wconf 83' lang='grc' dir='ltr'>ὲν</span> <span class='ocrx_word' id='word_1_456' title='bbox 1443 1078 1553 1115; x_wconf 83' lang='grc' dir='ltr'>Χριστῷ</span> <span class='ocrx_word' id='word_1_457' title='bbox 1570 1077 1674 1105; x_wconf 86' lang='grc' dir='ltr'>σύνεσιν</span> <span class='ocrx_word' id='word_1_458' title='bbox 1688 1078 1868 1111; x_wconf 80' lang='grc' dir='ltr'>ἀποδέξασθαι</span> 
     </span>
    </p>
   </div>
   <div class='ocr_carea' id='block_1_66' title="bbox 1079 1124 1871 1160">
    <p class='ocr_par' dir='ltr' id='par_1_66' title="bbox 1079 1124 1871 1160">
     <span class='ocr_line' id='line_1_67' title="bbox 1079 1124 1871 1160; baseline 0.001 -10"><span class='ocrx_word' id='word_1_459' title='bbox 1079 1125 1128 1160; x_wconf 82' lang='grc' dir='ltr'>μὲν</span> <span class='ocrx_word' id='word_1_460' title='bbox 1146 1124 1195 1159; x_wconf 84' lang='grc' dir='ltr'>τὴν</span> <span class='ocrx_word' id='word_1_461' title='bbox 1209 1124 1353 1159; x_wconf 80' lang='grc' dir='ltr'>ὁμολογίαν</span> <span class='ocrx_word' id='word_1_462' title='bbox 1373 1124 1488 1160; x_wconf 88' lang='grc' dir='ltr'>ταύτην,</span> <span class='ocrx_word' id='word_1_463' title='bbox 1506 1125 1553 1152; x_wconf 76' lang='grc' dir='ltr'>καὶ</span> <span class='ocrx_word' id='word_1_464' title='bbox 1570 1125 1737 1160; x_wconf 82' lang='grc' dir='ltr'>συναλγῆσαι</span> <span class='ocrx_word' id='word_1_465' title='bbox 1751 1124 1790 1160; x_wconf 80' lang='grc' dir='ltr'>τῷ</span> <span class='ocrx_word' id='word_1_466' title='bbox 1807 1133 1871 1151; x_wconf 87' lang='grc' dir='ltr'>συν-</span> 
     </span>
    </p>
   </div>
   <div class='ocr_carea' id='block_1_67' title="bbox 1078 1170 1870 1206">
    <p class='ocr_par' dir='ltr' id='par_1_67' title="bbox 1078 1170 1870 1206">
     <span class='ocr_line' id='line_1_68' title="bbox 1078 1170 1870 1206; baseline 0.001 -10"><span class='ocrx_word' id='word_1_467' title='bbox 1078 1171 1221 1206; x_wconf 78' lang='grc' dir='ltr'>επισκόπῳ</span> <span class='ocrx_word' id='word_1_468' title='bbox 1254 1171 1333 1206; x_wconf 85' lang='grc' dir='ltr'>ἡμῶν</span> <span class='ocrx_word' id='word_1_469' title='bbox 1353 1170 1516 1206; x_wconf 83' lang='grc' dir='ltr'>Ἀθαναοίῳ,</span> <span class='ocrx_word' id='word_1_470' title='bbox 1538 1170 1727 1206; x_wconf 68' lang='grc' dir='ltr'>ἀγανακτῆσαι</span> <span class='ocrx_word' id='word_1_471' title='bbox 1752 1171 1781 1197; x_wconf 75' lang='grc' dir='ltr'>δὲ</span> <span class='ocrx_word' id='word_1_472' title='bbox 1800 1170 1870 1197; x_wconf 83' lang='grc' dir='ltr'><strong>κατά</strong></span> 
     </span>
    </p>
   </div>
   <div class='ocr_carea' id='block_1_68' title="bbox 1077 1215 1868 1252">
    <p class='ocr_par' dir='ltr' id='par_1_68' title="bbox 1077 1215 1868 1252">
     <span class='ocr_line' id='line_1_69' title="bbox 1077 1215 1868 1252; baseline -0.001 -9"><span class='ocrx_word' id='word_1_473' title='bbox 1077 1217 1130 1243; x_wconf 84' lang='grc' dir='ltr'><strong>τῶν</strong></span> <span class='ocrx_word' id='word_1_474' title='bbox 1147 1216 1211 1252; x_wconf 76' lang='grc' dir='ltr'>περὶ</span> <span class='ocrx_word' id='word_1_475' title='bbox 1228 1216 1367 1248; x_wconf 69' lang='grc' dir='ltr'>Εὐσέϐιον,</span> <span class='ocrx_word' id='word_1_476' title='bbox 1389 1216 1444 1244; x_wconf 87' lang='grc' dir='ltr'><strong>τῶν</strong></span> <span class='ocrx_word' id='word_1_477' title='bbox 1464 1216 1499 1243; x_wconf 75' lang='grc' dir='ltr'><strong>τὰ</strong></span> <span class='ocrx_word' id='word_1_478' title='bbox 1514 1215 1625 1242; x_wconf 75' lang='grc' dir='ltr'>τοιαῦτα</span> <span class='ocrx_word' id='word_1_479' title='bbox 1648 1215 1868 1251; x_wconf 76' lang='grc' dir='ltr'>ἐπιχειρούντων,</span> 
     </span>
    </p>
   </div>
   <div class='ocr_carea' id='block_1_69' title="bbox 1078 1260 1869 1299">
    <p class='ocr_par' dir='ltr' id='par_1_69' title="bbox 1078 1260 1869 1299">
     <span class='ocr_line' id='line_1_70' title="bbox 1078 1260 1869 1299; baseline -0.003 -10"><span class='ocrx_word' id='word_1_480' title='bbox 1078 1263 1147 1299; x_wconf 78' lang='grc' dir='ltr'>πρὸς</span> <span class='ocrx_word' id='word_1_481' title='bbox 1159 1263 1189 1289; x_wconf 81' lang='grc' dir='ltr'>τὸ</span> <span class='ocrx_word' id='word_1_482' title='bbox 1204 1263 1302 1298; x_wconf 82' lang='grc' dir='ltr'>μηκέτι</span> <span class='ocrx_word' id='word_1_483' title='bbox 1324 1262 1452 1298; x_wconf 83' lang='grc' dir='ltr'>τοιαύτην</span> <span class='ocrx_word' id='word_1_484' title='bbox 1468 1262 1567 1290; x_wconf 81' lang='grc' dir='ltr'>κακίαν</span> <span class='ocrx_word' id='word_1_485' title='bbox 1583 1261 1629 1289; x_wconf 71' lang='grc' dir='ltr'>καὶ</span> <span class='ocrx_word' id='word_1_486' title='bbox 1646 1262 1778 1297; x_wconf 80' lang='grc' dir='ltr'>πονηρίαν</span> <span class='ocrx_word' id='word_1_487' title='bbox 1797 1260 1869 1288; x_wconf 77' lang='grc' dir='ltr'>κατὰ</span> 
     </span>
    </p>
   </div>
   <div class='ocr_carea' id='block_1_70' title="bbox 1076 1307 1868 1347">
    <p class='ocr_par' dir='ltr' id='par_1_70' title="bbox 1076 1307 1868 1347">
     <span class='ocr_line' id='line_1_71' title="bbox 1076 1307 1868 1347; baseline -0.006 -9"><span class='ocrx_word' id='word_1_488' title='bbox 1076 1312 1126 1347; x_wconf 82' lang='grc' dir='ltr'>τῆς</span> <span class='ocrx_word' id='word_1_489' title='bbox 1145 1310 1309 1346; x_wconf 85' lang='grc' dir='ltr'>Ἑκκλησίας</span> <span class='ocrx_word' id='word_1_490' title='bbox 1334 1309 1452 1345; x_wconf 82' lang='grc' dir='ltr'>ἰσχύειν·</span> <span class='ocrx_word' id='word_1_491' title='bbox 1486 1309 1558 1344; x_wconf 74' lang='grc' dir='ltr'>ὑμᾶς</span> <span class='ocrx_word' id='word_1_492' title='bbox 1575 1308 1629 1344; x_wconf 80' lang='grc' dir='ltr'><strong>γὰρ</strong></span> <span class='ocrx_word' id='word_1_493' title='bbox 1653 1308 1776 1340; x_wconf 73' lang='grc' dir='ltr'><strong>ἐκδίκους</strong></span> <span class='ocrx_word' id='word_1_494' title='bbox 1798 1307 1868 1334; x_wconf 85' lang='grc' dir='ltr'><strong>κατά</strong></span> 
     </span>
    </p>
   </div>
   <div class='ocr_carea' id='block_1_71' title="bbox 1076 1353 1867 1392">
    <p class='ocr_par' dir='ltr' id='par_1_71' title="bbox 1076 1353 1867 1392">
     <span class='ocr_line' id='line_1_72' title="bbox 1076 1353 1867 1392; baseline -0.005 -10"><span class='ocrx_word' id='word_1_495' title='bbox 1076 1357 1126 1392; x_wconf 85' lang='grc' dir='ltr'><strong>τῆς</strong></span> <span class='ocrx_word' id='word_1_496' title='bbox 1139 1355 1267 1391; x_wconf 84' lang='grc' dir='ltr'>τοιαύτης</span> <span class='ocrx_word' id='word_1_497' title='bbox 1282 1355 1391 1387; x_wconf 84' lang='grc' dir='ltr'>ἀδικίας</span> <span class='ocrx_word' id='word_1_498' title='bbox 1413 1353 1626 1389; x_wconf 71' lang='grc' dir='ltr'>ἑπικαλούμεθα,</span> <span class='ocrx_word' id='word_1_499' title='bbox 1645 1353 1867 1388; x_wconf 77' lang='grc' dir='ltr'>ὑπομιμνήσκον-</span> 
     </span>
    </p>
   </div>
   <div class='ocr_carea' id='block_1_72' title="bbox 1077 1398 1867 1434">
    <p class='ocr_par' dir='ltr' id='par_1_72' title="bbox 1077 1398 1867 1434">
     <span class='ocr_line' id='line_1_73' title="bbox 1077 1398 1867 1434; baseline -0.005 -6"><span class='ocrx_word' id='word_1_500' title='bbox 1077 1411 1122 1434; x_wconf 79' lang='grc' dir='ltr'><strong>τες</strong></span> <span class='ocrx_word' id='word_1_501' title='bbox 1146 1401 1177 1428; x_wconf 83' lang='grc' dir='ltr'><strong>τὺ</strong></span> <span class='ocrx_word' id='word_1_502' title='bbox 1206 1401 1397 1428; x_wconf 75' lang='grc' dir='ltr'>ἀποστολικόν·</span> <span class='ocrx_word' id='word_1_503' title='bbox 1437 1400 1577 1434; x_wconf 82' lang='grc' dir='ltr'>Ὲξάρατε</span> <span class='ocrx_word' id='word_1_504' title='bbox 1598 1399 1653 1427; x_wconf 78' lang='grc' dir='ltr'><strong>τὸν</strong></span> <span class='ocrx_word' id='word_1_505' title='bbox 1678 1398 1814 1433; x_wconf 79' lang='grc' dir='ltr'>πονηρὸν</span> <span class='ocrx_word' id='word_1_506' title='bbox 1832 1398 1867 1430; x_wconf 81' lang='grc' dir='ltr'><strong>ἐξ</strong></span> 
     </span>
    </p>
   </div>
   <div class='ocr_carea' id='block_1_73' title="bbox 1078 1443 1867 1482">
    <p class='ocr_par' dir='ltr' id='par_1_73' title="bbox 1078 1443 1867 1482">
     <span class='ocr_line' id='line_1_74' title="bbox 1078 1443 1867 1482; baseline -0.004 -9"><span class='ocrx_word' id='word_1_507' title='bbox 1078 1446 1162 1482; x_wconf 76' lang='grc' dir='ltr'><strong>ὑμῶν</strong></span> <span class='ocrx_word' id='word_1_508' title='bbox 1176 1446 1294 1473; x_wconf 81' lang='grc' dir='ltr'>αὐτῶν.</span> <span class='ocrx_word' id='word_1_509' title='bbox 1319 1446 1428 1482; x_wconf 85' lang='grc' dir='ltr'>Πονηρά</span> <span class='ocrx_word' id='word_1_510' title='bbox 1446 1445 1501 1481; x_wconf 80' lang='grc' dir='ltr'><strong>γὰρ</strong></span> <span class='ocrx_word' id='word_1_511' title='bbox 1527 1445 1635 1481; x_wconf 84' lang='grc' dir='ltr'>ἀληθῶς</span> <span class='ocrx_word' id='word_1_512' title='bbox 1653 1444 1701 1471; x_wconf 78' lang='grc' dir='ltr'>καὶ</span> <span class='ocrx_word' id='word_1_513' title='bbox 1730 1444 1780 1471; x_wconf 83' lang='grc' dir='ltr'>οὐκ</span> <span class='ocrx_word' id='word_1_514' title='bbox 1805 1443 1867 1477; x_wconf 77' lang='grc' dir='ltr'>ἄξια</span> 
     </span>
    </p>
   </div>
   <div class='ocr_carea' id='block_1_74' title="bbox 1077 1489 1866 1527">
    <p class='ocr_par' dir='ltr' id='par_1_74' title="bbox 1077 1489 1866 1527">
     <span class='ocr_line' id='line_1_75' title="bbox 1077 1489 1866 1527; baseline -0.004 -8"><span class='ocrx_word' id='word_1_515' title='bbox 1077 1492 1218 1524; x_wconf 79' lang='grc' dir='ltr'>κοινωνίας</span> <span class='ocrx_word' id='word_1_516' title='bbox 1235 1492 1268 1519; x_wconf 81' lang='grc' dir='ltr'>τὰ</span> <span class='ocrx_word' id='word_1_517' title='bbox 1287 1492 1351 1527; x_wconf 82' lang='grc' dir='ltr'>παρ’</span> <span class='ocrx_word' id='word_1_518' title='bbox 1366 1490 1454 1518; x_wconf 82' lang='grc' dir='ltr'>αὐτῶν</span> <span class='ocrx_word' id='word_1_519' title='bbox 1477 1490 1662 1526; x_wconf 74' lang='grc' dir='ltr'>παραχθέντα.</span> <span class='ocrx_word' id='word_1_520' title='bbox 1690 1489 1793 1517; x_wconf 84' lang='grc' dir='ltr'>Ούκοῦν</span> <span class='ocrx_word' id='word_1_521' title='bbox 1813 1498 1866 1525; x_wconf 84' lang='grc' dir='ltr'>μη-</span> 
     </span>
    </p>
   </div>
   <div class='ocr_carea' id='block_1_75' title="bbox 1078 1535 1868 1574">
    <p class='ocr_par' dir='ltr' id='par_1_75' title="bbox 1078 1535 1868 1574">
     <span class='ocr_line' id='line_1_76' title="bbox 1078 1535 1868 1574; baseline -0.004 -9"><span class='ocrx_word' id='word_1_522' title='bbox 1078 1538 1136 1565; x_wconf 82' lang='grc' dir='ltr'>κέτι</span> <span class='ocrx_word' id='word_1_523' title='bbox 1150 1538 1307 1574; x_wconf 79' lang='grc' dir='ltr'>προσέχετε,</span> <span class='ocrx_word' id='word_1_524' title='bbox 1328 1537 1380 1565; x_wconf 74' lang='grc' dir='ltr'>κᾶν</span> <span class='ocrx_word' id='word_1_525' title='bbox 1399 1537 1480 1564; x_wconf 81' lang='grc' dir='ltr'>πάλιν</span> <span class='ocrx_word' id='word_1_526' title='bbox 1494 1537 1558 1573; x_wconf 81' lang='grc' dir='ltr'>ὑμῖν</span> <span class='ocrx_word' id='word_1_527' title='bbox 1577 1536 1703 1573; x_wconf 82' lang='grc' dir='ltr'>γράφωσι</span> <span class='ocrx_word' id='word_1_528' title='bbox 1722 1535 1791 1563; x_wconf 86' lang='grc' dir='ltr'><strong>κατά</strong></span> <span class='ocrx_word' id='word_1_529' title='bbox 1820 1535 1868 1562; x_wconf 76' lang='grc' dir='ltr'>τοῦ</span> 
     </span>
    </p>
   </div>
   <div class='ocr_carea' id='block_1_76' title="bbox 1077 1581 1867 1618">
    <p class='ocr_par' dir='ltr' id='par_1_76' title="bbox 1077 1581 1867 1618">
     <span class='ocr_line' id='line_1_77' title="bbox 1077 1581 1867 1618; baseline -0.004 -8"><span class='ocrx_word' id='word_1_530' title='bbox 1077 1584 1228 1611; x_wconf 77' lang='grc' dir='ltr'>ἐπισκόπου</span> <span class='ocrx_word' id='word_1_531' title='bbox 1250 1583 1409 1611; x_wconf 76' lang='grc' dir='ltr'>Ἀθανασίου</span> <span class='ocrx_word' id='word_1_532' title='bbox 1422 1591 1429 1598; x_wconf 90' lang='grc'><strong>·</strong></span> <span class='ocrx_word' id='word_1_533' title='bbox 1448 1582 1548 1618; x_wconf 82' lang='grc' dir='ltr'>(πάντα</span> <span class='ocrx_word' id='word_1_534' title='bbox 1566 1582 1622 1618; x_wconf 80' lang='grc' dir='ltr'><strong>γὰρ</strong></span> <span class='ocrx_word' id='word_1_535' title='bbox 1642 1581 1728 1617; x_wconf 80' lang='grc' dir='ltr'>ψευδῆ</span> <span class='ocrx_word' id='word_1_536' title='bbox 1750 1581 1785 1608; x_wconf 88' lang='grc' dir='ltr'><strong>τά</strong></span> <span class='ocrx_word' id='word_1_537' title='bbox 1802 1582 1867 1616; x_wconf 78' lang='grc' dir='ltr'>παρ’</span> 
     </span>
    </p>
   </div>
   <div class='ocr_carea' id='block_1_77' title="bbox 1076 1627 1868 1665">
    <p class='ocr_par' dir='ltr' id='par_1_77' title="bbox 1076 1627 1868 1665">
     <span class='ocr_line' id='line_1_78' title="bbox 1076 1627 1868 1665; baseline -0.005 -8"><span class='ocrx_word' id='word_1_538' title='bbox 1076 1630 1192 1664; x_wconf 61' lang='grc' dir='ltr'>αὐτῶν)</span> <span class='ocrx_word' id='word_1_539' title='bbox 1217 1630 1279 1665; x_wconf 82' lang='grc' dir='ltr'>μηδ’</span> <span class='ocrx_word' id='word_1_540' title='bbox 1293 1630 1326 1657; x_wconf 83' lang='grc' dir='ltr'>ἂν</span> <span class='ocrx_word' id='word_1_541' title='bbox 1346 1629 1465 1665; x_wconf 81' lang='grc' dir='ltr'>ὀνόματα</span> <span class='ocrx_word' id='word_1_542' title='bbox 1487 1629 1515 1656; x_wconf 82' lang='grc' dir='ltr'>δὲ</span> <span class='ocrx_word' id='word_1_543' title='bbox 1537 1628 1694 1655; x_wconf 78' lang='grc' dir='ltr'>ἐπισκόπων</span> <span class='ocrx_word' id='word_1_544' title='bbox 1713 1627 1868 1662; x_wconf 78' lang='grc' dir='ltr'>Αἰγυπτίων</span> 
     </span>
    </p>
   </div>
   <div class='ocr_carea' id='block_1_78' title="bbox 1077 1673 1868 1711">
    <p class='ocr_par' dir='ltr' id='par_1_78' title="bbox 1077 1673 1868 1711">
     <span class='ocr_line' id='line_1_79' title="bbox 1077 1673 1868 1711; baseline -0.005 -8"><span class='ocrx_word' id='word_1_545' title='bbox 1077 1676 1131 1711; x_wconf 64' lang='grc'><strong>(46)</strong></span> <span class='ocrx_word' id='word_1_546' title='bbox 1149 1676 1352 1711; x_wconf 82' lang='grc' dir='ltr'>ὲγχαράττωσιν</span> <span class='ocrx_word' id='word_1_547' title='bbox 1373 1675 1538 1707; x_wconf 77' lang='grc' dir='ltr'>ἐπιστολαῖς,</span> <span class='ocrx_word' id='word_1_548' title='bbox 1562 1674 1647 1710; x_wconf 83' lang='grc' dir='ltr'>Δῆλον</span> <span class='ocrx_word' id='word_1_549' title='bbox 1671 1673 1736 1709; x_wconf 75' lang='grc' dir='ltr'>γὰρ,</span> <span class='ocrx_word' id='word_1_550' title='bbox 1755 1673 1796 1700; x_wconf 83' lang='grc' dir='ltr'>ὅτι</span> <span class='ocrx_word' id='word_1_551' title='bbox 1817 1673 1868 1707; x_wconf 85' lang='grc' dir='ltr'>οὐχ</span> 
     </span>
    </p>
   </div>
   <div class='ocr_carea' id='block_1_79' title="bbox 1076 1719 1868 1758">
    <p class='ocr_par' dir='ltr' id='par_1_79' title="bbox 1076 1719 1868 1758">
     <span class='ocr_line' id='line_1_80' title="bbox 1076 1719 1868 1758; baseline -0.005 -10"><span class='ocrx_word' id='word_1_552' title='bbox 1076 1723 1156 1758; x_wconf 84' lang='grc' dir='ltr'>ἡμεῖς</span> <span class='ocrx_word' id='word_1_553' title='bbox 1170 1722 1254 1757; x_wconf 76' lang='grc' dir='ltr'>ἐσμεν</span> <span class='ocrx_word' id='word_1_554' title='bbox 1269 1722 1294 1748; x_wconf 83' lang='grc' dir='ltr'>οἱ</span> <span class='ocrx_word' id='word_1_555' title='bbox 1314 1721 1466 1756; x_wconf 82' lang='grc' dir='ltr'>γράφοντες</span> <span class='ocrx_word' id='word_1_556' title='bbox 1477 1739 1484 1751; x_wconf 88' lang='grc'><strong><em>.</em></strong></span> <span class='ocrx_word' id='word_1_557' title='bbox 1499 1720 1566 1747; x_wconf 89' lang='grc' dir='ltr'><strong>ἀλλά</strong></span> <span class='ocrx_word' id='word_1_558' title='bbox 1587 1719 1752 1751; x_wconf 77' lang='grc' dir='ltr'>Μελιτιανοὶ,</span> <span class='ocrx_word' id='word_1_559' title='bbox 1772 1719 1797 1745; x_wconf 83' lang='lat' dir='ltr'><strong>ai</strong></span> <span class='ocrx_word' id='word_1_560' title='bbox 1823 1719 1868 1745; x_wconf 76' lang='grc' dir='ltr'><strong>ἀεὶ</strong></span> 
     </span>
    </p>
   </div>
   <div class='ocr_carea' id='block_1_80' title="bbox 1077 1763 1868 1804">
    <p class='ocr_par' dir='ltr' id='par_1_80' title="bbox 1077 1763 1868 1804">
     <span class='ocr_line' id='line_1_81' title="bbox 1077 1763 1868 1804; baseline -0.008 -8"><span class='ocrx_word' id='word_1_561' title='bbox 1077 1769 1260 1804; x_wconf 80' lang='grc' dir='ltr'>σχισματικοὶ,</span> <span class='ocrx_word' id='word_1_562' title='bbox 1278 1769 1302 1794; x_wconf 79' lang='grc' dir='ltr'>οἱ</span> <span class='ocrx_word' id='word_1_563' title='bbox 1317 1767 1362 1795; x_wconf 72' lang='grc' dir='ltr'>καὶ</span> <span class='ocrx_word' id='word_1_564' title='bbox 1378 1767 1459 1802; x_wconf 83' lang='grc' dir='ltr'>μέχρι</span> <span class='ocrx_word' id='word_1_565' title='bbox 1471 1765 1518 1794; x_wconf 85' lang='grc' dir='ltr'>νῦν</span> <span class='ocrx_word' id='word_1_566' title='bbox 1536 1766 1585 1799; x_wconf 83' lang='grc' dir='ltr'><strong>τὰς</strong></span> <span class='ocrx_word' id='word_1_567' title='bbox 1597 1765 1760 1801; x_wconf 84' lang='grc' dir='ltr'>Ἐκκλησίας</span> <span class='ocrx_word' id='word_1_568' title='bbox 1767 1763 1868 1799; x_wconf 83' lang='grc' dir='ltr'>ταράτ-</span> 
     </span>
    </p>
   </div>
   <div class='ocr_carea' id='block_1_81' title="bbox 1076 1809 1870 1847">
    <p class='ocr_par' dir='ltr' id='par_1_81' title="bbox 1076 1809 1870 1847">
     <span class='ocr_line' id='line_1_82' title="bbox 1076 1809 1870 1847; baseline -0.008 -5"><span class='ocrx_word' id='word_1_569' title='bbox 1076 1824 1178 1847; x_wconf 83' lang='grc' dir='ltr'>τοντες,</span> <span class='ocrx_word' id='word_1_570' title='bbox 1191 1814 1239 1842; x_wconf 76' lang='grc' dir='ltr'>καὶ</span> <span class='ocrx_word' id='word_1_571' title='bbox 1252 1814 1360 1846; x_wconf 81' lang='grc' dir='ltr'>στάσεις</span> <span class='ocrx_word' id='word_1_572' title='bbox 1375 1813 1522 1845; x_wconf 85' lang='grc' dir='ltr'>κινοῦντες.</span> <span class='ocrx_word' id='word_1_573' title='bbox 1536 1812 1725 1843; x_wconf 83' lang='grc' dir='ltr'>Καταστάσεις</span> <span class='ocrx_word' id='word_1_574' title='bbox 1737 1811 1791 1846; x_wconf 81' lang='grc' dir='ltr'>γὰρ</span> <span class='ocrx_word' id='word_1_575' title='bbox 1806 1809 1870 1837; x_wconf 82' lang='grc' dir='ltr'>ἀλό-</span> 
     </span>
    </p>
   </div>
   <div class='ocr_carea' id='block_1_82' title="bbox 1076 1856 1868 1897">
    <p class='ocr_par' dir='ltr' id='par_1_82' title="bbox 1076 1856 1868 1897">
     <span class='ocr_line' id='line_1_83' title="bbox 1076 1856 1868 1897; baseline -0.008 -8"><span class='ocrx_word' id='word_1_576' title='bbox 1076 1871 1142 1896; x_wconf 77' lang='grc' dir='ltr'>γους</span> <span class='ocrx_word' id='word_1_577' title='bbox 1165 1861 1214 1889; x_wconf 76' lang='grc' dir='ltr'>καὶ</span> <span class='ocrx_word' id='word_1_578' title='bbox 1237 1860 1332 1897; x_wconf 77' lang='grc' dir='ltr'>σχεδὸν</span> <span class='ocrx_word' id='word_1_579' title='bbox 1359 1860 1472 1887; x_wconf 75' lang='grc' dir='ltr'>ἐθνικῶν</span> <span class='ocrx_word' id='word_1_580' title='bbox 1502 1859 1655 1887; x_wconf 83' lang='grc' dir='ltr'>ποιοῦνται·</span> <span class='ocrx_word' id='word_1_581' title='bbox 1684 1858 1731 1885; x_wconf 76' lang='grc' dir='ltr'>καὶ</span> <span class='ocrx_word' id='word_1_582' title='bbox 1756 1856 1868 1883; x_wconf 81' lang='grc' dir='ltr'>τοιαῦτα</span> 
     </span>
    </p>
   </div>
   <div class='ocr_carea' id='block_1_83' title="bbox 1078 1901 1867 1943">
    <p class='ocr_par' dir='ltr' id='par_1_83' title="bbox 1078 1901 1867 1943">
     <span class='ocr_line' id='line_1_84' title="bbox 1078 1901 1867 1943; baseline -0.009 -9"><span class='ocrx_word' id='word_1_583' title='bbox 1078 1907 1255 1943; x_wconf 82' lang='grc' dir='ltr'>πράττουσιν,</span> <span class='ocrx_word' id='word_1_584' title='bbox 1273 1906 1291 1933; x_wconf 83' lang='grc' dir='ltr'>ἃ</span> <span class='ocrx_word' id='word_1_585' title='bbox 1310 1905 1507 1941; x_wconf 84' lang='grc' dir='ltr'>δυσωπούμεθα</span> <span class='ocrx_word' id='word_1_586' title='bbox 1527 1904 1576 1940; x_wconf 83' lang='grc' dir='ltr'>μὲν</span> <span class='ocrx_word' id='word_1_587' title='bbox 1597 1903 1715 1939; x_wconf 83' lang='grc' dir='ltr'>γράφειν</span> <span class='ocrx_word' id='word_1_588' title='bbox 1728 1923 1735 1934; x_wconf 91' lang='grc'><strong>,</strong></span> <span class='ocrx_word' id='word_1_589' title='bbox 1753 1901 1867 1929; x_wconf 81' lang='grc' dir='ltr'>δύνασθε</span> 
     </span>
    </p>
   </div>
   <div class='ocr_carea' id='block_1_84' title="bbox 1077 1947 1867 1988">
    <p class='ocr_par' dir='ltr' id='par_1_84' title="bbox 1077 1947 1867 1988">
     <span class='ocr_line' id='line_1_85' title="bbox 1077 1947 1867 1988; baseline -0.008 -9"><span class='ocrx_word' id='word_1_590' title='bbox 1077 1953 1105 1979; x_wconf 85' lang='grc' dir='ltr'>δὲ</span> <span class='ocrx_word' id='word_1_591' title='bbox 1122 1952 1217 1988; x_wconf 84' lang='grc' dir='ltr'>μαθεῖν</span> <span class='ocrx_word' id='word_1_592' title='bbox 1238 1952 1313 1986; x_wconf 85' lang='grc' dir='ltr'><strong>παρά</strong></span> <span class='ocrx_word' id='word_1_593' title='bbox 1332 1951 1387 1978; x_wconf 84' lang='grc' dir='ltr'>τῶν</span> <span class='ocrx_word' id='word_1_594' title='bbox 1400 1951 1604 1978; x_wconf 83' lang='grc' dir='ltr'>ἀποσταλέντων</span> <span class='ocrx_word' id='word_1_595' title='bbox 1622 1950 1687 1985; x_wconf 81' lang='grc' dir='ltr'>παρ’</span> <span class='ocrx_word' id='word_1_596' title='bbox 1701 1948 1790 1984; x_wconf 79' lang='grc' dir='ltr'>ἡμῶν,</span> <span class='ocrx_word' id='word_1_597' title='bbox 1812 1947 1867 1973; x_wconf 81' lang='grc' dir='ltr'>τῶν</span> 
     </span>
    </p>
   </div>
   <div class='ocr_carea' id='block_1_85' title="bbox 1077 1996 1706 2034">
    <p class='ocr_par' dir='ltr' id='par_1_85' title="bbox 1077 1996 1706 2034">
     <span class='ocr_line' id='line_1_86' title="bbox 1077 1996 1706 2034; baseline -0.005 -9"><span class='ocrx_word' id='word_1_598' title='bbox 1077 1999 1124 2025; x_wconf 79' lang='grc' dir='ltr'>καὶ</span> <span class='ocrx_word' id='word_1_599' title='bbox 1143 1999 1192 2034; x_wconf 82' lang='grc' dir='ltr'><strong>τὴν</strong></span> <span class='ocrx_word' id='word_1_600' title='bbox 1212 1997 1356 2034; x_wconf 71' lang='grc' dir='ltr'>ἐπιστολὴν</span> <span class='ocrx_word' id='word_1_601' title='bbox 1372 1997 1437 2033; x_wconf 85' lang='grc' dir='ltr'>ὑμῖν</span> <span class='ocrx_word' id='word_1_602' title='bbox 1450 1997 1628 2024; x_wconf 81' lang='grc' dir='ltr'>ἀποδιδόντων</span> <span class='ocrx_word' id='word_1_603' title='bbox 1639 1996 1706 2031; x_wconf 70' lang='grc'><strong>(48).</strong></span> 
     </span>
    </p>
   </div>
   <div class='ocr_carea' id='block_1_86' title="bbox 1109 2039 1867 2078">
    <p class='ocr_par' dir='ltr' id='par_1_86' title="bbox 1109 2039 1867 2078">
     <span class='ocr_line' id='line_1_87' title="bbox 1109 2039 1867 2078; baseline -0.005 -8"><span class='ocrx_word' id='word_1_604' title='bbox 1109 2043 1155 2070; x_wconf 73' lang='grc'><strong>20.</strong></span> <span class='ocrx_word' id='word_1_605' title='bbox 1180 2043 1274 2070; x_wconf 87' lang='grc' dir='ltr'>Ταῦτα</span> <span class='ocrx_word' id='word_1_606' title='bbox 1289 2043 1338 2078; x_wconf 81' lang='grc' dir='ltr'>μὲν</span> <span class='ocrx_word' id='word_1_607' title='bbox 1357 2044 1381 2069; x_wconf 82' lang='grc' dir='ltr'><strong>οἰ</strong></span> <span class='ocrx_word' id='word_1_608' title='bbox 1405 2042 1459 2069; x_wconf 85' lang='grc' dir='ltr'>ἀπὸ</span> <span class='ocrx_word' id='word_1_609' title='bbox 1478 2042 1528 2078; x_wconf 88' lang='grc' dir='ltr'>τῆς</span> <span class='ocrx_word' id='word_1_610' title='bbox 1545 2041 1682 2076; x_wconf 69' lang='grc' dir='ltr'>Αἰγύπτου</span> <span class='ocrx_word' id='word_1_611' title='bbox 1704 2040 1772 2076; x_wconf 78' lang='grc' dir='ltr'>πρὸς</span> <span class='ocrx_word' id='word_1_612' title='bbox 1800 2039 1867 2066; x_wconf 79' lang='grc' dir='ltr'>πάν·</span> 
     </span>
    </p>
   </div>
   <div class='ocr_carea' id='block_1_87' title="bbox 1075 2086 1867 2125">
    <p class='ocr_par' dir='ltr' id='par_1_87' title="bbox 1075 2086 1867 2125">
     <span class='ocr_line' id='line_1_88' title="bbox 1075 2086 1867 2125; baseline -0.005 -9"><span class='ocrx_word' id='word_1_613' title='bbox 1075 2099 1135 2122; x_wconf 84' lang='grc' dir='ltr'>τας,</span> <span class='ocrx_word' id='word_1_614' title='bbox 1155 2089 1284 2125; x_wconf 71' lang='grc' dir='ltr'>καὶπρὸς</span> <span class='ocrx_word' id='word_1_615' title='bbox 1309 2088 1418 2116; x_wconf 84' lang='grc' dir='ltr'>Ἰούλιον</span> <span class='ocrx_word' id='word_1_616' title='bbox 1435 2088 1481 2116; x_wconf 74' lang='grc' dir='ltr'>τὸν</span> <span class='ocrx_word' id='word_1_617' title='bbox 1504 2088 1652 2114; x_wconf 75' lang='grc' dir='ltr'>ἐπίσκοπον</span> <span class='ocrx_word' id='word_1_618' title='bbox 1674 2087 1722 2122; x_wconf 79' lang='grc' dir='ltr'>τῆς</span> <span class='ocrx_word' id='word_1_619' title='bbox 1746 2086 1867 2122; x_wconf 60' lang='grc' dir='ltr'>Ῥώμηςα</span> 
     </span>
    </p>
   </div>
   <div class='ocr_carea' id='block_1_88' title="bbox 1075 2133 1868 2172">
    <p class='ocr_par' dir='ltr' id='par_1_88' title="bbox 1075 2133 1868 2172">
     <span class='ocr_line' id='line_1_89' title="bbox 1075 2133 1868 2172; baseline -0.004 -9"><span class='ocrx_word' id='word_1_620' title='bbox 1075 2137 1123 2163; x_wconf 75' lang='grc' dir='ltr'>καὶ</span> <span class='ocrx_word' id='word_1_621' title='bbox 1136 2137 1160 2163; x_wconf 79' lang='grc' dir='ltr'>οἱ</span> <span class='ocrx_word' id='word_1_622' title='bbox 1176 2136 1240 2172; x_wconf 77' lang='grc' dir='ltr'>περὶ</span> <span class='ocrx_word' id='word_1_623' title='bbox 1253 2135 1383 2162; x_wconf 79' lang='grc' dir='ltr'>Εύσέὸιον</span> <span class='ocrx_word' id='word_1_624' title='bbox 1401 2135 1429 2161; x_wconf 85' lang='grc' dir='ltr'>δὲ</span> <span class='ocrx_word' id='word_1_625' title='bbox 1453 2134 1522 2171; x_wconf 81' lang='grc' dir='ltr'>πρὸς</span> <span class='ocrx_word' id='word_1_626' title='bbox 1542 2133 1649 2161; x_wconf 87' lang='grc' dir='ltr'>Ἰούλιον</span> <span class='ocrx_word' id='word_1_627' title='bbox 1664 2133 1785 2168; x_wconf 68' lang='grc' dir='ltr'>ἔγραψαν</span> <span class='ocrx_word' id='word_1_628' title='bbox 1795 2142 1801 2148; x_wconf 93' lang='grc'>·</span> <span class='ocrx_word' id='word_1_629' title='bbox 1821 2133 1868 2160; x_wconf 68' lang='grc' dir='ltr'>καὶ</span> 
     </span>
    </p>
   </div>
   <div class='ocr_carea' id='block_1_89' title="bbox 1076 2177 1867 2217">
    <p class='ocr_par' dir='ltr' id='par_1_89' title="bbox 1076 2177 1867 2217">
     <span class='ocr_line' id='line_1_90' title="bbox 1076 2177 1867 2217; baseline -0.005 -10"><span class='ocrx_word' id='word_1_630' title='bbox 1076 2180 1234 2216; x_wconf 82' lang='grc' dir='ltr'>νομίζοντες</span> <span class='ocrx_word' id='word_1_631' title='bbox 1245 2181 1319 2217; x_wconf 80' lang='grc' dir='ltr'>ἡμᾶς</span> <span class='ocrx_word' id='word_1_632' title='bbox 1330 2180 1466 2215; x_wconf 73' lang='grc' dir='ltr'>ἐκφοϐεῖν,</span> <span class='ocrx_word' id='word_1_633' title='bbox 1483 2178 1602 2214; x_wconf 72' lang='grc' dir='ltr'>ἠξίωσαν</span> <span class='ocrx_word' id='word_1_634' title='bbox 1620 2177 1727 2205; x_wconf 87' lang='grc' dir='ltr'>σύνοδον</span> <span class='ocrx_word' id='word_1_635' title='bbox 1743 2177 1867 2209; x_wconf 67' lang='grc' dir='ltr'>καλέσαι,</span> 
     </span>
    </p>
   </div>
   <div class='ocr_carea' id='block_1_90' title="bbox 240 2218 1028 2267">
    <p class='ocr_par' dir='ltr' id='par_1_90' title="bbox 240 2218 1025 2258">
     <span class='ocr_line' id='line_1_91' title="bbox 240 2218 1025 2258; baseline 0.005 -12"><span class='ocrx_word' id='word_1_636' title='bbox 240 2225 293 2252; x_wconf 86' lang='lat' dir='ltr'><strong>tur,</strong></span> <span class='ocrx_word' id='word_1_637' title='bbox 313 2225 340 2246; x_wconf 90' lang='lat' dir='ltr'><strong>et</strong></span> <span class='ocrx_word' id='word_1_638' title='bbox 360 2220 420 2254; x_wconf 89' lang='lat' dir='ltr'><strong>ipse</strong></span> <span class='ocrx_word' id='word_1_639' title='bbox 431 2218 529 2252; x_wconf 80' lang='lat' dir='ltr'><strong>Julius.</strong></span> <span class='ocrx_word' id='word_1_640' title='bbox 551 2221 574 2247; x_wconf 87' lang='lat' dir='ltr'><strong>si</strong></span> <span class='ocrx_word' id='word_1_641' title='bbox 587 2220 678 2253; x_wconf 89' lang='lat' dir='ltr'><strong>vellet,</strong></span> <span class='ocrx_word' id='word_1_642' title='bbox 693 2221 776 2255; x_wconf 87' lang='lat' dir='ltr'><strong>juch</strong></span> <span class='ocrx_word' id='word_1_643' title='bbox 793 2220 872 2249; x_wconf 82' lang='lat' dir='ltr'><strong>foret.</strong></span> <span class='ocrx_word' id='word_1_644' title='bbox 891 2222 958 2249; x_wconf 88' lang='lat' dir='ltr'><strong>Cum</strong></span> <span class='ocrx_word' id='word_1_645' title='bbox 974 2223 1025 2258; x_wconf 78' lang='lat' dir='ltr'><strong>igi—</strong></span> 
     </span>
    </p>
   </div>
   <div class='ocr_carea' id='block_1_91' title="bbox 1078 2218 1866 2267">
    <p class='ocr_par' dir='ltr' id='par_1_91' title="bbox 1079 2222 1866 2259">
     <span class='ocr_line' id='line_1_92' title="bbox 1079 2222 1866 2259; baseline -0.005 -7"><span class='ocrx_word' id='word_1_646' title='bbox 1079 2226 1125 2252; x_wconf 79' lang='grc' dir='ltr'>κα¹ι</span> <span class='ocrx_word' id='word_1_647' title='bbox 1150 2225 1231 2252; x_wconf 75' lang='grc' dir='ltr'>αὑτὸν</span> <span class='ocrx_word' id='word_1_648' title='bbox 1252 2225 1371 2258; x_wconf 81' lang='grc' dir='ltr'>Ἰούλιον,</span> <span class='ocrx_word' id='word_1_649' title='bbox 1395 2225 1419 2251; x_wconf 81' lang='grc' dir='ltr'><strong>εἰ</strong></span> <span class='ocrx_word' id='word_1_650' title='bbox 1445 2223 1579 2259; x_wconf 82' lang='grc' dir='ltr'>βούλοιτο,</span> <span class='ocrx_word' id='word_1_651' title='bbox 1609 2223 1705 2259; x_wconf 87' lang='grc' dir='ltr'>κριτὴν</span> <span class='ocrx_word' id='word_1_652' title='bbox 1730 2222 1866 2256; x_wconf 84' lang='grc' dir='ltr'>γενέσθαι.</span> 
     </span>
    </p>
   </div>
   <div class='ocr_carea' id='block_1_92' title="bbox 239 2266 1026 2301">
    <p class='ocr_par' dir='ltr' id='par_1_92' title="bbox 239 2266 1026 2301">
     <span class='ocr_line' id='line_1_93' title="bbox 239 2266 1026 2301; baseline 0.005 -8"><span class='ocrx_word' id='word_1_653' title='bbox 239 2273 283 2294; x_wconf 88' lang='grc' dir='ltr'>ιιιι·</span> <span class='ocrx_word' id='word_1_654' title='bbox 295 2266 409 2294; x_wconf 75' lang='lat' dir='ltr'><strong>Romam</strong></span> <span class='ocrx_word' id='word_1_655' title='bbox 427 2266 752 2301; x_wconf 80' lang='lat' dir='ltr'><strong>advenissemus.Julius,</strong></span> <span class='ocrx_word' id='word_1_656' title='bbox 774 2273 803 2295; x_wconf 91' lang='lat' dir='ltr'><strong>ut</strong></span> <span class='ocrx_word' id='word_1_657' title='bbox 815 2274 1026 2298; x_wconf 88' lang='lat' dir='ltr'><strong>consentaneum</strong></span> 
     </span>
    </p>
   </div>
   <div class='ocr_carea' id='block_1_93' title="bbox 238 2312 1029 2349">
    <p class='ocr_par' dir='ltr' id='par_1_93' title="bbox 238 2312 1029 2349">
     <span class='ocr_line' id='line_1_94' title="bbox 238 2312 1029 2349; baseline 0.004 -9"><span class='ocrx_word' id='word_1_658' title='bbox 238 2318 308 2345; x_wconf 84' lang='lat' dir='ltr'><strong>crat,</strong></span> <span class='ocrx_word' id='word_1_659' title='bbox 328 2312 434 2340; x_wconf 88' lang='lat' dir='ltr'><strong>litteras</strong></span> <span class='ocrx_word' id='word_1_660' title='bbox 449 2312 561 2347; x_wconf 86' lang='lat' dir='ltr'><strong>scripsit</strong></span> <span class='ocrx_word' id='word_1_661' title='bbox 571 2313 603 2340; x_wconf 83' lang='lat' dir='ltr'><strong>ad</strong></span> <span class='ocrx_word' id='word_1_662' title='bbox 618 2312 799 2346; x_wconf 82' lang='lat' dir='ltr'><strong>Eusebianos,</strong></span> <span class='ocrx_word' id='word_1_663' title='bbox 824 2315 951 2349; x_wconf 86' lang='lat' dir='ltr'><strong>misitque</strong></span> <span class='ocrx_word' id='word_1_664' title='bbox 960 2316 1029 2344; x_wconf 85' lang='lat' dir='ltr'><strong>duos</strong></span> 
     </span>
    </p>
   </div>
   <div class='ocr_carea' id='block_1_94' title="bbox 239 2358 1028 2394">
    <p class='ocr_par' dir='ltr' id='par_1_94' title="bbox 239 2358 1028 2394">
     <span class='ocr_line' id='line_1_95' title="bbox 239 2358 1028 2394; baseline 0.005 -9"><span class='ocrx_word' id='word_1_665' title='bbox 239 2366 254 2386; x_wconf 90' lang='lat' dir='ltr'><strong>e</strong></span> <span class='ocrx_word' id='word_1_666' title='bbox 272 2358 438 2394; x_wconf 83' lang='lat' dir='ltr'><strong>presbyteris</strong></span> <span class='ocrx_word' id='word_1_667' title='bbox 457 2359 514 2386; x_wconf 90' lang='lat' dir='ltr'><strong>suis</strong></span> <span class='ocrx_word' id='word_1_668' title='bbox 526 2358 659 2394; x_wconf 84' lang='lat' dir='ltr'><strong>Elpidium</strong></span> <span class='ocrx_word' id='word_1_669' title='bbox 670 2363 696 2386; x_wconf 90' lang='lat' dir='ltr'><strong>et</strong></span> <span class='ocrx_word' id='word_1_670' title='bbox 714 2358 903 2389; x_wconf 83' lang='lat' dir='ltr'><strong>Philoxenum.</strong></span> <span class='ocrx_word' id='word_1_671' title='bbox 916 2359 954 2388; x_wconf 93' lang='lat' dir='ltr'><strong>Illi</strong></span> <span class='ocrx_word' id='word_1_672' title='bbox 965 2367 1028 2389; x_wconf 88' lang='lat' dir='ltr'><strong>vero</strong></span> 
     </span>
    </p>
   </div>
   <div class='ocr_carea' id='block_1_95' title="bbox 241 2403 1027 2441">
    <p class='ocr_par' dir='ltr' id='par_1_95' title="bbox 241 2403 1027 2441">
     <span class='ocr_line' id='line_1_96' title="bbox 241 2403 1027 2441; baseline 0.004 -11"><span class='ocrx_word' id='word_1_673' title='bbox 241 2408 271 2430; x_wconf 90' lang='lat' dir='ltr'><strong>ut</strong></span> <span class='ocrx_word' id='word_1_674' title='bbox 294 2403 328 2431; x_wconf 91' lang='lat' dir='ltr'><strong>de</strong></span> <span class='ocrx_word' id='word_1_675' title='bbox 351 2409 445 2431; x_wconf 89' lang='lat' dir='ltr'><strong>nostro</strong></span> <span class='ocrx_word' id='word_1_676' title='bbox 471 2404 585 2432; x_wconf 87' lang='lat' dir='ltr'><strong>adventu</strong></span> <span class='ocrx_word' id='word_1_677' title='bbox 610 2404 732 2437; x_wconf 87' lang='lat' dir='ltr'><strong>audiere,</strong></span> <span class='ocrx_word' id='word_1_678' title='bbox 757 2406 939 2438; x_wconf 81' lang='lat' dir='ltr'><strong>consternati.</strong></span> <span class='ocrx_word' id='word_1_679' title='bbox 956 2407 1027 2441; x_wconf 91' lang='lat' dir='ltr'><strong>quod</strong></span> 
     </span>
    </p>
   </div>
   <div class='ocr_carea' id='block_1_96' title="bbox 241 2448 1029 2484">
    <p class='ocr_par' dir='ltr' id='par_1_96' title="bbox 241 2448 1029 2484">
     <span class='ocr_line' id='line_1_97' title="bbox 241 2448 1029 2484; baseline 0.004 -8"><span class='ocrx_word' id='word_1_680' title='bbox 241 2448 394 2476; x_wconf 86' lang='lat' dir='ltr'><strong>nullatenus</strong></span> <span class='ocrx_word' id='word_1_681' title='bbox 405 2453 595 2483; x_wconf 77' lang='lat' dir='ltr'><strong>exspectarent</strong></span> <span class='ocrx_word' id='word_1_682' title='bbox 605 2456 655 2477; x_wconf 89' lang='lat' dir='ltr'><strong>nos</strong></span> <span class='ocrx_word' id='word_1_683' title='bbox 671 2449 734 2477; x_wconf 90' lang='lat' dir='ltr'><strong>illuc</strong></span> <span class='ocrx_word' id='word_1_684' title='bbox 746 2456 887 2484; x_wconf 88' lang='lat' dir='ltr'><strong>venturos,</strong></span> <span class='ocrx_word' id='word_1_685' title='bbox 898 2452 1029 2479; x_wconf 86' lang='lat' dir='ltr'><strong>accedere</strong></span> 
     </span>
    </p>
   </div>
   <div class='ocr_carea' id='block_1_97' title="bbox 275 2504 531 2537">
    <p class='ocr_par' dir='ltr' id='par_1_97' title="bbox 275 2504 531 2537">
     <span class='ocr_line' id='line_1_98' title="bbox 275 2504 531 2537; baseline 0 -6"><span class='ocrx_word' id='word_1_686' title='bbox 275 2504 331 2525; x_wconf 84' lang='lat'><strong>&quot;-&quot;</strong></span> <span class='ocrx_word' id='word_1_687' title='bbox 344 2504 353 2531; x_wconf 95' lang='lat' dir='ltr'><strong>l</strong></span> <span class='ocrx_word' id='word_1_688' title='bbox 364 2504 428 2532; x_wconf 88' lang='lat' dir='ltr'><strong>Cor.</strong></span> <span class='ocrx_word' id='word_1_689' title='bbox 444 2512 470 2537; x_wconf 80' lang='grc' dir='ltr'><strong>ν,</strong></span> <span class='ocrx_word' id='word_1_690' title='bbox 488 2504 531 2532; x_wconf 77' lang='lat' dir='ltr'><strong>l3.</strong></span> 
     </span>
    </p>
   </div>
   <div class='ocr_carea' id='block_1_98' title="bbox 276 2550 1029 2588">
    <p class='ocr_par' dir='ltr' id='par_1_98' title="bbox 276 2550 1029 2588">
     <span class='ocr_line' id='line_1_99' title="bbox 276 2550 1029 2588; baseline 0.003 -11"><span class='ocrx_word' id='word_1_691' title='bbox 276 2550 334 2588; x_wconf 20' lang='lat'><strong>(474.)</strong></span> <span class='ocrx_word' id='word_1_692' title='bbox 346 2550 455 2588; x_wconf 57' lang='lat' dir='ltr'><strong>fistum</strong></span> <span class='ocrx_word' id='word_1_693' title='bbox 466 2550 574 2588; x_wconf 58' lang='lat' dir='ltr'><strong>scilicet</strong></span> <span class='ocrx_word' id='word_1_694' title='bbox 589 2551 719 2588; x_wconf 62' lang='lat' dir='ltr'><strong>Arianum</strong></span> <span class='ocrx_word' id='word_1_695' title='bbox 732 2553 932 2588; x_wconf 84' lang='lat' dir='ltr'><strong>presbyterum,</strong></span> <span class='ocrx_word' id='word_1_696' title='bbox 945 2560 960 2579; x_wconf 88' lang='lat' dir='ltr'><strong>a</strong></span> <span class='ocrx_word' id='word_1_697' title='bbox 979 2552 1029 2580; x_wconf 77' lang='lat' dir='ltr'><strong>Se-</strong></span> 
     </span>
    </p>
   </div>
   <div class='ocr_carea' id='block_1_99' title="bbox 239 2585 1029 2622">
    <p class='ocr_par' dir='ltr' id='par_1_99' title="bbox 239 2585 1029 2622">
     <span class='ocr_line' id='line_1_100' title="bbox 239 2585 1029 2622; baseline 0.001 -8"><span class='ocrx_word' id='word_1_698' title='bbox 239 2587 328 2614; x_wconf 86' lang='lat' dir='ltr'><strong>cundo</strong></span> <span class='ocrx_word' id='word_1_699' title='bbox 345 2585 512 2620; x_wconf 84' lang='lat' dir='ltr'><strong>Pentapolita</strong></span> <span class='ocrx_word' id='word_1_700' title='bbox 526 2585 742 2614; x_wconf 84' lang='lat' dir='ltr'><strong>Eusebianorum</strong></span> <span class='ocrx_word' id='word_1_701' title='bbox 753 2585 841 2622; x_wconf 79' lang='lat' dir='ltr'><strong>jussu,</strong></span> <span class='ocrx_word' id='word_1_702' title='bbox 857 2587 1029 2615; x_wconf 66' lang='lat' dir='ltr'><strong>Alexandriae</strong></span> 
     </span>
    </p>
   </div>
   <div class='ocr_carea' id='block_1_100' title="bbox 239 2621 570 2656">
    <p class='ocr_par' dir='ltr' id='par_1_100' title="bbox 239 2621 570 2656">
     <span class='ocr_line' id='line_1_101' title="bbox 239 2621 570 2656; baseline 0.003 -8"><span class='ocrx_word' id='word_1_703' title='bbox 239 2622 394 2656; x_wconf 76' lang='lat' dir='ltr'><strong>episcopum</strong></span> <span class='ocrx_word' id='word_1_704' title='bbox 404 2621 570 2649; x_wconf 89' lang='lat' dir='ltr'><strong>ordinatum.</strong></span> 
     </span>
    </p>
   </div>
   <div class='ocr_carea' id='block_1_101' title="bbox 275 2656 1027 2691">
    <p class='ocr_par' dir='ltr' id='par_1_101' title="bbox 275 2656 1027 2691">
     <span class='ocr_line' id='line_1_102' title="bbox 275 2656 1027 2691; baseline 0.004 -8"><span class='ocrx_word' id='word_1_705' title='bbox 275 2657 332 2691; x_wconf 67' lang='grc'><strong>(45)</strong></span> <span class='ocrx_word' id='word_1_706' title='bbox 349 2657 469 2684; x_wconf 88' lang='lat' dir='ltr'><strong>Indicant</strong></span> <span class='ocrx_word' id='word_1_707' title='bbox 482 2656 564 2691; x_wconf 89' lang='lat' dir='ltr'><strong>episc.</strong></span> <span class='ocrx_word' id='word_1_708' title='bbox 582 2656 702 2691; x_wconf 68' lang='lat' dir='ltr'><strong>Egyptii</strong></span> <span class='ocrx_word' id='word_1_709' title='bbox 716 2656 821 2686; x_wconf 85' lang='lat' dir='ltr'><strong>litteras</strong></span> <span class='ocrx_word' id='word_1_710' title='bbox 829 2658 863 2685; x_wconf 87' lang='lat' dir='ltr'><strong>ab</strong></span> <span class='ocrx_word' id='word_1_711' title='bbox 877 2658 975 2686; x_wconf 85' lang='lat' dir='ltr'><strong>Euseb.</strong></span> <span class='ocrx_word' id='word_1_712' title='bbox 993 2658 1027 2686; x_wconf 85' lang='lat' dir='ltr'><strong>ad</strong></span> 
     </span>
    </p>
   </div>
   <div class='ocr_carea' id='block_1_102' title="bbox 239 2691 1026 2728">
    <p class='ocr_par' dir='ltr' id='par_1_102' title="bbox 239 2691 1026 2728">
     <span class='ocr_line' id='line_1_103' title="bbox 239 2691 1026 2728; baseline 0.003 -9"><span class='ocrx_word' id='word_1_713' title='bbox 239 2691 341 2728; x_wconf 55' lang='lat' dir='ltr'><strong>iulium</strong></span> <span class='ocrx_word' id='word_1_714' title='bbox 365 2692 473 2728; x_wconf 70' lang='lat' dir='ltr'><strong>missas,</strong></span> <span class='ocrx_word' id='word_1_715' title='bbox 500 2691 534 2728; x_wconf 84' lang='lat' dir='ltr'><strong>de</strong></span> <span class='ocrx_word' id='word_1_716' title='bbox 560 2692 657 2728; x_wconf 87' lang='lat' dir='ltr'><strong>quibus</strong></span> <span class='ocrx_word' id='word_1_717' title='bbox 679 2699 750 2725; x_wconf 67' lang='lat' dir='ltr'><strong>smne</strong></span> <span class='ocrx_word' id='word_1_718' title='bbox 766 2693 792 2720; x_wconf 90' lang='lat' dir='ltr'><strong>in</strong></span> <span class='ocrx_word' id='word_1_719' title='bbox 819 2694 869 2720; x_wconf 86' lang='lat' dir='ltr'><strong>hac</strong></span> <span class='ocrx_word' id='word_1_720' title='bbox 885 2693 1026 2728; x_wconf 77' lang='lat' dir='ltr'><strong>Apologia.</strong></span> 
     </span>
    </p>
   </div>
   <div class='ocr_carea' id='block_1_103' title="bbox 240 2726 1026 2762">
    <p class='ocr_par' dir='ltr' id='par_1_103' title="bbox 240 2726 1026 2762">
     <span class='ocr_line' id='line_1_104' title="bbox 240 2726 1026 2762; baseline 0.001 -8"><span class='ocrx_word' id='word_1_721' title='bbox 240 2727 300 2754; x_wconf 82' lang='lat' dir='ltr'><strong>Mox</strong></span> <span class='ocrx_word' id='word_1_722' title='bbox 324 2727 351 2754; x_wconf 92' lang='lat' dir='ltr'><strong>in</strong></span> <span class='ocrx_word' id='word_1_723' title='bbox 380 2726 464 2761; x_wconf 73' lang='lat' dir='ltr'><strong>Regio</strong></span> <span class='ocrx_word' id='word_1_724' title='bbox 485 2726 554 2762; x_wconf 83' lang='grc' dir='ltr'>πρὸς</span> <span class='ocrx_word' id='word_1_725' title='bbox 582 2727 656 2762; x_wconf 80' lang='grc' dir='ltr'>ἡμᾶς</span> <span class='ocrx_word' id='word_1_726' title='bbox 683 2728 768 2760; x_wconf 87' lang='lat' dir='ltr'><strong>prima</strong></span> <span class='ocrx_word' id='word_1_727' title='bbox 802 2735 881 2756; x_wconf 84' lang='lat' dir='ltr'><strong>manu</strong></span> <span class='ocrx_word' id='word_1_728' title='bbox 910 2726 1026 2762; x_wconf 73' lang='lat' dir='ltr'><strong>positum</strong></span> 
     </span>
    </p>
   </div>
   <div class='ocr_carea' id='block_1_104' title="bbox 239 2762 1027 2799">
    <p class='ocr_par' dir='ltr' id='par_1_104' title="bbox 239 2762 1027 2799">
     <span class='ocr_line' id='line_1_105' title="bbox 239 2762 1027 2799; baseline 0.001 -10"><span class='ocrx_word' id='word_1_729' title='bbox 239 2763 354 2799; x_wconf 77' lang='lat' dir='ltr'><strong>videtur,</strong></span> <span class='ocrx_word' id='word_1_730' title='bbox 387 2762 434 2799; x_wconf 81' lang='lat' dir='ltr'><strong>sed</strong></span> <span class='ocrx_word' id='word_1_731' title='bbox 454 2762 548 2789; x_wconf 83' lang='lat' dir='ltr'><strong>eadem</strong></span> <span class='ocrx_word' id='word_1_732' title='bbox 579 2769 661 2799; x_wconf 82' lang='lat' dir='ltr'><strong>manu</strong></span> <span class='ocrx_word' id='word_1_733' title='bbox 679 2768 831 2799; x_wconf 79' lang='lat' dir='ltr'><strong>correctum</strong></span> <span class='ocrx_word' id='word_1_734' title='bbox 848 2763 926 2799; x_wconf 69' lang='grc' dir='ltr'>«πρὸς</span> <span class='ocrx_word' id='word_1_735' title='bbox 954 2763 1027 2799; x_wconf 83' lang='grc' dir='ltr'>ὑμᾶς</span> 
     </span>
    </p>
   </div>
   <div class='ocr_carea' id='block_1_105' title="bbox 240 2797 1027 2832">
    <p class='ocr_par' dir='ltr' id='par_1_105' title="bbox 240 2797 1027 2832">
     <span class='ocr_line' id='line_1_106' title="bbox 240 2797 1027 2832; baseline 0.001 -8"><span class='ocrx_word' id='word_1_736' title='bbox 240 2797 348 2832; x_wconf 70' lang='lat' dir='ltr'><strong>legitur,</strong></span> <span class='ocrx_word' id='word_1_737' title='bbox 371 2801 399 2824; x_wconf 90' lang='lat' dir='ltr'><strong>et</strong></span> <span class='ocrx_word' id='word_1_738' title='bbox 424 2798 481 2824; x_wconf 66' lang='lat' dir='ltr'><strong>haec</strong></span> <span class='ocrx_word' id='word_1_739' title='bbox 508 2803 551 2824; x_wconf 65' lang='grc' dir='ltr'><strong>σοι</strong></span> <span class='ocrx_word' id='word_1_740' title='bbox 575 2804 638 2823; x_wconf 86' lang='lat' dir='ltr'><strong>vera</strong></span> <span class='ocrx_word' id='word_1_741' title='bbox 649 2797 746 2830; x_wconf 86' lang='lat' dir='ltr'><strong>lectio;</strong></span> <span class='ocrx_word' id='word_1_742' title='bbox 774 2798 837 2826; x_wconf 90' lang='lat' dir='ltr'><strong>licet</strong></span> <span class='ocrx_word' id='word_1_743' title='bbox 862 2797 957 2826; x_wconf 85' lang='lat' dir='ltr'><strong>oinnes</strong></span> <span class='ocrx_word' id='word_1_744' title='bbox 975 2797 1027 2825; x_wconf 75' lang='lat' dir='ltr'><strong>alii</strong></span> 
     </span>
    </p>
   </div>
   <div class='ocr_carea' id='block_1_106' title="bbox 241 2831 1028 2867">
    <p class='ocr_par' dir='ltr' id='par_1_106' title="bbox 241 2831 1028 2867">
     <span class='ocr_line' id='line_1_107' title="bbox 241 2831 1028 2867; baseline 0 -7"><span class='ocrx_word' id='word_1_745' title='bbox 241 2831 296 2860; x_wconf 86' lang='lat' dir='ltr'><strong>tuin</strong></span> <span class='ocrx_word' id='word_1_746' title='bbox 322 2832 386 2867; x_wconf 70' lang='lat' dir='ltr'><strong>editi</strong></span> <span class='ocrx_word' id='word_1_747' title='bbox 411 2836 466 2859; x_wconf 89' lang='lat' dir='ltr'><strong>tum</strong></span> <span class='ocrx_word' id='word_1_748' title='bbox 484 2839 549 2859; x_wconf 84' lang='lat' dir='ltr'><strong>mss.</strong></span> <span class='ocrx_word' id='word_1_749' title='bbox 577 2831 645 2867; x_wconf 75' lang='grc' dir='ltr'>πρὸς</span> <span class='ocrx_word' id='word_1_750' title='bbox 662 2833 735 2866; x_wconf 81' lang='grc' dir='ltr'>ἡμᾶς</span> <span class='ocrx_word' id='word_1_751' title='bbox 753 2833 879 2860; x_wconf 81' lang='lat' dir='ltr'><strong>habeant.</strong></span> <span class='ocrx_word' id='word_1_752' title='bbox 897 2833 955 2860; x_wconf 75' lang='lat' dir='ltr'><strong>Mox</strong></span> <span class='ocrx_word' id='word_1_753' title='bbox 977 2834 1028 2860; x_wconf 84' lang='grc' dir='ltr'>οὑκ</span> 
     </span>
    </p>
   </div>
   <div class='ocr_carea' id='block_1_107' title="bbox 241 2864 1026 2903">
    <p class='ocr_par' dir='ltr' id='par_1_107' title="bbox 241 2864 1026 2903">
     <span class='ocr_line' id='line_1_108' title="bbox 241 2864 1026 2903; baseline 0.005 -11"><span class='ocrx_word' id='word_1_754' title='bbox 241 2864 358 2901; x_wconf 67' lang='grc' dir='ltr'>ιιιιειοῦν</span> <span class='ocrx_word' id='word_1_755' title='bbox 373 2867 464 2894; x_wconf 81' lang='lat' dir='ltr'><strong>deerat</strong></span> <span class='ocrx_word' id='word_1_756' title='bbox 482 2867 508 2894; x_wconf 93' lang='lat' dir='ltr'><strong>in</strong></span> <span class='ocrx_word' id='word_1_757' title='bbox 525 2864 617 2895; x_wconf 77' lang='lat' dir='ltr'><strong>editis.</strong></span> <span class='ocrx_word' id='word_1_758' title='bbox 634 2864 688 2895; x_wconf 81' lang='lat' dir='ltr'><strong>Sed</strong></span> <span class='ocrx_word' id='word_1_759' title='bbox 703 2868 728 2895; x_wconf 88' lang='lat' dir='ltr'><strong>in</strong></span> <span class='ocrx_word' id='word_1_760' title='bbox 746 2867 831 2903; x_wconf 74' lang='lat' dir='ltr'><strong>[legio</strong></span> <span class='ocrx_word' id='word_1_761' title='bbox 844 2873 870 2896; x_wconf 91' lang='lat' dir='ltr'><strong>et</strong></span> <span class='ocrx_word' id='word_1_762' title='bbox 882 2868 962 2896; x_wconf 79' lang='lat' dir='ltr'><strong>Basil.</strong></span> <span class='ocrx_word' id='word_1_763' title='bbox 977 2869 1026 2896; x_wconf 84' lang='lat' dir='ltr'><strong>ha-</strong></span> 
     </span>
    </p>
   </div>
   <div class='ocr_carea' id='block_1_108' title="bbox 1083 2268 1868 2306">
    <p class='ocr_par' dir='ltr' id='par_1_108' title="bbox 1083 2268 1868 2306">
     <span class='ocr_line' id='line_1_109' title="bbox 1083 2268 1868 2306; baseline -0.004 -9"><span class='ocrx_word' id='word_1_764' title='bbox 1083 2270 1177 2306; x_wconf 79' lang='grc' dir='ltr'><strong>Ἣμῶν</strong></span> <span class='ocrx_word' id='word_1_765' title='bbox 1192 2270 1283 2297; x_wconf 86' lang='grc' dir='ltr'>τοίνυν</span> <span class='ocrx_word' id='word_1_766' title='bbox 1304 2269 1469 2297; x_wconf 86' lang='grc' dir='ltr'>ἀνελθόντων</span> <span class='ocrx_word' id='word_1_767' title='bbox 1489 2270 1529 2301; x_wconf 83' lang='grc' dir='ltr'><strong>εἰς</strong></span> <span class='ocrx_word' id='word_1_768' title='bbox 1544 2269 1593 2304; x_wconf 79' lang='grc' dir='ltr'>τὴν</span> <span class='ocrx_word' id='word_1_769' title='bbox 1610 2268 1732 2304; x_wconf 84' lang='grc' dir='ltr'>Ῥώμην,</span> <span class='ocrx_word' id='word_1_770' title='bbox 1750 2268 1868 2303; x_wconf 75' lang='grc' dir='ltr'>ἔγραψεν</span> 
     </span>
    </p>
   </div>
   <div class='ocr_carea' id='block_1_109' title="bbox 1078 2315 1867 2351">
    <p class='ocr_par' dir='ltr' id='par_1_109' title="bbox 1078 2315 1867 2351">
     <span class='ocr_line' id='line_1_110' title="bbox 1078 2315 1867 2351; baseline -0.001 -9"><span class='ocrx_word' id='word_1_771' title='bbox 1078 2316 1191 2348; x_wconf 84' lang='grc' dir='ltr'>εἰκότως</span> <span class='ocrx_word' id='word_1_772' title='bbox 1208 2315 1317 2348; x_wconf 85' lang='grc' dir='ltr'>Ἰούλιος</span> <span class='ocrx_word' id='word_1_773' title='bbox 1338 2316 1386 2343; x_wconf 82' lang='grc' dir='ltr'>καὶ</span> <span class='ocrx_word' id='word_1_774' title='bbox 1406 2315 1452 2342; x_wconf 71' lang='grc' dir='ltr'><strong>ἐπὶ</strong></span> <span class='ocrx_word' id='word_1_775' title='bbox 1467 2315 1531 2346; x_wconf 80' lang='grc' dir='ltr'>τοὺς</span> <span class='ocrx_word' id='word_1_776' title='bbox 1551 2315 1615 2351; x_wconf 83' lang='grc' dir='ltr'>περὶ</span> <span class='ocrx_word' id='word_1_777' title='bbox 1634 2315 1763 2342; x_wconf 79' lang='grc' dir='ltr'>Εὑσέὸιον</span> <span class='ocrx_word' id='word_1_778' title='bbox 1774 2335 1781 2346; x_wconf 91' lang='grc'><strong>,</strong></span> <span class='ocrx_word' id='word_1_779' title='bbox 1798 2315 1867 2341; x_wconf 82' lang='grc' dir='ltr'>ἀπο-</span> 
     </span>
    </p>
   </div>
   <div class='ocr_carea' id='block_1_110' title="bbox 1079 2360 1869 2400">
    <p class='ocr_par' dir='ltr' id='par_1_110' title="bbox 1079 2360 1869 2400">
     <span class='ocr_line' id='line_1_111' title="bbox 1079 2360 1869 2400; baseline -0.003 -11"><span class='ocrx_word' id='word_1_780' title='bbox 1079 2362 1186 2394; x_wconf 79' lang='grc' dir='ltr'>στείλας</span> <span class='ocrx_word' id='word_1_781' title='bbox 1201 2363 1249 2389; x_wconf 74' lang='grc' dir='ltr'>καὶ</span> <span class='ocrx_word' id='word_1_782' title='bbox 1269 2362 1316 2389; x_wconf 87' lang='grc' dir='ltr'><strong>δύο</strong></span> <span class='ocrx_word' id='word_1_783' title='bbox 1329 2361 1528 2400; x_wconf 75' lang='grc' dir='ltr'>πρεσδυτέρους</span> <span class='ocrx_word' id='word_1_784' title='bbox 1548 2360 1655 2394; x_wconf 73' lang='grc' dir='ltr'>ἑαυτοῦ,</span> <span class='ocrx_word' id='word_1_785' title='bbox 1677 2361 1808 2388; x_wconf 82' lang='grc' dir='ltr'>Ἐλπίδιον</span> <span class='ocrx_word' id='word_1_786' title='bbox 1821 2361 1869 2387; x_wconf 72' lang='grc' dir='ltr'>καὶ</span> 
     </span>
    </p>
   </div>
   <div class='ocr_carea' id='block_1_111' title="bbox 1078 2407 1868 2443">
    <p class='ocr_par' dir='ltr' id='par_1_111' title="bbox 1078 2407 1868 2443">
     <span class='ocr_line' id='line_1_112' title="bbox 1078 2407 1868 2443; baseline -0.001 -8"><span class='ocrx_word' id='word_1_787' title='bbox 1078 2409 1229 2441; x_wconf 81' lang='grc' dir='ltr'>Φιλόξενον.</span> <span class='ocrx_word' id='word_1_788' title='bbox 1253 2409 1366 2435; x_wconf 82' lang='grc' dir='ltr'>Ἐκεῖνοι</span> <span class='ocrx_word' id='word_1_789' title='bbox 1380 2407 1408 2435; x_wconf 86' lang='grc' dir='ltr'>δὲ</span> <span class='ocrx_word' id='word_1_790' title='bbox 1418 2428 1426 2440; x_wconf 89' lang='grc'><strong>,</strong></span> <span class='ocrx_word' id='word_1_791' title='bbox 1443 2407 1608 2439; x_wconf 82' lang='grc' dir='ltr'>ἀκούσαντες</span> <span class='ocrx_word' id='word_1_792' title='bbox 1623 2408 1687 2443; x_wconf 73' lang='grc' dir='ltr'>περὶ</span> <span class='ocrx_word' id='word_1_793' title='bbox 1702 2407 1790 2443; x_wconf 75' lang='grc' dir='ltr'>ἡμῶν,</span> <span class='ocrx_word' id='word_1_794' title='bbox 1804 2408 1868 2434; x_wconf 72' lang='grc' dir='ltr'>ἑτα-</span> 
     </span>
    </p>
   </div>
   <div class='ocr_carea' id='block_1_112' title="bbox 1081 2453 1866 2490">
    <p class='ocr_par' dir='ltr' id='par_1_112' title="bbox 1081 2453 1866 2490">
     <span class='ocr_line' id='line_1_113' title="bbox 1081 2453 1866 2490; baseline -0.001 -10"><span class='ocrx_word' id='word_1_795' title='bbox 1081 2454 1232 2489; x_wconf 83' lang='grc' dir='ltr'>ράχθησαν,</span> <span class='ocrx_word' id='word_1_796' title='bbox 1265 2455 1296 2481; x_wconf 83' lang='grc' dir='ltr'>οὐ</span> <span class='ocrx_word' id='word_1_797' title='bbox 1327 2453 1563 2490; x_wconf 77' lang='grc' dir='ltr'>προσδοκήσαντες</span> <span class='ocrx_word' id='word_1_798' title='bbox 1587 2454 1662 2489; x_wconf 81' lang='grc' dir='ltr'>ἡμᾶς</span> <span class='ocrx_word' id='word_1_799' title='bbox 1686 2453 1866 2489; x_wconf 82' lang='grc' dir='ltr'>ἀνέρχεσθαι·</span> 
     </span>
    </p>
   </div>
   <div class='ocr_carea' id='block_1_113' title="bbox 1083 2551 1525 2586">
    <p class='ocr_par' dir='ltr' id='par_1_113' title="bbox 1083 2551 1525 2586">
     <span class='ocr_line' id='line_1_114' title="bbox 1083 2551 1525 2586; baseline -0.007 -6"><span class='ocrx_word' id='word_1_800' title='bbox 1083 2553 1175 2583; x_wconf 79' lang='lat' dir='ltr'><strong>betur,</strong></span> <span class='ocrx_word' id='word_1_801' title='bbox 1191 2551 1368 2586; x_wconf 81' lang='lat' dir='ltr'><strong>Nanniusqne</strong></span> <span class='ocrx_word' id='word_1_802' title='bbox 1381 2551 1525 2585; x_wconf 83' lang='lat' dir='ltr'><strong>expressit.</strong></span> 
     </span>
    </p>
   </div>
   <div class='ocr_carea' id='block_1_114' title="bbox 1120 2586 1867 2622">
    <p class='ocr_par' dir='ltr' id='par_1_114' title="bbox 1120 2586 1867 2622">
     <span class='ocr_line' id='line_1_115' title="bbox 1120 2586 1867 2622; baseline -0.001 -8"><span class='ocrx_word' id='word_1_803' title='bbox 1120 2587 1177 2622; x_wconf 70' lang='grc'><strong>(46)</strong></span> <span class='ocrx_word' id='word_1_804' title='bbox 1193 2586 1398 2622; x_wconf 68' lang='lat' dir='ltr'><strong>Meletianorum</strong></span> <span class='ocrx_word' id='word_1_805' title='bbox 1412 2587 1600 2622; x_wconf 65' lang='lat' dir='ltr'><strong>episcoporum</strong></span> <span class='ocrx_word' id='word_1_806' title='bbox 1612 2586 1720 2614; x_wconf 85' lang='lat' dir='ltr'><strong>nomina</strong></span> <span class='ocrx_word' id='word_1_807' title='bbox 1737 2586 1867 2614; x_wconf 87' lang='lat' dir='ltr'><strong>adhibere</strong></span> 
     </span>
    </p>
   </div>
   <div class='ocr_carea' id='block_1_115' title="bbox 1082 2621 1863 2656">
    <p class='ocr_par' dir='ltr' id='par_1_115' title="bbox 1082 2621 1863 2656">
     <span class='ocr_line' id='line_1_116' title="bbox 1082 2621 1863 2656; baseline -0.004 -7"><span class='ocrx_word' id='word_1_808' title='bbox 1082 2630 1142 2650; x_wconf 89' lang='lat' dir='ltr'><strong>mos</strong></span> <span class='ocrx_word' id='word_1_809' title='bbox 1157 2627 1218 2649; x_wconf 88' lang='lat' dir='ltr'><strong>erat</strong></span> <span class='ocrx_word' id='word_1_810' title='bbox 1242 2621 1413 2655; x_wconf 86' lang='lat' dir='ltr'><strong>Eusebianls,</strong></span> <span class='ocrx_word' id='word_1_811' title='bbox 1431 2626 1460 2648; x_wconf 92' lang='lat' dir='ltr'><strong>ut</strong></span> <span class='ocrx_word' id='word_1_812' title='bbox 1474 2621 1622 2656; x_wconf 61' lang='lat' dir='ltr'><strong>Egyptum</strong></span> <span class='ocrx_word' id='word_1_813' title='bbox 1639 2629 1730 2648; x_wconf 87' lang='lat' dir='ltr'><strong>secum</strong></span> <span class='ocrx_word' id='word_1_814' title='bbox 1751 2629 1863 2656; x_wconf 79' lang='lat' dir='ltr'><strong>consen-</strong></span> 
     </span>
    </p>
   </div>
   <div class='ocr_carea' id='block_1_116' title="bbox 1082 2655 1866 2691">
    <p class='ocr_par' dir='ltr' id='par_1_116' title="bbox 1082 2655 1866 2691">
     <span class='ocr_line' id='line_1_117' title="bbox 1082 2655 1866 2691; baseline -0.001 -7"><span class='ocrx_word' id='word_1_815' title='bbox 1082 2657 1132 2684; x_wconf 93' lang='lat' dir='ltr'><strong>tire</strong></span> <span class='ocrx_word' id='word_1_816' title='bbox 1146 2658 1336 2684; x_wconf 86' lang='lat' dir='ltr'><strong>mentirentur.</strong></span> <span class='ocrx_word' id='word_1_817' title='bbox 1346 2657 1421 2690; x_wconf 77' lang='lat' dir='ltr'><strong>Quod</strong></span> <span class='ocrx_word' id='word_1_818' title='bbox 1435 2657 1461 2683; x_wconf 92' lang='lat' dir='ltr'><strong>in</strong></span> <span class='ocrx_word' id='word_1_819' title='bbox 1473 2655 1722 2690; x_wconf 84' lang='lat' dir='ltr'><strong>Philippopolitanis</strong></span> <span class='ocrx_word' id='word_1_820' title='bbox 1735 2657 1804 2691; x_wconf 85' lang='lat' dir='ltr'><strong>apud</strong></span> <span class='ocrx_word' id='word_1_821' title='bbox 1820 2655 1866 2683; x_wconf 86' lang='lat' dir='ltr'><strong>Hi-</strong></span> 
     </span>
    </p>
   </div>
   <div class='ocr_carea' id='block_1_117' title="bbox 1081 2691 1658 2726">
    <p class='ocr_par' dir='ltr' id='par_1_117' title="bbox 1081 2691 1658 2726">
     <span class='ocr_line' id='line_1_118' title="bbox 1081 2691 1658 2726; baseline -0.002 -7"><span class='ocrx_word' id='word_1_822' title='bbox 1081 2692 1177 2719; x_wconf 86' lang='lat' dir='ltr'><strong>larium</strong></span> <span class='ocrx_word' id='word_1_823' title='bbox 1191 2692 1432 2726; x_wconf 80' lang='lat' dir='ltr'><strong>subscriptionibos</strong></span> <span class='ocrx_word' id='word_1_824' title='bbox 1449 2691 1658 2718; x_wconf 82' lang='lat' dir='ltr'><strong>animadvertas.</strong></span> 
     </span>
    </p>
   </div>
   <div class='ocr_carea' id='block_1_118' title="bbox 1129 2726 1737 2760">
    <p class='ocr_par' dir='ltr' id='par_1_118' title="bbox 1129 2726 1737 2760">
     <span class='ocr_line' id='line_1_119' title="bbox 1129 2726 1737 2760; baseline -0.003 -6"><span class='ocrx_word' id='word_1_825' title='bbox 1129 2727 1174 2760; x_wconf 78' lang='grc'><strong>47)</strong></span> <span class='ocrx_word' id='word_1_826' title='bbox 1190 2727 1250 2754; x_wconf 65' lang='lat' dir='ltr'><strong>Haec</strong></span> <span class='ocrx_word' id='word_1_827' title='bbox 1263 2728 1297 2754; x_wconf 89' lang='lat' dir='ltr'><strong>ab</strong></span> <span class='ocrx_word' id='word_1_828' title='bbox 1317 2734 1388 2754; x_wconf 90' lang='lat' dir='ltr'><strong>anno</strong></span> <span class='ocrx_word' id='word_1_829' title='bbox 1400 2726 1453 2754; x_wconf 75' lang='grc'><strong>540</strong></span> <span class='ocrx_word' id='word_1_830' title='bbox 1463 2727 1496 2754; x_wconf 88' lang='lat' dir='ltr'><strong>ad</strong></span> <span class='ocrx_word' id='word_1_831' title='bbox 1509 2726 1564 2754; x_wconf 65' lang='lat' dir='ltr'><strong>5M</strong></span> <span class='ocrx_word' id='word_1_832' title='bbox 1580 2732 1655 2760; x_wconf 70' lang='lat' dir='ltr'><strong>gesta</strong></span> <span class='ocrx_word' id='word_1_833' title='bbox 1674 2731 1737 2752; x_wconf 90' lang='lat' dir='ltr'><strong>sunt</strong></span> 
     </span>
    </p>
   </div>
   <div class='ocr_carea' id='block_1_119' title="bbox 1117 2728 1864 2798">
    <p class='ocr_par' dir='ltr' id='par_1_119' title="bbox 1117 2728 1864 2798">
     <span class='ocr_line' id='line_1_120' title="bbox 1129 2728 1737 2760; baseline -0.003 -6"><span class='ocrx_word' id='word_1_834' title='bbox 1129 2728 1174 2760; x_wconf 76' lang='grc'><strong>47)</strong></span> <span class='ocrx_word' id='word_1_835' title='bbox 1190 2728 1250 2754; x_wconf 65' lang='lat' dir='ltr'><strong>Haec</strong></span> <span class='ocrx_word' id='word_1_836' title='bbox 1263 2728 1297 2754; x_wconf 87' lang='lat' dir='ltr'><strong>ab</strong></span> <span class='ocrx_word' id='word_1_837' title='bbox 1317 2734 1388 2754; x_wconf 85' lang='lat' dir='ltr'><strong>anno</strong></span> <span class='ocrx_word' id='word_1_838' title='bbox 1400 2728 1453 2754; x_wconf 73' lang='grc'><strong>540</strong></span> <span class='ocrx_word' id='word_1_839' title='bbox 1463 2728 1496 2754; x_wconf 87' lang='lat' dir='ltr'><strong>ad</strong></span> <span class='ocrx_word' id='word_1_840' title='bbox 1509 2728 1564 2754; x_wconf 64' lang='grc'><strong>542</strong></span> <span class='ocrx_word' id='word_1_841' title='bbox 1580 2732 1655 2760; x_wconf 69' lang='lat' dir='ltr'><strong>gesta</strong></span> <span class='ocrx_word' id='word_1_842' title='bbox 1674 2731 1737 2752; x_wconf 87' lang='lat' dir='ltr'><strong>sunt</strong></span> 
     </span>
     <span class='ocr_line' id='line_1_121' title="bbox 1117 2728 1864 2798; baseline -0.003 -9"><span class='ocrx_word' id='word_1_843' title='bbox 1117 2728 1173 2798; x_wconf 50' lang='grc' dir='ltr'>ἓιε)</span> <span class='ocrx_word' id='word_1_844' title='bbox 1196 2761 1312 2798; x_wconf 18' lang='lat' dir='ltr'><strong>Ilarﬂeg.</strong></span> <span class='ocrx_word' id='word_1_845' title='bbox 1332 2762 1400 2798; x_wconf 80' lang='lat' dir='ltr'><strong>Editi</strong></span> <span class='ocrx_word' id='word_1_846' title='bbox 1415 2769 1480 2789; x_wconf 91' lang='lat' dir='ltr'><strong>vero</strong></span> <span class='ocrx_word' id='word_1_847' title='bbox 1491 2766 1515 2798; x_wconf 82' lang='lat' dir='ltr'><strong>et</strong></span> <span class='ocrx_word' id='word_1_848' title='bbox 1534 2761 1578 2798; x_wconf 67' lang='lat' dir='ltr'><strong>alii</strong></span> <span class='ocrx_word' id='word_1_849' title='bbox 1599 2769 1664 2798; x_wconf 73' lang='lat' dir='ltr'><strong>mss.</strong></span> <span class='ocrx_word' id='word_1_850' title='bbox 1682 2760 1864 2798; x_wconf 77' lang='grc' dir='ltr'>ἐπιδιδόντων.</span> 
     </span>
    </p>
   </div>
   <div class='ocr_carea' id='block_1_120' title="bbox 1081 2795 1864 2832">
    <p class='ocr_par' dir='ltr' id='par_1_120' title="bbox 1081 2795 1864 2832">
     <span class='ocr_line' id='line_1_122' title="bbox 1081 2795 1864 2832; baseline -0.001 -8"><span class='ocrx_word' id='word_1_851' title='bbox 1081 2795 1139 2824; x_wconf 74' lang='grc' dir='ltr'><strong>Μυί</strong></span> <span class='ocrx_word' id='word_1_852' title='bbox 1158 2798 1184 2824; x_wconf 83' lang='grc' dir='ltr'>οἱ</span> <span class='ocrx_word' id='word_1_853' title='bbox 1195 2797 1250 2824; x_wconf 77' lang='grc' dir='ltr'><strong>ἀπὸ</strong></span> <span class='ocrx_word' id='word_1_854' title='bbox 1260 2795 1310 2832; x_wconf 66' lang='grc' dir='ltr'>τῆς</span> <span class='ocrx_word' id='word_1_855' title='bbox 1323 2796 1473 2831; x_wconf 76' lang='grc' dir='ltr'>Αἰγύπτου.</span> <span class='ocrx_word' id='word_1_856' title='bbox 1497 2796 1535 2824; x_wconf 82' lang='lat' dir='ltr'><strong>Ita</strong></span> <span class='ocrx_word' id='word_1_857' title='bbox 1555 2796 1619 2831; x_wconf 75' lang='lat' dir='ltr'><strong>Reg.</strong></span> <span class='ocrx_word' id='word_1_858' title='bbox 1638 2795 1667 2824; x_wconf 82' lang='lat' dir='ltr'><strong>in</strong></span> <span class='ocrx_word' id='word_1_859' title='bbox 1682 2796 1762 2824; x_wconf 76' lang='lat' dir='ltr'><strong>editis</strong></span> <span class='ocrx_word' id='word_1_860' title='bbox 1774 2801 1864 2824; x_wconf 83' lang='lat' dir='ltr'><strong>autem</strong></span> 
     </span>
    </p>
   </div>
   <div class='ocr_carea' id='block_1_121' title="bbox 1080 2832 1433 2867">
    <p class='ocr_par' dir='ltr' id='par_1_121' title="bbox 1080 2832 1433 2867">
     <span class='ocr_line' id='line_1_123' title="bbox 1080 2832 1433 2867; baseline 0 -7"><span class='ocrx_word' id='word_1_861' title='bbox 1080 2838 1106 2861; x_wconf 90' lang='lat' dir='ltr'><strong>ct</strong></span> <span class='ocrx_word' id='word_1_862' title='bbox 1121 2832 1182 2861; x_wconf 80' lang='lat' dir='ltr'><strong>aliis</strong></span> <span class='ocrx_word' id='word_1_863' title='bbox 1196 2840 1262 2861; x_wconf 82' lang='lat' dir='ltr'><strong>mss.</strong></span> <span class='ocrx_word' id='word_1_864' title='bbox 1280 2832 1330 2867; x_wconf 76' lang='grc' dir='ltr'>τῆς</span> <span class='ocrx_word' id='word_1_865' title='bbox 1347 2833 1433 2860; x_wconf 79' lang='lat' dir='ltr'><strong>deest.</strong></span> 
     </span>
    </p>
   </div>
  </div>
