2031 3048
259 143 314 172 283

579 141 608 168 S.
629 139 814 167 ATIIANASII
835 139 910 167 OPP.
930 137 1021 165 PARS
1042 136 1103 165 |.—
1123 136 1307 164 HISTORICA
1328 136 1370 163 ET
1391 137 1600 165 DOGMATZCA.

1830 139 1886 166 284

261 199 425 230 solarentur,
441 203 467 226 et
480 205 528 225 eos
547 198 594 232 qui
611 198 778 232 scripserant
793 198 1002 224 adhortarentur
1016 202 1041 223 ut

1096 195 1253 221 ἀποστεῖλαι
1267 194 1418 230 συμπαθεῖν
1439 196 1494 227 τοῖς
1514 196 1664 230 πασχουσις
1680 195 1886 231 προτρέψασθαι

262 244 405 276 venirem;
421 250 475 277 quo
486 250 565 276 quam
581 242 696 277 prinnnn
711 242 835 270 omnibus
851 242 959 270 tandem
973 249 1047 269 com-

262 289 369 322 positis,
390 295 441 315 nec
453 288 553 315 diutius
576 287 674 315 fratres
690 288 776 315 nostri
799 292 972 318 vexarentur,
997 294 1046 315 nec

261 341 310 361 vos
326 334 435 369 quidam
457 333 705 361 calumniarentur?
728 334 782 361 Sed
806 334 897 361 nescio
918 333 981 368 quid
998 341 1047 361 vos

262 379 300 406 ita
320 379 432 406 allectos
452 379 585 412 exhibuit,
601 383 631 406 ut
653 387 703 407 nos
718 379 879 407 induxeritis
901 380 935 407 ad
958 380 1046 414 suspi-

261 425 387 457 candum,
403 432 463 460 qua:
475 432 522 452 vos
536 427 616 453 verba
632 433 682 452 nos
696 425 844 452 honorandi
858 432 941 452 causa
955 425 1047 452 dicere

262 470 438 502 videbamini,
454 471 510 497 haec
534 470 592 505 ipsa
607 479 669 498 cum
693 470 810 506 quadam
832 470 1047 498 dissimulatione

261 516 371 544 dixisse.
397 515 551 552 Presbyteri
571 524 686 551 namque
708 517 755 551 qui
780 517 854 544 missi
880 521 954 549 sunt,
978 524 1046 551 quos

260 570 322 590 cum
337 563 435 597 gaudio
451 563 564 590 rediisse
582 563 688 597 decuit,
711 568 821 591 econtra
837 563 926 590 maesti
942 563 1046 590 rediere

260 609 295 636 ob
310 616 342 636 ea
358 615 418 643 qua
434 608 488 635 illic
506 608 562 643 geri
587 613 794 642 conspexerant.
809 607 866 643 Ego
887 615 952 636 vero
971 613 1046 642 post-

259 661 341 689 quam
365 654 469 681 litteras
483 653 547 689 legi,
564 661 625 681 cum
648 654 732 681 multa
747 661 852 682 mecum
868 659 1044 690 reputassem,

259 699 401 734 epistolam
415 699 484 734 apud
501 706 544 726 me
556 699 668 732 retinui,
685 707 799 734 sperans
813 705 931 727 vestrum
949 700 1044 727 saltem

262 746 368 780 aliquos
385 752 445 773 esse
460 751 597 778 venturos,
614 753 664 773 nec
677 745 790 781 epistola
807 753 874 780 opus
889 746 961 779 fore;
975 753 1009 774 ne
1021 747 1044 774 si

261 791 308 819 illa
341 792 428 826 palam
456 791 587 826 prodiret,
614 791 712 818 multos
731 791 773 818 hic
799 792 890 819 dolore
915 791 1042 820 adiceret.

258 837 484 872 Quandoquidem
499 843 590 865 autem
607 838 682 864 nullo
695 837 856 865 adveniente
869 845 980 865 necesse
995 839 1044 865 l‘uit

261 883 334 910 illam
361 882 493 917 proferre,
519 882 606 910 lateor
630 884 716 915 vobis,
743 890 837 910 omnes
863 883 1044 910 admiratione

259 933 354 962 captos
375 928 420 955 vix
443 927 532 955 induci
552 928 671 962 potuisse
691 933 720 955 ut
734 928 876 956 crederent
892 936 937 956 res
953 928 1045 962 hujus-

259 975 330 1002 ntodl
351 982 366 1001 a
388 974 464 1002 vobis
475 982 537 1002 esse
551 975 688 1009 scriptas:
708 975 847 1002 contentio
870 975 941 1002 enim
958 975 1045 1010 magis

262 1028 341 1055 quam
356 1020 474 1048 charitaa
490 1020 516 1047 in
531 1020 576 1047 illa
595 1020 708 1054 epistola
729 1027 788 1048 sese
803 1020 945 1054 prodebat.
966 1020 1043 1053 Quod

259 1066 284 1093 si
305 1065 466 1100 eloquentia
480 1066 647 1092 ostentandae
671 1073 762 1096 causa,
787 1067 830 1100 qui
845 1066 984 1100 epistolam
1003 1067 1044 1093 di-

259 1110 343 1138 ctavit
357 1111 393 1137 ita
407 1110 556 1144 scripserit,
568 1110 717 1144 huiusmodi
727 1117 791 1138 sane
804 1111 920 1137 studium
932 1110 964 1137 ad
976 1110 1042 1137 alios

260 1161 374 1191 spectat.
389 1155 417 1183 In
434 1156 512 1183 rebus
528 1155 598 1182 enim
620 1155 824 1186 ecclesiasticis.
839 1164 891 1183 non
906 1156 1042 1191 specimen

259 1201 419 1236 eloquentia:
431 1201 603 1236 quaerendum
616 1206 667 1235 est,
683 1202 730 1229 sed
751 1210 868 1230 canones
883 1202 1041 1237 apostolici;

262 1255 295 1276 ac
311 1247 487 1279 studendum,
502 1252 531 1273 ut
546 1255 579 1274 ne
588 1255 657 1274 unus
671 1247 777 1282 quidem
794 1255 827 1275 ex
841 1248 944 1282 pusillis
956 1247 1000 1282 qui
1017 1247 1043 1274 in

261 1294 382 1322 Ecclesia
405 1298 467 1321 sunt
482 1293 678 1320 scandalizetur
688 1294 722 1320 ".
740 1292 854 1328 Expedit
875 1293 946 1320 enim
967 1293 1041 1328 juxta

258 1339 468 1368 ecclesiasticam
491 1339 666 1369 sententiam,
685 1338 763 1373 112
779 1337 876 1365 molam
899 1339 1042 1365 asinariam

258 1384 414 1419 suspendia
432 1383 512 1415 collo,
535 1390 563 1411 et
582 1383 618 1411 ita
642 1384 772 1418 demet-gi,
794 1383 882 1418 potius
899 1391 980 1418 quam
1001 1383 1042 1410 vel

259 1437 340 1457 unum
363 1437 396 1456 ex
416 1429 521 1464 pusillis
541 1429 736 1456 scandalizare.
761 1428 838 1462 Quod
859 1429 881 1456 si
908 1428 1042 1463 aliquibus

259 1477 374 1512 quadam
388 1477 503 1504 invicem
515 1476 650 1503 simultate
660 1475 748 1503 ductis
760 1474 829 1510 (non
839 1476 911 1502 enim
921 1476 1041 1503 omnium

260 1523 339 1550 talem
356 1527 473 1549 mentem
488 1521 571 1549 fuisse
585 1521 716 1555 dixerim)
733 1521 885 1548 istiusmodi
899 1522 1038 1555 epistolam
1054 1534 1075 1564 ο

257 1569 340 1596 scribi
357 1568 476 1603 placuit:
491 1568 605 1595 decebat
617 1568 725 1602 quidem
741 1569 784 1594 vel
802 1568 913 1595 omnino
928 1575 980 1595 non
999 1568 1040 1595 ol-

258 1614 342 1647 fendi,
359 1619 405 1641 aut
420 1614 503 1641 solem
518 1621 570 1641 non
585 1614 710 1641 occidere
723 1621 805 1648 super
816 1613 917 1641 olfensa
929 1614 953 1630 "
966 1621 975 1641 :
994 1619 1040 1641 aut

257 1660 352 1687 saltent
372 1667 404 1687 eo
418 1659 541 1694 progredi
559 1666 612 1686 non
626 1658 755 1694 oportuit,
773 1663 802 1686 ut
820 1667 851 1686 ea
873 1659 974 1694 scripto
994 1660 1040 1687 de—

257 1707 417 1734 clararetur.
549 1735 556 1742 _

290 1753 335 1780 τε.
360 1752 428 1786 Quid
450 1753 523 1780 enim
547 1758 637 1780 actum
663 1757 706 1780 est
725 1753 833 1787 dignum
850 1751 973 1787 querela,
994 1756 1040 1779 aut

257 1799 416 1832 quibusnam
434 1798 553 1833 epistola:
566 1806 632 1825 mea:
642 1799 722 1825 dictis
737 1798 812 1825 vobis
825 1798 1038 1825 succensendum

257 1845 323 1872 fuit?
338 1845 378 1872 An
403 1845 464 1879 quia
483 1845 581 1872 hortati
598 1852 689 1872 sumus
713 1848 742 1871 ut
757 1845 790 1871 ad
809 1844 939 1879 synodum
960 1851 1039 1870 acce-

259 1893 377 1920 deretis?
391 1892 464 1926 atqui
479 1891 543 1918 illud
560 1898 619 1917 cum
635 1890 732 1925 gaudio
747 1891 838 1925 potius
851 1890 1038 1924 excipiendum

258 1937 319 1965 fuit.
336 1938 385 1971 Qui
404 1938 474 1964 enim
494 1937 574 1962 rehus
590 1943 603 1962 a
622 1942 651 1962 se
664 1935 747 1970 gestis
762 1940 818 1967 aut,
839 1940 867 1962 ut
887 1935 935 1969 ipsi
952 1935 1038 1967 aiunt,

254 1983 382 2019 judicatis
395 1990 446 2010 non
459 1982 591 2013 dilIidunt,
605 1989 658 2008 non
671 1981 778 2015 indigne
793 1980 883 2008 ferunt
895 1981 917 2008 si
933 1981 967 2007 ab
979 1980 1038 2007 aliis

254 2029 383 2062 iudicium
406 2035 483 2055 suum
502 2028 688 2060 examinetur;
705 2027 753 2054 sed
778 2026 903 2054 ﬁduciam
926 2025 1036 2058 habent,

255 2074 327 2108 quod
345 2080 404 2108 qua:
431 2073 479 2108 ipsi
498 2073 571 2106 ju5te
592 2072 757 2106 iudicarunt.
782 2071 880 2106 iniusta
902 2079 1036 2106 numquam

257 2119 315 2146 ﬁeri
339 2119 453 2146 valeant.
479 2118 610 2151 Quocirca
633 2118 751 2152 episcopi
775 2118 801 2144 in
822 2125 917 2153 magna
935 2117 1038 2153 synodo

257 2163 363 2191 Nicena
378 2163 544 2198 congregati,
562 2170 614 2189 non
629 2163 697 2189 citra
712 2162 757 2189 Dei
771 2162 924 2196 consilium,
939 2162 1038 2198 prioris

255 2210 350 2245 synodi
361 2211 428 2237 Acta
446 2209 473 2236 in
495 2209 548 2235 alia
572 2208 675 2244 synodo
698 2209 811 2243 disquiri
834 2209 1035 2244 permiserunt;
1053 2205 1074 2233 D

256 2261 285 2282 ut
301 2256 346 2290 qui
361 2255 524 2290 iudicarent,
545 2262 601 2290 prie
617 2255 702 2282 oculis
724 2255 864 2288 habentes,
887 2255 1033 2283 secundum

256 2301 374 2330 futurum
390 2309 452 2330 esse
467 2301 608 2336 judicium,
629 2309 690 2329 cum
706 2302 779 2329 omni
795 2301 897 2329 cautela
917 2309 972 2329 rem
988 2309 1035 2329 ex-

255 2347 420 2382 penderent;
436 2351 464 2375 et
478 2347 524 2382 qui
546 2347 743 2381 iudicarentur,
765 2347 907 2374 crederent
931 2354 960 2373 se
980 2355 1032 2375 non

255 2400 289 2421 ex
308 2393 428 2427 priorum
449 2392 568 2428 iudicum
590 2393 653 2420 odio
671 2397 698 2420 et
721 2392 873 2425 inimicitia,
896 2392 942 2420 sed
963 2392 1035 2427 juste

253 2439 386 2473 iudicatos
400 2446 470 2466 esse.
489 2439 564 2472 Quod
583 2439 604 2466 si
627 2438 779 2472 huiusmodi
800 2438 1034 2470 consuetudinem,

255 2484 393 2517 antiquam
413 2491 488 2517 sane,
518 2483 545 2510 in
565 2491 660 2518 magna
677 2483 780 2518 synodo
796 2489 970 2511 memoratam
989 2484 1036 2511 de-

255 2530 447 2564 scriptamque,
462 2530 530 2564 apud
547 2537 593 2556 vos
612 2531 701 2557 valere
717 2530 816 2560 nolitis.
838 2530 962 2557 indecora
979 2531 1036 2557 fne-

256 2575 290 2602 rit
309 2575 441 2609 ejusmodi
458 2575 601 2602 recusatio.
625 2575 725 2601 Morem
749 2582 866 2610 namque
887 2575 933 2610 qui
953 2576 1035 2602 semel

255 2623 282 2646 in
305 2620 425 2648 Ecclesia
441 2621 567 2654 obtinuit,
581 2625 609 2648 et
627 2628 641 2647 a
661 2621 773 2656 synodis
787 2621 963 2650 conﬁrmatus
982 2629 1034 2657 est,

289 2690 311 2706 ⁷⁷
323 2689 418 2717 Matth.
432 2698 507 2722 xvnt,
520 2690 546 2717 G.
583 2691 605 2706 ⁷⁸
626 2690 724 2724 Ephos.
738 2698 775 2724 Iv,
794 2691 842 2718 96.

289 2749 344 2786 (55)
362 2750 425 2786 ﬁeg.
443 2759 493 2786 σχη
498 2751 685 2786 ματισάμενοι.
1012 2774 1014 2776 τ

290 2784 346 2820 (56)
362 2784 503 2812 Νιιτιεηιιιὶι
524 2787 575 2813 hoc
592 2784 729 2813 decretum
754 2786 825 2813 inter
839 2786 934 2820 viginti
949 2794 1033 2815 cano-

256 2825 304 2844 nes
325 2819 419 2846 Nicaxe
439 2821 525 2847 editos
550 2829 601 2848 non
634 2821 757 2847 habetur.
779 2820 831 2848 Sed
855 2819 952 2855 praeter
972 2822 1032 2850 illos

254 2860 370 2882 canones
393 2856 514 2889 quaedam
543 2855 595 2882 alia
621 2855 788 2890 disciplinam
819 2857 968 2891 spectantia
1003 2858 1030 2885 in

1059 867 1080 894 Β

1096 241 1160 272 τοὺς
1172 240 1328 276 γράψαντας
1348 240 1444 272 ἐλθεῖν,
1462 241 1505 267 ἵνα
1524 241 1611 268 πάντα
1626 241 1721 268 θᾶττον
1739 241 1816 267 λύσιν
1837 241 1887 267 λα-

1097 286 1177 313 ϐόντα
1191 286 1367 322 διορθωθῆναι
1382 286 1492 322 δυνηθῇ,
1507 287 1554 314 καὶ
1567 287 1665 322 μηκέτι
1683 288 1751 322 μήτε
1765 287 1791 314 ol
1807 287 1886 314 ἀδελ-

1097 333 1142 368 φοὶ
1165 331 1245 368 ἡμῶν
1265 332 1400 367 πάσχωσι,
1420 333 1488 368 μήτε
1512 333 1584 368 ὑμᾶς
1598 341 1670 364 τινες
1687 332 1886 366 διαϐάλλωσινς

1103 378 1171 405 Ἀλλ’
1188 379 1239 405 οὐκ
1258 376 1333 410 οἶδα,
1349 378 1375 404 τί
1392 378 1422 405 τὸ
1436 378 1515 410 δόξαν
1527 379 1612 411 οὕτως
1626 379 1698 414 ὑμᾶς
1720 379 1885 414 διατεθῆναι,

1096 424 1167 451 ὥστε
1191 425 1238 451 καὶ
1261 425 1334 460 ἡμᾶς
1358 424 1470 459 ποιῆσαι
1487 424 1651 458 λογίζεσθαι,
1670 425 1711 451 ὅτι
1733 425 1781 451 και¹
1800 426 1829 452 ὲν
1845 422 1886 457 οἷς

1096 469 1204 502 ἐδόξατε
1220 470 1339 504 ῥήμασιν
1359 469 1432 504 ἡμᾶς
1456 470 1548 505 τιμᾷν,
1574 469 1660 496 ταῦτα
1682 478 1885 505 μετασχηματι-

1096 515 1204 550 ζόμενοι
1219 514 1274 550 (55)
1291 517 1361 550 μετά
1375 515 1515 550 εἰρωνείας
1528 514 1598 546 τινὸς
1612 515 1750 550 εἰρήκατε.
1766 516 1821 542 Καὶ
1832 515 1885 550 γὰρ

1096 560 1143 587 καὶ
1166 559 1191 585 οἱ
1220 559 1398 595 πρεσϐύτεροι
1417 559 1442 585 ol
1463 559 1670 591 ἀποσταλέντες,
1687 559 1734 591 οὓς
1748 560 1801 586 ἔδει
1817 561 1886 595 μετά

1096 607 1181 642 χαρᾶς
1195 605 1352 632 ἐπανελθεῖν
1373 605 1526 632 τούναντίον
1543 604 1706 641 λυπούμενοι
1724 605 1884 640 ἐπανῆλθον,

1095 650 1138 684 ἐφ’
1153 648 1193 682 οἷς
1213 651 1366 686 ἑωράκασιν
1389 651 1447 676 ἐκεῖ
1465 650 1627 686 γινομένοις.
1653 651 1706 676 Καὶ
1725 650 1812 685 ἔγωγε
1828 652 1885 682 τοῖς

1096 696 1257 731 γράμμασιν
1273 695 1407 730 ἐντυχὼν,
1434 695 1518 722 πολλὰ
1540 696 1732 731 λογισάμενος,
1755 696 1886 732 κατέσχον

1096 741 1161 776 παρ’
1175 740 1286 776 ἐμαυτῷ
1313 740 1362 776 τὴν
1390 741 1544 776 ἐπιστολὴν,
1570 740 1685 775 νομίζων
1712 741 1786 775 ὅμως
1810 741 1886 776 ἥξειν

1094 786 1180 818 τινάς,
1206 785 1254 812 καὶ
1278 786 1314 822 μὴ
1342 787 1436 821 χρείαν
1453 784 1521 813 εἶναι
1540 787 1588 822 τῆς
1610 787 1763 822 ἐπιπολῆς,
1787 788 1830 814 ἵνα
1847 787 1886 824 μὴ

1096 833 1150 864 καὶ,
1172 834 1201 864 ἐς
1218 832 1333 867 φανερὸν
1351 832 1475 864 ἐλθοῦσα,
1502 832 1615 864 πολλοὺς
1634 833 1688 860 τῶν
1711 833 1826 861 ἐνταῦθα
1838 834 1886 860 λυ-

1096 879 1181 914 πήσῃ.
1206 878 1314 913 Ἐπειδὴ
1332 879 1359 904 δὲ
1373 879 1484 913 μηδενὸς
1501 878 1632 910 ἐλθόντος,
1649 879 1755 914 ἀνάγκη
1775 879 1885 914 γέγονεν

1094 924 1179 960 αὐτὴν
1201 925 1427 960 προκομισθῆναι,
1451 925 1572 960 ὁμολογῶ
1596 925 1670 960 ὑμῖν,
1691 927 1790 958 πάντες
1805 926 1886 954 ἐθαύ-

1096 978 1196 1004 μασαν,
1215 970 1260 996 καὶ
1275 970 1358 1003 ἐγγὺς
1374 969 1503 1000 ἀπιστίας
1518 970 1671 1004 γεγόνασιν,
1689 971 1713 997 εἰ
1736 970 1804 1002 ὅλως
1819 973 1883 1008 παρ’

1095 1015 1171 1050 ὑμῶν
1188 1015 1300 1042 τοιαῦτα
1318 1016 1424 1050 ἐγράφη
1436 1024 1442 1030 ν
1467 1015 1630 1049 φιλονεικίας
1650 1015 1704 1051 γὰρ
1720 1016 1819 1052 μᾶλλον
1837 1018 1884 1044 καὶ

1094 1061 1144 1088 οὐκ
1164 1061 1274 1096 ἀγάπης
1299 1059 1332 1096 ἦν
1356 1062 1525 1097 ήὲπιστολή.
1552 1062 1583 1088 Et
1599 1063 1648 1096 μὲν
1662 1060 1707 1089 οὖν
1729 1062 1884 1099 φιλοτιμίας

1094 1107 1179 1142 λόγων
1206 1107 1298 1133 ἕνεκεν
1328 1109 1342 1133 ὁ
1365 1107 1554 1143 ὑπαγορεύσας
1583 1107 1710 1143 ἔγραψεν,
1739 1108 1826 1136 ἄλλων
1849 1110 1880 1136 τὸ

1094 1153 1212 1180 τοιοῦτον
1233 1153 1411 1188 ἐπιτήδευμα.
1435 1154 1478 1179 Ἐν
1501 1154 1554 1189 γὰρ
1570 1155 1625 1186 τοῖς
1646 1155 1881 1190 ἐκκλησιαστικαῖς

1093 1200 1124 1226 οὐ
1136 1199 1222 1233 λόγων
1235 1199 1363 1232 ἐπίδειξίς
1382 1200 1464 1231 ἐστιν,
1488 1199 1554 1226 ἀλλὰ
1572 1201 1683 1232 κανόνες
1696 1201 1881 1234 ἀποστολικοὶ,

1094 1247 1141 1274 καὶ
1154 1247 1256 1282 σπουδὴ
1267 1246 1314 1273 τοῦ
1333 1247 1370 1282 μὴ
1384 1246 1567 1278 σκανδαλίζειν
1580 1248 1626 1273 ἕνα
1642 1247 1695 1274 τῶν
1710 1248 1816 1284 μικρῶν
1828 1248 1881 1274 τῶν

1093 1294 1121 1320 ὲν
1134 1295 1167 1329 τῇ
1187 1293 1341 1328 Ἐκκλησίᾳ.
1367 1293 1502 1328 Συμφέρει
1524 1293 1577 1329 γὰρ
1603 1294 1672 1321 κατά
1693 1294 1739 1320 τδν
1755 1295 1882 1331 mm“

1093 1338 1204 1365 αστικὺν
1229 1338 1317 1372 λόγον,
1338 1338 1420 1374 μύλον
1446 1338 1534 1364 ὀνικὸν
1565 1339 1752 1374 κρεμασθῆναι
1775 1341 1814 1371 εἰς
1833 1340 1880 1366 τὸν

1092 1384 1224 1419 τράχηλον
1237 1385 1283 1411 καὶ
1294 1384 1548 1418 καταποντισθῆναι,
1560 1385 1576 1419 ἢ
1589 1385 1762 1412 σκανδαλίσαι
1775 1385 1824 1412 κᾶν
1832 1386 1881 1413 ἕνα

1092 1430 1146 1456 τῶν
1159 1429 1274 1465 μικρῶν.
1299 1431 1330 1456 El.
1353 1430 1380 1456 δὲ
1405 1430 1442 1461 ὦς
1462 1439 1540 1457 τινων
1558 1431 1750 1466 λελυπημένων
1769 1431 1813 1459 διὰ
1830 1432 1881 1468 τὴν

1093 1475 1159 1511 πρὸς
1175 1475 1303 1511 ἀλλήλους
1325 1476 1518 1510 μικροψυχίαν,
1535 1477 1575 1510 (οὐ
1590 1476 1644 1512 γὰρ
1657 1477 1689 1504 ἂν
1698 1478 1801 1512 εἴποιμι
1817 1479 1882 1505 πάνυ

1091 1530 1144 1548 των
1157 1520 1225 1548 εἶναι
1240 1522 1342 1556 ταύτην
1362 1521 1473 1557 γνώμην
1487 1522 1505 1556 ’)
1526 1522 1637 1557 τοιαύτη
1658 1523 1768 1557 γέγονεν
1784 1524 1800 1559 ἠ
1820 1525 1880 1551 ἑπι-

1093 1567 1183 1602 στολὴ,
1201 1567 1302 1602 ἔπρεπε
1323 1566 1372 1602 μὲν
1389 1567 1455 1602 μηδὲ
1470 1567 1537 1599 ὅλως
1557 1568 1718 1603 λυπηθῆναι,
1735 1569 1801 1604 μηδὲ
1818 1571 1879 1597 ἐπ’.-

1090 1614 1166 1641 δῦναι
1182 1613 1228 1639 τὸν
1248 1613 1322 1648 ἥλιον
1348 1613 1394 1639 ἐπὶ
1419 1615 1451 1648 τῇ
1468 1613 1556 1649 λύπῃ·
1578 1614 1630 1640 ἔδει
1652 1615 1680 1641 δὲ
1701 1616 1775 1650 ὅμως
1789 1616 1826 1652 μὴ
1840 1617 1880 1648 είς

1089 1659 1213 1687 τοσοῦτον
1243 1659 1433 1694 παραχθῆναι,
1461 1659 1530 1685 ὥστε
1561 1660 1609 1686 καὶ
1634 1660 1771 1696 ἔγγραφον
1795 1661 1879 1697 αὐτὴν

1091 1705 1287 1738 ἐπιδείξασθαι.

1124 1752 1169 1779 22.
1184 1751 1216 1777 Τί
1229 1751 1283 1785 γὰρ
1299 1751 1346 1777 καὶ
1361 1750 1473 1784 γέγονεν
1494 1751 1568 1784 ἄξιον
1591 1751 1689 1788 λύπης,
1704 1752 1720 1787 ἢ
1735 1753 1763 1780 ἐν
1778 1752 1831 1780 τίνι
1844 1749 1879 1788 ἧν

1089 1798 1161 1831 ἄξιον
1179 1799 1333 1835 λυπηθῆναι
1355 1801 1427 1836 ὑμᾶς
1448 1799 1488 1832 οἷς
1510 1801 1558 1828 καὶ
1581 1802 1757 1837 ὲγράψαμενς
1782 1803 1817 1829 Ἣ
1837 1803 1879 1829 ὃτι

1089 1846 1314 1881 προετρεψάμεθα
1334 1847 1374 1878 εἰς
1397 1847 1504 1874 σύνοδον
1526 1847 1697 1882 ἀπαντῆσαι;
1719 1847 1786 1874 ἀλλά
1803 1848 1880 1874 τοῦτο

1090 1890 1189 1925 μᾶλλον
1203 1891 1256 1918 ἔδει
1271 1893 1339 1927 μετὰ
1355 1892 1442 1927 χαρᾶς
1452 1892 1590 1925 δέξασθαι.
1608 1893 1640 1919 Οἱ
1655 1892 1709 1928 γὰρ
1723 1892 1878 1928 παρρησίαν

1087 1936 1204 1972 ἔχοντες,
1218 1938 1260 1972 ἐφ’
1276 1935 1316 1969 οἷς
1332 1938 1509 1973 πεποιήκασι,
1534 1938 1592 1969 καὶ,
1606 1938 1643 1969 ὡς
1664 1938 1740 1964 αὐτοὶ
1761 1937 1877 1972 λέγουσι,

1088 1982 1258 2018 κεκρίκασιν,
1276 1983 1324 2008 οὐκ
1337 1982 1545 2016 ἀγανακτοῦσιν,
1561 1983 1585 2008 εξ
1598 1982 1664 2018 παρ’
1677 1983 1777 2019 ἑτέρων
1788 1982 1880 2015 ἐξετά-

1087 2027 1185 2063 ζοιτοή
1202 2028 1305 2063 κρίσις·
1323 2028 1390 2055 ἀλλᾶ
1404 2028 1548 2064 θαρροῦσιν
1558 2049 1565 2061 ,
1582 2030 1623 2056 ὅτι
1639 2029 1657 2056 ἃ
1676 2029 1787 2061 δικαίως
1801 2029 1877 2064 ἰκρι-

1087 2083 1146 2106 ναν,
1170 2074 1254 2101 ταῦτα
1277 2075 1357 2101 ἄδικα
1376 2075 1426 2102 οὐκ
1450 2076 1482 2102 ἄν
1506 2084 1569 2102 ποτε
1589 2075 1700 2109 γένοιτο,
1730 2075 1778 2102 Διά
1799 2075 1878 2102 τοῦτο

1088 2120 1143 2156 (56)
1159 2121 1205 2148 καὶ
1221 2122 1244 2148 οἱ
1264 2122 1292 2147 ἐν
1307 2123 1340 2157 τῇ
1363 2121 1433 2148 κατά
1447 2121 1563 2148 Νίκαιαν
1579 2121 1684 2158 μεγάλῃ
1702 2121 1801 2156 συνόδῳ
1816 2130 1878 2147 συν-

1088 2166 1209 2198 ελθόντες
1228 2166 1369 2194 ἐπίσκοποι
1394 2167 1444 2194 οὐκ
1465 2167 1528 2194 ἄνευ
1543 2167 1610 2194 Θεοῦ
1625 2167 1776 2203 βουλήσεως
1800 2175 1878 2194 συνε-

1088 2211 1215 2248 χώρησαν
1237 2214 1267 2240 ὲν
1289 2213 1369 2248 ἑτέρᾳ
1391 2213 1492 2248 συνόδῳ
1507 2213 1541 2240 τὰ
1558 2213 1608 2248 τῆς
1631 2213 1768 2248 προτέρας
1783 2213 1876 2246 ἐξετά-

1087 2257 1192 2290 ζεσθαι,
1213 2258 1256 2284 ἵνα
1276 2259 1321 2284 καὶ
1340 2259 1363 2284 oi
1383 2258 1521 2294 κρίνοντες
1541 2258 1594 2294 πρὸ
1610 2257 1756 2293 όςρθαλμῶν
1771 2257 1878 2293 ἔχοντες

1087 2304 1136 2338 τῆν
1150 2304 1280 2339 ἐσομένην
1296 2304 1424 2340 δευτέραν
1441 2304 1531 2340 κρίσιν
1544 2304 1612 2339 μετὰ
1624 2304 1714 2340 πάσης
1729 2303 1878 2338 ἀσφαλείας

1087 2347 1243 2380 ἐξετάζωσι,
1271 2349 1319 2375 καὶ
1344 2350 1367 2375 οἱ
1397 2349 1553 2384 κρινόμενοι
1572 2349 1731 2380 πιστεύωσι,
1756 2348 1793 2384 μὴ
1817 2348 1876 2376 κατ’

1087 2393 1186 2429 ἔχθραν
1205 2393 1258 2420 τῶν
1275 2395 1424 2430 προτέρων,
1438 2394 1504 2421 ἀλλὰ
1522 2395 1591 2421 κατά
1603 2394 1633 2421 τὸ
1646 2394 1750 2421 δίκαιον
1765 2395 1877 2426 ἑαυτοὺς

1088 2441 1226 2476 κρίνεσθαι
1239 2439 1305 2474 (5η.
1321 2440 1352 2465 Ei
1366 2439 1393 2466 δὲ
1405 2439 1435 2465 τὸ
1446 2439 1565 2466 τοιοῦτον
1581 2439 1640 2472 ἔθος
1655 2439 1767 2466 παλαιὸν
1780 2440 1877 2474 τυγχά-

1087 2495 1141 2518 νον,
1158 2484 1340 2521 μνημονευθὲν
1350 2485 1378 2511 δὲ
1390 2485 1436 2512 καὶ
1449 2485 1552 2520 γραφὲν
1560 2486 1589 2511 ἐν
1596 2487 1628 2520 τῇ
1647 2485 1752 2521 μεγάλῃ
1764 2485 1874 2521 συνόδῳ,

1088 2533 1167 2568 ὑμεῖς
1184 2530 1262 2558 τοῦτο
1277 2531 1341 2565 παρ’
1362 2531 1425 2565 ὑμῖν
1444 2530 1546 2565 ἰσχύειν
1567 2532 1597 2557 οὺ
1624 2531 1724 2563 θέλετε,
1747 2531 1876 2567 ἀπρεπὴς

1091 2578 1139 2613 μὲν
1154 2579 1170 2612 ἡ
1189 2575 1302 2611 τοιαύτη
1320 2575 1501 2611 παραίτησις”
1525 2575 1556 2602 τὸ
1572 2577 1626 2611 γὰρ
1644 2576 1717 2610 ἅπαξ
1733 2577 1875 2613 συνήθειαν

1088 2622 1204 2658 ὲσχηκὸς
1219 2623 1247 2649 ὲν
1268 2623 1301 2657 τῇ
1320 2622 1481 2658 Ἐκκλησία,
1504 2623 1551 2649 καὶ
1574 2623 1626 2649 ὑπὸ
1647 2623 1762 2650 συνόδων
1785 2623 1875 2658 526m.-

1089 2754 1140 2780 hae
1155 2752 1258 2786 synodo
1270 2755 1370 2778 statuta
1388 2759 1447 2779 esse
1459 2756 1562 2778 certum
1583 2756 1634 2778 est.
1656 2750 1721 2778 Post
1737 2749 1779 2776 διὰ
1796 2748 1875 2775 τοῦτο

1087 2788 1114 2815 in
1137 2787 1201 2822 Reg,
1220 2787 1266 2813 καί
1284 2787 1392 2822 legitur.
1410 2787 1436 2813 In
1449 2787 1509 2814 aliis
1524 2787 1610 2822 deest.

1119 2817 1268 2884 (ΣόἩνιὶθε.
1290 2817 1324 2850 εἴ
1341 2822 1436 2855 Basil.,
1453 2821 1601 2856 κρίνεσθαι.
1625 2820 1694 2848 Editi
1714 2827 1787 2854 vero,
1815 2817 1874 2854 κρί-

1122 2866 1136 2884 σ
1154 2866 1183 2884 αι

1085 2866 1183 2885 νασυαι
