  <div class='ocr_page' id='page_1' title='image "/cluster/home/n/w/nwhite01/storage/ocr_20150623/25/njp.32101010944591/428.png"; bbox 0 0 2031 3048; ppageno 0'>
   <div class='ocr_carea' id='block_1_1' title="bbox 125 156 228 186">
    <p class='ocr_par' dir='ltr' id='par_1_1' title="bbox 125 156 228 186">
     <span class='ocr_line' id='line_1_1' title="bbox 125 156 228 186; baseline 0.01 -1"><span class='ocrx_word' id='word_1_1' title='bbox 125 156 228 186; x_wconf 73' lang='grc'><strong>’285</strong></span> 
     </span>
    </p>
   </div>
   <div class='ocr_carea' id='block_1_2' title="bbox 718 155 1229 185">
    <p class='ocr_par' dir='ltr' id='par_1_2' title="bbox 718 155 1229 185">
     <span class='ocr_line' id='line_1_2' title="bbox 718 155 1229 185; baseline 0.002 -1"><span class='ocrx_word' id='word_1_2' title='bbox 718 155 890 184; x_wconf 75' lang='grc' dir='ltr'>ΑΡυιοαιλ</span> <span class='ocrx_word' id='word_1_3' title='bbox 909 156 1046 184; x_wconf 67' lang='lat' dir='ltr'><strong>CONTRA</strong></span> <span class='ocrx_word' id='word_1_4' title='bbox 1068 155 1229 185; x_wconf 77' lang='lat' dir='ltr'><strong>ARIANOS.</strong></span> 
     </span>
    </p>
   </div>
   <div class='ocr_carea' id='block_1_3' title="bbox 1738 159 1795 189">
    <p class='ocr_par' dir='ltr' id='par_1_3' title="bbox 1738 159 1795 189">
     <span class='ocr_line' id='line_1_3' title="bbox 1738 159 1795 189; baseline 0.053 -3"><span class='ocrx_word' id='word_1_5' title='bbox 1738 159 1795 189; x_wconf 67' lang='grc'><strong>236</strong></span> 
     </span>
    </p>
   </div>
   <div class='ocr_carea' id='block_1_4' title="bbox 174 194 952 250">
    <p class='ocr_par' dir='ltr' id='par_1_4' title="bbox 174 212 952 249">
     <span class='ocr_line' id='line_1_4' title="bbox 174 212 952 249; baseline -0.001 -9"><span class='ocrx_word' id='word_1_6' title='bbox 174 213 254 245; x_wconf 60' lang='lat' dir='ltr'><strong>wet»,</strong></span> <span class='ocrx_word' id='word_1_7' title='bbox 271 213 321 239; x_wconf 83' lang='grc' dir='ltr'>οὐκ</span> <span class='ocrx_word' id='word_1_8' title='bbox 335 212 445 247; x_wconf 72' lang='grc' dir='ltr'>εὖλογον</span> <span class='ocrx_word' id='word_1_9' title='bbox 464 212 516 239; x_wconf 70' lang='grc' dir='ltr'><strong>ὑπὸ</strong></span> <span class='ocrx_word' id='word_1_10' title='bbox 534 213 631 247; x_wconf 80' lang='grc' dir='ltr'><strong>ὀλίγων</strong></span> <span class='ocrx_word' id='word_1_11' title='bbox 646 213 842 249; x_wconf 76' lang='grc' dir='ltr'><strong>παραλύεσθαι.</strong></span> <span class='ocrx_word' id='word_1_12' title='bbox 858 212 952 243; x_wconf 65' lang='grc' dir='ltr'>’Δλλως</span> 
     </span>
    </p>
   </div>
   <div class='ocr_carea' id='block_1_5' title="bbox 1002 194 1790 250">
    <p class='ocr_par' dir='ltr' id='par_1_5' title="bbox 1012 212 1790 250">
     <span class='ocr_line' id='line_1_5' title="bbox 1012 212 1790 250; baseline 0.004 -11"><span class='ocrx_word' id='word_1_13' title='bbox 1012 212 1122 240; x_wconf 86' lang='lat' dir='ltr'><strong>minime</strong></span> <span class='ocrx_word' id='word_1_14' title='bbox 1138 215 1349 240; x_wconf 76' lang='lat' dir='ltr'><strong>consentaneum</strong></span> <span class='ocrx_word' id='word_1_15' title='bbox 1361 217 1402 240; x_wconf 84' lang='lat' dir='ltr'><strong>est</strong></span> <span class='ocrx_word' id='word_1_16' title='bbox 1418 219 1432 240; x_wconf 84' lang='lat' dir='ltr'><strong>a</strong></span> <span class='ocrx_word' id='word_1_17' title='bbox 1447 214 1539 248; x_wconf 84' lang='lat' dir='ltr'><strong>paucis</strong></span> <span class='ocrx_word' id='word_1_18' title='bbox 1554 215 1691 250; x_wconf 70' lang='lat' dir='ltr'><strong>abrogari.</strong></span> <span class='ocrx_word' id='word_1_19' title='bbox 1714 215 1790 242; x_wconf 76' lang='lat' dir='ltr'><strong>Alias</strong></span> 
     </span>
    </p>
   </div>
   <div class='ocr_carea' id='block_1_6' title="bbox 174 258 957 294">
    <p class='ocr_par' dir='ltr' id='par_1_6' title="bbox 174 258 957 294">
     <span class='ocr_line' id='line_1_6' title="bbox 174 258 957 294; baseline -0.001 -9"><span class='ocrx_word' id='word_1_20' title='bbox 174 266 204 284; x_wconf 80' lang='grc' dir='ltr'><strong>τε</strong></span> <span class='ocrx_word' id='word_1_21' title='bbox 224 258 284 285; x_wconf 79' lang='grc' dir='ltr'>οὐδὲ</span> <span class='ocrx_word' id='word_1_22' title='bbox 307 260 335 285; x_wconf 82' lang='grc' dir='ltr'>ὲν</span> <span class='ocrx_word' id='word_1_23' title='bbox 357 259 443 293; x_wconf 87' lang='grc' dir='ltr'>τούτῳ</span> <span class='ocrx_word' id='word_1_24' title='bbox 468 258 580 290; x_wconf 79' lang='grc' dir='ltr'><strong>δικαίως</strong></span> <span class='ocrx_word' id='word_1_25' title='bbox 600 259 633 285; x_wconf 73' lang='grc' dir='ltr'>ἂν</span> <span class='ocrx_word' id='word_1_26' title='bbox 657 260 765 293; x_wconf 82' lang='grc' dir='ltr'><strong>φανεῖεν</strong></span> <span class='ocrx_word' id='word_1_27' title='bbox 783 258 957 294; x_wconf 80' lang='grc' dir='ltr'><strong>λυπηθέντες.</strong></span> 
     </span>
    </p>
   </div>
   <div class='ocr_carea' id='block_1_7' title="bbox 176 304 958 340">
    <p class='ocr_par' dir='ltr' id='par_1_7' title="bbox 176 304 958 340">
     <span class='ocr_line' id='line_1_7' title="bbox 176 304 958 340; baseline 0 -10"><span class='ocrx_word' id='word_1_28' title='bbox 176 304 208 330; x_wconf 80' lang='grc' dir='ltr'><strong>οι</strong></span> <span class='ocrx_word' id='word_1_29' title='bbox 224 304 279 340; x_wconf 83' lang='grc' dir='ltr'><strong>γὰρ</strong></span> <span class='ocrx_word' id='word_1_30' title='bbox 295 305 360 339; x_wconf 82' lang='grc' dir='ltr'>παρ’</span> <span class='ocrx_word' id='word_1_31' title='bbox 375 304 452 339; x_wconf 86' lang='grc' dir='ltr'>ὑμῶν</span> <span class='ocrx_word' id='word_1_32' title='bbox 467 304 520 331; x_wconf 86' lang='grc' dir='ltr'>τῶν</span> <span class='ocrx_word' id='word_1_33' title='bbox 533 304 598 339; x_wconf 81' lang='grc' dir='ltr'>περὶ</span> <span class='ocrx_word' id='word_1_34' title='bbox 613 304 741 330; x_wconf 69' lang='grc' dir='ltr'>Εὐσέϐιον</span> <span class='ocrx_word' id='word_1_35' title='bbox 763 304 958 336; x_wconf 76' lang='grc' dir='ltr'><strong>ἀποσταλέντες</strong></span> 
     </span>
    </p>
   </div>
   <div class='ocr_carea' id='block_1_8' title="bbox 174 347 959 384">
    <p class='ocr_par' dir='ltr' id='par_1_8' title="bbox 174 347 959 384">
     <span class='ocr_line' id='line_1_8' title="bbox 174 347 959 384; baseline 0.001 -10"><span class='ocrx_word' id='word_1_36' title='bbox 174 347 230 383; x_wconf 80' lang='grc'><strong>(58)</strong></span> <span class='ocrx_word' id='word_1_37' title='bbox 251 348 319 383; x_wconf 86' lang='grc' dir='ltr'><strong>μετά</strong></span> <span class='ocrx_word' id='word_1_38' title='bbox 340 349 521 384; x_wconf 73' lang='grc' dir='ltr'><strong>γραμμάτων,</strong></span> <span class='ocrx_word' id='word_1_39' title='bbox 536 348 607 383; x_wconf 85' lang='grc' dir='ltr'>λέγω</span> <span class='ocrx_word' id='word_1_40' title='bbox 617 348 648 384; x_wconf 83' lang='grc' dir='ltr'>δὴ</span> <span class='ocrx_word' id='word_1_41' title='bbox 660 349 801 384; x_wconf 83' lang='grc' dir='ltr'><strong>Μακάριος</strong></span> <span class='ocrx_word' id='word_1_42' title='bbox 811 350 826 375; x_wconf 83' lang='grc' dir='ltr'>ὁ</span> <span class='ocrx_word' id='word_1_43' title='bbox 838 348 959 384; x_wconf 76' lang='grc' dir='ltr'>πρεσϐύ-</span> 
     </span>
    </p>
   </div>
   <div class='ocr_carea' id='block_1_9' title="bbox 175 393 958 429">
    <p class='ocr_par' dir='ltr' id='par_1_9' title="bbox 175 393 958 429">
     <span class='ocr_line' id='line_1_9' title="bbox 175 393 958 429; baseline 0.003 -10"><span class='ocrx_word' id='word_1_44' title='bbox 175 401 264 428; x_wconf 85' lang='grc' dir='ltr'>τερος,</span> <span class='ocrx_word' id='word_1_45' title='bbox 280 393 327 420; x_wconf 77' lang='grc' dir='ltr'>καὶ</span> <span class='ocrx_word' id='word_1_46' title='bbox 336 393 493 429; x_wconf 70' lang='grc' dir='ltr'>Μαρτύριος</span> <span class='ocrx_word' id='word_1_47' title='bbox 504 394 551 420; x_wconf 75' lang='grc' dir='ltr'>καὶ</span> <span class='ocrx_word' id='word_1_48' title='bbox 565 394 688 429; x_wconf 80' lang='grc' dir='ltr'>Ἡσύχιος</span> <span class='ocrx_word' id='word_1_49' title='bbox 699 395 723 420; x_wconf 89' lang='grc' dir='ltr'>οἱ</span> <span class='ocrx_word' id='word_1_50' title='bbox 733 394 859 426; x_wconf 77' lang='grc' dir='ltr'>διάκονοι,</span> <span class='ocrx_word' id='word_1_51' title='bbox 870 395 958 421; x_wconf 86' lang='grc' dir='ltr'>ἀπαν-</span> 
     </span>
    </p>
   </div>
   <div class='ocr_carea' id='block_1_10' title="bbox 173 438 958 474">
    <p class='ocr_par' dir='ltr' id='par_1_10' title="bbox 173 438 958 474">
     <span class='ocr_line' id='line_1_10' title="bbox 173 438 958 474; baseline -0.001 -9"><span class='ocrx_word' id='word_1_52' title='bbox 173 439 305 474; x_wconf 78' lang='grc' dir='ltr'>τήσαντες</span> <span class='ocrx_word' id='word_1_53' title='bbox 317 438 443 470; x_wconf 69' lang='grc' dir='ltr'>ἐνταῦθα,</span> <span class='ocrx_word' id='word_1_54' title='bbox 456 439 492 471; x_wconf 84' lang='grc' dir='ltr'>ὡς</span> <span class='ocrx_word' id='word_1_55' title='bbox 507 439 555 465; x_wconf 73' lang='grc' dir='ltr'>οὐκ</span> <span class='ocrx_word' id='word_1_56' title='bbox 570 439 738 474; x_wconf 74' lang='grc' dir='ltr'><strong>ἠδυνήθησαν</strong></span> <span class='ocrx_word' id='word_1_57' title='bbox 758 438 825 474; x_wconf 82' lang='grc' dir='ltr'>πρὸς</span> <span class='ocrx_word' id='word_1_58' title='bbox 836 439 898 470; x_wconf 85' lang='grc' dir='ltr'>τοὺς</span> <span class='ocrx_word' id='word_1_59' title='bbox 915 438 958 464; x_wconf 82' lang='grc' dir='ltr'><strong>ἐλ-</strong></span> 
     </span>
    </p>
   </div>
   <div class='ocr_carea' id='block_1_11' title="bbox 174 484 958 520">
    <p class='ocr_par' dir='ltr' id='par_1_11' title="bbox 174 484 958 520">
     <span class='ocr_line' id='line_1_11' title="bbox 174 484 958 520; baseline -0.001 -9"><span class='ocrx_word' id='word_1_60' title='bbox 174 484 269 517; x_wconf 81' lang='grc' dir='ltr'>θόντας</span> <span class='ocrx_word' id='word_1_61' title='bbox 290 485 446 512; x_wconf 84' lang='grc' dir='ltr'>Ἀθανασίου</span> <span class='ocrx_word' id='word_1_62' title='bbox 465 485 666 520; x_wconf 76' lang='grc' dir='ltr'>πρεσϐυτέρους</span> <span class='ocrx_word' id='word_1_63' title='bbox 680 484 848 519; x_wconf 75' lang='grc' dir='ltr'>ἀντιστῆναι,</span> <span class='ocrx_word' id='word_1_64' title='bbox 860 484 916 510; x_wconf 89' lang='grc' dir='ltr'>ἀλλ’</span> <span class='ocrx_word' id='word_1_65' title='bbox 929 485 958 511; x_wconf 75' lang='grc' dir='ltr'>ἐν</span> 
     </span>
    </p>
   </div>
   <div class='ocr_carea' id='block_1_12' title="bbox 173 529 958 568">
    <p class='ocr_par' dir='ltr' id='par_1_12' title="bbox 173 529 958 568">
     <span class='ocr_line' id='line_1_12' title="bbox 173 529 958 568; baseline -0.001 -10"><span class='ocrx_word' id='word_1_66' title='bbox 173 533 240 558; x_wconf 81' lang='grc' dir='ltr'>πᾶσι</span> <span class='ocrx_word' id='word_1_67' title='bbox 256 531 427 568; x_wconf 80' lang='grc' dir='ltr'>διετρέποντο</span> <span class='ocrx_word' id='word_1_68' title='bbox 440 531 486 558; x_wconf 86' lang='grc' dir='ltr'>καὶ</span> <span class='ocrx_word' id='word_1_69' title='bbox 502 531 683 567; x_wconf 81' lang='grc' dir='ltr'><strong>διηλέγχοντο,</strong></span> <span class='ocrx_word' id='word_1_70' title='bbox 700 531 730 557; x_wconf 81' lang='grc' dir='ltr'>τὸ</span> <span class='ocrx_word' id='word_1_71' title='bbox 741 530 890 566; x_wconf 83' lang='grc' dir='ltr'>τηνικαῦτα</span> <span class='ocrx_word' id='word_1_72' title='bbox 900 529 958 566; x_wconf 77' lang='grc' dir='ltr'><strong>ὴξί-</strong></span> 
     </span>
    </p>
   </div>
   <div class='ocr_carea' id='block_1_13' title="bbox 173 577 958 613">
    <p class='ocr_par' dir='ltr' id='par_1_13' title="bbox 173 577 958 613">
     <span class='ocr_line' id='line_1_13' title="bbox 173 577 958 613; baseline -0.001 -8"><span class='ocrx_word' id='word_1_73' title='bbox 173 586 246 605; x_wconf 83' lang='grc' dir='ltr'>ωσαν</span> <span class='ocrx_word' id='word_1_74' title='bbox 260 578 333 613; x_wconf 80' lang='grc' dir='ltr'>ἡμᾶς</span> <span class='ocrx_word' id='word_1_75' title='bbox 344 598 352 610; x_wconf 85' lang='grc'><strong>,</strong></span> <span class='ocrx_word' id='word_1_76' title='bbox 374 577 444 606; x_wconf 82' lang='grc' dir='ltr'>ὥστε</span> <span class='ocrx_word' id='word_1_77' title='bbox 460 578 567 604; x_wconf 78' lang='grc' dir='ltr'>σύνοδον</span> <span class='ocrx_word' id='word_1_78' title='bbox 581 577 779 613; x_wconf 74' lang='grc' dir='ltr'>συγκροτῆσαι,</span> <span class='ocrx_word' id='word_1_79' title='bbox 795 577 842 604; x_wconf 76' lang='grc' dir='ltr'>καὶ</span> <span class='ocrx_word' id='word_1_80' title='bbox 856 577 958 613; x_wconf 78' lang='grc' dir='ltr'>γράψαι</span> 
     </span>
    </p>
   </div>
   <div class='ocr_carea' id='block_1_14' title="bbox 172 624 958 660">
    <p class='ocr_par' dir='ltr' id='par_1_14' title="bbox 172 624 958 660">
     <span class='ocr_line' id='line_1_14' title="bbox 172 624 958 660; baseline 0 -8"><span class='ocrx_word' id='word_1_81' title='bbox 172 625 220 652; x_wconf 69' lang='grc' dir='ltr'>καὶ</span> <span class='ocrx_word' id='word_1_82' title='bbox 238 625 389 660; x_wconf 83' lang='grc' dir='ltr'>Ἀθανασίῳ</span> <span class='ocrx_word' id='word_1_83' title='bbox 403 625 442 660; x_wconf 80' lang='grc' dir='ltr'>τῷ</span> <span class='ocrx_word' id='word_1_84' title='bbox 455 625 596 660; x_wconf 80' lang='grc' dir='ltr'>ὲπισκόπῳ</span> <span class='ocrx_word' id='word_1_85' title='bbox 609 625 649 656; x_wconf 80' lang='grc' dir='ltr'>εἰς</span> <span class='ocrx_word' id='word_1_86' title='bbox 667 624 877 660; x_wconf 81' lang='grc' dir='ltr'>Ἀλεξάνδρειαν,</span> <span class='ocrx_word' id='word_1_87' title='bbox 891 625 958 660; x_wconf 74' lang='grc' dir='ltr'>γρά-</span> 
     </span>
    </p>
   </div>
   <div class='ocr_carea' id='block_1_15' title="bbox 172 670 959 707">
    <p class='ocr_par' dir='ltr' id='par_1_15' title="bbox 172 670 959 707">
     <span class='ocr_line' id='line_1_15' title="bbox 172 670 959 707; baseline -0.003 -9"><span class='ocrx_word' id='word_1_88' title='bbox 172 671 223 707; x_wconf 79' lang='grc' dir='ltr'><strong>ψαι</strong></span> <span class='ocrx_word' id='word_1_89' title='bbox 237 671 265 697; x_wconf 82' lang='grc' dir='ltr'>δὲ</span> <span class='ocrx_word' id='word_1_90' title='bbox 279 671 391 703; x_wconf 76' lang='grc' dir='ltr'>καὶτοῖς</span> <span class='ocrx_word' id='word_1_91' title='bbox 404 672 467 706; x_wconf 72' lang='grc' dir='ltr'>περὶ</span> <span class='ocrx_word' id='word_1_92' title='bbox 478 671 616 703; x_wconf 80' lang='grc' dir='ltr'>Εὑσέὸιον,</span> <span class='ocrx_word' id='word_1_93' title='bbox 634 671 676 697; x_wconf 84' lang='grc' dir='ltr'>ἵνα</span> <span class='ocrx_word' id='word_1_94' title='bbox 689 671 733 697; x_wconf 75' lang='grc' dir='ltr'><strong>ἐπὶ</strong></span> <span class='ocrx_word' id='word_1_95' title='bbox 745 670 879 706; x_wconf 66' lang='grc' dir='ltr'>παρουσίᾳ</span> <span class='ocrx_word' id='word_1_96' title='bbox 895 670 959 697; x_wconf 82' lang='grc' dir='ltr'>πάν-</span> 
     </span>
    </p>
   </div>
   <div class='ocr_carea' id='block_1_16' title="bbox 172 714 957 750">
    <p class='ocr_par' dir='ltr' id='par_1_16' title="bbox 172 714 957 750">
     <span class='ocr_line' id='line_1_16' title="bbox 172 714 957 750; baseline -0.001 -8"><span class='ocrx_word' id='word_1_97' title='bbox 172 723 237 745; x_wconf 82' lang='grc' dir='ltr'>των,</span> <span class='ocrx_word' id='word_1_98' title='bbox 252 715 268 750; x_wconf 83' lang='grc' dir='ltr'><strong>ἠ</strong></span> <span class='ocrx_word' id='word_1_99' title='bbox 283 715 374 741; x_wconf 85' lang='grc' dir='ltr'>δικαία</span> <span class='ocrx_word' id='word_1_100' title='bbox 388 715 478 750; x_wconf 85' lang='grc' dir='ltr'>κρίσις</span> <span class='ocrx_word' id='word_1_101' title='bbox 491 715 662 750; x_wconf 76' lang='grc' dir='ltr'>ἐξενεχθῆναι</span> <span class='ocrx_word' id='word_1_102' title='bbox 684 714 794 750; x_wconf 78' lang='grc' dir='ltr'>δυνηθῇ.</span> <span class='ocrx_word' id='word_1_103' title='bbox 818 715 885 741; x_wconf 87' lang='grc' dir='ltr'>Τότε</span> <span class='ocrx_word' id='word_1_104' title='bbox 903 714 957 750; x_wconf 83' lang='grc' dir='ltr'><strong>γὰρ</strong></span> 
     </span>
    </p>
   </div>
   <div class='ocr_carea' id='block_1_17' title="bbox 172 760 956 795">
    <p class='ocr_par' dir='ltr' id='par_1_17' title="bbox 172 760 956 795">
     <span class='ocr_line' id='line_1_17' title="bbox 172 760 956 795; baseline -0.001 -8"><span class='ocrx_word' id='word_1_105' title='bbox 172 761 218 788; x_wconf 76' lang='grc' dir='ltr'>καὶ</span> <span class='ocrx_word' id='word_1_106' title='bbox 239 761 428 788; x_wconf 74' lang='grc' dir='ltr'>ἀποδεικνύναι</span> <span class='ocrx_word' id='word_1_107' title='bbox 443 761 530 788; x_wconf 78' lang='grc' dir='ltr'>πάντα</span> <span class='ocrx_word' id='word_1_108' title='bbox 553 761 586 787; x_wconf 77' lang='grc' dir='ltr'><strong>τὰ</strong></span> <span class='ocrx_word' id='word_1_109' title='bbox 611 761 682 787; x_wconf 77' lang='grc' dir='ltr'>κατὰ</span> <span class='ocrx_word' id='word_1_110' title='bbox 703 760 857 787; x_wconf 74' lang='grc' dir='ltr'>Ἀθανάσιον</span> <span class='ocrx_word' id='word_1_111' title='bbox 871 761 956 795; x_wconf 76' lang='grc' dir='ltr'>ἐπηγ-</span> 
     </span>
    </p>
   </div>
   <div class='ocr_carea' id='block_1_18' title="bbox 172 805 957 843">
    <p class='ocr_par' dir='ltr' id='par_1_18' title="bbox 172 805 957 843">
     <span class='ocr_line' id='line_1_18' title="bbox 172 805 957 843; baseline -0.001 -10"><span class='ocrx_word' id='word_1_112' title='bbox 172 805 310 840; x_wconf 86' lang='grc' dir='ltr'>γείλαντο·</span> <span class='ocrx_word' id='word_1_113' title='bbox 330 808 404 842; x_wconf 84' lang='grc' dir='ltr'>κοινῇ</span> <span class='ocrx_word' id='word_1_114' title='bbox 417 806 471 842; x_wconf 78' lang='grc' dir='ltr'><strong>γὰρ</strong></span> <span class='ocrx_word' id='word_1_115' title='bbox 483 807 528 841; x_wconf 81' lang='grc' dir='ltr'><strong>ὑφ’</strong></span> <span class='ocrx_word' id='word_1_116' title='bbox 543 807 622 842; x_wconf 83' lang='grc' dir='ltr'>ἡμῶν</span> <span class='ocrx_word' id='word_1_117' title='bbox 636 806 833 843; x_wconf 81' lang='grc' dir='ltr'><strong>διηλέγχθησαν</strong></span> <span class='ocrx_word' id='word_1_118' title='bbox 852 807 876 833; x_wconf 89' lang='grc' dir='ltr'>οἱ</span> <span class='ocrx_word' id='word_1_119' title='bbox 893 807 957 842; x_wconf 81' lang='grc' dir='ltr'>περὶ</span> 
     </span>
    </p>
   </div>
   <div class='ocr_carea' id='block_1_19' title="bbox 171 851 954 888">
    <p class='ocr_par' dir='ltr' id='par_1_19' title="bbox 171 851 954 888">
     <span class='ocr_line' id='line_1_19' title="bbox 171 851 954 888; baseline 0 -10"><span class='ocrx_word' id='word_1_120' title='bbox 171 851 329 888; x_wconf 85' lang='grc' dir='ltr'>Μαρτύριον</span> <span class='ocrx_word' id='word_1_121' title='bbox 342 853 388 879; x_wconf 80' lang='grc' dir='ltr'>καὶ</span> <span class='ocrx_word' id='word_1_122' title='bbox 405 853 540 887; x_wconf 82' lang='grc' dir='ltr'>Ἠσύχιον,</span> <span class='ocrx_word' id='word_1_123' title='bbox 557 853 603 879; x_wconf 78' lang='grc' dir='ltr'><strong>καὶ</strong></span> <span class='ocrx_word' id='word_1_124' title='bbox 618 854 642 879; x_wconf 85' lang='grc' dir='ltr'>οι</span> <span class='ocrx_word' id='word_1_125' title='bbox 663 851 820 879; x_wconf 74' lang='grc' dir='ltr'>’Λθανασίου</span> <span class='ocrx_word' id='word_1_126' title='bbox 831 851 876 878; x_wconf 83' lang='grc' dir='ltr'>τοῦ</span> <span class='ocrx_word' id='word_1_127' title='bbox 894 853 954 878; x_wconf 81' lang='grc' dir='ltr'>ὲπι-</span> 
     </span>
    </p>
   </div>
   <div class='ocr_carea' id='block_1_20' title="bbox 1012 257 1789 294">
    <p class='ocr_par' dir='ltr' id='par_1_20' title="bbox 1012 257 1789 294">
     <span class='ocr_line' id='line_1_20' title="bbox 1012 257 1789 294; baseline 0.003 -8"><span class='ocrx_word' id='word_1_128' title='bbox 1012 263 1100 286; x_wconf 84' lang='lat' dir='ltr'><strong>tamen</strong></span> <span class='ocrx_word' id='word_1_129' title='bbox 1115 258 1142 285; x_wconf 90' lang='lat' dir='ltr'><strong>in</strong></span> <span class='ocrx_word' id='word_1_130' title='bbox 1157 259 1208 285; x_wconf 89' lang='lat' dir='ltr'><strong>hoc</strong></span> <span class='ocrx_word' id='word_1_131' title='bbox 1218 257 1280 292; x_wconf 79' lang='lat' dir='ltr'><strong>iure</strong></span> <span class='ocrx_word' id='word_1_132' title='bbox 1294 258 1422 294; x_wconf 73' lang='lat' dir='ltr'><strong>indignati</strong></span> <span class='ocrx_word' id='word_1_133' title='bbox 1437 267 1607 294; x_wconf 80' lang='lat' dir='ltr'><strong>nequaquam</strong></span> <span class='ocrx_word' id='word_1_134' title='bbox 1623 261 1767 288; x_wconf 85' lang='lat' dir='ltr'><strong>videantur</strong></span> <span class='ocrx_word' id='word_1_135' title='bbox 1781 269 1789 288; x_wconf 89' lang='lat'><strong>:</strong></span> 
     </span>
    </p>
   </div>
   <div class='ocr_carea' id='block_1_21' title="bbox 1010 303 1791 338">
    <p class='ocr_par' dir='ltr' id='par_1_21' title="bbox 1010 303 1791 338">
     <span class='ocr_line' id='line_1_21' title="bbox 1010 303 1791 338; baseline 0.004 -8"><span class='ocrx_word' id='word_1_136' title='bbox 1010 310 1072 330; x_wconf 89' lang='lat' dir='ltr'><strong>nam</strong></span> <span class='ocrx_word' id='word_1_137' title='bbox 1092 304 1139 338; x_wconf 91' lang='lat' dir='ltr'><strong>qui</strong></span> <span class='ocrx_word' id='word_1_138' title='bbox 1151 311 1166 330; x_wconf 72' lang='grc' dir='ltr'><strong>ι</strong></span> <span class='ocrx_word' id='word_1_139' title='bbox 1180 303 1256 331; x_wconf 83' lang='lat' dir='ltr'><strong>vobis</strong></span> <span class='ocrx_word' id='word_1_140' title='bbox 1270 303 1428 332; x_wconf 84' lang='lat' dir='ltr'><strong>Eusebianis</strong></span> <span class='ocrx_word' id='word_1_141' title='bbox 1442 312 1503 332; x_wconf 80' lang='lat' dir='ltr'><strong>eum</strong></span> <span class='ocrx_word' id='word_1_142' title='bbox 1522 305 1620 332; x_wconf 82' lang='lat' dir='ltr'><strong>litteris</strong></span> <span class='ocrx_word' id='word_1_143' title='bbox 1639 306 1714 334; x_wconf 83' lang='lat' dir='ltr'><strong>missi</strong></span> <span class='ocrx_word' id='word_1_144' title='bbox 1727 311 1791 334; x_wconf 82' lang='lat' dir='ltr'><strong>sunt</strong></span> 
     </span>
    </p>
   </div>
   <div class='ocr_carea' id='block_1_22' title="bbox 1010 347 1788 386">
    <p class='ocr_par' dir='ltr' id='par_1_22' title="bbox 1010 347 1788 386">
     <span class='ocr_line' id='line_1_22' title="bbox 1010 347 1788 386; baseline 0.005 -11"><span class='ocrx_word' id='word_1_145' title='bbox 1010 347 1144 376; x_wconf 74' lang='lat' dir='ltr'><strong>Macarius</strong></span> <span class='ocrx_word' id='word_1_146' title='bbox 1156 349 1305 384; x_wconf 74' lang='lat' dir='ltr'><strong>presbyter,</strong></span> <span class='ocrx_word' id='word_1_147' title='bbox 1320 349 1466 385; x_wconf 85' lang='lat' dir='ltr'><strong>Martyrius</strong></span> <span class='ocrx_word' id='word_1_148' title='bbox 1480 355 1508 378; x_wconf 87' lang='lat' dir='ltr'><strong>et</strong></span> <span class='ocrx_word' id='word_1_149' title='bbox 1522 351 1672 386; x_wconf 79' lang='lat' dir='ltr'><strong>Hesychius</strong></span> <span class='ocrx_word' id='word_1_150' title='bbox 1682 352 1788 379; x_wconf 88' lang='lat' dir='ltr'><strong>diaconi</strong></span> 
     </span>
    </p>
   </div>
   <div class='ocr_carea' id='block_1_23' title="bbox 1009 394 1790 432">
    <p class='ocr_par' dir='ltr' id='par_1_23' title="bbox 1009 394 1790 432">
     <span class='ocr_line' id='line_1_23' title="bbox 1009 394 1790 432; baseline 0.008 -12"><span class='ocrx_word' id='word_1_151' title='bbox 1009 394 1054 428; x_wconf 90' lang='lat' dir='ltr'><strong>qui</strong></span> <span class='ocrx_word' id='word_1_152' title='bbox 1079 395 1131 421; x_wconf 84' lang='lat' dir='ltr'><strong>huc</strong></span> <span class='ocrx_word' id='word_1_153' title='bbox 1152 395 1294 427; x_wconf 83' lang='lat' dir='ltr'><strong>advenere,</strong></span> <span class='ocrx_word' id='word_1_154' title='bbox 1319 402 1384 423; x_wconf 86' lang='lat' dir='ltr'><strong>cum</strong></span> <span class='ocrx_word' id='word_1_155' title='bbox 1397 403 1450 423; x_wconf 90' lang='lat' dir='ltr'><strong>non</strong></span> <span class='ocrx_word' id='word_1_156' title='bbox 1475 396 1596 424; x_wconf 84' lang='lat' dir='ltr'><strong>valerent</strong></span> <span class='ocrx_word' id='word_1_157' title='bbox 1620 398 1790 432; x_wconf 68' lang='lat' dir='ltr'><strong>presbyteri:</strong></span> 
     </span>
    </p>
   </div>
   <div class='ocr_carea' id='block_1_24' title="bbox 1009 440 1789 477">
    <p class='ocr_par' dir='ltr' id='par_1_24' title="bbox 1009 440 1789 477">
     <span class='ocr_line' id='line_1_24' title="bbox 1009 440 1789 477; baseline 0.006 -11"><span class='ocrx_word' id='word_1_158' title='bbox 1009 440 1159 473; x_wconf 82' lang='lat' dir='ltr'><strong>Athanasii,</strong></span> <span class='ocrx_word' id='word_1_159' title='bbox 1178 441 1224 475; x_wconf 86' lang='lat' dir='ltr'><strong>qui</strong></span> <span class='ocrx_word' id='word_1_160' title='bbox 1248 441 1302 468; x_wconf 89' lang='lat' dir='ltr'><strong>huc</strong></span> <span class='ocrx_word' id='word_1_161' title='bbox 1320 449 1351 469; x_wconf 88' lang='lat' dir='ltr'><strong>se</strong></span> <span class='ocrx_word' id='word_1_162' title='bbox 1369 442 1552 476; x_wconf 85' lang='lat' dir='ltr'><strong>contulerant,</strong></span> <span class='ocrx_word' id='word_1_163' title='bbox 1570 444 1720 477; x_wconf 85' lang='lat' dir='ltr'><strong>obsistere;</strong></span> <span class='ocrx_word' id='word_1_164' title='bbox 1742 444 1789 471; x_wconf 85' lang='lat' dir='ltr'><strong>sed</strong></span> 
     </span>
    </p>
   </div>
   <div class='ocr_carea' id='block_1_25' title="bbox 1008 485 1788 522">
    <p class='ocr_par' dir='ltr' id='par_1_25' title="bbox 1008 485 1788 522">
     <span class='ocr_line' id='line_1_25' title="bbox 1008 485 1788 522; baseline 0.005 -10"><span class='ocrx_word' id='word_1_165' title='bbox 1008 485 1036 512; x_wconf 93' lang='lat' dir='ltr'><strong>in</strong></span> <span class='ocrx_word' id='word_1_166' title='bbox 1052 486 1177 513; x_wconf 82' lang='lat' dir='ltr'><strong>omnibus</strong></span> <span class='ocrx_word' id='word_1_167' title='bbox 1192 485 1375 514; x_wconf 81' lang='lat' dir='ltr'><strong>refutarentur</strong></span> <span class='ocrx_word' id='word_1_168' title='bbox 1390 495 1422 514; x_wconf 88' lang='lat' dir='ltr'><strong>ac</strong></span> <span class='ocrx_word' id='word_1_169' title='bbox 1442 489 1686 522; x_wconf 74' lang='lat' dir='ltr'><strong>convincerentur;</strong></span> <span class='ocrx_word' id='word_1_170' title='bbox 1700 495 1755 516; x_wconf 89' lang='lat' dir='ltr'><strong>tum</strong></span> <span class='ocrx_word' id='word_1_171' title='bbox 1773 497 1788 516; x_wconf 89' lang='lat' dir='ltr'><strong>a</strong></span> 
     </span>
    </p>
   </div>
   <div class='ocr_carea' id='block_1_26' title="bbox 1009 530 1789 569">
    <p class='ocr_par' dir='ltr' id='par_1_26' title="bbox 1009 530 1789 569">
     <span class='ocr_line' id='line_1_26' title="bbox 1009 530 1789 569; baseline 0.008 -13"><span class='ocrx_word' id='word_1_172' title='bbox 1009 530 1086 557; x_wconf 86' lang='lat' dir='ltr'><strong>nobis</strong></span> <span class='ocrx_word' id='word_1_173' title='bbox 1098 530 1265 565; x_wconf 87' lang='lat' dir='ltr'><strong>postularunt</strong></span> <span class='ocrx_word' id='word_1_174' title='bbox 1278 537 1306 558; x_wconf 91' lang='lat' dir='ltr'><strong>ut</strong></span> <span class='ocrx_word' id='word_1_175' title='bbox 1322 533 1441 567; x_wconf 83' lang='lat' dir='ltr'><strong>synodus</strong></span> <span class='ocrx_word' id='word_1_176' title='bbox 1454 533 1627 565; x_wconf 84' lang='lat' dir='ltr'><strong>indiceretur,</strong></span> <span class='ocrx_word' id='word_1_177' title='bbox 1639 534 1789 569; x_wconf 71' lang='lat' dir='ltr'><strong>litteratque</strong></span> 
     </span>
    </p>
   </div>
   <div class='ocr_carea' id='block_1_27' title="bbox 1008 575 1789 615">
    <p class='ocr_par' dir='ltr' id='par_1_27' title="bbox 1008 575 1789 615">
     <span class='ocr_line' id='line_1_27' title="bbox 1008 575 1789 615; baseline 0.006 -13"><span class='ocrx_word' id='word_1_178' title='bbox 1008 576 1042 602; x_wconf 86' lang='lat' dir='ltr'><strong>ad</strong></span> <span class='ocrx_word' id='word_1_179' title='bbox 1066 575 1243 603; x_wconf 80' lang='lat' dir='ltr'><strong>Athanasium</strong></span> <span class='ocrx_word' id='word_1_180' title='bbox 1267 577 1421 612; x_wconf 85' lang='lat' dir='ltr'><strong>episcopum</strong></span> <span class='ocrx_word' id='word_1_181' title='bbox 1442 577 1642 611; x_wconf 77' lang='lat' dir='ltr'><strong>Alexandriam,</strong></span> <span class='ocrx_word' id='word_1_182' title='bbox 1669 580 1789 615; x_wconf 83' lang='lat' dir='ltr'><strong>itemque</strong></span> 
     </span>
    </p>
   </div>
   <div class='ocr_carea' id='block_1_28' title="bbox 1008 621 1788 661">
    <p class='ocr_par' dir='ltr' id='par_1_28' title="bbox 1008 621 1788 661">
     <span class='ocr_line' id='line_1_28' title="bbox 1008 621 1788 661; baseline 0.008 -14"><span class='ocrx_word' id='word_1_183' title='bbox 1008 621 1041 647; x_wconf 91' lang='lat' dir='ltr'><strong>ad</strong></span> <span class='ocrx_word' id='word_1_184' title='bbox 1057 621 1221 649; x_wconf 80' lang='lat' dir='ltr'><strong>Eusebianos</strong></span> <span class='ocrx_word' id='word_1_185' title='bbox 1236 622 1418 653; x_wconf 77' lang='lat' dir='ltr'><strong>mitterentur.</strong></span> <span class='ocrx_word' id='word_1_186' title='bbox 1442 627 1470 650; x_wconf 90' lang='lat' dir='ltr'><strong>ut</strong></span> <span class='ocrx_word' id='word_1_187' title='bbox 1485 630 1576 651; x_wconf 87' lang='lat' dir='ltr'><strong>coram</strong></span> <span class='ocrx_word' id='word_1_188' title='bbox 1599 625 1725 652; x_wconf 87' lang='lat' dir='ltr'><strong>omnibus</strong></span> <span class='ocrx_word' id='word_1_189' title='bbox 1741 626 1788 661; x_wconf 85' lang='lat' dir='ltr'><strong>ju-</strong></span> 
     </span>
    </p>
   </div>
   <div class='ocr_carea' id='block_1_29' title="bbox 1008 666 1788 702">
    <p class='ocr_par' dir='ltr' id='par_1_29' title="bbox 1008 666 1788 702">
     <span class='ocr_line' id='line_1_29' title="bbox 1008 666 1788 702; baseline 0.008 -10"><span class='ocrx_word' id='word_1_190' title='bbox 1008 670 1079 693; x_wconf 87' lang='lat' dir='ltr'><strong>stutu</strong></span> <span class='ocrx_word' id='word_1_191' title='bbox 1091 671 1182 699; x_wconf 85' lang='lat' dir='ltr'><strong>posset</strong></span> <span class='ocrx_word' id='word_1_192' title='bbox 1195 666 1308 702; x_wconf 83' lang='lat' dir='ltr'><strong>proferri</strong></span> <span class='ocrx_word' id='word_1_193' title='bbox 1318 667 1457 701; x_wconf 87' lang='lat' dir='ltr'><strong>judicium.</strong></span> <span class='ocrx_word' id='word_1_194' title='bbox 1472 669 1539 696; x_wconf 87' lang='lat' dir='ltr'><strong>Tum</strong></span> <span class='ocrx_word' id='word_1_195' title='bbox 1552 677 1581 697; x_wconf 89' lang='lat' dir='ltr'><strong>se</strong></span> <span class='ocrx_word' id='word_1_196' title='bbox 1593 671 1682 697; x_wconf 87' lang='lat' dir='ltr'><strong>omnia</strong></span> <span class='ocrx_word' id='word_1_197' title='bbox 1696 676 1788 698; x_wconf 89' lang='lat' dir='ltr'><strong>contra</strong></span> 
     </span>
    </p>
   </div>
   <div class='ocr_carea' id='block_1_30' title="bbox 1007 711 1786 749">
    <p class='ocr_par' dir='ltr' id='par_1_30' title="bbox 1007 711 1786 749">
     <span class='ocr_line' id='line_1_30' title="bbox 1007 711 1786 749; baseline 0.008 -11"><span class='ocrx_word' id='word_1_198' title='bbox 1007 711 1184 739; x_wconf 89' lang='lat' dir='ltr'><strong>Athanasium</strong></span> <span class='ocrx_word' id='word_1_199' title='bbox 1204 712 1283 739; x_wconf 86' lang='lat' dir='ltr'><strong>allata</strong></span> <span class='ocrx_word' id='word_1_200' title='bbox 1298 713 1412 741; x_wconf 87' lang='lat' dir='ltr'><strong>crimina</strong></span> <span class='ocrx_word' id='word_1_201' title='bbox 1430 714 1602 749; x_wconf 82' lang='lat' dir='ltr'><strong>probaturos,</strong></span> <span class='ocrx_word' id='word_1_202' title='bbox 1616 716 1786 749; x_wconf 82' lang='lat' dir='ltr'><strong>promisere:</strong></span> 
     </span>
    </p>
   </div>
   <div class='ocr_carea' id='block_1_31' title="bbox 1007 757 1787 795">
    <p class='ocr_par' dir='ltr' id='par_1_31' title="bbox 1007 757 1787 795">
     <span class='ocr_line' id='line_1_31' title="bbox 1007 757 1787 795; baseline 0.006 -12"><span class='ocrx_word' id='word_1_203' title='bbox 1007 757 1112 790; x_wconf 89' lang='lat' dir='ltr'><strong>publice</strong></span> <span class='ocrx_word' id='word_1_204' title='bbox 1131 758 1202 784; x_wconf 87' lang='lat' dir='ltr'><strong>enim</strong></span> <span class='ocrx_word' id='word_1_205' title='bbox 1226 765 1240 784; x_wconf 91' lang='lat' dir='ltr'><strong>a</strong></span> <span class='ocrx_word' id='word_1_206' title='bbox 1259 759 1337 786; x_wconf 89' lang='lat' dir='ltr'><strong>nobis</strong></span> <span class='ocrx_word' id='word_1_207' title='bbox 1356 758 1500 794; x_wconf 80' lang='lat' dir='ltr'><strong>Martyrius</strong></span> <span class='ocrx_word' id='word_1_208' title='bbox 1512 765 1539 787; x_wconf 89' lang='lat' dir='ltr'><strong>et</strong></span> <span class='ocrx_word' id='word_1_209' title='bbox 1554 759 1703 795; x_wconf 72' lang='lat' dir='ltr'><strong>Hesychius</strong></span> <span class='ocrx_word' id='word_1_210' title='bbox 1721 769 1787 788; x_wconf 85' lang='lat' dir='ltr'><strong>con—</strong></span> 
     </span>
    </p>
   </div>
   <div class='ocr_carea' id='block_1_32' title="bbox 1006 801 1789 842">
    <p class='ocr_par' dir='ltr' id='par_1_32' title="bbox 1006 801 1789 842">
     <span class='ocr_line' id='line_1_32' title="bbox 1006 801 1789 842; baseline 0.008 -14"><span class='ocrx_word' id='word_1_211' title='bbox 1006 801 1071 828; x_wconf 85' lang='lat' dir='ltr'><strong>victi</strong></span> <span class='ocrx_word' id='word_1_212' title='bbox 1094 807 1168 834; x_wconf 86' lang='lat' dir='ltr'><strong>sunt,</strong></span> <span class='ocrx_word' id='word_1_213' title='bbox 1191 802 1356 837; x_wconf 76' lang='lat' dir='ltr'><strong>presbyteris</strong></span> <span class='ocrx_word' id='word_1_214' title='bbox 1379 804 1520 832; x_wconf 84' lang='lat' dir='ltr'><strong>Athanasii</strong></span> <span class='ocrx_word' id='word_1_215' title='bbox 1542 804 1712 833; x_wconf 66' lang='lat' dir='ltr'><strong>Alexandriae</strong></span> <span class='ocrx_word' id='word_1_216' title='bbox 1731 806 1789 842; x_wconf 88' lang='lat' dir='ltr'><strong>epi-</strong></span> 
     </span>
    </p>
   </div>
   <div class='ocr_carea' id='block_1_33' title="bbox 1007 848 1788 886">
    <p class='ocr_par' dir='ltr' id='par_1_33' title="bbox 1007 848 1788 886">
     <span class='ocr_line' id='line_1_33' title="bbox 1007 848 1788 886; baseline 0.006 -11"><span class='ocrx_word' id='word_1_217' title='bbox 1007 848 1092 883; x_wconf 81' lang='lat' dir='ltr'><strong>scopi,</strong></span> <span class='ocrx_word' id='word_1_218' title='bbox 1107 856 1168 876; x_wconf 89' lang='lat' dir='ltr'><strong>cum</strong></span> <span class='ocrx_word' id='word_1_219' title='bbox 1183 849 1279 876; x_wconf 87' lang='lat' dir='ltr'><strong>iiducia</strong></span> <span class='ocrx_word' id='word_1_220' title='bbox 1298 849 1500 878; x_wconf 86' lang='lat' dir='ltr'><strong>obsistentibus.</strong></span> <span class='ocrx_word' id='word_1_221' title='bbox 1523 850 1670 886; x_wconf 79' lang='lat' dir='ltr'><strong>Martyrius</strong></span> <span class='ocrx_word' id='word_1_222' title='bbox 1684 860 1746 880; x_wconf 86' lang='lat' dir='ltr'><strong>vero</strong></span> <span class='ocrx_word' id='word_1_223' title='bbox 1760 858 1788 881; x_wconf 91' lang='lat' dir='ltr'><strong>et</strong></span> 
     </span>
    </p>
   </div>
   <div class='ocr_carea' id='block_1_34' title="bbox 173 894 952 933">
    <p class='ocr_par' dir='ltr' id='par_1_34' title="bbox 173 895 952 933">
     <span class='ocr_line' id='line_1_34' title="bbox 173 895 952 933; baseline 0 -11"><span class='ocrx_word' id='word_1_224' title='bbox 173 897 273 923; x_wconf 82' lang='grc' dir='ltr'>σκόπου</span> <span class='ocrx_word' id='word_1_225' title='bbox 303 897 480 932; x_wconf 78' lang='grc' dir='ltr'>πρεσϐύτεροι</span> <span class='ocrx_word' id='word_1_226' title='bbox 506 897 578 932; x_wconf 66' lang='lat'><strong>(59),</strong></span> <span class='ocrx_word' id='word_1_227' title='bbox 603 896 671 933; x_wconf 86' lang='grc' dir='ltr'>μετὰ</span> <span class='ocrx_word' id='word_1_228' title='bbox 693 895 879 932; x_wconf 73' lang='grc' dir='ltr'><strong>πεποιθήσεως</strong></span> <span class='ocrx_word' id='word_1_229' title='bbox 895 896 952 922; x_wconf 83' lang='grc' dir='ltr'>ἀνθ-</span> 
     </span>
    </p>
   </div>
   <div class='ocr_carea' id='block_1_35' title="bbox 1002 894 1788 933">
    <p class='ocr_par' dir='ltr' id='par_1_35' title="bbox 1010 894 1788 929">
     <span class='ocr_line' id='line_1_35' title="bbox 1010 894 1788 929; baseline 0.008 -9"><span class='ocrx_word' id='word_1_230' title='bbox 1010 894 1086 925; x_wconf 88' lang='lat' dir='ltr'><strong>socii,</strong></span> <span class='ocrx_word' id='word_1_231' title='bbox 1099 898 1128 921; x_wconf 89' lang='lat' dir='ltr'><strong>ut</strong></span> <span class='ocrx_word' id='word_1_232' title='bbox 1140 901 1202 922; x_wconf 82' lang='lat' dir='ltr'><strong>vere</strong></span> <span class='ocrx_word' id='word_1_233' title='bbox 1212 894 1311 928; x_wconf 87' lang='lat' dir='ltr'><strong>dicam,</strong></span> <span class='ocrx_word' id='word_1_234' title='bbox 1324 895 1350 922; x_wconf 92' lang='lat' dir='ltr'><strong>in</strong></span> <span class='ocrx_word' id='word_1_235' title='bbox 1361 897 1488 924; x_wconf 89' lang='lat' dir='ltr'><strong>omnibus</strong></span> <span class='ocrx_word' id='word_1_236' title='bbox 1503 898 1698 929; x_wconf 77' lang='lat' dir='ltr'><strong>refutabautur.</strong></span> <span class='ocrx_word' id='word_1_237' title='bbox 1711 899 1788 926; x_wconf 56' lang='lat' dir='ltr'><strong>hine</strong></span> 
     </span>
    </p>
   </div>
   <div class='ocr_carea' id='block_1_36' title="bbox 173 941 955 978">
    <p class='ocr_par' dir='ltr' id='par_1_36' title="bbox 173 941 955 978">
     <span class='ocr_line' id='line_1_36' title="bbox 173 941 955 978; baseline 0 -10"><span class='ocrx_word' id='word_1_238' title='bbox 173 941 278 968; x_wconf 85' lang='grc' dir='ltr'>ίσταντο</span> <span class='ocrx_word' id='word_1_239' title='bbox 288 950 294 957; x_wconf 94' lang='grc'><strong>·</strong></span> <span class='ocrx_word' id='word_1_240' title='bbox 310 943 335 968; x_wconf 84' lang='lat' dir='ltr'><strong>oi</strong></span> <span class='ocrx_word' id='word_1_241' title='bbox 351 942 379 968; x_wconf 83' lang='grc' dir='ltr'>δὲ</span> <span class='ocrx_word' id='word_1_242' title='bbox 393 943 456 978; x_wconf 82' lang='grc' dir='ltr'>περὶ</span> <span class='ocrx_word' id='word_1_243' title='bbox 467 943 633 978; x_wconf 85' lang='grc' dir='ltr'>Μαρτύριον,</span> <span class='ocrx_word' id='word_1_244' title='bbox 647 942 719 969; x_wconf 81' lang='grc' dir='ltr'>εἰδεῖ</span> <span class='ocrx_word' id='word_1_245' title='bbox 732 942 847 977; x_wconf 76' lang='grc' dir='ltr'>τάληθὲς</span> <span class='ocrx_word' id='word_1_246' title='bbox 861 943 955 974; x_wconf 79' lang='grc' dir='ltr'>εἰπεῖν,</span> 
     </span>
    </p>
   </div>
   <div class='ocr_carea' id='block_1_37' title="bbox 172 987 955 1023">
    <p class='ocr_par' dir='ltr' id='par_1_37' title="bbox 172 987 955 1023">
     <span class='ocr_line' id='line_1_37' title="bbox 172 987 955 1023; baseline 0.001 -10"><span class='ocrx_word' id='word_1_247' title='bbox 172 988 202 1014; x_wconf 70' lang='grc' dir='ltr'>ἒν</span> <span class='ocrx_word' id='word_1_248' title='bbox 216 988 281 1014; x_wconf 81' lang='grc' dir='ltr'>πᾶσι</span> <span class='ocrx_word' id='word_1_249' title='bbox 296 987 483 1023; x_wconf 81' lang='grc' dir='ltr'>διετρέποντο,</span> <span class='ocrx_word' id='word_1_250' title='bbox 505 988 566 1014; x_wconf 84' lang='grc' dir='ltr'>ὅθεν</span> <span class='ocrx_word' id='word_1_251' title='bbox 585 988 631 1015; x_wconf 76' lang='grc' dir='ltr'>καὶ</span> <span class='ocrx_word' id='word_1_252' title='bbox 647 988 766 1022; x_wconf 74' lang='grc' dir='ltr'>ἠξίωσαν</span> <span class='ocrx_word' id='word_1_253' title='bbox 789 987 895 1014; x_wconf 85' lang='grc' dir='ltr'>σύνοδον</span> <span class='ocrx_word' id='word_1_254' title='bbox 910 995 955 1021; x_wconf 78' lang='grc' dir='ltr'>γε·</span> 
     </span>
    </p>
   </div>
   <div class='ocr_carea' id='block_1_38' title="bbox 171 1031 957 1068">
    <p class='ocr_par' dir='ltr' id='par_1_38' title="bbox 171 1031 957 1068">
     <span class='ocr_line' id='line_1_38' title="bbox 171 1031 957 1068; baseline -0.001 -9"><span class='ocrx_word' id='word_1_255' title='bbox 171 1031 276 1059; x_wconf 77' lang='grc' dir='ltr'>νέσθαι.</span> <span class='ocrx_word' id='word_1_256' title='bbox 304 1032 335 1058; x_wconf 84' lang='lat' dir='ltr'><strong>Ei</strong></span> <span class='ocrx_word' id='word_1_257' title='bbox 362 1032 462 1065; x_wconf 86' lang='grc' dir='ltr'>τοίνυν,</span> <span class='ocrx_word' id='word_1_258' title='bbox 483 1033 550 1068; x_wconf 81' lang='grc' dir='ltr'>μηδὲ</span> <span class='ocrx_word' id='word_1_259' title='bbox 569 1031 622 1059; x_wconf 83' lang='grc' dir='ltr'>τῶν</span> <span class='ocrx_word' id='word_1_260' title='bbox 645 1032 708 1067; x_wconf 79' lang='grc' dir='ltr'>περὶ</span> <span class='ocrx_word' id='word_1_261' title='bbox 730 1031 884 1067; x_wconf 87' lang='grc' dir='ltr'>Μαρτύριον</span> <span class='ocrx_word' id='word_1_262' title='bbox 910 1032 957 1058; x_wconf 74' lang='grc' dir='ltr'>καὶ</span> 
     </span>
    </p>
   </div>
   <div class='ocr_carea' id='block_1_39' title="bbox 176 1077 956 1112">
    <p class='ocr_par' dir='ltr' id='par_1_39' title="bbox 176 1077 956 1112">
     <span class='ocr_line' id='line_1_39' title="bbox 176 1077 956 1112; baseline 0 -8"><span class='ocrx_word' id='word_1_263' title='bbox 176 1077 302 1112; x_wconf 81' lang='grc' dir='ltr'>Ἦσύχιον</span> <span class='ocrx_word' id='word_1_264' title='bbox 314 1077 486 1110; x_wconf 78' lang='grc' dir='ltr'>ἀξιωσάντων</span> <span class='ocrx_word' id='word_1_265' title='bbox 498 1077 623 1112; x_wconf 86' lang='grc' dir='ltr'>γενέσθαι</span> <span class='ocrx_word' id='word_1_266' title='bbox 638 1077 755 1110; x_wconf 79' lang='grc' dir='ltr'>σύνοδον,</span> <span class='ocrx_word' id='word_1_267' title='bbox 768 1077 956 1112; x_wconf 75' lang='grc' dir='ltr'>προτρεψάμε-</span> 
     </span>
    </p>
   </div>
   <div class='ocr_carea' id='block_1_40' title="bbox 170 1122 956 1159">
    <p class='ocr_par' dir='ltr' id='par_1_40' title="bbox 170 1122 956 1159">
     <span class='ocr_line' id='line_1_40' title="bbox 170 1122 956 1159; baseline 0 -10"><span class='ocrx_word' id='word_1_268' title='bbox 170 1131 215 1155; x_wconf 76' lang='grc' dir='ltr'><strong>νος</strong></span> <span class='ocrx_word' id='word_1_269' title='bbox 228 1123 301 1159; x_wconf 70' lang='grc' dir='ltr'>ἢμην</span> <span class='ocrx_word' id='word_1_270' title='bbox 321 1123 376 1157; x_wconf 73' lang='grc' dir='ltr'><strong>ἐγὼ</strong></span> <span class='ocrx_word' id='word_1_271' title='bbox 399 1123 494 1150; x_wconf 79' lang='grc' dir='ltr'>σκύλαι</span> <span class='ocrx_word' id='word_1_272' title='bbox 517 1124 578 1155; x_wconf 75' lang='grc' dir='ltr'>τοὺς</span> <span class='ocrx_word' id='word_1_273' title='bbox 597 1123 766 1159; x_wconf 80' lang='grc' dir='ltr'>γράψαντας,</span> <span class='ocrx_word' id='word_1_274' title='bbox 789 1123 881 1150; x_wconf 73' lang='grc' dir='ltr'>ἕνεκεν</span> <span class='ocrx_word' id='word_1_275' title='bbox 903 1122 956 1150; x_wconf 84' lang='grc' dir='ltr'>τῶν</span> 
     </span>
    </p>
   </div>
   <div class='ocr_carea' id='block_1_41' title="bbox 171 1169 954 1204">
    <p class='ocr_par' dir='ltr' id='par_1_41' title="bbox 171 1169 954 1204">
     <span class='ocr_line' id='line_1_41' title="bbox 171 1169 954 1204; baseline -0.001 -8"><span class='ocrx_word' id='word_1_276' title='bbox 171 1169 291 1203; x_wconf 77' lang='grc' dir='ltr'><strong>ἀδελφῶν</strong></span> <span class='ocrx_word' id='word_1_277' title='bbox 308 1169 386 1204; x_wconf 80' lang='grc' dir='ltr'>ἡμῶν</span> <span class='ocrx_word' id='word_1_278' title='bbox 399 1169 451 1195; x_wconf 84' lang='grc' dir='ltr'><strong>τῶν</strong></span> <span class='ocrx_word' id='word_1_279' title='bbox 468 1169 637 1204; x_wconf 82' lang='grc' dir='ltr'>αἰτιωμένων</span> <span class='ocrx_word' id='word_1_280' title='bbox 654 1169 760 1196; x_wconf 79' lang='grc' dir='ltr'>ἀδικίαν</span> <span class='ocrx_word' id='word_1_281' title='bbox 783 1169 954 1201; x_wconf 79' lang='grc' dir='ltr'>πεπονθέναι,</span> 
     </span>
    </p>
   </div>
   <div class='ocr_carea' id='block_1_42' title="bbox 170 1212 955 1250">
    <p class='ocr_par' dir='ltr' id='par_1_42' title="bbox 170 1212 955 1250">
     <span class='ocr_line' id='line_1_42' title="bbox 170 1212 955 1250; baseline 0.001 -10"><span class='ocrx_word' id='word_1_282' title='bbox 170 1215 218 1240; x_wconf 71' lang='grc' dir='ltr'>καὶ</span> <span class='ocrx_word' id='word_1_283' title='bbox 233 1213 318 1246; x_wconf 83' lang='grc' dir='ltr'>οὕτως</span> <span class='ocrx_word' id='word_1_284' title='bbox 334 1213 443 1248; x_wconf 78' lang='grc' dir='ltr'>εὕλογος</span> <span class='ocrx_word' id='word_1_285' title='bbox 460 1212 494 1249; x_wconf 85' lang='grc' dir='ltr'>ἦν</span> <span class='ocrx_word' id='word_1_286' title='bbox 512 1217 558 1241; x_wconf 72' lang='grc' dir='ltr'>καὶ</span> <span class='ocrx_word' id='word_1_287' title='bbox 579 1214 699 1250; x_wconf 82' lang='grc' dir='ltr'>δικαὶαή</span> <span class='ocrx_word' id='word_1_288' title='bbox 716 1214 871 1250; x_wconf 81' lang='grc' dir='ltr'>προτροπὴ,</span> <span class='ocrx_word' id='word_1_289' title='bbox 899 1214 955 1241; x_wconf 80' lang='grc' dir='ltr'>ἔστι</span> 
     </span>
    </p>
   </div>
   <div class='ocr_carea' id='block_1_43' title="bbox 170 1259 955 1296">
    <p class='ocr_par' dir='ltr' id='par_1_43' title="bbox 170 1259 955 1296">
     <span class='ocr_line' id='line_1_43' title="bbox 170 1259 955 1296; baseline 0 -10"><span class='ocrx_word' id='word_1_290' title='bbox 170 1259 224 1294; x_wconf 84' lang='grc' dir='ltr'><strong>γὰρ</strong></span> <span class='ocrx_word' id='word_1_291' title='bbox 239 1260 450 1295; x_wconf 81' lang='grc' dir='ltr'>ὲκκλησιαστικὴ</span> <span class='ocrx_word' id='word_1_292' title='bbox 466 1260 512 1286; x_wconf 78' lang='grc' dir='ltr'>καὶ</span> <span class='ocrx_word' id='word_1_293' title='bbox 528 1259 587 1295; x_wconf 82' lang='grc' dir='ltr'><strong>Θεῴ</strong></span> <span class='ocrx_word' id='word_1_294' title='bbox 609 1261 779 1296; x_wconf 76' lang='grc' dir='ltr'>ἀρέσκουσα·</span> <span class='ocrx_word' id='word_1_295' title='bbox 801 1260 846 1286; x_wconf 79' lang='grc' dir='ltr'>ὅτε</span> <span class='ocrx_word' id='word_1_296' title='bbox 861 1260 889 1286; x_wconf 87' lang='grc' dir='ltr'>δὲ</span> <span class='ocrx_word' id='word_1_297' title='bbox 909 1259 955 1291; x_wconf 84' lang='grc' dir='ltr'>οὓς</span> 
     </span>
    </p>
   </div>
   <div class='ocr_carea' id='block_1_44' title="bbox 173 1305 953 1342">
    <p class='ocr_par' dir='ltr' id='par_1_44' title="bbox 173 1305 953 1342">
     <span class='ocr_line' id='line_1_44' title="bbox 173 1305 953 1342; baseline 0.001 -11"><span class='ocrx_word' id='word_1_298' title='bbox 173 1305 253 1340; x_wconf 76' lang='grc' dir='ltr'>ὑμεῖς</span> <span class='ocrx_word' id='word_1_299' title='bbox 264 1305 341 1332; x_wconf 72' lang='grc' dir='ltr'>αὐτοὶ</span> <span class='ocrx_word' id='word_1_300' title='bbox 353 1306 377 1331; x_wconf 83' lang='grc' dir='ltr'>οἱ</span> <span class='ocrx_word' id='word_1_301' title='bbox 395 1306 458 1342; x_wconf 74' lang='grc' dir='ltr'>περὶ</span> <span class='ocrx_word' id='word_1_302' title='bbox 477 1305 604 1332; x_wconf 77' lang='grc' dir='ltr'>Εὑσέὸιον</span> <span class='ocrx_word' id='word_1_303' title='bbox 622 1305 793 1338; x_wconf 77' lang='grc' dir='ltr'>ἀξιοπίστους</span> <span class='ocrx_word' id='word_1_304' title='bbox 803 1305 953 1341; x_wconf 79' lang='grc' dir='ltr'>ἡγήσασθε,</span> 
     </span>
    </p>
   </div>
   <div class='ocr_carea' id='block_1_45' title="bbox 171 1348 955 1387">
    <p class='ocr_par' dir='ltr' id='par_1_45' title="bbox 171 1348 955 1387">
     <span class='ocr_line' id='line_1_45' title="bbox 171 1348 955 1387; baseline 0.003 -11"><span class='ocrx_word' id='word_1_305' title='bbox 171 1352 220 1377; x_wconf 68' lang='grc' dir='ltr'>καὶ</span> <span class='ocrx_word' id='word_1_306' title='bbox 239 1348 311 1378; x_wconf 65' lang='grc' dir='ltr'>οὗτοι</span> <span class='ocrx_word' id='word_1_307' title='bbox 339 1350 457 1385; x_wconf 68' lang='grc' dir='ltr'>ἠξίωσαν</span> <span class='ocrx_word' id='word_1_308' title='bbox 476 1352 549 1386; x_wconf 79' lang='grc' dir='ltr'>ἡμᾶς</span> <span class='ocrx_word' id='word_1_309' title='bbox 566 1351 741 1386; x_wconf 80' lang='grc' dir='ltr'>συγκαλέσαι,</span> <span class='ocrx_word' id='word_1_310' title='bbox 763 1351 905 1378; x_wconf 88' lang='grc' dir='ltr'>ἀκόλουθον</span> <span class='ocrx_word' id='word_1_311' title='bbox 920 1350 955 1387; x_wconf 86' lang='grc' dir='ltr'>ἦν</span> 
     </span>
    </p>
   </div>
   <div class='ocr_carea' id='block_1_46' title="bbox 176 1395 954 1433">
    <p class='ocr_par' dir='ltr' id='par_1_46' title="bbox 176 1395 954 1433">
     <span class='ocr_line' id='line_1_46' title="bbox 176 1395 954 1433; baseline 0.001 -11"><span class='ocrx_word' id='word_1_312' title='bbox 176 1396 240 1428; x_wconf 75' lang='grc' dir='ltr'>τοὺς</span> <span class='ocrx_word' id='word_1_313' title='bbox 256 1395 402 1431; x_wconf 81' lang='grc' dir='ltr'>κληθέντας</span> <span class='ocrx_word' id='word_1_314' title='bbox 417 1397 454 1432; x_wconf 84' lang='grc' dir='ltr'>μὴ</span> <span class='ocrx_word' id='word_1_315' title='bbox 471 1396 638 1433; x_wconf 82' lang='grc' dir='ltr'>λυπηθῆναι,</span> <span class='ocrx_word' id='word_1_316' title='bbox 654 1396 721 1423; x_wconf 91' lang='grc' dir='ltr'><strong>ἀλλά</strong></span> <span class='ocrx_word' id='word_1_317' title='bbox 738 1396 836 1431; x_wconf 80' lang='grc' dir='ltr'>μᾶλλον</span> <span class='ocrx_word' id='word_1_318' title='bbox 853 1397 954 1432; x_wconf 87' lang='grc' dir='ltr'>προθύ-</span> 
     </span>
    </p>
   </div>
   <div class='ocr_carea' id='block_1_47' title="bbox 172 1442 954 1479">
    <p class='ocr_par' dir='ltr' id='par_1_47' title="bbox 172 1442 954 1479">
     <span class='ocr_line' id='line_1_47' title="bbox 172 1442 954 1479; baseline 0.001 -11"><span class='ocrx_word' id='word_1_319' title='bbox 172 1450 230 1476; x_wconf 87' lang='grc' dir='ltr'><strong>μως</strong></span> <span class='ocrx_word' id='word_1_320' title='bbox 243 1442 406 1478; x_wconf 84' lang='grc' dir='ltr'>ἀπαντῆσαι.</span> <span class='ocrx_word' id='word_1_321' title='bbox 426 1443 529 1470; x_wconf 80' lang='grc' dir='ltr'>Οὐκοῦν</span> <span class='ocrx_word' id='word_1_322' title='bbox 548 1444 564 1479; x_wconf 83' lang='grc' dir='ltr'>ἡ</span> <span class='ocrx_word' id='word_1_323' title='bbox 586 1443 635 1478; x_wconf 78' lang='grc' dir='ltr'>μὲν</span> <span class='ocrx_word' id='word_1_324' title='bbox 648 1443 745 1475; x_wconf 77' lang='grc' dir='ltr'>δόξασα</span> <span class='ocrx_word' id='word_1_325' title='bbox 770 1443 954 1478; x_wconf 76' lang='grc' dir='ltr'>ἀγανάκτησις</span> 
     </span>
    </p>
   </div>
   <div class='ocr_carea' id='block_1_48' title="bbox 169 1487 952 1524">
    <p class='ocr_par' dir='ltr' id='par_1_48' title="bbox 169 1487 952 1524">
     <span class='ocr_line' id='line_1_48' title="bbox 169 1487 952 1524; baseline 0 -10"><span class='ocrx_word' id='word_1_326' title='bbox 169 1487 223 1514; x_wconf 83' lang='grc' dir='ltr'><strong>τῶν</strong></span> <span class='ocrx_word' id='word_1_327' title='bbox 242 1488 415 1522; x_wconf 80' lang='grc' dir='ltr'>λυπηθέντων</span> <span class='ocrx_word' id='word_1_328' title='bbox 427 1488 575 1524; x_wconf 83' lang='grc' dir='ltr'>προπετὴς,</span> <span class='ocrx_word' id='word_1_329' title='bbox 597 1490 614 1524; x_wconf 83' lang='grc' dir='ltr'><strong>ὴ</strong></span> <span class='ocrx_word' id='word_1_330' title='bbox 628 1488 657 1515; x_wconf 84' lang='grc' dir='ltr'>δὲ</span> <span class='ocrx_word' id='word_1_331' title='bbox 671 1489 834 1523; x_wconf 83' lang='grc' dir='ltr'>παραίτησις</span> <span class='ocrx_word' id='word_1_332' title='bbox 849 1489 902 1514; x_wconf 81' lang='grc' dir='ltr'>τῶν</span> <span class='ocrx_word' id='word_1_333' title='bbox 916 1488 952 1524; x_wconf 83' lang='grc' dir='ltr'>μὴ</span> 
     </span>
    </p>
   </div>
   <div class='ocr_carea' id='block_1_49' title="bbox 171 1532 953 1570">
    <p class='ocr_par' dir='ltr' id='par_1_49' title="bbox 171 1532 953 1570">
     <span class='ocr_line' id='line_1_49' title="bbox 171 1532 953 1570; baseline 0.003 -11"><span class='ocrx_word' id='word_1_334' title='bbox 171 1532 340 1566; x_wconf 77' lang='grc' dir='ltr'>θελησάντων</span> <span class='ocrx_word' id='word_1_335' title='bbox 352 1534 505 1568; x_wconf 84' lang='grc' dir='ltr'>ἀπαντῆσαι</span> <span class='ocrx_word' id='word_1_336' title='bbox 514 1534 649 1570; x_wconf 84' lang='grc' dir='ltr'>ἀπρεπὴς,</span> <span class='ocrx_word' id='word_1_337' title='bbox 666 1535 713 1561; x_wconf 74' lang='grc' dir='ltr'><strong>καὶ</strong></span> <span class='ocrx_word' id='word_1_338' title='bbox 722 1534 838 1566; x_wconf 79' lang='grc' dir='ltr'>ὕποπτος</span> <span class='ocrx_word' id='word_1_339' title='bbox 851 1535 883 1561; x_wconf 83' lang='grc' dir='ltr'>ὲκ</span> <span class='ocrx_word' id='word_1_340' title='bbox 893 1535 953 1561; x_wconf 91' lang='grc' dir='ltr'>τού-</span> 
     </span>
    </p>
   </div>
   <div class='ocr_carea' id='block_1_50' title="bbox 170 1577 950 1614">
    <p class='ocr_par' dir='ltr' id='par_1_50' title="bbox 170 1577 950 1614">
     <span class='ocr_line' id='line_1_50' title="bbox 170 1577 950 1614; baseline 0.003 -10"><span class='ocrx_word' id='word_1_341' title='bbox 170 1586 224 1604; x_wconf 88' lang='grc' dir='ltr'><strong>των</strong></span> <span class='ocrx_word' id='word_1_342' title='bbox 242 1577 389 1604; x_wconf 84' lang='grc' dir='ltr'>δείκνυται.</span> <span class='ocrx_word' id='word_1_343' title='bbox 407 1579 529 1605; x_wconf 80' lang='grc' dir='ltr'>Δίτιᾶταί</span> <span class='ocrx_word' id='word_1_344' title='bbox 541 1587 584 1610; x_wconf 84' lang='grc' dir='ltr'><strong>τις</strong></span> <span class='ocrx_word' id='word_1_345' title='bbox 607 1579 625 1605; x_wconf 78' lang='grc' dir='ltr'><strong>ἅ</strong></span> <span class='ocrx_word' id='word_1_346' title='bbox 643 1579 768 1614; x_wconf 82' lang='grc' dir='ltr'>πράττων</span> <span class='ocrx_word' id='word_1_347' title='bbox 787 1579 866 1611; x_wconf 77' lang='grc' dir='ltr'>αὐτὸς</span> <span class='ocrx_word' id='word_1_348' title='bbox 885 1580 950 1606; x_wconf 86' lang='grc' dir='ltr'>ἀπο-</span> 
     </span>
    </p>
   </div>
   <div class='ocr_carea' id='block_1_51' title="bbox 169 1623 952 1662">
    <p class='ocr_par' dir='ltr' id='par_1_51' title="bbox 169 1623 952 1662">
     <span class='ocr_line' id='line_1_51' title="bbox 169 1623 952 1662; baseline 0.004 -12"><span class='ocrx_word' id='word_1_349' title='bbox 169 1623 287 1659; x_wconf 79' lang='grc' dir='ltr'>δέχεται,</span> <span class='ocrx_word' id='word_1_350' title='bbox 300 1625 324 1650; x_wconf 85' lang='grc' dir='ltr'>ει</span> <span class='ocrx_word' id='word_1_351' title='bbox 340 1625 403 1660; x_wconf 85' lang='grc' dir='ltr'>παρ’</span> <span class='ocrx_word' id='word_1_352' title='bbox 418 1624 511 1658; x_wconf 75' lang='grc' dir='ltr'>ἑτέρου</span> <span class='ocrx_word' id='word_1_353' title='bbox 527 1625 656 1659; x_wconf 85' lang='grc' dir='ltr'>γινόμενα</span> <span class='ocrx_word' id='word_1_354' title='bbox 669 1625 776 1659; x_wconf 73' lang='grc' dir='ltr'>βλέποις</span> <span class='ocrx_word' id='word_1_355' title='bbox 797 1626 827 1652; x_wconf 80' lang='lat' dir='ltr'><strong>Et</strong></span> <span class='ocrx_word' id='word_1_356' title='bbox 840 1626 903 1662; x_wconf 80' lang='grc' dir='ltr'>γὰρ,</span> <span class='ocrx_word' id='word_1_357' title='bbox 914 1627 952 1658; x_wconf 82' lang='grc' dir='ltr'>ὡς</span> 
     </span>
    </p>
   </div>
   <div class='ocr_carea' id='block_1_52' title="bbox 171 1669 950 1706">
    <p class='ocr_par' dir='ltr' id='par_1_52' title="bbox 171 1669 950 1706">
     <span class='ocr_line' id='line_1_52' title="bbox 171 1669 950 1706; baseline 0.004 -11"><span class='ocrx_word' id='word_1_358' title='bbox 171 1669 299 1704; x_wconf 84' lang='grc' dir='ltr'>γράφετε,</span> <span class='ocrx_word' id='word_1_359' title='bbox 316 1669 462 1696; x_wconf 86' lang='grc' dir='ltr'>ἀσάλευτον</span> <span class='ocrx_word' id='word_1_360' title='bbox 475 1669 530 1705; x_wconf 73' lang='grc' dir='ltr'>ἔχει</span> <span class='ocrx_word' id='word_1_361' title='bbox 550 1670 599 1705; x_wconf 80' lang='grc' dir='ltr'>τὴν</span> <span class='ocrx_word' id='word_1_362' title='bbox 622 1671 697 1705; x_wconf 77' lang='grc' dir='ltr'>ἰσχὺν</span> <span class='ocrx_word' id='word_1_363' title='bbox 715 1671 816 1706; x_wconf 73' lang='grc' dir='ltr'>ἑκάστη</span> <span class='ocrx_word' id='word_1_364' title='bbox 835 1672 950 1705; x_wconf 80' lang='grc' dir='ltr'>σύνοδος,</span> 
     </span>
    </p>
   </div>
   <div class='ocr_carea' id='block_1_53' title="bbox 169 1715 952 1753">
    <p class='ocr_par' dir='ltr' id='par_1_53' title="bbox 169 1715 952 1753">
     <span class='ocr_line' id='line_1_53' title="bbox 169 1715 952 1753; baseline 0.004 -12"><span class='ocrx_word' id='word_1_365' title='bbox 169 1715 217 1742; x_wconf 77' lang='grc' dir='ltr'>καὶ</span> <span class='ocrx_word' id='word_1_366' title='bbox 232 1715 393 1750; x_wconf 79' lang='grc' dir='ltr'>ἀτιμάζεται</span> <span class='ocrx_word' id='word_1_367' title='bbox 407 1716 420 1742; x_wconf 83' lang='grc' dir='ltr'>ὀ</span> <span class='ocrx_word' id='word_1_368' title='bbox 436 1716 541 1751; x_wconf 71' lang='grc' dir='ltr'>κρίνας,</span> <span class='ocrx_word' id='word_1_369' title='bbox 563 1716 610 1742; x_wconf 72' lang='grc' dir='ltr'>ἐὰν</span> <span class='ocrx_word' id='word_1_370' title='bbox 623 1717 687 1751; x_wconf 80' lang='grc' dir='ltr'>παρ’</span> <span class='ocrx_word' id='word_1_371' title='bbox 709 1717 809 1752; x_wconf 82' lang='grc' dir='ltr'>ἑτέρων</span> <span class='ocrx_word' id='word_1_372' title='bbox 829 1718 845 1753; x_wconf 81' lang='grc' dir='ltr'>ἡ</span> <span class='ocrx_word' id='word_1_373' title='bbox 863 1717 952 1753; x_wconf 82' lang='grc' dir='ltr'>κρίσις</span> 
     </span>
    </p>
   </div>
   <div class='ocr_carea' id='block_1_54' title="bbox 169 1759 950 1795">
    <p class='ocr_par' dir='ltr' id='par_1_54' title="bbox 169 1759 950 1795">
     <span class='ocr_line' id='line_1_54' title="bbox 169 1759 950 1795; baseline 0.005 -10"><span class='ocrx_word' id='word_1_374' title='bbox 169 1759 327 1795; x_wconf 68' lang='grc' dir='ltr'>ἐξετάζηται</span> <span class='ocrx_word' id='word_1_375' title='bbox 340 1759 394 1795; x_wconf 84' lang='lat'><strong>(60)</strong></span> <span class='ocrx_word' id='word_1_376' title='bbox 409 1780 416 1793; x_wconf 89' lang='lat'><strong>,</strong></span> <span class='ocrx_word' id='word_1_377' title='bbox 436 1762 571 1791; x_wconf 81' lang='grc' dir='ltr'>σκοπεῖτε,</span> <span class='ocrx_word' id='word_1_378' title='bbox 586 1761 732 1795; x_wconf 77' lang='grc' dir='ltr'>ἀγαπητοὶ,</span> <span class='ocrx_word' id='word_1_379' title='bbox 750 1761 821 1794; x_wconf 86' lang='grc' dir='ltr'>τίνες</span> <span class='ocrx_word' id='word_1_380' title='bbox 839 1762 907 1789; x_wconf 83' lang='grc' dir='ltr'>εἰσὶν</span> <span class='ocrx_word' id='word_1_381' title='bbox 927 1764 950 1789; x_wconf 78' lang='lat' dir='ltr'><strong>oi</strong></span> 
     </span>
    </p>
   </div>
   <div class='ocr_carea' id='block_1_55' title="bbox 170 1804 951 1842">
    <p class='ocr_par' dir='ltr' id='par_1_55' title="bbox 170 1804 951 1842">
     <span class='ocr_line' id='line_1_55' title="bbox 170 1804 951 1842; baseline 0.005 -11"><span class='ocrx_word' id='word_1_382' title='bbox 170 1804 278 1832; x_wconf 78' lang='grc' dir='ltr'>σύνοδον</span> <span class='ocrx_word' id='word_1_383' title='bbox 299 1804 486 1841; x_wconf 74' lang='grc' dir='ltr'>ἀτιμάζοντες,</span> <span class='ocrx_word' id='word_1_384' title='bbox 510 1806 556 1832; x_wconf 82' lang='grc' dir='ltr'>καὶ</span> <span class='ocrx_word' id='word_1_385' title='bbox 576 1806 647 1838; x_wconf 86' lang='grc' dir='ltr'>τίνες</span> <span class='ocrx_word' id='word_1_386' title='bbox 667 1807 701 1833; x_wconf 75' lang='grc' dir='ltr'><strong>τὰ</strong></span> <span class='ocrx_word' id='word_1_387' title='bbox 719 1806 774 1833; x_wconf 85' lang='grc' dir='ltr'>τῶν</span> <span class='ocrx_word' id='word_1_388' title='bbox 794 1807 951 1842; x_wconf 83' lang='grc' dir='ltr'>φθασάντων</span> 
     </span>
    </p>
   </div>
   <div class='ocr_carea' id='block_1_56' title="bbox 169 1851 950 1887">
    <p class='ocr_par' dir='ltr' id='par_1_56' title="bbox 169 1851 950 1887">
     <span class='ocr_line' id='line_1_56' title="bbox 169 1851 950 1887; baseline 0.005 -11"><span class='ocrx_word' id='word_1_389' title='bbox 169 1851 260 1886; x_wconf 84' lang='grc' dir='ltr'>κρῖναι</span> <span class='ocrx_word' id='word_1_390' title='bbox 282 1851 429 1878; x_wconf 88' lang='grc' dir='ltr'>διαλύουσι,</span> <span class='ocrx_word' id='word_1_391' title='bbox 454 1852 509 1878; x_wconf 80' lang='grc' dir='ltr'><strong>Καὶ</strong></span> <span class='ocrx_word' id='word_1_392' title='bbox 527 1852 570 1878; x_wconf 78' lang='grc' dir='ltr'>ἵνα</span> <span class='ocrx_word' id='word_1_393' title='bbox 590 1852 627 1887; x_wconf 87' lang='grc' dir='ltr'>μὴ</span> <span class='ocrx_word' id='word_1_394' title='bbox 645 1852 678 1878; x_wconf 87' lang='grc' dir='ltr'><strong>τά</strong></span> <span class='ocrx_word' id='word_1_395' title='bbox 700 1851 760 1878; x_wconf 81' lang='grc' dir='ltr'>καθ’</span> <span class='ocrx_word' id='word_1_396' title='bbox 775 1853 888 1880; x_wconf 73' lang='grc' dir='ltr'>ἕκαστον</span> <span class='ocrx_word' id='word_1_397' title='bbox 904 1853 950 1880; x_wconf 86' lang='grc' dir='ltr'>νῦν</span> 
     </span>
    </p>
   </div>
   <div class='ocr_carea' id='block_1_57' title="bbox 169 1895 940 1934">
    <p class='ocr_par' dir='ltr' id='par_1_57' title="bbox 169 1895 940 1934">
     <span class='ocr_line' id='line_1_57' title="bbox 169 1895 940 1934; baseline 0.004 -12"><span class='ocrx_word' id='word_1_398' title='bbox 169 1895 302 1928; x_wconf 53' lang='lat' dir='ltr'><strong>caecatum</strong></span> <span class='ocrx_word' id='word_1_399' title='bbox 327 1897 466 1932; x_wconf 77' lang='grc' dir='ltr'>ἐπιϐαρεῖν</span> <span class='ocrx_word' id='word_1_400' title='bbox 489 1905 569 1928; x_wconf 76' lang='grc' dir='ltr'>τινας</span> <span class='ocrx_word' id='word_1_401' title='bbox 591 1897 670 1929; x_wconf 86' lang='grc' dir='ltr'>δοκῶ,</span> <span class='ocrx_word' id='word_1_402' title='bbox 695 1897 763 1924; x_wconf 85' lang='grc' dir='ltr'><strong>ἀλλά</strong></span> <span class='ocrx_word' id='word_1_403' title='bbox 783 1898 813 1924; x_wconf 91' lang='grc' dir='ltr'><strong>τό</strong></span> <span class='ocrx_word' id='word_1_404' title='bbox 833 1907 864 1932; x_wconf 83' lang='grc' dir='ltr'><strong>γε</strong></span> <span class='ocrx_word' id='word_1_405' title='bbox 884 1899 940 1934; x_wconf 66' lang='lat' dir='ltr'><strong>(Si)</strong></span> 
     </span>
    </p>
   </div>
   <div class='ocr_carea' id='block_1_58' title="bbox 167 1939 950 1978">
    <p class='ocr_par' dir='ltr' id='par_1_58' title="bbox 167 1939 950 1978">
     <span class='ocr_line' id='line_1_58' title="bbox 167 1939 950 1978; baseline 0.005 -11"><span class='ocrx_word' id='word_1_406' title='bbox 167 1940 320 1969; x_wconf 83' lang='grc' dir='ltr'>τελευταῖον</span> <span class='ocrx_word' id='word_1_407' title='bbox 342 1942 504 1977; x_wconf 85' lang='grc' dir='ltr'>γενόμενον,</span> <span class='ocrx_word' id='word_1_408' title='bbox 528 1943 569 1976; x_wconf 76' lang='grc' dir='ltr'><strong>ἐφ’</strong></span> <span class='ocrx_word' id='word_1_409' title='bbox 641 1943 687 1969; x_wconf 78' lang='grc' dir='ltr'>καὶ</span> <span class='ocrx_word' id='word_1_410' title='bbox 712 1943 829 1978; x_wconf 79' lang='grc' dir='ltr'>φρίξειεν</span> <span class='ocrx_word' id='word_1_411' title='bbox 852 1944 883 1971; x_wconf 88' lang='grc' dir='ltr'><strong>ἀν</strong></span> <span class='ocrx_word' id='word_1_412' title='bbox 909 1953 950 1976; x_wconf 86' lang='grc' dir='ltr'><strong>τις</strong></span> 
     </span>
    </p>
   </div>
   <div class='ocr_carea' id='block_1_59' title="bbox 169 1986 950 2026">
    <p class='ocr_par' dir='ltr' id='par_1_59' title="bbox 169 1986 950 2026">
     <span class='ocr_line' id='line_1_59' title="bbox 169 1986 950 2026; baseline 0.005 -13"><span class='ocrx_word' id='word_1_413' title='bbox 169 1986 284 2019; x_wconf 85' lang='grc' dir='ltr'>ἀκούων,</span> <span class='ocrx_word' id='word_1_414' title='bbox 308 1988 387 2023; x_wconf 87' lang='grc' dir='ltr'>ἀρκεῖ</span> <span class='ocrx_word' id='word_1_415' title='bbox 407 1988 474 2024; x_wconf 77' lang='grc' dir='ltr'>πρὸς</span> <span class='ocrx_word' id='word_1_416' title='bbox 498 1988 634 2021; x_wconf 79' lang='grc' dir='ltr'>ἀπόδειξιν</span> <span class='ocrx_word' id='word_1_417' title='bbox 657 1988 764 2015; x_wconf 84' lang='grc' dir='ltr'>πάντων</span> <span class='ocrx_word' id='word_1_418' title='bbox 786 1989 840 2016; x_wconf 85' lang='grc' dir='ltr'>τῶν</span> <span class='ocrx_word' id='word_1_419' title='bbox 863 1998 950 2026; x_wconf 91' lang='grc' dir='ltr'>παρα-</span> 
     </span>
    </p>
   </div>
   <div class='ocr_carea' id='block_1_60' title="bbox 168 2031 338 2068">
    <p class='ocr_par' dir='ltr' id='par_1_60' title="bbox 168 2031 338 2068">
     <span class='ocr_line' id='line_1_60' title="bbox 168 2031 338 2068; baseline 0.006 -9"><span class='ocrx_word' id='word_1_420' title='bbox 168 2031 338 2068; x_wconf 80' lang='grc' dir='ltr'>λειφθέντων.</span> 
     </span>
    </p>
   </div>
   <div class='ocr_carea' id='block_1_61' title="bbox 202 2077 950 2115">
    <p class='ocr_par' dir='ltr' id='par_1_61' title="bbox 202 2077 950 2115">
     <span class='ocr_line' id='line_1_61' title="bbox 202 2077 950 2115; baseline 0.004 -12"><span class='ocrx_word' id='word_1_421' title='bbox 202 2077 247 2104; x_wconf 75' lang='grc'><strong>25.</strong></span> <span class='ocrx_word' id='word_1_422' title='bbox 265 2079 295 2104; x_wconf 82' lang='lat' dir='ltr'><strong>0i</strong></span> <span class='ocrx_word' id='word_1_423' title='bbox 318 2078 449 2114; x_wconf 74' lang='grc' dir='ltr'>Ἀρειανοὶ</span> <span class='ocrx_word' id='word_1_424' title='bbox 463 2079 486 2105; x_wconf 89' lang='grc' dir='ltr'><strong>οί</strong></span> <span class='ocrx_word' id='word_1_425' title='bbox 499 2079 554 2106; x_wconf 86' lang='grc' dir='ltr'>ἀπὸ</span> <span class='ocrx_word' id='word_1_426' title='bbox 567 2078 614 2106; x_wconf 79' lang='grc' dir='ltr'>τοῦ</span> <span class='ocrx_word' id='word_1_427' title='bbox 626 2079 675 2115; x_wconf 86' lang='grc' dir='ltr'>τῆς</span> <span class='ocrx_word' id='word_1_428' title='bbox 688 2080 823 2115; x_wconf 76' lang='grc' dir='ltr'>μακαρίας</span> <span class='ocrx_word' id='word_1_429' title='bbox 840 2080 950 2115; x_wconf 87' lang='grc' dir='ltr'>μνήμης</span> 
     </span>
    </p>
   </div>
   <div class='ocr_carea' id='block_1_62' title="bbox 176 2123 951 2161">
    <p class='ocr_par' dir='ltr' id='par_1_62' title="bbox 176 2123 951 2161">
     <span class='ocr_line' id='line_1_62' title="bbox 176 2123 951 2161; baseline 0.003 -11"><span class='ocrx_word' id='word_1_430' title='bbox 176 2123 347 2160; x_wconf 76' lang='grc' dir='ltr'>Ἀλεξάνδρου</span> <span class='ocrx_word' id='word_1_431' title='bbox 361 2125 408 2151; x_wconf 81' lang='grc' dir='ltr'>τοῦ</span> <span class='ocrx_word' id='word_1_432' title='bbox 423 2126 568 2160; x_wconf 83' lang='grc' dir='ltr'>γενομένου</span> <span class='ocrx_word' id='word_1_433' title='bbox 591 2126 741 2152; x_wconf 73' lang='grc' dir='ltr'>ἐπισκόπου</span> <span class='ocrx_word' id='word_1_434' title='bbox 757 2126 808 2161; x_wconf 84' lang='grc' dir='ltr'>τῆς</span> <span class='ocrx_word' id='word_1_435' title='bbox 829 2126 951 2158; x_wconf 78' lang='grc' dir='ltr'>Ἀλεξαν-</span> 
     </span>
    </p>
   </div>
   <div class='ocr_carea' id='block_1_63' title="bbox 167 2169 950 2207">
    <p class='ocr_par' dir='ltr' id='par_1_63' title="bbox 167 2169 950 2207">
     <span class='ocr_line' id='line_1_63' title="bbox 167 2169 950 2207; baseline 0.004 -12"><span class='ocrx_word' id='word_1_436' title='bbox 167 2169 269 2205; x_wconf 82' lang='grc' dir='ltr'>δρείας,</span> <span class='ocrx_word' id='word_1_437' title='bbox 289 2170 335 2196; x_wconf 68' lang='grc' dir='ltr'><strong>ἐπὶ</strong></span> <span class='ocrx_word' id='word_1_438' title='bbox 354 2170 464 2206; x_wconf 76' lang='grc' dir='ltr'>ἀσεϐείᾳ</span> <span class='ocrx_word' id='word_1_439' title='bbox 484 2171 672 2207; x_wconf 71' lang='grc' dir='ltr'>ἐκϐληθέντες.</span> <span class='ocrx_word' id='word_1_440' title='bbox 683 2172 713 2197; x_wconf 86' lang='grc' dir='ltr'>οὺ</span> <span class='ocrx_word' id='word_1_441' title='bbox 730 2172 809 2206; x_wconf 86' lang='grc' dir='ltr'>μόνον</span> <span class='ocrx_word' id='word_1_442' title='bbox 827 2172 878 2198; x_wconf 67' lang='grc' dir='ltr'><strong>ὑπὸ</strong></span> <span class='ocrx_word' id='word_1_443' title='bbox 897 2172 950 2199; x_wconf 85' lang='grc' dir='ltr'>τῶν</span> 
     </span>
    </p>
   </div>
   <div class='ocr_carea' id='block_1_64' title="bbox 1007 939 1784 978">
    <p class='ocr_par' dir='ltr' id='par_1_64' title="bbox 1007 939 1784 978">
     <span class='ocr_line' id='line_1_64' title="bbox 1007 939 1784 978; baseline 0.008 -13"><span class='ocrx_word' id='word_1_444' title='bbox 1007 946 1059 973; x_wconf 88' lang='lat' dir='ltr'><strong>que</strong></span> <span class='ocrx_word' id='word_1_445' title='bbox 1079 939 1176 966; x_wconf 83' lang='lat' dir='ltr'><strong>factum</strong></span> <span class='ocrx_word' id='word_1_446' title='bbox 1199 945 1241 967; x_wconf 90' lang='lat' dir='ltr'><strong>est</strong></span> <span class='ocrx_word' id='word_1_447' title='bbox 1261 945 1288 967; x_wconf 87' lang='lat' dir='ltr'><strong>ut</strong></span> <span class='ocrx_word' id='word_1_448' title='bbox 1301 942 1430 976; x_wconf 80' lang='lat' dir='ltr'><strong>synodum</strong></span> <span class='ocrx_word' id='word_1_449' title='bbox 1449 943 1535 969; x_wconf 86' lang='lat' dir='ltr'><strong>coacti</strong></span> <span class='ocrx_word' id='word_1_450' title='bbox 1560 943 1615 970; x_wconf 89' lang='lat' dir='ltr'><strong>sint</strong></span> <span class='ocrx_word' id='word_1_451' title='bbox 1638 944 1784 978; x_wconf 84' lang='lat' dir='ltr'><strong>postulare.</strong></span> 
     </span>
    </p>
   </div>
   <div class='ocr_carea' id='block_1_65' title="bbox 1007 984 1785 1023">
    <p class='ocr_par' dir='ltr' id='par_1_65' title="bbox 1007 984 1785 1023">
     <span class='ocr_line' id='line_1_65' title="bbox 1007 984 1785 1023; baseline 0.008 -12"><span class='ocrx_word' id='word_1_452' title='bbox 1007 984 1036 1011; x_wconf 91' lang='lat' dir='ltr'><strong>Si</strong></span> <span class='ocrx_word' id='word_1_453' title='bbox 1058 985 1139 1018; x_wconf 73' lang='lat' dir='ltr'><strong>igitur</strong></span> <span class='ocrx_word' id='word_1_454' title='bbox 1161 985 1289 1021; x_wconf 81' lang='lat' dir='ltr'><strong>Martyrio</strong></span> <span class='ocrx_word' id='word_1_455' title='bbox 1317 991 1344 1013; x_wconf 93' lang='lat' dir='ltr'><strong>et</strong></span> <span class='ocrx_word' id='word_1_456' title='bbox 1366 987 1499 1022; x_wconf 79' lang='lat' dir='ltr'><strong>llesychio</strong></span> <span class='ocrx_word' id='word_1_457' title='bbox 1525 988 1625 1016; x_wconf 89' lang='lat' dir='ltr'><strong>nullam</strong></span> <span class='ocrx_word' id='word_1_458' title='bbox 1653 990 1785 1023; x_wconf 81' lang='lat' dir='ltr'><strong>synodum</strong></span> 
     </span>
    </p>
   </div>
   <div class='ocr_carea' id='block_1_66' title="bbox 1006 1030 1786 1070">
    <p class='ocr_par' dir='ltr' id='par_1_66' title="bbox 1006 1030 1786 1070">
     <span class='ocr_line' id='line_1_66' title="bbox 1006 1030 1786 1070; baseline 0.009 -14"><span class='ocrx_word' id='word_1_459' title='bbox 1006 1030 1214 1064; x_wconf 72' lang='lat' dir='ltr'><strong>postulantibus,</strong></span> <span class='ocrx_word' id='word_1_460' title='bbox 1233 1036 1327 1058; x_wconf 83' lang='lat' dir='ltr'><strong>auctor</strong></span> <span class='ocrx_word' id='word_1_461' title='bbox 1344 1039 1393 1066; x_wconf 75' lang='lat' dir='ltr'><strong>ego</strong></span> <span class='ocrx_word' id='word_1_462' title='bbox 1413 1032 1536 1065; x_wconf 80' lang='lat' dir='ltr'><strong>fuissem,</strong></span> <span class='ocrx_word' id='word_1_463' title='bbox 1553 1039 1582 1060; x_wconf 90' lang='lat' dir='ltr'><strong>ut</strong></span> <span class='ocrx_word' id='word_1_464' title='bbox 1603 1035 1648 1068; x_wconf 88' lang='lat' dir='ltr'><strong>qui</strong></span> <span class='ocrx_word' id='word_1_465' title='bbox 1669 1035 1786 1070; x_wconf 83' lang='lat' dir='ltr'><strong>scripse-</strong></span> 
     </span>
    </p>
   </div>
   <div class='ocr_carea' id='block_1_67' title="bbox 1005 1074 1784 1114">
    <p class='ocr_par' dir='ltr' id='par_1_67' title="bbox 1005 1074 1784 1114">
     <span class='ocr_line' id='line_1_67' title="bbox 1005 1074 1784 1114; baseline 0.006 -12"><span class='ocrx_word' id='word_1_466' title='bbox 1005 1079 1066 1102; x_wconf 80' lang='lat' dir='ltr'><strong>rant</strong></span> <span class='ocrx_word' id='word_1_467' title='bbox 1081 1074 1305 1110; x_wconf 79' lang='lat' dir='ltr'><strong>defatigarentur,</strong></span> <span class='ocrx_word' id='word_1_468' title='bbox 1324 1075 1436 1103; x_wconf 82' lang='lat' dir='ltr'><strong>fratrum</strong></span> <span class='ocrx_word' id='word_1_469' title='bbox 1453 1082 1606 1105; x_wconf 86' lang='lat' dir='ltr'><strong>nostrorum</strong></span> <span class='ocrx_word' id='word_1_470' title='bbox 1632 1079 1716 1112; x_wconf 73' lang='lat' dir='ltr'><strong>gratia</strong></span> <span class='ocrx_word' id='word_1_471' title='bbox 1739 1080 1784 1114; x_wconf 85' lang='lat' dir='ltr'><strong>qui</strong></span> 
     </span>
    </p>
   </div>
   <div class='ocr_carea' id='block_1_68' title="bbox 1005 1119 1785 1154">
    <p class='ocr_par' dir='ltr' id='par_1_68' title="bbox 1005 1119 1785 1154">
     <span class='ocr_line' id='line_1_68' title="bbox 1005 1119 1785 1154; baseline 0.008 -8"><span class='ocrx_word' id='word_1_472' title='bbox 1005 1127 1034 1147; x_wconf 90' lang='lat' dir='ltr'><strong>se</strong></span> <span class='ocrx_word' id='word_1_473' title='bbox 1050 1119 1173 1153; x_wconf 76' lang='lat' dir='ltr'><strong>iniuriam</strong></span> <span class='ocrx_word' id='word_1_474' title='bbox 1194 1127 1286 1154; x_wconf 85' lang='lat' dir='ltr'><strong>passos</strong></span> <span class='ocrx_word' id='word_1_475' title='bbox 1300 1121 1532 1154; x_wconf 78' lang='lat' dir='ltr'><strong>conquerebantur</strong></span> <span class='ocrx_word' id='word_1_476' title='bbox 1544 1142 1552 1154; x_wconf 92' lang='lat'><strong>,</strong></span> <span class='ocrx_word' id='word_1_477' title='bbox 1571 1129 1603 1150; x_wconf 90' lang='lat' dir='ltr'><strong>eo</strong></span> <span class='ocrx_word' id='word_1_478' title='bbox 1616 1122 1699 1150; x_wconf 84' lang='lat' dir='ltr'><strong>etiam</strong></span> <span class='ocrx_word' id='word_1_479' title='bbox 1721 1131 1785 1152; x_wconf 85' lang='lat' dir='ltr'><strong>casu</strong></span> 
     </span>
    </p>
   </div>
   <div class='ocr_carea' id='block_1_69' title="bbox 1004 1165 1784 1203">
    <p class='ocr_par' dir='ltr' id='par_1_69' title="bbox 1004 1165 1784 1203">
     <span class='ocr_line' id='line_1_69' title="bbox 1004 1165 1784 1203; baseline 0.008 -12"><span class='ocrx_word' id='word_1_480' title='bbox 1004 1173 1081 1199; x_wconf 60' lang='lat' dir='ltr'><strong>aqua</strong></span> <span class='ocrx_word' id='word_1_481' title='bbox 1094 1170 1121 1192; x_wconf 91' lang='lat' dir='ltr'><strong>et</strong></span> <span class='ocrx_word' id='word_1_482' title='bbox 1139 1165 1211 1200; x_wconf 81' lang='lat' dir='ltr'><strong>justa</strong></span> <span class='ocrx_word' id='word_1_483' title='bbox 1232 1165 1325 1193; x_wconf 79' lang='lat' dir='ltr'><strong>fuisset</strong></span> <span class='ocrx_word' id='word_1_484' title='bbox 1343 1166 1509 1200; x_wconf 74' lang='lat' dir='ltr'><strong>adhortatio,</strong></span> <span class='ocrx_word' id='word_1_485' title='bbox 1530 1168 1628 1203; x_wconf 88' lang='lat' dir='ltr'><strong>quippe</strong></span> <span class='ocrx_word' id='word_1_486' title='bbox 1650 1176 1709 1203; x_wconf 68' lang='lat' dir='ltr'><strong>qua)</strong></span> <span class='ocrx_word' id='word_1_487' title='bbox 1723 1176 1784 1197; x_wconf 88' lang='lat' dir='ltr'><strong>cum</strong></span> 
     </span>
    </p>
   </div>
   <div class='ocr_carea' id='block_1_70' title="bbox 1005 1210 1784 1247">
    <p class='ocr_par' dir='ltr' id='par_1_70' title="bbox 1005 1210 1784 1247">
     <span class='ocr_line' id='line_1_70' title="bbox 1005 1210 1784 1247; baseline 0.006 -10"><span class='ocrx_word' id='word_1_488' title='bbox 1005 1210 1188 1238; x_wconf 85' lang='lat' dir='ltr'><strong>ecclesiastica</strong></span> <span class='ocrx_word' id='word_1_489' title='bbox 1213 1212 1260 1242; x_wconf 82' lang='lat' dir='ltr'><strong>sit.</strong></span> <span class='ocrx_word' id='word_1_490' title='bbox 1282 1215 1337 1238; x_wconf 87' lang='lat' dir='ltr'><strong>tuin</strong></span> <span class='ocrx_word' id='word_1_491' title='bbox 1368 1211 1422 1239; x_wconf 88' lang='lat' dir='ltr'><strong>Deo</strong></span> <span class='ocrx_word' id='word_1_492' title='bbox 1444 1217 1537 1247; x_wconf 74' lang='lat' dir='ltr'><strong>grata;</strong></span> <span class='ocrx_word' id='word_1_493' title='bbox 1559 1213 1615 1247; x_wconf 88' lang='lat' dir='ltr'><strong>jam</strong></span> <span class='ocrx_word' id='word_1_494' title='bbox 1636 1221 1700 1241; x_wconf 91' lang='lat' dir='ltr'><strong>vero</strong></span> <span class='ocrx_word' id='word_1_495' title='bbox 1723 1222 1784 1242; x_wconf 85' lang='lat' dir='ltr'><strong>cum</strong></span> 
     </span>
    </p>
   </div>
   <div class='ocr_carea' id='block_1_71' title="bbox 1005 1256 1785 1294">
    <p class='ocr_par' dir='ltr' id='par_1_71' title="bbox 1005 1256 1785 1294">
     <span class='ocr_line' id='line_1_71' title="bbox 1005 1256 1785 1294; baseline 0.004 -11"><span class='ocrx_word' id='word_1_496' title='bbox 1005 1256 1084 1283; x_wconf 89' lang='lat' dir='ltr'><strong>iidem</strong></span> <span class='ocrx_word' id='word_1_497' title='bbox 1101 1256 1150 1290; x_wconf 85' lang='lat' dir='ltr'><strong>ipsi</strong></span> <span class='ocrx_word' id='word_1_498' title='bbox 1166 1264 1234 1290; x_wconf 88' lang='lat' dir='ltr'><strong>quos</strong></span> <span class='ocrx_word' id='word_1_499' title='bbox 1255 1263 1302 1284; x_wconf 86' lang='lat' dir='ltr'><strong>vos</strong></span> <span class='ocrx_word' id='word_1_500' title='bbox 1317 1256 1471 1290; x_wconf 84' lang='lat' dir='ltr'><strong>Eusebiani,</strong></span> <span class='ocrx_word' id='word_1_501' title='bbox 1495 1259 1545 1286; x_wconf 88' lang='lat' dir='ltr'><strong>lide</strong></span> <span class='ocrx_word' id='word_1_502' title='bbox 1565 1259 1660 1294; x_wconf 73' lang='lat' dir='ltr'><strong>dignos</strong></span> <span class='ocrx_word' id='word_1_503' title='bbox 1679 1267 1785 1288; x_wconf 82' lang='lat' dir='ltr'><strong>censui-</strong></span> 
     </span>
    </p>
   </div>
   <div class='ocr_carea' id='block_1_72' title="bbox 1005 1301 1786 1336">
    <p class='ocr_par' dir='ltr' id='par_1_72' title="bbox 1005 1301 1786 1336">
     <span class='ocr_line' id='line_1_72' title="bbox 1005 1301 1786 1336; baseline 0.005 -9"><span class='ocrx_word' id='word_1_504' title='bbox 1005 1301 1064 1333; x_wconf 85' lang='lat' dir='ltr'><strong>stis,</strong></span> <span class='ocrx_word' id='word_1_505' title='bbox 1083 1308 1130 1328; x_wconf 88' lang='lat' dir='ltr'><strong>nos</strong></span> <span class='ocrx_word' id='word_1_506' title='bbox 1152 1306 1278 1336; x_wconf 71' lang='lat' dir='ltr'><strong>rogarunt</strong></span> <span class='ocrx_word' id='word_1_507' title='bbox 1295 1307 1323 1328; x_wconf 90' lang='lat' dir='ltr'><strong>ut</strong></span> <span class='ocrx_word' id='word_1_508' title='bbox 1338 1303 1456 1336; x_wconf 83' lang='lat' dir='ltr'><strong>synodus</strong></span> <span class='ocrx_word' id='word_1_509' title='bbox 1468 1309 1676 1335; x_wconf 86' lang='lat' dir='ltr'><strong>convocaretur,</strong></span> <span class='ocrx_word' id='word_1_510' title='bbox 1696 1304 1786 1331; x_wconf 85' lang='lat' dir='ltr'><strong>decuit</strong></span> 
     </span>
    </p>
   </div>
   <div class='ocr_carea' id='block_1_73' title="bbox 1004 1347 1784 1383">
    <p class='ocr_par' dir='ltr' id='par_1_73' title="bbox 1004 1347 1784 1383">
     <span class='ocr_line' id='line_1_73' title="bbox 1004 1347 1784 1383; baseline 0.006 -10"><span class='ocrx_word' id='word_1_511' title='bbox 1004 1352 1113 1374; x_wconf 84' lang='lat' dir='ltr'><strong>vocatos</strong></span> <span class='ocrx_word' id='word_1_512' title='bbox 1127 1354 1179 1373; x_wconf 88' lang='lat' dir='ltr'><strong>non</strong></span> <span class='ocrx_word' id='word_1_513' title='bbox 1198 1347 1305 1381; x_wconf 71' lang='lat' dir='ltr'><strong>indigne</strong></span> <span class='ocrx_word' id='word_1_514' title='bbox 1324 1347 1406 1380; x_wconf 78' lang='lat' dir='ltr'><strong>ferre.</strong></span> <span class='ocrx_word' id='word_1_515' title='bbox 1422 1349 1468 1376; x_wconf 89' lang='lat' dir='ltr'><strong>sed</strong></span> <span class='ocrx_word' id='word_1_516' title='bbox 1488 1350 1577 1383; x_wconf 80' lang='lat' dir='ltr'><strong>potius</strong></span> <span class='ocrx_word' id='word_1_517' title='bbox 1597 1349 1724 1378; x_wconf 79' lang='lat' dir='ltr'><strong>alacriter</strong></span> <span class='ocrx_word' id='word_1_518' title='bbox 1736 1357 1784 1378; x_wconf 86' lang='lat' dir='ltr'><strong>0c-</strong></span> 
     </span>
    </p>
   </div>
   <div class='ocr_carea' id='block_1_74' title="bbox 1004 1392 1784 1430">
    <p class='ocr_par' dir='ltr' id='par_1_74' title="bbox 1004 1392 1784 1430">
     <span class='ocr_line' id='line_1_74' title="bbox 1004 1392 1784 1430; baseline 0.005 -10"><span class='ocrx_word' id='word_1_519' title='bbox 1004 1400 1122 1420; x_wconf 87' lang='lat' dir='ltr'><strong>currere.</strong></span> <span class='ocrx_word' id='word_1_520' title='bbox 1136 1392 1304 1428; x_wconf 82' lang='lat' dir='ltr'><strong>Quapropter</strong></span> <span class='ocrx_word' id='word_1_521' title='bbox 1316 1393 1463 1428; x_wconf 73' lang='lat' dir='ltr'><strong>indignatio</strong></span> <span class='ocrx_word' id='word_1_522' title='bbox 1477 1401 1570 1421; x_wconf 89' lang='lat' dir='ltr'><strong>eorum</strong></span> <span class='ocrx_word' id='word_1_523' title='bbox 1586 1396 1632 1430; x_wconf 91' lang='lat' dir='ltr'><strong>qui</strong></span> <span class='ocrx_word' id='word_1_524' title='bbox 1647 1397 1698 1424; x_wconf 89' lang='lat' dir='ltr'><strong>hoc</strong></span> <span class='ocrx_word' id='word_1_525' title='bbox 1714 1404 1784 1430; x_wconf 71' lang='lat' dir='ltr'><strong>aegre</strong></span> 
     </span>
    </p>
   </div>
   <div class='ocr_carea' id='block_1_75' title="bbox 1004 1438 1784 1476">
    <p class='ocr_par' dir='ltr' id='par_1_75' title="bbox 1004 1438 1784 1476">
     <span class='ocr_line' id='line_1_75' title="bbox 1004 1438 1784 1476; baseline 0.004 -10"><span class='ocrx_word' id='word_1_526' title='bbox 1004 1438 1093 1466; x_wconf 81' lang='lat' dir='ltr'><strong>ferunt</strong></span> <span class='ocrx_word' id='word_1_527' title='bbox 1108 1445 1231 1473; x_wconf 86' lang='lat' dir='ltr'><strong>proterva</strong></span> <span class='ocrx_word' id='word_1_528' title='bbox 1246 1444 1306 1466; x_wconf 82' lang='lat' dir='ltr'><strong>est:</strong></span> <span class='ocrx_word' id='word_1_529' title='bbox 1325 1440 1483 1467; x_wconf 85' lang='lat' dir='ltr'><strong>detrectatio</strong></span> <span class='ocrx_word' id='word_1_530' title='bbox 1496 1447 1560 1468; x_wconf 88' lang='lat' dir='ltr'><strong>vero</strong></span> <span class='ocrx_word' id='word_1_531' title='bbox 1573 1448 1665 1469; x_wconf 89' lang='lat' dir='ltr'><strong>eorum</strong></span> <span class='ocrx_word' id='word_1_532' title='bbox 1680 1443 1725 1476; x_wconf 87' lang='lat' dir='ltr'><strong>qui</strong></span> <span class='ocrx_word' id='word_1_533' title='bbox 1738 1449 1784 1470; x_wconf 79' lang='lat' dir='ltr'><strong>vc-</strong></span> 
     </span>
    </p>
   </div>
   <div class='ocr_carea' id='block_1_76' title="bbox 1003 1485 1784 1522">
    <p class='ocr_par' dir='ltr' id='par_1_76' title="bbox 1003 1485 1784 1522">
     <span class='ocr_line' id='line_1_76' title="bbox 1003 1485 1784 1522; baseline 0.005 -11"><span class='ocrx_word' id='word_1_534' title='bbox 1003 1485 1062 1512; x_wconf 84' lang='lat' dir='ltr'><strong>nire</strong></span> <span class='ocrx_word' id='word_1_535' title='bbox 1081 1485 1191 1512; x_wconf 89' lang='lat' dir='ltr'><strong>noluere</strong></span> <span class='ocrx_word' id='word_1_536' title='bbox 1210 1485 1351 1512; x_wconf 84' lang='lat' dir='ltr'><strong>inhonesta</strong></span> <span class='ocrx_word' id='word_1_537' title='bbox 1368 1491 1396 1513; x_wconf 93' lang='lat' dir='ltr'><strong>et</strong></span> <span class='ocrx_word' id='word_1_538' title='bbox 1410 1492 1533 1520; x_wconf 84' lang='lat' dir='ltr'><strong>suspecta</strong></span> <span class='ocrx_word' id='word_1_539' title='bbox 1551 1487 1615 1514; x_wconf 85' lang='lat' dir='ltr'><strong>hinc</strong></span> <span class='ocrx_word' id='word_1_540' title='bbox 1634 1488 1784 1522; x_wconf 79' lang='lat' dir='ltr'><strong>deprehen-</strong></span> 
     </span>
    </p>
   </div>
   <div class='ocr_carea' id='block_1_77' title="bbox 1003 1530 1782 1566">
    <p class='ocr_par' dir='ltr' id='par_1_77' title="bbox 1003 1530 1782 1566">
     <span class='ocr_line' id='line_1_77' title="bbox 1003 1530 1782 1566; baseline 0.005 -10"><span class='ocrx_word' id='word_1_541' title='bbox 1003 1530 1086 1557; x_wconf 89' lang='lat' dir='ltr'><strong>ditur.</strong></span> <span class='ocrx_word' id='word_1_542' title='bbox 1102 1531 1142 1557; x_wconf 87' lang='lat' dir='ltr'><strong>An</strong></span> <span class='ocrx_word' id='word_1_543' title='bbox 1156 1531 1217 1565; x_wconf 88' lang='lat' dir='ltr'><strong>quis</strong></span> <span class='ocrx_word' id='word_1_544' title='bbox 1231 1531 1414 1565; x_wconf 86' lang='lat' dir='ltr'><strong>conqueritur,</strong></span> <span class='ocrx_word' id='word_1_545' title='bbox 1428 1533 1449 1559; x_wconf 90' lang='lat' dir='ltr'><strong>si</strong></span> <span class='ocrx_word' id='word_1_546' title='bbox 1466 1539 1525 1566; x_wconf 68' lang='lat' dir='ltr'><strong>quae</strong></span> <span class='ocrx_word' id='word_1_547' title='bbox 1544 1539 1559 1559; x_wconf 89' lang='lat' dir='ltr'><strong>a</strong></span> <span class='ocrx_word' id='word_1_548' title='bbox 1578 1540 1606 1560; x_wconf 87' lang='lat' dir='ltr'><strong>se</strong></span> <span class='ocrx_word' id='word_1_549' title='bbox 1622 1539 1696 1560; x_wconf 91' lang='lat' dir='ltr'><strong>recte</strong></span> <span class='ocrx_word' id='word_1_550' title='bbox 1712 1533 1782 1561; x_wconf 80' lang='lat' dir='ltr'><strong>facta</strong></span> 
     </span>
    </p>
   </div>
   <div class='ocr_carea' id='block_1_78' title="bbox 966 1563 1782 1609">
    <p class='ocr_par' dir='ltr' id='par_1_78' title="bbox 966 1563 1782 1609">
     <span class='ocr_line' id='line_1_78' title="bbox 966 1563 1782 1609; baseline 0.002 -7"><span class='ocrx_word' id='word_1_551' title='bbox 966 1563 986 1592; x_wconf 74' lang='grc' dir='ltr'><strong>ο</strong></span> <span class='ocrx_word' id='word_1_552' title='bbox 1003 1575 1151 1606; x_wconf 79' lang='lat' dir='ltr'><strong>existimat.</strong></span> <span class='ocrx_word' id='word_1_553' title='bbox 1163 1563 1196 1602; x_wconf 66' lang='grc' dir='ltr'>Ᾱιι</span> <span class='ocrx_word' id='word_1_554' title='bbox 1210 1575 1268 1602; x_wconf 82' lang='lat' dir='ltr'><strong>aliis</strong></span> <span class='ocrx_word' id='word_1_555' title='bbox 1282 1563 1339 1602; x_wconf 61' lang='grc' dir='ltr'><strong>(ἰαί</strong></span> <span class='ocrx_word' id='word_1_556' title='bbox 1354 1575 1462 1602; x_wconf 82' lang='lat' dir='ltr'><strong>videat?</strong></span> <span class='ocrx_word' id='word_1_557' title='bbox 1473 1563 1500 1603; x_wconf 70' lang='lat' dir='ltr'><strong>Si</strong></span> <span class='ocrx_word' id='word_1_558' title='bbox 1514 1576 1596 1607; x_wconf 89' lang='lat' dir='ltr'><strong>enim,</strong></span> <span class='ocrx_word' id='word_1_559' title='bbox 1610 1580 1640 1603; x_wconf 84' lang='lat' dir='ltr'><strong>ut</strong></span> <span class='ocrx_word' id='word_1_560' title='bbox 1651 1576 1782 1609; x_wconf 85' lang='lat' dir='ltr'><strong>scribitis,</strong></span> 
     </span>
    </p>
   </div>
   <div class='ocr_carea' id='block_1_79' title="bbox 1002 1620 1783 1655">
    <p class='ocr_par' dir='ltr' id='par_1_79' title="bbox 1002 1620 1783 1655">
     <span class='ocr_line' id='line_1_79' title="bbox 1002 1620 1783 1655; baseline 0.001 -8"><span class='ocrx_word' id='word_1_561' title='bbox 1002 1620 1127 1655; x_wconf 61' lang='lat' dir='ltr'><strong>quislibet</strong></span> <span class='ocrx_word' id='word_1_562' title='bbox 1153 1621 1271 1655; x_wconf 87' lang='lat' dir='ltr'><strong>synodus</strong></span> <span class='ocrx_word' id='word_1_563' title='bbox 1294 1621 1398 1648; x_wconf 78' lang='lat' dir='ltr'><strong>firmam</strong></span> <span class='ocrx_word' id='word_1_564' title='bbox 1422 1621 1502 1648; x_wconf 83' lang='lat' dir='ltr'><strong>habet</strong></span> <span class='ocrx_word' id='word_1_565' title='bbox 1523 1621 1723 1654; x_wconf 84' lang='lat' dir='ltr'><strong>auctoritatem,</strong></span> <span class='ocrx_word' id='word_1_566' title='bbox 1755 1626 1783 1649; x_wconf 82' lang='lat' dir='ltr'><strong>et</strong></span> 
     </span>
    </p>
   </div>
   <div class='ocr_carea' id='block_1_80' title="bbox 1001 1666 1781 1702">
    <p class='ocr_par' dir='ltr' id='par_1_80' title="bbox 1001 1666 1781 1702">
     <span class='ocr_line' id='line_1_80' title="bbox 1001 1666 1781 1702; baseline 0.001 -8"><span class='ocrx_word' id='word_1_567' title='bbox 1001 1666 1193 1694; x_wconf 82' lang='lat' dir='ltr'><strong>contumeliose</strong></span> <span class='ocrx_word' id='word_1_568' title='bbox 1207 1667 1295 1701; x_wconf 74' lang='lat' dir='ltr'><strong>agitur</strong></span> <span class='ocrx_word' id='word_1_569' title='bbox 1308 1674 1368 1694; x_wconf 88' lang='lat' dir='ltr'><strong>cunt</strong></span> <span class='ocrx_word' id='word_1_570' title='bbox 1381 1667 1472 1700; x_wconf 84' lang='lat' dir='ltr'><strong>judice</strong></span> <span class='ocrx_word' id='word_1_571' title='bbox 1493 1668 1514 1694; x_wconf 88' lang='lat' dir='ltr'><strong>si</strong></span> <span class='ocrx_word' id='word_1_572' title='bbox 1530 1667 1589 1702; x_wconf 83' lang='lat' dir='ltr'><strong>ejus</strong></span> <span class='ocrx_word' id='word_1_573' title='bbox 1602 1667 1733 1701; x_wconf 81' lang='lat' dir='ltr'><strong>judicium</strong></span> <span class='ocrx_word' id='word_1_574' title='bbox 1747 1668 1781 1695; x_wconf 89' lang='lat' dir='ltr'><strong>ab</strong></span> 
     </span>
    </p>
   </div>
   <div class='ocr_carea' id='block_1_81' title="bbox 1001 1712 1781 1748">
    <p class='ocr_par' dir='ltr' id='par_1_81' title="bbox 1001 1712 1781 1748">
     <span class='ocr_line' id='line_1_81' title="bbox 1001 1712 1781 1748; baseline 0.001 -9"><span class='ocrx_word' id='word_1_575' title='bbox 1001 1712 1053 1740; x_wconf 88' lang='lat' dir='ltr'><strong>alio</strong></span> <span class='ocrx_word' id='word_1_576' title='bbox 1064 1713 1242 1744; x_wconf 77' lang='lat' dir='ltr'><strong>examinetur,</strong></span> <span class='ocrx_word' id='word_1_577' title='bbox 1256 1713 1435 1744; x_wconf 85' lang='lat' dir='ltr'><strong>considerate,</strong></span> <span class='ocrx_word' id='word_1_578' title='bbox 1447 1720 1550 1748; x_wconf 55' lang='lat' dir='ltr'><strong>quaeso,</strong></span> <span class='ocrx_word' id='word_1_579' title='bbox 1559 1713 1660 1744; x_wconf 83' lang='lat' dir='ltr'><strong>dilecti.</strong></span> <span class='ocrx_word' id='word_1_580' title='bbox 1671 1714 1781 1748; x_wconf 86' lang='lat' dir='ltr'><strong>quinam</strong></span> 
     </span>
    </p>
   </div>
   <div class='ocr_carea' id='block_1_82' title="bbox 1001 1758 1780 1793">
    <p class='ocr_par' dir='ltr' id='par_1_82' title="bbox 1001 1758 1780 1793">
     <span class='ocr_line' id='line_1_82' title="bbox 1001 1758 1780 1793; baseline 0.003 -9"><span class='ocrx_word' id='word_1_581' title='bbox 1001 1762 1065 1785; x_wconf 86' lang='lat' dir='ltr'><strong>sunt</strong></span> <span class='ocrx_word' id='word_1_582' title='bbox 1079 1758 1124 1792; x_wconf 91' lang='lat' dir='ltr'><strong>qui</strong></span> <span class='ocrx_word' id='word_1_583' title='bbox 1147 1758 1277 1793; x_wconf 84' lang='lat' dir='ltr'><strong>synodum</strong></span> <span class='ocrx_word' id='word_1_584' title='bbox 1297 1759 1470 1790; x_wconf 84' lang='lat' dir='ltr'><strong>inhonoraut,</strong></span> <span class='ocrx_word' id='word_1_585' title='bbox 1495 1764 1522 1786; x_wconf 88' lang='lat' dir='ltr'><strong>et</strong></span> <span class='ocrx_word' id='word_1_586' title='bbox 1538 1759 1646 1793; x_wconf 89' lang='lat' dir='ltr'><strong>quinam</strong></span> <span class='ocrx_word' id='word_1_587' title='bbox 1668 1759 1780 1787; x_wconf 81' lang='lat' dir='ltr'><strong>aliorum</strong></span> 
     </span>
    </p>
   </div>
   <div class='ocr_carea' id='block_1_83' title="bbox 997 1802 1780 1839">
    <p class='ocr_par' dir='ltr' id='par_1_83' title="bbox 997 1802 1780 1839">
     <span class='ocr_line' id='line_1_83' title="bbox 997 1802 1780 1839; baseline 0.004 -10"><span class='ocrx_word' id='word_1_588' title='bbox 997 1802 1119 1836; x_wconf 82' lang='lat' dir='ltr'><strong>judicata</strong></span> <span class='ocrx_word' id='word_1_589' title='bbox 1141 1803 1307 1830; x_wconf 88' lang='lat' dir='ltr'><strong>rescindunt.</strong></span> <span class='ocrx_word' id='word_1_590' title='bbox 1325 1803 1359 1830; x_wconf 90' lang='lat' dir='ltr'><strong>Et</strong></span> <span class='ocrx_word' id='word_1_591' title='bbox 1372 1811 1406 1830; x_wconf 92' lang='lat' dir='ltr'><strong>ne</strong></span> <span class='ocrx_word' id='word_1_592' title='bbox 1424 1804 1589 1839; x_wconf 73' lang='lat' dir='ltr'><strong>singulorum</strong></span> <span class='ocrx_word' id='word_1_593' title='bbox 1604 1809 1663 1832; x_wconf 85' lang='lat' dir='ltr'><strong>acta</strong></span> <span class='ocrx_word' id='word_1_594' title='bbox 1679 1812 1780 1839; x_wconf 80' lang='lat' dir='ltr'><strong>expen-</strong></span> 
     </span>
    </p>
   </div>
   <div class='ocr_carea' id='block_1_84' title="bbox 1000 1849 1781 1884">
    <p class='ocr_par' dir='ltr' id='par_1_84' title="bbox 1000 1849 1781 1884">
     <span class='ocr_line' id='line_1_84' title="bbox 1000 1849 1781 1884; baseline 0.003 -8"><span class='ocrx_word' id='word_1_595' title='bbox 1000 1849 1075 1881; x_wconf 79' lang='lat' dir='ltr'><strong>denl,</strong></span> <span class='ocrx_word' id='word_1_596' title='bbox 1089 1849 1221 1884; x_wconf 81' lang='lat' dir='ltr'><strong>quosdam</strong></span> <span class='ocrx_word' id='word_1_597' title='bbox 1231 1857 1346 1884; x_wconf 73' lang='lat' dir='ltr'><strong>gravare</strong></span> <span class='ocrx_word' id='word_1_598' title='bbox 1361 1850 1470 1877; x_wconf 86' lang='lat' dir='ltr'><strong>videar:</strong></span> <span class='ocrx_word' id='word_1_599' title='bbox 1483 1857 1548 1877; x_wconf 84' lang='lat' dir='ltr'><strong>sane</strong></span> <span class='ocrx_word' id='word_1_600' title='bbox 1560 1851 1629 1884; x_wconf 90' lang='lat' dir='ltr'><strong>quod</strong></span> <span class='ocrx_word' id='word_1_601' title='bbox 1643 1856 1781 1884; x_wconf 79' lang='lat' dir='ltr'><strong>postremo</strong></span> 
     </span>
    </p>
   </div>
   <div class='ocr_carea' id='block_1_85' title="bbox 1000 1895 1781 1930">
    <p class='ocr_par' dir='ltr' id='par_1_85' title="bbox 1000 1895 1781 1930">
     <span class='ocr_line' id='line_1_85' title="bbox 1000 1895 1781 1930; baseline 0.004 -10"><span class='ocrx_word' id='word_1_602' title='bbox 1000 1899 1103 1929; x_wconf 76' lang='lat' dir='ltr'><strong>gestum</strong></span> <span class='ocrx_word' id='word_1_603' title='bbox 1120 1898 1170 1928; x_wconf 84' lang='lat' dir='ltr'><strong>est,</strong></span> <span class='ocrx_word' id='word_1_604' title='bbox 1185 1902 1245 1922; x_wconf 90' lang='lat' dir='ltr'><strong>cum</strong></span> <span class='ocrx_word' id='word_1_605' title='bbox 1260 1895 1296 1922; x_wconf 84' lang='lat' dir='ltr'><strong>sit</strong></span> <span class='ocrx_word' id='word_1_606' title='bbox 1313 1895 1476 1922; x_wconf 87' lang='lat' dir='ltr'><strong>horrendum</strong></span> <span class='ocrx_word' id='word_1_607' title='bbox 1492 1895 1570 1930; x_wconf 74' lang='lat'><strong>113</strong></span> <span class='ocrx_word' id='word_1_608' title='bbox 1593 1896 1694 1930; x_wconf 80' lang='lat' dir='ltr'><strong>auditu,</strong></span> <span class='ocrx_word' id='word_1_609' title='bbox 1708 1895 1781 1923; x_wconf 71' lang='lat' dir='ltr'><strong>sutil-</strong></span> 
     </span>
    </p>
   </div>
   <div class='ocr_carea' id='block_1_86' title="bbox 1000 1939 1778 1973">
    <p class='ocr_par' dir='ltr' id='par_1_86' title="bbox 1000 1939 1778 1973">
     <span class='ocr_line' id='line_1_86' title="bbox 1000 1939 1778 1973; baseline 0.004 -8"><span class='ocrx_word' id='word_1_610' title='bbox 1000 1939 1038 1965; x_wconf 82' lang='lat' dir='ltr'><strong>cit</strong></span> <span class='ocrx_word' id='word_1_611' title='bbox 1050 1939 1084 1966; x_wconf 89' lang='lat' dir='ltr'><strong>ad</strong></span> <span class='ocrx_word' id='word_1_612' title='bbox 1095 1943 1202 1972; x_wconf 63' lang='lat' dir='ltr'><strong>cetera,</strong></span> <span class='ocrx_word' id='word_1_613' title='bbox 1215 1945 1274 1973; x_wconf 73' lang='lat' dir='ltr'><strong>quae</strong></span> <span class='ocrx_word' id='word_1_614' title='bbox 1289 1946 1304 1966; x_wconf 90' lang='lat' dir='ltr'><strong>a</strong></span> <span class='ocrx_word' id='word_1_615' title='bbox 1321 1946 1365 1966; x_wconf 87' lang='lat' dir='ltr'><strong>me</strong></span> <span class='ocrx_word' id='word_1_616' title='bbox 1379 1939 1551 1972; x_wconf 84' lang='lat' dir='ltr'><strong>omittuntur.</strong></span> <span class='ocrx_word' id='word_1_617' title='bbox 1570 1941 1778 1968; x_wconf 82' lang='lat' dir='ltr'><strong>comurobanda.</strong></span> 
     </span>
    </p>
   </div>
   <div class='ocr_carea' id='block_1_87' title="bbox 1034 2084 1780 2121">
    <p class='ocr_par' dir='ltr' id='par_1_87' title="bbox 1034 2084 1780 2121">
     <span class='ocr_line' id='line_1_87' title="bbox 1034 2084 1780 2121; baseline 0.004 -10"><span class='ocrx_word' id='word_1_618' title='bbox 1034 2085 1078 2112; x_wconf 73' lang='grc'><strong>25.</strong></span> <span class='ocrx_word' id='word_1_619' title='bbox 1098 2085 1192 2112; x_wconf 85' lang='lat' dir='ltr'><strong>Ariani</strong></span> <span class='ocrx_word' id='word_1_620' title='bbox 1218 2093 1232 2112; x_wconf 85' lang='lat' dir='ltr'><strong>a</strong></span> <span class='ocrx_word' id='word_1_621' title='bbox 1255 2084 1341 2113; x_wconf 64' lang='lat' dir='ltr'><strong>beata</strong></span> <span class='ocrx_word' id='word_1_622' title='bbox 1361 2086 1497 2113; x_wconf 77' lang='lat' dir='ltr'><strong>memoriae</strong></span> <span class='ocrx_word' id='word_1_623' title='bbox 1518 2086 1672 2114; x_wconf 81' lang='lat' dir='ltr'><strong>Alexandro</strong></span> <span class='ocrx_word' id='word_1_624' title='bbox 1695 2093 1780 2121; x_wconf 88' lang='lat' dir='ltr'><strong>quon-</strong></span> 
     </span>
    </p>
   </div>
   <div class='ocr_carea' id='block_1_88' title="bbox 999 2130 1778 2166">
    <p class='ocr_par' dir='ltr' id='par_1_88' title="bbox 999 2130 1778 2166">
     <span class='ocr_line' id='line_1_88' title="bbox 999 2130 1778 2166; baseline 0.003 -9"><span class='ocrx_word' id='word_1_625' title='bbox 999 2130 1061 2157; x_wconf 90' lang='lat' dir='ltr'><strong>datn</strong></span> <span class='ocrx_word' id='word_1_626' title='bbox 1074 2130 1244 2158; x_wconf 63' lang='lat' dir='ltr'><strong>Alexandriae</strong></span> <span class='ocrx_word' id='word_1_627' title='bbox 1255 2132 1382 2166; x_wconf 83' lang='lat' dir='ltr'><strong>episcopo</strong></span> <span class='ocrx_word' id='word_1_628' title='bbox 1394 2132 1428 2158; x_wconf 92' lang='lat' dir='ltr'><strong>ob</strong></span> <span class='ocrx_word' id='word_1_629' title='bbox 1441 2132 1605 2166; x_wconf 76' lang='lat' dir='ltr'><strong>impietatem</strong></span> <span class='ocrx_word' id='word_1_630' title='bbox 1620 2132 1709 2166; x_wconf 80' lang='lat' dir='ltr'><strong>ejecti,</strong></span> <span class='ocrx_word' id='word_1_631' title='bbox 1725 2139 1778 2159; x_wconf 89' lang='lat' dir='ltr'><strong>non</strong></span> 
     </span>
    </p>
   </div>
   <div class='ocr_carea' id='block_1_89' title="bbox 1001 2174 1779 2210">
    <p class='ocr_par' dir='ltr' id='par_1_89' title="bbox 1001 2174 1779 2210">
     <span class='ocr_line' id='line_1_89' title="bbox 1001 2174 1779 2210; baseline 0.001 -9"><span class='ocrx_word' id='word_1_632' title='bbox 1001 2174 1088 2201; x_wconf 87' lang='lat' dir='ltr'><strong>solum</strong></span> <span class='ocrx_word' id='word_1_633' title='bbox 1104 2182 1119 2201; x_wconf 86' lang='lat' dir='ltr'><strong>a</strong></span> <span class='ocrx_word' id='word_1_634' title='bbox 1135 2175 1248 2210; x_wconf 76' lang='lat' dir='ltr'><strong>singulis</strong></span> <span class='ocrx_word' id='word_1_635' title='bbox 1265 2177 1420 2203; x_wconf 84' lang='lat' dir='ltr'><strong>civitatibus</strong></span> <span class='ocrx_word' id='word_1_636' title='bbox 1433 2177 1537 2210; x_wconf 75' lang='lat' dir='ltr'><strong>expulsi</strong></span> <span class='ocrx_word' id='word_1_637' title='bbox 1555 2181 1627 2208; x_wconf 82' lang='lat' dir='ltr'><strong>sunt.</strong></span> <span class='ocrx_word' id='word_1_638' title='bbox 1643 2177 1689 2203; x_wconf 85' lang='lat' dir='ltr'><strong>sed</strong></span> <span class='ocrx_word' id='word_1_639' title='bbox 1704 2181 1730 2203; x_wconf 82' lang='lat' dir='ltr'><strong>et</strong></span> <span class='ocrx_word' id='word_1_640' title='bbox 1745 2178 1779 2202; x_wconf 86' lang='lat' dir='ltr'><strong>ah</strong></span> 
     </span>
    </p>
   </div>
   <div class='ocr_carea' id='block_1_90' title="bbox 168 2215 952 2259">
    <p class='ocr_par' dir='ltr' id='par_1_90' title="bbox 168 2215 950 2257">
     <span class='ocr_line' id='line_1_90' title="bbox 168 2215 950 2257; baseline 0.001 -14"><span class='ocrx_word' id='word_1_641' title='bbox 168 2216 228 2243; x_wconf 81' lang='grc' dir='ltr'>καθ’</span> <span class='ocrx_word' id='word_1_642' title='bbox 245 2215 363 2252; x_wconf 79' lang='grc' dir='ltr'>ἑκάστην</span> <span class='ocrx_word' id='word_1_643' title='bbox 390 2216 467 2243; x_wconf 76' lang='grc' dir='ltr'>πόλιν</span> <span class='ocrx_word' id='word_1_644' title='bbox 491 2216 732 2257; x_wconf 84' lang='grc' dir='ltr'>ἀπεκηρύχθησαν,</span> <span class='ocrx_word' id='word_1_645' title='bbox 753 2217 819 2244; x_wconf 83' lang='grc' dir='ltr'>ἀλλὰ</span> <span class='ocrx_word' id='word_1_646' title='bbox 833 2218 878 2244; x_wconf 84' lang='grc' dir='ltr'>καὶ</span> <span class='ocrx_word' id='word_1_647' title='bbox 899 2218 950 2244; x_wconf 77' lang='grc' dir='ltr'>ὑπὸ</span> 
     </span>
    </p>
   </div>
   <div class='ocr_carea' id='block_1_91' title="bbox 1002 2215 1780 2259">
    <p class='ocr_par' dir='ltr' id='par_1_91' title="bbox 1002 2219 1780 2256">
     <span class='ocr_line' id='line_1_91' title="bbox 1002 2219 1780 2256; baseline 0.004 -11"><span class='ocrx_word' id='word_1_648' title='bbox 1002 2219 1126 2246; x_wconf 85' lang='lat' dir='ltr'><strong>omnibus</strong></span> <span class='ocrx_word' id='word_1_649' title='bbox 1138 2220 1239 2254; x_wconf 88' lang='lat' dir='ltr'><strong>pariter</strong></span> <span class='ocrx_word' id='word_1_650' title='bbox 1249 2220 1294 2254; x_wconf 92' lang='lat' dir='ltr'><strong>qui</strong></span> <span class='ocrx_word' id='word_1_651' title='bbox 1311 2223 1343 2247; x_wconf 88' lang='lat' dir='ltr'><strong>ad</strong></span> <span class='ocrx_word' id='word_1_652' title='bbox 1357 2220 1493 2247; x_wconf 78' lang='lat' dir='ltr'><strong>Nicienam</strong></span> <span class='ocrx_word' id='word_1_653' title='bbox 1509 2227 1632 2255; x_wconf 77' lang='lat' dir='ltr'><strong>magnam</strong></span> <span class='ocrx_word' id='word_1_654' title='bbox 1648 2221 1780 2256; x_wconf 86' lang='lat' dir='ltr'><strong>synodum</strong></span> 
     </span>
    </p>
   </div>
   <div class='ocr_carea' id='block_1_92' title="bbox 167 2262 948 2298">
    <p class='ocr_par' dir='ltr' id='par_1_92' title="bbox 167 2262 948 2298">
     <span class='ocr_line' id='line_1_92' title="bbox 167 2262 948 2298; baseline 0.003 -11"><span class='ocrx_word' id='word_1_655' title='bbox 167 2262 276 2289; x_wconf 79' lang='grc' dir='ltr'>πάντων</span> <span class='ocrx_word' id='word_1_656' title='bbox 290 2262 343 2288; x_wconf 83' lang='grc' dir='ltr'><strong>τῶν</strong></span> <span class='ocrx_word' id='word_1_657' title='bbox 356 2263 430 2298; x_wconf 84' lang='grc' dir='ltr'>κοινῇ</span> <span class='ocrx_word' id='word_1_658' title='bbox 448 2262 628 2289; x_wconf 83' lang='grc' dir='ltr'>συνελθόντων</span> <span class='ocrx_word' id='word_1_659' title='bbox 650 2263 679 2288; x_wconf 82' lang='grc' dir='ltr'>ἐν</span> <span class='ocrx_word' id='word_1_660' title='bbox 697 2264 729 2298; x_wconf 83' lang='grc' dir='ltr'><strong>τῇ</strong></span> <span class='ocrx_word' id='word_1_661' title='bbox 749 2263 820 2290; x_wconf 84' lang='grc' dir='ltr'>κατὰ</span> <span class='ocrx_word' id='word_1_662' title='bbox 833 2263 948 2290; x_wconf 79' lang='grc' dir='ltr'>Νίκαιαν</span> 
     </span>
    </p>
   </div>
   <div class='ocr_carea' id='block_1_93' title="bbox 169 2306 948 2345">
    <p class='ocr_par' dir='ltr' id='par_1_93' title="bbox 169 2306 948 2345">
     <span class='ocr_line' id='line_1_93' title="bbox 169 2306 948 2345; baseline 0.001 -11"><span class='ocrx_word' id='word_1_663' title='bbox 169 2308 274 2345; x_wconf 75' lang='grc' dir='ltr'>μεγάλῃ</span> <span class='ocrx_word' id='word_1_664' title='bbox 287 2307 386 2343; x_wconf 84' lang='grc' dir='ltr'>συνόδῳ</span> <span class='ocrx_word' id='word_1_665' title='bbox 405 2308 663 2343; x_wconf 84' lang='grc' dir='ltr'>ἀνεθεματίσθησαν.</span> <span class='ocrx_word' id='word_1_666' title='bbox 680 2309 717 2335; x_wconf 81' lang='grc' dir='ltr'><strong>Οὐ</strong></span> <span class='ocrx_word' id='word_1_667' title='bbox 745 2308 799 2344; x_wconf 82' lang='grc' dir='ltr'><strong>γὰρ</strong></span> <span class='ocrx_word' id='word_1_668' title='bbox 813 2306 846 2344; x_wconf 79' lang='grc' dir='ltr'>ἦν</span> <span class='ocrx_word' id='word_1_669' title='bbox 860 2309 948 2336; x_wconf 80' lang='grc' dir='ltr'>αὐτῶν</span> 
     </span>
    </p>
   </div>
   <div class='ocr_carea' id='block_1_94' title="bbox 166 2352 949 2390">
    <p class='ocr_par' dir='ltr' id='par_1_94' title="bbox 166 2352 949 2390">
     <span class='ocr_line' id='line_1_94' title="bbox 166 2352 949 2390; baseline 0.003 -10"><span class='ocrx_word' id='word_1_670' title='bbox 166 2354 197 2380; x_wconf 77' lang='grc' dir='ltr'><strong>τὸ</strong></span> <span class='ocrx_word' id='word_1_671' title='bbox 209 2354 288 2389; x_wconf 82' lang='grc' dir='ltr'>τυχὸν</span> <span class='ocrx_word' id='word_1_672' title='bbox 299 2353 493 2389; x_wconf 86' lang='grc' dir='ltr'>πλημμέλημα,</span> <span class='ocrx_word' id='word_1_673' title='bbox 504 2354 565 2381; x_wconf 81' lang='grc' dir='ltr'>οὐδὲ</span> <span class='ocrx_word' id='word_1_674' title='bbox 576 2355 615 2385; x_wconf 81' lang='grc' dir='ltr'>εἰς</span> <span class='ocrx_word' id='word_1_675' title='bbox 629 2354 770 2390; x_wconf 84' lang='grc' dir='ltr'>ἄνθρωπον</span> <span class='ocrx_word' id='word_1_676' title='bbox 781 2352 850 2390; x_wconf 82' lang='grc' dir='ltr'>ἦσαν</span> <span class='ocrx_word' id='word_1_677' title='bbox 861 2355 949 2390; x_wconf 85' lang='grc' dir='ltr'>ἀμαρ-</span> 
     </span>
    </p>
   </div>
   <div class='ocr_carea' id='block_1_95' title="bbox 166 2399 947 2436">
    <p class='ocr_par' dir='ltr' id='par_1_95' title="bbox 166 2399 947 2436">
     <span class='ocr_line' id='line_1_95' title="bbox 166 2399 947 2436; baseline 0.001 -11"><span class='ocrx_word' id='word_1_678' title='bbox 166 2400 308 2435; x_wconf 88' lang='grc' dir='ltr'>τὴσαντες,</span> <span class='ocrx_word' id='word_1_679' title='bbox 324 2399 380 2426; x_wconf 88' lang='grc' dir='ltr'>ἀλλ’</span> <span class='ocrx_word' id='word_1_680' title='bbox 396 2401 436 2431; x_wconf 80' lang='grc' dir='ltr'>εἰς</span> <span class='ocrx_word' id='word_1_681' title='bbox 465 2400 546 2427; x_wconf 77' lang='grc' dir='ltr'>αὑτὸν</span> <span class='ocrx_word' id='word_1_682' title='bbox 571 2400 616 2426; x_wconf 84' lang='grc' dir='ltr'>τὸν</span> <span class='ocrx_word' id='word_1_683' title='bbox 633 2400 733 2435; x_wconf 79' lang='grc' dir='ltr'>Κύριον</span> <span class='ocrx_word' id='word_1_684' title='bbox 747 2399 826 2435; x_wconf 84' lang='grc' dir='ltr'>ἡμῶν</span> <span class='ocrx_word' id='word_1_685' title='bbox 846 2401 947 2436; x_wconf 80' lang='grc' dir='ltr'>Ἰησοῦν</span> 
     </span>
    </p>
   </div>
   <div class='ocr_carea' id='block_1_96' title="bbox 165 2445 946 2481">
    <p class='ocr_par' dir='ltr' id='par_1_96' title="bbox 165 2445 946 2481">
     <span class='ocr_line' id='line_1_96' title="bbox 165 2445 946 2481; baseline 0.001 -10"><span class='ocrx_word' id='word_1_686' title='bbox 165 2445 290 2480; x_wconf 75' lang='grc' dir='ltr'>Χριστὸν,</span> <span class='ocrx_word' id='word_1_687' title='bbox 306 2446 351 2472; x_wconf 82' lang='grc' dir='ltr'>τὸν</span> <span class='ocrx_word' id='word_1_688' title='bbox 364 2445 428 2472; x_wconf 77' lang='grc' dir='ltr'>Υεὺν</span> <span class='ocrx_word' id='word_1_689' title='bbox 439 2446 486 2472; x_wconf 83' lang='grc' dir='ltr'>τοῦ</span> <span class='ocrx_word' id='word_1_690' title='bbox 500 2445 566 2472; x_wconf 85' lang='grc' dir='ltr'>Θεοῦ</span> <span class='ocrx_word' id='word_1_691' title='bbox 580 2445 625 2472; x_wconf 84' lang='grc' dir='ltr'>τοῦ</span> <span class='ocrx_word' id='word_1_692' title='bbox 642 2445 750 2478; x_wconf 79' lang='grc' dir='ltr'>ζῶντος.</span> <span class='ocrx_word' id='word_1_693' title='bbox 767 2446 822 2472; x_wconf 76' lang='grc' dir='ltr'><strong>Καὶ</strong></span> <span class='ocrx_word' id='word_1_694' title='bbox 835 2445 908 2481; x_wconf 74' lang='grc' dir='ltr'>ὅμως</span> <span class='ocrx_word' id='word_1_695' title='bbox 921 2446 946 2472; x_wconf 83' lang='lat' dir='ltr'><strong>oi</strong></span> 
     </span>
    </p>
   </div>
   <div class='ocr_carea' id='block_1_97' title="bbox 165 2491 947 2527">
    <p class='ocr_par' dir='ltr' id='par_1_97' title="bbox 165 2491 947 2527">
     <span class='ocr_line' id='line_1_97' title="bbox 165 2491 947 2527; baseline 0.001 -9"><span class='ocrx_word' id='word_1_696' title='bbox 165 2491 218 2518; x_wconf 81' lang='grc' dir='ltr'><strong>ὑπὸ</strong></span> <span class='ocrx_word' id='word_1_697' title='bbox 234 2491 323 2526; x_wconf 80' lang='grc' dir='ltr'>πάσης</span> <span class='ocrx_word' id='word_1_698' title='bbox 339 2491 388 2526; x_wconf 82' lang='grc' dir='ltr'>τῆς</span> <span class='ocrx_word' id='word_1_699' title='bbox 404 2492 564 2526; x_wconf 66' lang='grc' dir='ltr'>οἰκουμένης</span> <span class='ocrx_word' id='word_1_700' title='bbox 577 2491 822 2527; x_wconf 77' lang='grc' dir='ltr'>ἀποκηρυχθέντες,</span> <span class='ocrx_word' id='word_1_701' title='bbox 838 2492 884 2519; x_wconf 80' lang='grc' dir='ltr'>καὶ</span> <span class='ocrx_word' id='word_1_702' title='bbox 899 2501 947 2519; x_wconf 87' lang='grc' dir='ltr'>κα-</span> 
     </span>
    </p>
   </div>
   <div class='ocr_carea' id='block_1_98' title="bbox 164 2536 948 2572">
    <p class='ocr_par' dir='ltr' id='par_1_98' title="bbox 164 2536 948 2572">
     <span class='ocr_line' id='line_1_98' title="bbox 164 2536 948 2572; baseline 0.001 -9"><span class='ocrx_word' id='word_1_703' title='bbox 164 2536 199 2563; x_wconf 72' lang='grc' dir='ltr'><strong>τὰ</strong></span> <span class='ocrx_word' id='word_1_704' title='bbox 217 2538 305 2563; x_wconf 87' lang='grc' dir='ltr'>πᾶσαν</span> <span class='ocrx_word' id='word_1_705' title='bbox 327 2536 489 2572; x_wconf 81' lang='grc' dir='ltr'>Ἐκκλησίαν</span> <span class='ocrx_word' id='word_1_706' title='bbox 504 2537 729 2571; x_wconf 74' lang='grc' dir='ltr'>στηλιτευθέντες,</span> <span class='ocrx_word' id='word_1_707' title='bbox 754 2536 800 2564; x_wconf 78' lang='grc' dir='ltr'>νῦν</span> <span class='ocrx_word' id='word_1_708' title='bbox 827 2537 948 2571; x_wconf 80' lang='grc' dir='ltr'>λέγονται</span> 
     </span>
    </p>
   </div>
   <div class='ocr_carea' id='block_1_99' title="bbox 164 2578 947 2618">
    <p class='ocr_par' dir='ltr' id='par_1_99' title="bbox 164 2578 947 2618">
     <span class='ocr_line' id='line_1_99' title="bbox 164 2578 947 2618; baseline 0.001 -10"><span class='ocrx_word' id='word_1_709' title='bbox 164 2581 295 2617; x_wconf 84' lang='grc' dir='ltr'>δεδέχθαι,</span> <span class='ocrx_word' id='word_1_710' title='bbox 325 2582 367 2616; x_wconf 73' lang='grc' dir='ltr'><strong>ἐφ’</strong></span> <span class='ocrx_word' id='word_1_711' title='bbox 383 2578 405 2616; x_wconf 81' lang='grc' dir='ltr'>ᾧ</span> <span class='ocrx_word' id='word_1_712' title='bbox 419 2583 465 2608; x_wconf 80' lang='grc' dir='ltr'><strong>καὶ</strong></span> <span class='ocrx_word' id='word_1_713' title='bbox 484 2583 554 2618; x_wconf 75' lang='grc' dir='ltr'>ὑμᾶς</span> <span class='ocrx_word' id='word_1_714' title='bbox 584 2583 753 2614; x_wconf 74' lang='grc' dir='ltr'>ἀκούσαντας</span> <span class='ocrx_word' id='word_1_715' title='bbox 775 2583 947 2618; x_wconf 87' lang='grc' dir='ltr'>χαλεπαίνειν</span> 
     </span>
    </p>
   </div>
   <div class='ocr_carea' id='block_1_100' title="bbox 163 2628 948 2665">
    <p class='ocr_par' dir='ltr' id='par_1_100' title="bbox 163 2628 948 2665">
     <span class='ocr_line' id='line_1_100' title="bbox 163 2628 948 2665; baseline 0.003 -10"><span class='ocrx_word' id='word_1_716' title='bbox 163 2629 266 2656; x_wconf 85' lang='grc' dir='ltr'>δίκαιον</span> <span class='ocrx_word' id='word_1_717' title='bbox 281 2629 411 2664; x_wconf 84' lang='grc' dir='ltr'>ἡγοῦμαι.</span> <span class='ocrx_word' id='word_1_718' title='bbox 435 2630 513 2661; x_wconf 84' lang='grc' dir='ltr'>Τίνες</span> <span class='ocrx_word' id='word_1_719' title='bbox 527 2628 573 2656; x_wconf 77' lang='grc' dir='ltr'>οὖν</span> <span class='ocrx_word' id='word_1_720' title='bbox 592 2631 660 2656; x_wconf 88' lang='grc' dir='ltr'>εἰσιν</span> <span class='ocrx_word' id='word_1_721' title='bbox 678 2630 702 2655; x_wconf 85' lang='grc' dir='ltr'>οἱ</span> <span class='ocrx_word' id='word_1_722' title='bbox 725 2629 831 2656; x_wconf 87' lang='grc' dir='ltr'>σύνοδον</span> <span class='ocrx_word' id='word_1_723' title='bbox 849 2629 948 2665; x_wconf 74' lang='grc' dir='ltr'>ἀτιμά-</span> 
     </span>
    </p>
   </div>
   <div class='ocr_carea' id='block_1_101' title="bbox 162 2675 946 2712">
    <p class='ocr_par' dir='ltr' id='par_1_101' title="bbox 162 2675 946 2712">
     <span class='ocr_line' id='line_1_101' title="bbox 162 2675 946 2712; baseline 0.003 -11"><span class='ocrx_word' id='word_1_724' title='bbox 162 2675 270 2707; x_wconf 81' lang='grc' dir='ltr'>ζοντες;</span> <span class='ocrx_word' id='word_1_725' title='bbox 284 2676 344 2711; x_wconf 79' lang='grc' dir='ltr'><strong>οὐχὶ</strong></span> <span class='ocrx_word' id='word_1_726' title='bbox 360 2677 383 2702; x_wconf 85' lang='lat' dir='ltr'><strong>oi</strong></span> <span class='ocrx_word' id='word_1_727' title='bbox 395 2675 448 2703; x_wconf 85' lang='grc' dir='ltr'><strong>τῶν</strong></span> <span class='ocrx_word' id='word_1_728' title='bbox 463 2676 624 2711; x_wconf 84' lang='grc' dir='ltr'>τριακοσίων</span> <span class='ocrx_word' id='word_1_729' title='bbox 637 2676 687 2707; x_wconf 77' lang='grc' dir='ltr'><strong>τὰς</strong></span> <span class='ocrx_word' id='word_1_730' title='bbox 700 2677 806 2712; x_wconf 71' lang='grc' dir='ltr'>ψήφους</span> <span class='ocrx_word' id='word_1_731' title='bbox 819 2677 883 2712; x_wconf 80' lang='grc' dir='ltr'>παρ’</span> <span class='ocrx_word' id='word_1_732' title='bbox 900 2677 946 2703; x_wconf 81' lang='grc' dir='ltr'><strong>οὑ-</strong></span> 
     </span>
    </p>
   </div>
   <div class='ocr_carea' id='block_1_102' title="bbox 161 2718 944 2758">
    <p class='ocr_par' dir='ltr' id='par_1_102' title="bbox 161 2718 944 2758">
     <span class='ocr_line' id='line_1_102' title="bbox 161 2718 944 2758; baseline 0.004 -12"><span class='ocrx_word' id='word_1_733' title='bbox 161 2718 206 2746; x_wconf 81' lang='grc' dir='ltr'>δὲν</span> <span class='ocrx_word' id='word_1_734' title='bbox 231 2720 348 2756; x_wconf 77' lang='grc' dir='ltr'>θέμενοι,</span> <span class='ocrx_word' id='word_1_735' title='bbox 371 2722 418 2748; x_wconf 72' lang='grc' dir='ltr'>καὶ</span> <span class='ocrx_word' id='word_1_736' title='bbox 431 2721 556 2748; x_wconf 75' lang='grc' dir='ltr'>ἀσέϐειαν</span> <span class='ocrx_word' id='word_1_737' title='bbox 582 2721 720 2753; x_wconf 78' lang='grc' dir='ltr'>εὺσεὸεἱας</span> <span class='ocrx_word' id='word_1_738' title='bbox 735 2722 944 2758; x_wconf 82' lang='grc' dir='ltr'>προκρίναντες;</span> 
     </span>
    </p>
   </div>
   <div class='ocr_carea' id='block_1_103' title="bbox 198 2809 941 2845">
    <p class='ocr_par' dir='ltr' id='par_1_103' title="bbox 198 2809 941 2845">
     <span class='ocr_line' id='line_1_103' title="bbox 198 2809 941 2845; baseline 0.003 -9"><span class='ocrx_word' id='word_1_739' title='bbox 198 2809 255 2842; x_wconf 80' lang='lat'><strong>(58)</strong></span> <span class='ocrx_word' id='word_1_740' title='bbox 283 2810 320 2836; x_wconf 80' lang='lat' dir='ltr'><strong>ita</strong></span> <span class='ocrx_word' id='word_1_741' title='bbox 349 2810 414 2845; x_wconf 67' lang='lat' dir='ltr'><strong>Reg.</strong></span> <span class='ocrx_word' id='word_1_742' title='bbox 436 2814 464 2837; x_wconf 89' lang='lat' dir='ltr'><strong>et</strong></span> <span class='ocrx_word' id='word_1_743' title='bbox 490 2809 572 2836; x_wconf 85' lang='lat' dir='ltr'><strong>Basil.</strong></span> <span class='ocrx_word' id='word_1_744' title='bbox 598 2809 668 2836; x_wconf 79' lang='lat' dir='ltr'><strong>Etliti</strong></span> <span class='ocrx_word' id='word_1_745' title='bbox 693 2810 941 2844; x_wconf 73' lang='lat' dir='ltr'><strong>autem,dma:a’w-</strong></span> 
     </span>
    </p>
   </div>
   <div class='ocr_carea' id='block_1_104' title="bbox 163 2846 356 2875">
    <p class='ocr_par' dir='ltr' id='par_1_104' title="bbox 163 2846 356 2875">
     <span class='ocr_line' id='line_1_104' title="bbox 163 2846 356 2875; baseline 0.005 -4"><span class='ocrx_word' id='word_1_746' title='bbox 163 2853 208 2875; x_wconf 73' lang='grc' dir='ltr'>τις</span> <span class='ocrx_word' id='word_1_747' title='bbox 222 2846 356 2872; x_wconf 86' lang='lat' dir='ltr'><strong>mendose.</strong></span> 
     </span>
    </p>
   </div>
   <div class='ocr_carea' id='block_1_105' title="bbox 198 2879 778 2915">
    <p class='ocr_par' dir='ltr' id='par_1_105' title="bbox 198 2879 778 2915">
     <span class='ocr_line' id='line_1_105' title="bbox 198 2879 778 2915; baseline 0.002 -9"><span class='ocrx_word' id='word_1_748' title='bbox 198 2879 252 2915; x_wconf 79' lang='lat'><strong>(59)</strong></span> <span class='ocrx_word' id='word_1_749' title='bbox 264 2880 341 2914; x_wconf 67' lang='lat' dir='ltr'><strong>lieg.,</strong></span> <span class='ocrx_word' id='word_1_750' title='bbox 356 2880 503 2907; x_wconf 77' lang='grc' dir='ltr'>ἐπισκόπου</span> <span class='ocrx_word' id='word_1_751' title='bbox 511 2880 559 2915; x_wconf 87' lang='grc' dir='ltr'>τῆς</span> <span class='ocrx_word' id='word_1_752' title='bbox 571 2879 778 2914; x_wconf 67' lang='grc' dir='ltr'>Ἀλεξανδρείας.</span> 
     </span>
    </p>
   </div>
   <div class='ocr_carea' id='block_1_106' title="bbox 1000 2265 1778 2300">
    <p class='ocr_par' dir='ltr' id='par_1_106' title="bbox 1000 2265 1778 2300">
     <span class='ocr_line' id='line_1_106' title="bbox 1000 2265 1778 2300; baseline 0.003 -9"><span class='ocrx_word' id='word_1_753' title='bbox 1000 2270 1195 2298; x_wconf 84' lang='lat' dir='ltr'><strong>convenerant,</strong></span> <span class='ocrx_word' id='word_1_754' title='bbox 1205 2266 1377 2293; x_wconf 86' lang='lat' dir='ltr'><strong>anathemate</strong></span> <span class='ocrx_word' id='word_1_755' title='bbox 1389 2266 1554 2293; x_wconf 86' lang='lat' dir='ltr'><strong>suntdamna</strong></span> <span class='ocrx_word' id='word_1_756' title='bbox 1560 2267 1588 2294; x_wconf 90' lang='lat' dir='ltr'><strong>ti.</strong></span> <span class='ocrx_word' id='word_1_757' title='bbox 1604 2265 1697 2300; x_wconf 80' lang='lat' dir='ltr'><strong>Neque</strong></span> <span class='ocrx_word' id='word_1_758' title='bbox 1707 2266 1778 2293; x_wconf 88' lang='lat' dir='ltr'><strong>enim</strong></span> 
     </span>
    </p>
   </div>
   <div class='ocr_carea' id='block_1_107' title="bbox 1000 2309 1778 2343">
    <p class='ocr_par' dir='ltr' id='par_1_107' title="bbox 1000 2309 1778 2343">
     <span class='ocr_line' id='line_1_107' title="bbox 1000 2309 1778 2343; baseline 0.001 -7"><span class='ocrx_word' id='word_1_759' title='bbox 1000 2309 1060 2337; x_wconf 87' lang='lat' dir='ltr'><strong>leve</strong></span> <span class='ocrx_word' id='word_1_760' title='bbox 1070 2314 1131 2337; x_wconf 83' lang='lat' dir='ltr'><strong>erat</strong></span> <span class='ocrx_word' id='word_1_761' title='bbox 1144 2317 1238 2337; x_wconf 88' lang='lat' dir='ltr'><strong>eorum</strong></span> <span class='ocrx_word' id='word_1_762' title='bbox 1253 2310 1352 2342; x_wconf 83' lang='lat' dir='ltr'><strong>scelus.</strong></span> <span class='ocrx_word' id='word_1_763' title='bbox 1373 2317 1423 2337; x_wconf 90' lang='lat' dir='ltr'><strong>nec</strong></span> <span class='ocrx_word' id='word_1_764' title='bbox 1441 2310 1468 2337; x_wconf 93' lang='lat' dir='ltr'><strong>in</strong></span> <span class='ocrx_word' id='word_1_765' title='bbox 1486 2311 1622 2338; x_wconf 87' lang='lat' dir='ltr'><strong>hominem</strong></span> <span class='ocrx_word' id='word_1_766' title='bbox 1636 2310 1778 2343; x_wconf 78' lang='lat' dir='ltr'><strong>duntaxat,</strong></span> 
     </span>
    </p>
   </div>
   <div class='ocr_carea' id='block_1_108' title="bbox 1000 2355 1778 2390">
    <p class='ocr_par' dir='ltr' id='par_1_108' title="bbox 1000 2355 1778 2390">
     <span class='ocr_line' id='line_1_108' title="bbox 1000 2355 1778 2390; baseline -0.001 -6"><span class='ocrx_word' id='word_1_767' title='bbox 1000 2358 1046 2384; x_wconf 87' lang='lat' dir='ltr'><strong>sed</strong></span> <span class='ocrx_word' id='word_1_768' title='bbox 1067 2356 1095 2384; x_wconf 90' lang='lat' dir='ltr'><strong>in</strong></span> <span class='ocrx_word' id='word_1_769' title='bbox 1117 2356 1205 2390; x_wconf 88' lang='lat' dir='ltr'><strong>ipsum</strong></span> <span class='ocrx_word' id='word_1_770' title='bbox 1225 2355 1365 2383; x_wconf 89' lang='lat' dir='ltr'><strong>Dominum</strong></span> <span class='ocrx_word' id='word_1_771' title='bbox 1387 2360 1509 2384; x_wconf 88' lang='lat' dir='ltr'><strong>nostrum</strong></span> <span class='ocrx_word' id='word_1_772' title='bbox 1527 2355 1619 2383; x_wconf 83' lang='lat' dir='ltr'><strong>Jesum</strong></span> <span class='ocrx_word' id='word_1_773' title='bbox 1642 2355 1778 2383; x_wconf 86' lang='lat' dir='ltr'><strong>Christum</strong></span> 
     </span>
    </p>
   </div>
   <div class='ocr_carea' id='block_1_109' title="bbox 999 2402 1779 2437">
    <p class='ocr_par' dir='ltr' id='par_1_109' title="bbox 999 2402 1779 2437">
     <span class='ocr_line' id='line_1_109' title="bbox 999 2402 1779 2437; baseline 0 -7"><span class='ocrx_word' id='word_1_774' title='bbox 999 2403 1098 2430; x_wconf 83' lang='lat' dir='ltr'><strong>Filium</strong></span> <span class='ocrx_word' id='word_1_775' title='bbox 1111 2402 1156 2429; x_wconf 88' lang='lat' dir='ltr'><strong>Dei</strong></span> <span class='ocrx_word' id='word_1_776' title='bbox 1170 2402 1283 2428; x_wconf 86' lang='lat' dir='ltr'><strong>viventis</strong></span> <span class='ocrx_word' id='word_1_777' title='bbox 1296 2405 1484 2437; x_wconf 86' lang='lat' dir='ltr'><strong>peccaverant.</strong></span> <span class='ocrx_word' id='word_1_778' title='bbox 1496 2402 1620 2428; x_wconf 80' lang='lat' dir='ltr'><strong>Attamen</strong></span> <span class='ocrx_word' id='word_1_779' title='bbox 1634 2402 1678 2436; x_wconf 88' lang='lat' dir='ltr'><strong>qui</strong></span> <span class='ocrx_word' id='word_1_780' title='bbox 1694 2409 1708 2428; x_wconf 82' lang='lat' dir='ltr'><strong>a</strong></span> <span class='ocrx_word' id='word_1_781' title='bbox 1724 2406 1779 2430; x_wconf 84' lang='lat' dir='ltr'><strong>toto</strong></span> 
     </span>
    </p>
   </div>
   <div class='ocr_carea' id='block_1_110' title="bbox 999 2447 1777 2482">
    <p class='ocr_par' dir='ltr' id='par_1_110' title="bbox 999 2447 1777 2482">
     <span class='ocr_line' id='line_1_110' title="bbox 999 2447 1777 2482; baseline -0.001 -7"><span class='ocrx_word' id='word_1_782' title='bbox 999 2453 1131 2475; x_wconf 85' lang='lat' dir='ltr'><strong>terrarum</strong></span> <span class='ocrx_word' id='word_1_783' title='bbox 1151 2448 1217 2474; x_wconf 88' lang='lat' dir='ltr'><strong>orbe</strong></span> <span class='ocrx_word' id='word_1_784' title='bbox 1241 2447 1332 2482; x_wconf 85' lang='lat' dir='ltr'><strong>rejecti</strong></span> <span class='ocrx_word' id='word_1_785' title='bbox 1350 2447 1467 2479; x_wconf 81' lang='lat' dir='ltr'><strong>fuerant.</strong></span> <span class='ocrx_word' id='word_1_786' title='bbox 1488 2451 1515 2474; x_wconf 89' lang='lat' dir='ltr'><strong>et</strong></span> <span class='ocrx_word' id='word_1_787' title='bbox 1537 2447 1606 2481; x_wconf 89' lang='lat' dir='ltr'><strong>apud</strong></span> <span class='ocrx_word' id='word_1_788' title='bbox 1625 2447 1777 2475; x_wconf 75' lang='lat' dir='ltr'><strong>universam</strong></span> 
     </span>
    </p>
   </div>
   <div class='ocr_carea' id='block_1_111' title="bbox 1000 2492 1777 2528">
    <p class='ocr_par' dir='ltr' id='par_1_111' title="bbox 1000 2492 1777 2528">
     <span class='ocr_line' id='line_1_111' title="bbox 1000 2492 1777 2528; baseline 0 -6"><span class='ocrx_word' id='word_1_789' title='bbox 1000 2494 1148 2522; x_wconf 71' lang='lat' dir='ltr'><strong>Ecclesium</strong></span> <span class='ocrx_word' id='word_1_790' title='bbox 1175 2492 1306 2526; x_wconf 80' lang='lat' dir='ltr'><strong>iniamati,</strong></span> <span class='ocrx_word' id='word_1_791' title='bbox 1334 2501 1404 2521; x_wconf 84' lang='lat' dir='ltr'><strong>nunc</strong></span> <span class='ocrx_word' id='word_1_792' title='bbox 1429 2494 1527 2528; x_wconf 86' lang='lat' dir='ltr'><strong>recepti</strong></span> <span class='ocrx_word' id='word_1_793' title='bbox 1550 2493 1686 2527; x_wconf 70' lang='lat' dir='ltr'><strong>dit-untur,</strong></span> <span class='ocrx_word' id='word_1_794' title='bbox 1706 2494 1777 2528; x_wconf 85' lang='lat' dir='ltr'><strong>quod</strong></span> 
     </span>
    </p>
   </div>
   <div class='ocr_carea' id='block_1_112' title="bbox 1001 2538 1775 2574">
    <p class='ocr_par' dir='ltr' id='par_1_112' title="bbox 1001 2538 1775 2574">
     <span class='ocr_line' id='line_1_112' title="bbox 1001 2538 1775 2574; baseline 0 -9"><span class='ocrx_word' id='word_1_795' title='bbox 1001 2539 1074 2567; x_wconf 78' lang='lat' dir='ltr'><strong>vobis</strong></span> <span class='ocrx_word' id='word_1_796' title='bbox 1087 2539 1258 2566; x_wconf 87' lang='lat' dir='ltr'><strong>audieutibus</strong></span> <span class='ocrx_word' id='word_1_797' title='bbox 1274 2539 1383 2574; x_wconf 80' lang='lat' dir='ltr'><strong>indigne</strong></span> <span class='ocrx_word' id='word_1_798' title='bbox 1397 2538 1535 2566; x_wconf 81' lang='lat' dir='ltr'><strong>ferendum</strong></span> <span class='ocrx_word' id='word_1_799' title='bbox 1552 2539 1690 2567; x_wconf 87' lang='lat' dir='ltr'><strong>existimo.</strong></span> <span class='ocrx_word' id='word_1_800' title='bbox 1709 2539 1775 2572; x_wconf 76' lang='lat' dir='ltr'><strong>Qni-</strong></span> 
     </span>
    </p>
   </div>
   <div class='ocr_carea' id='block_1_113' title="bbox 999 2584 1778 2620">
    <p class='ocr_par' dir='ltr' id='par_1_113' title="bbox 999 2584 1778 2620">
     <span class='ocr_line' id='line_1_113' title="bbox 999 2584 1778 2620; baseline -0.003 -7"><span class='ocrx_word' id='word_1_801' title='bbox 999 2593 1059 2613; x_wconf 90' lang='lat' dir='ltr'><strong>nam</strong></span> <span class='ocrx_word' id='word_1_802' title='bbox 1084 2585 1166 2620; x_wconf 76' lang='lat' dir='ltr'><strong>igitur</strong></span> <span class='ocrx_word' id='word_1_803' title='bbox 1187 2590 1250 2612; x_wconf 87' lang='lat' dir='ltr'><strong>sunt</strong></span> <span class='ocrx_word' id='word_1_804' title='bbox 1271 2585 1316 2619; x_wconf 92' lang='lat' dir='ltr'><strong>qui</strong></span> <span class='ocrx_word' id='word_1_805' title='bbox 1340 2585 1470 2620; x_wconf 84' lang='lat' dir='ltr'><strong>synodum</strong></span> <span class='ocrx_word' id='word_1_806' title='bbox 1493 2585 1625 2612; x_wconf 83' lang='lat' dir='ltr'><strong>dedecore</strong></span> <span class='ocrx_word' id='word_1_807' title='bbox 1641 2584 1778 2612; x_wconf 73' lang='lat' dir='ltr'><strong>aﬂicinnt?</strong></span> 
     </span>
    </p>
   </div>
   <div class='ocr_carea' id='block_1_114' title="bbox 998 2630 1776 2666">
    <p class='ocr_par' dir='ltr' id='par_1_114' title="bbox 998 2630 1776 2666">
     <span class='ocr_line' id='line_1_114' title="bbox 998 2630 1776 2666; baseline 0 -8"><span class='ocrx_word' id='word_1_808' title='bbox 998 2639 1086 2659; x_wconf 88' lang='lat' dir='ltr'><strong>nonne</strong></span> <span class='ocrx_word' id='word_1_809' title='bbox 1107 2631 1152 2665; x_wconf 90' lang='lat' dir='ltr'><strong>qui</strong></span> <span class='ocrx_word' id='word_1_810' title='bbox 1175 2635 1356 2657; x_wconf 87' lang='lat' dir='ltr'><strong>trecentorum</strong></span> <span class='ocrx_word' id='word_1_811' title='bbox 1377 2630 1564 2664; x_wconf 74' lang='lat' dir='ltr'><strong>episwporum</strong></span> <span class='ocrx_word' id='word_1_812' title='bbox 1580 2630 1705 2665; x_wconf 67' lang='lat' dir='ltr'><strong>snﬂragia</strong></span> <span class='ocrx_word' id='word_1_813' title='bbox 1727 2639 1776 2666; x_wconf 92' lang='lat' dir='ltr'><strong>pro</strong></span> 
     </span>
    </p>
   </div>
   <div class='ocr_carea' id='block_1_115' title="bbox 995 2676 1777 2710">
    <p class='ocr_par' dir='ltr' id='par_1_115' title="bbox 995 2676 1777 2710">
     <span class='ocr_line' id='line_1_115' title="bbox 995 2676 1777 2710; baseline 0.001 -7"><span class='ocrx_word' id='word_1_814' title='bbox 995 2677 1081 2703; x_wconf 89' lang='lat' dir='ltr'><strong>niltilo</strong></span> <span class='ocrx_word' id='word_1_815' title='bbox 1104 2676 1214 2708; x_wconf 86' lang='lat' dir='ltr'><strong>habent,</strong></span> <span class='ocrx_word' id='word_1_816' title='bbox 1236 2681 1263 2703; x_wconf 87' lang='lat' dir='ltr'><strong>et</strong></span> <span class='ocrx_word' id='word_1_817' title='bbox 1287 2676 1452 2710; x_wconf 85' lang='lat' dir='ltr'><strong>impietatem</strong></span> <span class='ocrx_word' id='word_1_818' title='bbox 1472 2676 1564 2710; x_wconf 82' lang='lat' dir='ltr'><strong>pietati</strong></span> <span class='ocrx_word' id='word_1_819' title='bbox 1590 2676 1777 2710; x_wconf 66' lang='lat' dir='ltr'><strong>anteponunt!</strong></span> 
     </span>
    </p>
   </div>
   <div class='ocr_carea' id='block_1_116' title="bbox 997 2721 1774 2757">
    <p class='ocr_par' dir='ltr' id='par_1_116' title="bbox 997 2721 1774 2757">
     <span class='ocr_line' id='line_1_116' title="bbox 997 2721 1774 2757; baseline 0 -8"><span class='ocrx_word' id='word_1_820' title='bbox 997 2721 1134 2757; x_wconf 86' lang='lat' dir='ltr'><strong>Siquidem</strong></span> <span class='ocrx_word' id='word_1_821' title='bbox 1157 2722 1387 2748; x_wconf 79' lang='lat' dir='ltr'><strong>Ariomanitaruin</strong></span> <span class='ocrx_word' id='word_1_822' title='bbox 1404 2721 1513 2748; x_wconf 70' lang='lat' dir='ltr'><strong>haeresis</strong></span> <span class='ocrx_word' id='word_1_823' title='bbox 1527 2723 1560 2748; x_wconf 85' lang='lat' dir='ltr'><strong>ab</strong></span> <span class='ocrx_word' id='word_1_824' title='bbox 1577 2722 1703 2749; x_wconf 81' lang='lat' dir='ltr'><strong>omnibus</strong></span> <span class='ocrx_word' id='word_1_825' title='bbox 1715 2723 1774 2749; x_wconf 91' lang='lat' dir='ltr'><strong>ubi-</strong></span> 
     </span>
    </p>
   </div>
   <div class='ocr_carea' id='block_1_117' title="bbox 1032 2808 1774 2844">
    <p class='ocr_par' dir='ltr' id='par_1_117' title="bbox 1032 2808 1774 2844">
     <span class='ocr_line' id='line_1_117' title="bbox 1032 2808 1774 2844; baseline 0.004 -8"><span class='ocrx_word' id='word_1_826' title='bbox 1032 2809 1086 2844; x_wconf 84' lang='lat'><strong>(60)</strong></span> <span class='ocrx_word' id='word_1_827' title='bbox 1099 2809 1177 2842; x_wconf 38' lang='lat' dir='ltr'><strong>Reg&quot;</strong></span> <span class='ocrx_word' id='word_1_828' title='bbox 1193 2808 1364 2844; x_wconf 77' lang='grc' dir='ltr'>ἐξετάζηται,</span> <span class='ocrx_word' id='word_1_829' title='bbox 1384 2809 1484 2836; x_wconf 80' lang='lat' dir='ltr'><strong>rectius</strong></span> <span class='ocrx_word' id='word_1_830' title='bbox 1493 2817 1574 2844; x_wconf 90' lang='lat' dir='ltr'><strong>quam</strong></span> <span class='ocrx_word' id='word_1_831' title='bbox 1598 2811 1663 2838; x_wconf 82' lang='lat' dir='ltr'><strong>editi</strong></span> <span class='ocrx_word' id='word_1_832' title='bbox 1678 2815 1706 2839; x_wconf 79' lang='lat' dir='ltr'><strong>et</strong></span> <span class='ocrx_word' id='word_1_833' title='bbox 1729 2811 1774 2840; x_wconf 83' lang='lat' dir='ltr'><strong>alii</strong></span> 
     </span>
    </p>
   </div>
   <div class='ocr_carea' id='block_1_118' title="bbox 995 2844 1232 2879">
    <p class='ocr_par' dir='ltr' id='par_1_118' title="bbox 995 2844 1232 2879">
     <span class='ocr_line' id='line_1_118' title="bbox 995 2844 1232 2879; baseline -0.013 -6"><span class='ocrx_word' id='word_1_834' title='bbox 995 2852 1059 2873; x_wconf 75' lang='lat' dir='ltr'><strong>mss.</strong></span> <span class='ocrx_word' id='word_1_835' title='bbox 1074 2844 1232 2879; x_wconf 74' lang='grc' dir='ltr'>ἐργάζηται.</span> 
     </span>
    </p>
   </div>
   <div class='ocr_carea' id='block_1_119' title="bbox 1033 2879 1566 2915">
    <p class='ocr_par' dir='ltr' id='par_1_119' title="bbox 1033 2879 1566 2915">
     <span class='ocr_line' id='line_1_119' title="bbox 1033 2879 1566 2915; baseline 0.002 -10"><span class='ocrx_word' id='word_1_836' title='bbox 1033 2879 1088 2914; x_wconf 68' lang='lat' dir='ltr'><strong>(ti!)</strong></span> <span class='ocrx_word' id='word_1_837' title='bbox 1103 2879 1219 2915; x_wconf 69' lang='lat' dir='ltr'><strong>lleg.,~.d</strong></span> <span class='ocrx_word' id='word_1_838' title='bbox 1230 2887 1272 2913; x_wconf 81' lang='grc' dir='ltr'><strong>γε.</strong></span> <span class='ocrx_word' id='word_1_839' title='bbox 1291 2879 1342 2907; x_wconf 75' lang='lat' dir='ltr'><strong>Alii</strong></span> <span class='ocrx_word' id='word_1_840' title='bbox 1357 2884 1382 2907; x_wconf 86' lang='lat' dir='ltr'><strong>et</strong></span> <span class='ocrx_word' id='word_1_841' title='bbox 1395 2879 1471 2913; x_wconf 88' lang='lat' dir='ltr'><strong>editi,</strong></span> <span class='ocrx_word' id='word_1_842' title='bbox 1484 2880 1514 2906; x_wconf 79' lang='grc' dir='ltr'><strong>τό</strong></span> <span class='ocrx_word' id='word_1_843' title='bbox 1529 2888 1566 2907; x_wconf 83' lang='grc' dir='ltr'>τε.</span> 
     </span>
    </p>
   </div>
  </div>
