  <div class='ocr_page' id='page_1' title='image "/cluster/home/n/w/nwhite01/storage/ocr_20150623/25/njp.32101010944591/429.png"; bbox 0 0 2031 3048; ppageno 0'>
   <div class='ocr_carea' id='block_1_1' title="bbox 245 147 299 175">
    <p class='ocr_par' dir='ltr' id='par_1_1' title="bbox 245 147 299 175">
     <span class='ocr_line' id='line_1_1' title="bbox 245 147 299 175; baseline -0.019 0"><span class='ocrx_word' id='word_1_1' title='bbox 245 147 299 175; x_wconf 72' lang='lat'><strong>237</strong></span> 
     </span>
    </p>
   </div>
   <div class='ocr_carea' id='block_1_2' title="bbox 549 140 1578 173">
    <p class='ocr_par' dir='ltr' id='par_1_2' title="bbox 549 140 1578 173">
     <span class='ocr_line' id='line_1_2' title="bbox 549 140 1578 173; baseline -0.004 -1"><span class='ocrx_word' id='word_1_2' title='bbox 549 145 577 173; x_wconf 83' lang='lat' dir='ltr'><strong>S.</strong></span> <span class='ocrx_word' id='word_1_3' title='bbox 599 143 783 171; x_wconf 80' lang='lat' dir='ltr'><strong>ATHANASII</strong></span> <span class='ocrx_word' id='word_1_4' title='bbox 803 143 878 171; x_wconf 82' lang='lat' dir='ltr'><strong>OPP.</strong></span> <span class='ocrx_word' id='word_1_5' title='bbox 899 141 987 170; x_wconf 79' lang='lat' dir='ltr'><strong>PARS</strong></span> <span class='ocrx_word' id='word_1_6' title='bbox 1007 141 1026 169; x_wconf 88' lang='grc' dir='ltr'>ι.</span> <span class='ocrx_word' id='word_1_7' title='bbox 1047 156 1082 162; x_wconf 85' lang='grc'><strong><em>--</em></strong></span> <span class='ocrx_word' id='word_1_8' title='bbox 1102 141 1284 169; x_wconf 76' lang='lat' dir='ltr'><strong>IIISTORICA</strong></span> <span class='ocrx_word' id='word_1_9' title='bbox 1306 141 1350 169; x_wconf 84' lang='lat' dir='ltr'><strong>ET</strong></span> <span class='ocrx_word' id='word_1_10' title='bbox 1368 140 1578 169; x_wconf 77' lang='lat' dir='ltr'><strong>DOGMATICA.</strong></span> 
     </span>
    </p>
   </div>
   <div class='ocr_carea' id='block_1_3' title="bbox 1807 141 1859 168">
    <p class='ocr_par' dir='ltr' id='par_1_3' title="bbox 1807 141 1859 168">
     <span class='ocr_line' id='line_1_3' title="bbox 1807 141 1859 168; baseline 0.019 -1"><span class='ocrx_word' id='word_1_11' title='bbox 1807 141 1859 168; x_wconf 73' lang='lat'><strong>288</strong></span> 
     </span>
    </p>
   </div>
   <div class='ocr_carea' id='block_1_4' title="bbox 245 199 1029 242">
    <p class='ocr_par' dir='ltr' id='par_1_4' title="bbox 245 202 1023 242">
     <span class='ocr_line' id='line_1_4' title="bbox 245 202 1023 242; baseline -0.006 -10"><span class='ocrx_word' id='word_1_12' title='bbox 245 214 299 242; x_wconf 86' lang='lat' dir='ltr'><strong>que</strong></span> <span class='ocrx_word' id='word_1_13' title='bbox 316 204 449 239; x_wconf 79' lang='lat' dir='ltr'><strong>episcopis</strong></span> <span class='ocrx_word' id='word_1_14' title='bbox 468 203 591 231; x_wconf 83' lang='lat' dir='ltr'><strong>convicta</strong></span> <span class='ocrx_word' id='word_1_15' title='bbox 614 207 642 230; x_wconf 91' lang='lat' dir='ltr'><strong>et</strong></span> <span class='ocrx_word' id='word_1_16' title='bbox 658 202 834 230; x_wconf 82' lang='lat' dir='ltr'><strong>condemnata</strong></span> <span class='ocrx_word' id='word_1_17' title='bbox 855 206 920 229; x_wconf 87' lang='lat' dir='ltr'><strong>est:</strong></span> <span class='ocrx_word' id='word_1_18' title='bbox 941 202 1023 228; x_wconf 78' lang='lat' dir='ltr'><strong>Atha-</strong></span> 
     </span>
    </p>
   </div>
   <div class='ocr_carea' id='block_1_5' title="bbox 1080 199 1861 242">
    <p class='ocr_par' dir='ltr' id='par_1_5' title="bbox 1080 199 1861 236">
     <span class='ocr_line' id='line_1_5' title="bbox 1080 199 1861 236; baseline -0.001 -9"><span class='ocrx_word' id='word_1_19' title='bbox 1080 201 1110 227; x_wconf 86' lang='lat' dir='ltr'><strong>&#39;H</strong></span> <span class='ocrx_word' id='word_1_20' title='bbox 1127 201 1175 235; x_wconf 75' lang='grc' dir='ltr'>μὲν</span> <span class='ocrx_word' id='word_1_21' title='bbox 1187 200 1241 236; x_wconf 76' lang='grc' dir='ltr'><strong>γὰρ</strong></span> <span class='ocrx_word' id='word_1_22' title='bbox 1264 200 1317 227; x_wconf 81' lang='grc' dir='ltr'><strong>τῶν</strong></span> <span class='ocrx_word' id='word_1_23' title='bbox 1338 199 1545 236; x_wconf 81' lang='grc' dir='ltr'>’Δρειομανιτῶν</span> <span class='ocrx_word' id='word_1_24' title='bbox 1561 199 1663 234; x_wconf 77' lang='grc' dir='ltr'>αἵρεσις</span> <span class='ocrx_word' id='word_1_25' title='bbox 1682 199 1735 226; x_wconf 77' lang='grc' dir='ltr'><strong>ὑπὸ</strong></span> <span class='ocrx_word' id='word_1_26' title='bbox 1753 199 1861 226; x_wconf 79' lang='grc' dir='ltr'>πάντων</span> 
     </span>
    </p>
   </div>
   <div class='ocr_carea' id='block_1_6' title="bbox 247 246 1026 282">
    <p class='ocr_par' dir='ltr' id='par_1_6' title="bbox 247 246 1026 282">
     <span class='ocr_line' id='line_1_6' title="bbox 247 246 1026 282; baseline -0.006 -4"><span class='ocrx_word' id='word_1_27' title='bbox 247 251 341 279; x_wconf 85' lang='lat' dir='ltr'><strong>nasius</strong></span> <span class='ocrx_word' id='word_1_28' title='bbox 356 257 419 277; x_wconf 90' lang='lat' dir='ltr'><strong>vero</strong></span> <span class='ocrx_word' id='word_1_29' title='bbox 433 254 460 276; x_wconf 87' lang='lat' dir='ltr'><strong>et</strong></span> <span class='ocrx_word' id='word_1_30' title='bbox 478 248 619 275; x_wconf 82' lang='lat' dir='ltr'><strong>Marcellus</strong></span> <span class='ocrx_word' id='word_1_31' title='bbox 633 247 764 282; x_wconf 80' lang='lat' dir='ltr'><strong>episcopi.</strong></span> <span class='ocrx_word' id='word_1_32' title='bbox 780 247 910 282; x_wconf 90' lang='lat' dir='ltr'><strong>plurimos</strong></span> <span class='ocrx_word' id='word_1_33' title='bbox 927 246 1026 273; x_wconf 98' lang='lat' dir='ltr'><strong>habent</strong></span> 
     </span>
    </p>
   </div>
   <div class='ocr_carea' id='block_1_7' title="bbox 248 291 1027 332">
    <p class='ocr_par' dir='ltr' id='par_1_7' title="bbox 248 291 1027 332">
     <span class='ocr_line' id='line_1_7' title="bbox 248 291 1027 332; baseline -0.006 -10"><span class='ocrx_word' id='word_1_34' title='bbox 248 296 295 332; x_wconf 80' lang='lat' dir='ltr'><strong>qui</strong></span> <span class='ocrx_word' id='word_1_35' title='bbox 315 302 344 322; x_wconf 81' lang='lat' dir='ltr'><strong>se</strong></span> <span class='ocrx_word' id='word_1_36' title='bbox 365 294 453 322; x_wconf 79' lang='lat' dir='ltr'><strong>verbis</strong></span> <span class='ocrx_word' id='word_1_37' title='bbox 468 294 630 328; x_wconf 70' lang='lat' dir='ltr'><strong>scriptisque</strong></span> <span class='ocrx_word' id='word_1_38' title='bbox 643 293 800 320; x_wconf 78' lang='lat' dir='ltr'><strong>defendam.</strong></span> <span class='ocrx_word' id='word_1_39' title='bbox 824 293 889 319; x_wconf 80' lang='lat' dir='ltr'><strong>Nam</strong></span> <span class='ocrx_word' id='word_1_40' title='bbox 908 292 941 319; x_wconf 83' lang='lat' dir='ltr'><strong>de</strong></span> <span class='ocrx_word' id='word_1_41' title='bbox 955 291 1027 318; x_wconf 74' lang='lat' dir='ltr'><strong>Mar-</strong></span> 
     </span>
    </p>
   </div>
   <div class='ocr_carea' id='block_1_8' title="bbox 246 337 1026 374">
    <p class='ocr_par' dir='ltr' id='par_1_8' title="bbox 246 337 1026 374">
     <span class='ocr_line' id='line_1_8' title="bbox 246 337 1026 374; baseline -0.005 -5"><span class='ocrx_word' id='word_1_42' title='bbox 246 343 315 370; x_wconf 87' lang='lat' dir='ltr'><strong>cello</strong></span> <span class='ocrx_word' id='word_1_43' title='bbox 327 342 403 368; x_wconf 85' lang='lat' dir='ltr'><strong>nobis</strong></span> <span class='ocrx_word' id='word_1_44' title='bbox 416 341 595 368; x_wconf 89' lang='lat' dir='ltr'><strong>testimonium</strong></span> <span class='ocrx_word' id='word_1_45' title='bbox 608 339 781 374; x_wconf 88' lang='lat' dir='ltr'><strong>perhibuere,</strong></span> <span class='ocrx_word' id='word_1_46' title='bbox 796 340 866 373; x_wconf 91' lang='lat' dir='ltr'><strong>quod</strong></span> <span class='ocrx_word' id='word_1_47' title='bbox 878 339 904 365; x_wconf 90' lang='lat' dir='ltr'><strong>in</strong></span> <span class='ocrx_word' id='word_1_48' title='bbox 919 337 1026 365; x_wconf 77' lang='lat' dir='ltr'><strong>Niczena</strong></span> 
     </span>
    </p>
   </div>
   <div class='ocr_carea' id='block_1_9' title="bbox 246 384 1024 423">
    <p class='ocr_par' dir='ltr' id='par_1_9' title="bbox 246 384 1024 423">
     <span class='ocr_line' id='line_1_9' title="bbox 246 384 1024 423; baseline -0.006 -8"><span class='ocrx_word' id='word_1_49' title='bbox 246 388 348 423; x_wconf 78' lang='lat' dir='ltr'><strong>synodo</strong></span> <span class='ocrx_word' id='word_1_50' title='bbox 373 386 478 412; x_wconf 84' lang='lat' dir='ltr'><strong>Arianis</strong></span> <span class='ocrx_word' id='word_1_51' title='bbox 505 385 658 412; x_wconf 86' lang='lat' dir='ltr'><strong>obstiterit:</strong></span> <span class='ocrx_word' id='word_1_52' title='bbox 681 384 718 412; x_wconf 91' lang='lat' dir='ltr'><strong>De</strong></span> <span class='ocrx_word' id='word_1_53' title='bbox 749 385 898 411; x_wconf 83' lang='lat' dir='ltr'><strong>Athanasio</strong></span> <span class='ocrx_word' id='word_1_54' title='bbox 923 389 1024 416; x_wconf 89' lang='lat' dir='ltr'><strong>autem,</strong></span> 
     </span>
    </p>
   </div>
   <div class='ocr_carea' id='block_1_10' title="bbox 246 429 1026 466">
    <p class='ocr_par' dir='ltr' id='par_1_10' title="bbox 246 429 1026 466">
     <span class='ocr_line' id='line_1_10' title="bbox 246 429 1026 466; baseline -0.006 -6"><span class='ocrx_word' id='word_1_55' title='bbox 246 434 345 460; x_wconf 88' lang='lat' dir='ltr'><strong>dicitur</strong></span> <span class='ocrx_word' id='word_1_56' title='bbox 359 432 430 466; x_wconf 91' lang='lat' dir='ltr'><strong>quod</strong></span> <span class='ocrx_word' id='word_1_57' title='bbox 454 439 503 458; x_wconf 85' lang='lat' dir='ltr'><strong>nec</strong></span> <span class='ocrx_word' id='word_1_58' title='bbox 526 431 589 465; x_wconf 85' lang='lat' dir='ltr'><strong>Tyri</strong></span> <span class='ocrx_word' id='word_1_59' title='bbox 608 431 761 463; x_wconf 86' lang='lat' dir='ltr'><strong>convictus,</strong></span> <span class='ocrx_word' id='word_1_60' title='bbox 776 437 825 458; x_wconf 82' lang='lat' dir='ltr'><strong>nec</strong></span> <span class='ocrx_word' id='word_1_61' title='bbox 848 430 875 457; x_wconf 91' lang='lat' dir='ltr'><strong>in</strong></span> <span class='ocrx_word' id='word_1_62' title='bbox 898 429 1026 461; x_wconf 83' lang='lat' dir='ltr'><strong>Mareote,</strong></span> 
     </span>
    </p>
   </div>
   <div class='ocr_carea' id='block_1_11' title="bbox 249 475 1028 508">
    <p class='ocr_par' dir='ltr' id='par_1_11' title="bbox 249 475 1028 508">
     <span class='ocr_line' id='line_1_11' title="bbox 249 475 1028 508; baseline -0.005 -3"><span class='ocrx_word' id='word_1_63' title='bbox 249 479 293 505; x_wconf 85' lang='lat' dir='ltr'><strong>ubi</strong></span> <span class='ocrx_word' id='word_1_64' title='bbox 310 481 482 504; x_wconf 83' lang='lat' dir='ltr'><strong>monumenta</strong></span> <span class='ocrx_word' id='word_1_65' title='bbox 501 476 629 503; x_wconf 83' lang='lat' dir='ltr'><strong>adversus</strong></span> <span class='ocrx_word' id='word_1_66' title='bbox 645 475 719 502; x_wconf 89' lang='lat' dir='ltr'><strong>illum</strong></span> <span class='ocrx_word' id='word_1_67' title='bbox 732 476 862 502; x_wconf 89' lang='lat' dir='ltr'><strong>adornata</strong></span> <span class='ocrx_word' id='word_1_68' title='bbox 875 479 946 506; x_wconf 84' lang='lat' dir='ltr'><strong>sunt,</strong></span> <span class='ocrx_word' id='word_1_69' title='bbox 960 481 1028 508; x_wconf 76' lang='lat' dir='ltr'><strong>pra-.-</strong></span> 
     </span>
    </p>
   </div>
   <div class='ocr_carea' id='block_1_12' title="bbox 249 519 1026 554">
    <p class='ocr_par' dir='ltr' id='par_1_12' title="bbox 249 519 1026 554">
     <span class='ocr_line' id='line_1_12' title="bbox 249 519 1026 554; baseline -0.006 -4"><span class='ocrx_word' id='word_1_70' title='bbox 249 530 311 551; x_wconf 84' lang='lat' dir='ltr'><strong>sens</strong></span> <span class='ocrx_word' id='word_1_71' title='bbox 333 522 423 550; x_wconf 75' lang='lat' dir='ltr'><strong>fuerit.</strong></span> <span class='ocrx_word' id='word_1_72' title='bbox 444 521 526 549; x_wconf 90' lang='lat' dir='ltr'><strong>Scitis</strong></span> <span class='ocrx_word' id='word_1_73' title='bbox 544 526 646 552; x_wconf 87' lang='lat' dir='ltr'><strong>autem,</strong></span> <span class='ocrx_word' id='word_1_74' title='bbox 667 520 769 552; x_wconf 79' lang='lat' dir='ltr'><strong>dilecti,</strong></span> <span class='ocrx_word' id='word_1_75' title='bbox 785 527 846 554; x_wconf 67' lang='lat' dir='ltr'><strong>quae</strong></span> <span class='ocrx_word' id='word_1_76' title='bbox 867 527 919 546; x_wconf 88' lang='lat' dir='ltr'><strong>una</strong></span> <span class='ocrx_word' id='word_1_77' title='bbox 941 519 1026 546; x_wconf 88' lang='lat' dir='ltr'><strong>solum</strong></span> 
     </span>
    </p>
   </div>
   <div class='ocr_carea' id='block_1_13' title="bbox 247 564 1026 603">
    <p class='ocr_par' dir='ltr' id='par_1_13' title="bbox 247 564 1026 603">
     <span class='ocr_line' id='line_1_13' title="bbox 247 564 1026 603; baseline -0.006 -7"><span class='ocrx_word' id='word_1_78' title='bbox 247 574 324 603; x_wconf 85' lang='lat' dir='ltr'><strong>parte</strong></span> <span class='ocrx_word' id='word_1_79' title='bbox 345 572 476 603; x_wconf 64' lang='lat' dir='ltr'><strong>praesente</strong></span> <span class='ocrx_word' id='word_1_80' title='bbox 498 572 623 602; x_wconf 79' lang='lat' dir='ltr'><strong>aguntur,</strong></span> <span class='ocrx_word' id='word_1_81' title='bbox 649 565 748 593; x_wconf 87' lang='lat' dir='ltr'><strong>nullam</strong></span> <span class='ocrx_word' id='word_1_82' title='bbox 774 565 826 592; x_wconf 83' lang='lat' dir='ltr'><strong>vim</strong></span> <span class='ocrx_word' id='word_1_83' title='bbox 846 565 957 597; x_wconf 86' lang='lat' dir='ltr'><strong>habere,</strong></span> <span class='ocrx_word' id='word_1_84' title='bbox 980 564 1026 592; x_wconf 89' lang='lat' dir='ltr'><strong>sed</strong></span> 
     </span>
    </p>
   </div>
   <div class='ocr_carea' id='block_1_14' title="bbox 246 607 1026 649">
    <p class='ocr_par' dir='ltr' id='par_1_14' title="bbox 246 607 1026 649">
     <span class='ocr_line' id='line_1_14' title="bbox 246 607 1026 649; baseline -0.006 -8"><span class='ocrx_word' id='word_1_85' title='bbox 246 619 369 649; x_wconf 82' lang='lat' dir='ltr'><strong>suspecta</strong></span> <span class='ocrx_word' id='word_1_86' title='bbox 396 621 466 641; x_wconf 85' lang='lat' dir='ltr'><strong>esse.</strong></span> <span class='ocrx_word' id='word_1_87' title='bbox 491 612 546 640; x_wconf 77' lang='lat' dir='ltr'><strong>Nos</strong></span> <span class='ocrx_word' id='word_1_88' title='bbox 570 618 658 640; x_wconf 79' lang='lat' dir='ltr'><strong>tamen</strong></span> <span class='ocrx_word' id='word_1_89' title='bbox 681 619 837 646; x_wconf 86' lang='lat' dir='ltr'><strong>quanquam</strong></span> <span class='ocrx_word' id='word_1_90' title='bbox 866 611 906 638; x_wconf 90' lang='lat' dir='ltr'><strong>sic</strong></span> <span class='ocrx_word' id='word_1_91' title='bbox 936 607 1026 637; x_wconf 80' lang='lat' dir='ltr'><strong>actum</strong></span> 
     </span>
    </p>
   </div>
   <div class='ocr_carea' id='block_1_15' title="bbox 246 655 1027 692">
    <p class='ocr_par' dir='ltr' id='par_1_15' title="bbox 246 655 1027 692">
     <span class='ocr_line' id='line_1_15' title="bbox 246 655 1027 692; baseline -0.008 -5"><span class='ocrx_word' id='word_1_92' title='bbox 246 664 330 691; x_wconf 77' lang='lat' dir='ltr'><strong>esset,</strong></span> <span class='ocrx_word' id='word_1_93' title='bbox 341 658 521 686; x_wconf 87' lang='lat' dir='ltr'><strong>accurationis</strong></span> <span class='ocrx_word' id='word_1_94' title='bbox 534 657 728 692; x_wconf 85' lang='lat' dir='ltr'><strong>disquisitionis</strong></span> <span class='ocrx_word' id='word_1_95' title='bbox 739 664 830 688; x_wconf 85' lang='lat' dir='ltr'><strong>causa,</strong></span> <span class='ocrx_word' id='word_1_96' title='bbox 843 663 893 683; x_wconf 90' lang='lat' dir='ltr'><strong>nec</strong></span> <span class='ocrx_word' id='word_1_97' title='bbox 905 663 951 683; x_wconf 86' lang='lat' dir='ltr'><strong>vos</strong></span> <span class='ocrx_word' id='word_1_98' title='bbox 964 655 1027 687; x_wconf 83' lang='lat' dir='ltr'><strong>illis,</strong></span> 
     </span>
    </p>
   </div>
   <div class='ocr_carea' id='block_1_16' title="bbox 247 702 1028 739">
    <p class='ocr_par' dir='ltr' id='par_1_16' title="bbox 247 702 1028 739">
     <span class='ocr_line' id='line_1_16' title="bbox 247 702 1028 739; baseline -0.006 -6"><span class='ocrx_word' id='word_1_99' title='bbox 247 713 297 733; x_wconf 92' lang='lat' dir='ltr'><strong>nec</strong></span> <span class='ocrx_word' id='word_1_100' title='bbox 313 712 360 732; x_wconf 86' lang='lat' dir='ltr'><strong>eos</strong></span> <span class='ocrx_word' id='word_1_101' title='bbox 378 704 424 739; x_wconf 88' lang='lat' dir='ltr'><strong>qui</strong></span> <span class='ocrx_word' id='word_1_102' title='bbox 441 711 489 738; x_wconf 90' lang='lat' dir='ltr'><strong>pro</strong></span> <span class='ocrx_word' id='word_1_103' title='bbox 504 703 555 730; x_wconf 87' lang='lat' dir='ltr'><strong>illis</strong></span> <span class='ocrx_word' id='word_1_104' title='bbox 571 704 736 738; x_wconf 88' lang='lat' dir='ltr'><strong>scripserant</strong></span> <span class='ocrx_word' id='word_1_105' title='bbox 758 702 848 735; x_wconf 83' lang='lat' dir='ltr'><strong>vobis,</strong></span> <span class='ocrx_word' id='word_1_106' title='bbox 863 706 1028 736; x_wconf 72' lang='lat' dir='ltr'><strong>anteponen~</strong></span> 
     </span>
    </p>
   </div>
   <div class='ocr_carea' id='block_1_17' title="bbox 249 747 1028 783">
    <p class='ocr_par' dir='ltr' id='par_1_17' title="bbox 249 747 1028 783">
     <span class='ocr_line' id='line_1_17' title="bbox 249 747 1028 783; baseline -0.005 -6"><span class='ocrx_word' id='word_1_107' title='bbox 249 756 299 783; x_wconf 84' lang='lat' dir='ltr'><strong>tes,</strong></span> <span class='ocrx_word' id='word_1_108' title='bbox 315 751 412 777; x_wconf 92' lang='lat' dir='ltr'><strong>hortati</strong></span> <span class='ocrx_word' id='word_1_109' title='bbox 431 757 523 776; x_wconf 87' lang='lat' dir='ltr'><strong>sumus</strong></span> <span class='ocrx_word' id='word_1_110' title='bbox 535 756 583 776; x_wconf 80' lang='lat' dir='ltr'><strong>eos</strong></span> <span class='ocrx_word' id='word_1_111' title='bbox 597 749 641 783; x_wconf 88' lang='lat' dir='ltr'><strong>qui</strong></span> <span class='ocrx_word' id='word_1_112' title='bbox 658 748 761 775; x_wconf 83' lang='lat' dir='ltr'><strong>litteras</strong></span> <span class='ocrx_word' id='word_1_113' title='bbox 779 748 919 780; x_wconf 80' lang='lat' dir='ltr'><strong>miserant,</strong></span> <span class='ocrx_word' id='word_1_114' title='bbox 934 751 963 774; x_wconf 88' lang='lat' dir='ltr'><strong>ut</strong></span> <span class='ocrx_word' id='word_1_115' title='bbox 976 747 1028 774; x_wconf 88' lang='lat' dir='ltr'><strong>huc</strong></span> 
     </span>
    </p>
   </div>
   <div class='ocr_carea' id='block_1_18' title="bbox 247 792 1027 829">
    <p class='ocr_par' dir='ltr' id='par_1_18' title="bbox 247 792 1027 829">
     <span class='ocr_line' id='line_1_18' title="bbox 247 792 1027 829; baseline -0.006 -5"><span class='ocrx_word' id='word_1_116' title='bbox 247 804 278 825; x_wconf 82' lang='lat' dir='ltr'><strong>se</strong></span> <span class='ocrx_word' id='word_1_117' title='bbox 296 796 460 827; x_wconf 76' lang='lat' dir='ltr'><strong>conferrent,</strong></span> <span class='ocrx_word' id='word_1_118' title='bbox 484 799 513 822; x_wconf 91' lang='lat' dir='ltr'><strong>ut</strong></span> <span class='ocrx_word' id='word_1_119' title='bbox 537 794 752 829; x_wconf 75' lang='lat' dir='ltr'><strong>quandoquidem</strong></span> <span class='ocrx_word' id='word_1_120' title='bbox 778 793 867 829; x_wconf 93' lang='lat' dir='ltr'><strong>plures</strong></span> <span class='ocrx_word' id='word_1_121' title='bbox 898 797 962 820; x_wconf 88' lang='lat' dir='ltr'><strong>sunt</strong></span> <span class='ocrx_word' id='word_1_122' title='bbox 982 792 1027 827; x_wconf 89' lang='lat' dir='ltr'><strong>qui</strong></span> 
     </span>
    </p>
   </div>
   <div class='ocr_carea' id='block_1_19' title="bbox 248 839 1027 878">
    <p class='ocr_par' dir='ltr' id='par_1_19' title="bbox 248 839 1027 878">
     <span class='ocr_line' id='line_1_19' title="bbox 248 839 1027 878; baseline -0.005 -9"><span class='ocrx_word' id='word_1_123' title='bbox 248 849 297 878; x_wconf 87' lang='lat' dir='ltr'><strong>pro</strong></span> <span class='ocrx_word' id='word_1_124' title='bbox 313 842 365 869; x_wconf 84' lang='lat' dir='ltr'><strong>illis</strong></span> <span class='ocrx_word' id='word_1_125' title='bbox 379 842 523 876; x_wconf 84' lang='lat' dir='ltr'><strong>scripsere,</strong></span> <span class='ocrx_word' id='word_1_126' title='bbox 535 841 561 868; x_wconf 90' lang='lat' dir='ltr'><strong>in</strong></span> <span class='ocrx_word' id='word_1_127' title='bbox 576 841 678 875; x_wconf 82' lang='lat' dir='ltr'><strong>synodo</strong></span> <span class='ocrx_word' id='word_1_128' title='bbox 690 839 782 867; x_wconf 78' lang='lat' dir='ltr'><strong>omnia</strong></span> <span class='ocrx_word' id='word_1_129' title='bbox 796 839 1027 872; x_wconf 85' lang='lat' dir='ltr'><strong>examinarentur,</strong></span> 
     </span>
    </p>
   </div>
   <div class='ocr_carea' id='block_1_20' title="bbox 1074 244 1862 280">
    <p class='ocr_par' dir='ltr' id='par_1_20' title="bbox 1074 244 1862 280">
     <span class='ocr_line' id='line_1_20' title="bbox 1074 244 1862 280; baseline -0.001 -8"><span class='ocrx_word' id='word_1_130' title='bbox 1074 246 1127 272; x_wconf 85' lang='grc' dir='ltr'>τῶν</span> <span class='ocrx_word' id='word_1_131' title='bbox 1143 245 1297 280; x_wconf 75' lang='grc' dir='ltr'>ἅπανταχοῦ</span> <span class='ocrx_word' id='word_1_132' title='bbox 1312 245 1468 272; x_wconf 77' lang='grc' dir='ltr'>ἐπισκόπων</span> <span class='ocrx_word' id='word_1_133' title='bbox 1479 244 1653 280; x_wconf 74' lang='grc' dir='ltr'><strong>κατεγνώσθη</strong></span> <span class='ocrx_word' id='word_1_134' title='bbox 1667 245 1714 271; x_wconf 79' lang='grc' dir='ltr'><strong>καὶ</strong></span> <span class='ocrx_word' id='word_1_135' title='bbox 1725 245 1862 280; x_wconf 76' lang='grc' dir='ltr'>ἀπεκηρύ-</span> 
     </span>
    </p>
   </div>
   <div class='ocr_carea' id='block_1_21' title="bbox 1075 290 1860 326">
    <p class='ocr_par' dir='ltr' id='par_1_21' title="bbox 1075 290 1860 326">
     <span class='ocr_line' id='line_1_21' title="bbox 1075 290 1860 326; baseline 0 -9"><span class='ocrx_word' id='word_1_136' title='bbox 1075 291 1143 326; x_wconf 86' lang='grc' dir='ltr'>χθη·</span> <span class='ocrx_word' id='word_1_137' title='bbox 1176 290 1333 322; x_wconf 77' lang='grc' dir='ltr'>Ἀθανάσιος</span> <span class='ocrx_word' id='word_1_138' title='bbox 1359 291 1386 317; x_wconf 86' lang='grc' dir='ltr'>δὲ</span> <span class='ocrx_word' id='word_1_139' title='bbox 1412 291 1459 317; x_wconf 75' lang='grc' dir='ltr'>καὶ</span> <span class='ocrx_word' id='word_1_140' title='bbox 1483 290 1640 326; x_wconf 81' lang='grc' dir='ltr'>Μάρκελλος</span> <span class='ocrx_word' id='word_1_141' title='bbox 1667 291 1692 317; x_wconf 82' lang='grc' dir='ltr'>οἱ</span> <span class='ocrx_word' id='word_1_142' title='bbox 1707 291 1860 323; x_wconf 77' lang='grc' dir='ltr'>ἐπίσκοποι,</span> 
     </span>
    </p>
   </div>
   <div class='ocr_carea' id='block_1_22' title="bbox 1076 335 1862 372">
    <p class='ocr_par' dir='ltr' id='par_1_22' title="bbox 1076 335 1862 372">
     <span class='ocr_line' id='line_1_22' title="bbox 1076 335 1862 372; baseline 0 -10"><span class='ocrx_word' id='word_1_143' title='bbox 1076 337 1201 368; x_wconf 80' lang='grc' dir='ltr'>πλείονας</span> <span class='ocrx_word' id='word_1_144' title='bbox 1215 336 1305 371; x_wconf 72' lang='grc' dir='ltr'>ἔχουσι</span> <span class='ocrx_word' id='word_1_145' title='bbox 1316 336 1379 367; x_wconf 80' lang='grc' dir='ltr'>τοὺς</span> <span class='ocrx_word' id='word_1_146' title='bbox 1391 336 1461 372; x_wconf 76' lang='grc' dir='ltr'>ὑπὲρ</span> <span class='ocrx_word' id='word_1_147' title='bbox 1477 335 1580 363; x_wconf 67' lang='grc' dir='ltr'>ἑαυτῶν</span> <span class='ocrx_word' id='word_1_148' title='bbox 1591 335 1718 370; x_wconf 85' lang='grc' dir='ltr'>λέγοντας</span> <span class='ocrx_word' id='word_1_149' title='bbox 1734 336 1781 362; x_wconf 79' lang='grc' dir='ltr'><strong>καὶ</strong></span> <span class='ocrx_word' id='word_1_150' title='bbox 1794 336 1862 370; x_wconf 90' lang='grc' dir='ltr'>γρά-</span> 
     </span>
    </p>
   </div>
   <div class='ocr_carea' id='block_1_23' title="bbox 1077 380 1862 418">
    <p class='ocr_par' dir='ltr' id='par_1_23' title="bbox 1077 380 1862 418">
     <span class='ocr_line' id='line_1_23' title="bbox 1077 380 1862 418; baseline -0.003 -9"><span class='ocrx_word' id='word_1_151' title='bbox 1077 391 1185 417; x_wconf 79' lang='grc' dir='ltr'>φοντας.</span> <span class='ocrx_word' id='word_1_152' title='bbox 1204 382 1362 418; x_wconf 83' lang='grc' dir='ltr'>Μάρκελλος</span> <span class='ocrx_word' id='word_1_153' title='bbox 1385 382 1433 418; x_wconf 74' lang='grc' dir='ltr'>μὲν</span> <span class='ocrx_word' id='word_1_154' title='bbox 1449 382 1503 417; x_wconf 83' lang='grc' dir='ltr'><strong>γὰρ</strong></span> <span class='ocrx_word' id='word_1_155' title='bbox 1527 380 1703 417; x_wconf 77' lang='grc' dir='ltr'><strong>ἐμαρτυρήθη</strong></span> <span class='ocrx_word' id='word_1_156' title='bbox 1724 382 1800 417; x_wconf 86' lang='grc' dir='ltr'>ἡμῖν,</span> <span class='ocrx_word' id='word_1_157' title='bbox 1813 382 1862 408; x_wconf 73' lang='grc' dir='ltr'>καὶ</span> 
     </span>
    </p>
   </div>
   <div class='ocr_carea' id='block_1_24' title="bbox 1076 427 1859 465">
    <p class='ocr_par' dir='ltr' id='par_1_24' title="bbox 1076 427 1859 465">
     <span class='ocr_line' id='line_1_24' title="bbox 1076 427 1859 465; baseline -0.004 -9"><span class='ocrx_word' id='word_1_158' title='bbox 1076 431 1106 456; x_wconf 86' lang='grc' dir='ltr'>ὲν</span> <span class='ocrx_word' id='word_1_159' title='bbox 1118 431 1151 465; x_wconf 84' lang='grc' dir='ltr'>τῇ</span> <span class='ocrx_word' id='word_1_160' title='bbox 1164 429 1234 456; x_wconf 80' lang='grc' dir='ltr'>κατὰ</span> <span class='ocrx_word' id='word_1_161' title='bbox 1252 429 1369 456; x_wconf 83' lang='grc' dir='ltr'>Νίκαιαν</span> <span class='ocrx_word' id='word_1_162' title='bbox 1385 428 1485 463; x_wconf 84' lang='grc' dir='ltr'><strong>συνόδῳ</strong></span> <span class='ocrx_word' id='word_1_163' title='bbox 1501 429 1556 459; x_wconf 84' lang='grc' dir='ltr'>τοῖς</span> <span class='ocrx_word' id='word_1_164' title='bbox 1576 427 1610 453; x_wconf 78' lang='grc' dir='ltr'><strong>τὰ</strong></span> <span class='ocrx_word' id='word_1_165' title='bbox 1626 427 1731 463; x_wconf 81' lang='grc' dir='ltr'><strong>Ἀρείου</strong></span> <span class='ocrx_word' id='word_1_166' title='bbox 1749 427 1859 463; x_wconf 75' lang='grc' dir='ltr'>φρονοί</span> 
     </span>
    </p>
   </div>
   <div class='ocr_carea' id='block_1_25' title="bbox 1077 473 1862 510">
    <p class='ocr_par' dir='ltr' id='par_1_25' title="bbox 1077 473 1862 510">
     <span class='ocr_line' id='line_1_25' title="bbox 1077 473 1862 510; baseline -0.004 -8"><span class='ocrx_word' id='word_1_167' title='bbox 1077 485 1119 502; x_wconf 86' lang='grc' dir='ltr'><strong>σιν</strong></span> <span class='ocrx_word' id='word_1_168' title='bbox 1137 474 1316 510; x_wconf 81' lang='grc' dir='ltr'>άντειρηκώς’</span> <span class='ocrx_word' id='word_1_169' title='bbox 1338 474 1493 506; x_wconf 62' lang='grc' dir='ltr'>’Δθανὰσιος</span> <span class='ocrx_word' id='word_1_170' title='bbox 1503 474 1531 500; x_wconf 74' lang='grc' dir='ltr'>δὲ</span> <span class='ocrx_word' id='word_1_171' title='bbox 1544 474 1730 509; x_wconf 72' lang='grc' dir='ltr'>ἐμαρτυρήθη,</span> <span class='ocrx_word' id='word_1_172' title='bbox 1750 473 1816 509; x_wconf 81' lang='grc' dir='ltr'>μηδὲ</span> <span class='ocrx_word' id='word_1_173' title='bbox 1833 474 1862 500; x_wconf 80' lang='grc' dir='ltr'>ὲν</span> 
     </span>
    </p>
   </div>
   <div class='ocr_carea' id='block_1_26' title="bbox 1077 518 1862 557">
    <p class='ocr_par' dir='ltr' id='par_1_26' title="bbox 1077 518 1862 557">
     <span class='ocr_line' id='line_1_26' title="bbox 1077 518 1862 557; baseline -0.004 -9"><span class='ocrx_word' id='word_1_174' title='bbox 1077 521 1157 557; x_wconf 85' lang='grc' dir='ltr'><strong>Τύρῳ</strong></span> <span class='ocrx_word' id='word_1_175' title='bbox 1173 519 1373 554; x_wconf 72' lang='grc' dir='ltr'><strong>καταγνωσθεὶς</strong></span> <span class='ocrx_word' id='word_1_176' title='bbox 1387 520 1452 555; x_wconf 72' lang='grc'>(62),</span> <span class='ocrx_word' id='word_1_177' title='bbox 1468 520 1496 545; x_wconf 84' lang='grc' dir='ltr'>ὲν</span> <span class='ocrx_word' id='word_1_178' title='bbox 1506 519 1533 545; x_wconf 83' lang='grc' dir='ltr'>δὲ</span> <span class='ocrx_word' id='word_1_179' title='bbox 1548 519 1587 554; x_wconf 84' lang='grc' dir='ltr'><strong>τῷ</strong></span> <span class='ocrx_word' id='word_1_180' title='bbox 1597 518 1732 555; x_wconf 78' lang='grc' dir='ltr'>Μαρεώτῃ</span> <span class='ocrx_word' id='word_1_181' title='bbox 1745 519 1781 554; x_wconf 81' lang='grc' dir='ltr'>μὴ</span> <span class='ocrx_word' id='word_1_182' title='bbox 1792 527 1862 555; x_wconf 88' lang='grc' dir='ltr'>παρ-</span> 
     </span>
    </p>
   </div>
   <div class='ocr_carea' id='block_1_27' title="bbox 1077 564 1861 601">
    <p class='ocr_par' dir='ltr' id='par_1_27' title="bbox 1077 564 1861 601">
     <span class='ocr_line' id='line_1_27' title="bbox 1077 564 1861 601; baseline -0.004 -7"><span class='ocrx_word' id='word_1_183' title='bbox 1077 569 1155 597; x_wconf 83' lang='grc' dir='ltr'>εἰναι,</span> <span class='ocrx_word' id='word_1_184' title='bbox 1187 566 1251 593; x_wconf 73' lang='grc' dir='ltr'>ἔνθα</span> <span class='ocrx_word' id='word_1_185' title='bbox 1268 566 1302 592; x_wconf 86' lang='grc' dir='ltr'>τὰ</span> <span class='ocrx_word' id='word_1_186' title='bbox 1319 566 1501 601; x_wconf 82' lang='grc' dir='ltr'>ὑπομνήματα</span> <span class='ocrx_word' id='word_1_187' title='bbox 1524 565 1583 592; x_wconf 79' lang='grc' dir='ltr'>κατ’</span> <span class='ocrx_word' id='word_1_188' title='bbox 1598 564 1679 591; x_wconf 83' lang='grc' dir='ltr'>αὑτοῦ</span> <span class='ocrx_word' id='word_1_189' title='bbox 1698 564 1861 600; x_wconf 82' lang='grc' dir='ltr'>γεγενῆσθαι</span> 
     </span>
    </p>
   </div>
   <div class='ocr_carea' id='block_1_28' title="bbox 1077 609 1862 646">
    <p class='ocr_par' dir='ltr' id='par_1_28' title="bbox 1077 609 1862 646">
     <span class='ocr_line' id='line_1_28' title="bbox 1077 609 1862 646; baseline -0.005 -7"><span class='ocrx_word' id='word_1_190' title='bbox 1077 612 1195 646; x_wconf 84' lang='grc' dir='ltr'>λέγεται.</span> <span class='ocrx_word' id='word_1_191' title='bbox 1215 611 1309 638; x_wconf 83' lang='grc' dir='ltr'>οἴδατε</span> <span class='ocrx_word' id='word_1_192' title='bbox 1335 611 1372 643; x_wconf 76' lang='grc' dir='ltr'>δὲ,</span> <span class='ocrx_word' id='word_1_193' title='bbox 1393 611 1539 645; x_wconf 73' lang='grc' dir='ltr'>ἀγαπητοὶ,</span> <span class='ocrx_word' id='word_1_194' title='bbox 1551 610 1593 636; x_wconf 67' lang='grc' dir='ltr'>ὃτι</span> <span class='ocrx_word' id='word_1_195' title='bbox 1610 610 1646 636; x_wconf 80' lang='grc' dir='ltr'><strong>τά</strong></span> <span class='ocrx_word' id='word_1_196' title='bbox 1660 609 1730 636; x_wconf 83' lang='grc' dir='ltr'>κατὰ</span> <span class='ocrx_word' id='word_1_197' title='bbox 1748 609 1862 645; x_wconf 84' lang='grc' dir='ltr'>μονομέ-</span> 
     </span>
    </p>
   </div>
   <div class='ocr_carea' id='block_1_29' title="bbox 1079 655 1862 694">
    <p class='ocr_par' dir='ltr' id='par_1_29' title="bbox 1079 655 1862 694">
     <span class='ocr_line' id='line_1_29' title="bbox 1079 655 1862 694; baseline -0.005 -9"><span class='ocrx_word' id='word_1_198' title='bbox 1079 667 1152 694; x_wconf 87' lang='grc' dir='ltr'>ρειαν</span> <span class='ocrx_word' id='word_1_199' title='bbox 1166 659 1242 693; x_wconf 81' lang='grc' dir='ltr'>ἰσχὺν</span> <span class='ocrx_word' id='word_1_200' title='bbox 1251 657 1301 683; x_wconf 87' lang='grc' dir='ltr'>οὐκ</span> <span class='ocrx_word' id='word_1_201' title='bbox 1313 657 1380 692; x_wconf 78' lang='grc' dir='ltr'>ἔχει,</span> <span class='ocrx_word' id='word_1_202' title='bbox 1392 656 1450 683; x_wconf 79' lang='grc' dir='ltr'>ἀλλ’</span> <span class='ocrx_word' id='word_1_203' title='bbox 1463 656 1569 682; x_wconf 84' lang='grc' dir='ltr'>ὕποπτα</span> <span class='ocrx_word' id='word_1_204' title='bbox 1580 655 1707 691; x_wconf 78' lang='grc' dir='ltr'><strong>τυγχάνει</strong></span> <span class='ocrx_word' id='word_1_205' title='bbox 1719 656 1766 682; x_wconf 85' lang='grc' dir='ltr'>καὶ</span> <span class='ocrx_word' id='word_1_206' title='bbox 1777 656 1862 690; x_wconf 77' lang='grc' dir='ltr'>ὅμως,</span> 
     </span>
    </p>
   </div>
   <div class='ocr_carea' id='block_1_30' title="bbox 1077 700 1863 738">
    <p class='ocr_par' dir='ltr' id='par_1_30' title="bbox 1077 700 1863 738">
     <span class='ocr_line' id='line_1_30' title="bbox 1077 700 1863 738; baseline -0.004 -8"><span class='ocrx_word' id='word_1_207' title='bbox 1077 704 1179 731; x_wconf 84' lang='grc' dir='ltr'>τούτων</span> <span class='ocrx_word' id='word_1_208' title='bbox 1194 703 1288 735; x_wconf 70' lang='grc' dir='ltr'>ὄντων,</span> <span class='ocrx_word' id='word_1_209' title='bbox 1306 704 1386 738; x_wconf 81' lang='grc' dir='ltr'>ἡμεῖς</span> <span class='ocrx_word' id='word_1_210' title='bbox 1398 702 1468 738; x_wconf 77' lang='grc' dir='ltr'>ὑπὲρ</span> <span class='ocrx_word' id='word_1_211' title='bbox 1478 702 1629 737; x_wconf 75' lang='grc' dir='ltr'>ἀκριϐείας,</span> <span class='ocrx_word' id='word_1_212' title='bbox 1642 701 1701 728; x_wconf 76' lang='grc' dir='ltr'>οὔτε</span> <span class='ocrx_word' id='word_1_213' title='bbox 1716 702 1788 736; x_wconf 81' lang='grc' dir='ltr'>ὑμῖν,</span> <span class='ocrx_word' id='word_1_214' title='bbox 1801 700 1863 728; x_wconf 80' lang='grc' dir='ltr'>οὕτε</span> 
     </span>
    </p>
   </div>
   <div class='ocr_carea' id='block_1_31' title="bbox 1077 747 1864 785">
    <p class='ocr_par' dir='ltr' id='par_1_31' title="bbox 1077 747 1864 785">
     <span class='ocr_line' id='line_1_31' title="bbox 1077 747 1864 785; baseline -0.004 -9"><span class='ocrx_word' id='word_1_215' title='bbox 1077 750 1133 781; x_wconf 83' lang='grc' dir='ltr'>τοῖς</span> <span class='ocrx_word' id='word_1_216' title='bbox 1147 749 1216 785; x_wconf 84' lang='grc' dir='ltr'>ὑπὲρ</span> <span class='ocrx_word' id='word_1_217' title='bbox 1228 747 1318 775; x_wconf 81' lang='grc' dir='ltr'>αὐτῶν</span> <span class='ocrx_word' id='word_1_218' title='bbox 1343 747 1462 783; x_wconf 79' lang='grc' dir='ltr'>γράψασι</span> <span class='ocrx_word' id='word_1_219' title='bbox 1482 748 1622 783; x_wconf 82' lang='grc' dir='ltr'>πρόκριμα</span> <span class='ocrx_word' id='word_1_220' title='bbox 1640 747 1777 778; x_wconf 82' lang='grc' dir='ltr'>ποιοῦντες</span> <span class='ocrx_word' id='word_1_221' title='bbox 1798 756 1864 783; x_wconf 86' lang='grc' dir='ltr'>προ-</span> 
     </span>
    </p>
   </div>
   <div class='ocr_carea' id='block_1_32' title="bbox 1078 792 1863 831">
    <p class='ocr_par' dir='ltr' id='par_1_32' title="bbox 1078 792 1863 831">
     <span class='ocr_line' id='line_1_32' title="bbox 1078 792 1863 831; baseline -0.005 -9"><span class='ocrx_word' id='word_1_222' title='bbox 1078 794 1249 831; x_wconf 72' lang='grc' dir='ltr'>ετρεψάμεθα</span> <span class='ocrx_word' id='word_1_223' title='bbox 1258 795 1321 826; x_wconf 80' lang='grc' dir='ltr'>τοὺς</span> <span class='ocrx_word' id='word_1_224' title='bbox 1331 794 1486 829; x_wconf 73' lang='grc' dir='ltr'>γράψαντας</span> <span class='ocrx_word' id='word_1_225' title='bbox 1496 793 1592 825; x_wconf 75' lang='grc' dir='ltr'>ἐλθεῖν,</span> <span class='ocrx_word' id='word_1_226' title='bbox 1604 793 1648 825; x_wconf 78' lang='grc' dir='ltr'>ἵν’,</span> <span class='ocrx_word' id='word_1_227' title='bbox 1655 793 1748 828; x_wconf 72' lang='grc' dir='ltr'>ἐπειδὴ</span> <span class='ocrx_word' id='word_1_228' title='bbox 1757 792 1863 825; x_wconf 76' lang='grc' dir='ltr'>πλείους</span> 
     </span>
    </p>
   </div>
   <div class='ocr_carea' id='block_1_33' title="bbox 1079 838 1862 875">
    <p class='ocr_par' dir='ltr' id='par_1_33' title="bbox 1079 838 1862 875">
     <span class='ocr_line' id='line_1_33' title="bbox 1079 838 1862 875; baseline -0.003 -9"><span class='ocrx_word' id='word_1_229' title='bbox 1079 841 1147 867; x_wconf 72' lang='grc' dir='ltr'>εἰσὶν</span> <span class='ocrx_word' id='word_1_230' title='bbox 1162 840 1186 866; x_wconf 78' lang='lat' dir='ltr'><strong>oi</strong></span> <span class='ocrx_word' id='word_1_231' title='bbox 1208 839 1278 875; x_wconf 82' lang='grc' dir='ltr'>ὑπὲρ</span> <span class='ocrx_word' id='word_1_232' title='bbox 1293 839 1382 866; x_wconf 87' lang='grc' dir='ltr'>αὺτῶν</span> <span class='ocrx_word' id='word_1_233' title='bbox 1400 839 1563 873; x_wconf 67' lang='grc' dir='ltr'>γράψαντες,</span> <span class='ocrx_word' id='word_1_234' title='bbox 1583 839 1628 865; x_wconf 75' lang='grc' dir='ltr'><strong>ἐπὶ</strong></span> <span class='ocrx_word' id='word_1_235' title='bbox 1647 838 1753 865; x_wconf 78' lang='grc' dir='ltr'>συνόδου</span> <span class='ocrx_word' id='word_1_236' title='bbox 1773 838 1862 864; x_wconf 82' lang='grc' dir='ltr'>πάντα</span> 
     </span>
    </p>
   </div>
   <div class='ocr_carea' id='block_1_34' title="bbox 247 879 1029 922">
    <p class='ocr_par' dir='ltr' id='par_1_34' title="bbox 247 884 1029 922">
     <span class='ocr_line' id='line_1_34' title="bbox 247 884 1029 922; baseline -0.006 -7"><span class='ocrx_word' id='word_1_237' title='bbox 247 895 302 922; x_wconf 91' lang='lat' dir='ltr'><strong>quo</strong></span> <span class='ocrx_word' id='word_1_238' title='bbox 320 894 370 915; x_wconf 87' lang='lat' dir='ltr'><strong>nec</strong></span> <span class='ocrx_word' id='word_1_239' title='bbox 386 887 537 918; x_wconf 84' lang='lat' dir='ltr'><strong>damnetur,</strong></span> <span class='ocrx_word' id='word_1_240' title='bbox 556 885 693 918; x_wconf 82' lang='lat' dir='ltr'><strong>innoxius,</strong></span> <span class='ocrx_word' id='word_1_241' title='bbox 717 885 766 912; x_wconf 85' lang='lat' dir='ltr'><strong>nec</strong></span> <span class='ocrx_word' id='word_1_242' title='bbox 784 884 831 919; x_wconf 87' lang='lat' dir='ltr'><strong>qui</strong></span> <span class='ocrx_word' id='word_1_243' title='bbox 848 891 911 911; x_wconf 87' lang='lat' dir='ltr'><strong>reus</strong></span> <span class='ocrx_word' id='word_1_244' title='bbox 925 889 978 916; x_wconf 78' lang='lat' dir='ltr'><strong>est,</strong></span> <span class='ocrx_word' id='word_1_245' title='bbox 1000 889 1029 910; x_wconf 86' lang='lat' dir='ltr'><strong>ut</strong></span> 
     </span>
    </p>
   </div>
   <div class='ocr_carea' id='block_1_35' title="bbox 1080 879 1862 922">
    <p class='ocr_par' dir='ltr' id='par_1_35' title="bbox 1080 883 1862 921">
     <span class='ocr_line' id='line_1_35' title="bbox 1080 883 1862 921; baseline -0.004 -9"><span class='ocrx_word' id='word_1_246' title='bbox 1080 885 1220 921; x_wconf 79' lang='grc' dir='ltr'>ὲξετασθῇ,</span> <span class='ocrx_word' id='word_1_247' title='bbox 1234 885 1303 921; x_wconf 81' lang='grc' dir='ltr'>πρὸς</span> <span class='ocrx_word' id='word_1_248' title='bbox 1327 885 1357 911; x_wconf 81' lang='grc' dir='ltr'><strong>τὸ</strong></span> <span class='ocrx_word' id='word_1_249' title='bbox 1375 884 1443 920; x_wconf 81' lang='grc' dir='ltr'>μηδὲ</span> <span class='ocrx_word' id='word_1_250' title='bbox 1462 884 1507 910; x_wconf 78' lang='grc' dir='ltr'>τὸν</span> <span class='ocrx_word' id='word_1_251' title='bbox 1520 884 1638 911; x_wconf 80' lang='grc' dir='ltr'>ἀναίτιον</span> <span class='ocrx_word' id='word_1_252' title='bbox 1654 883 1862 919; x_wconf 82' lang='grc' dir='ltr'>κατακριθῆναι,</span> 
     </span>
    </p>
   </div>
   <div class='ocr_carea' id='block_1_36' title="bbox 249 929 1029 969">
    <p class='ocr_par' dir='ltr' id='par_1_36' title="bbox 249 929 1029 969">
     <span class='ocr_line' id='line_1_36' title="bbox 249 929 1029 969; baseline -0.005 -9"><span class='ocrx_word' id='word_1_253' title='bbox 249 941 332 969; x_wconf 87' lang='lat' dir='ltr'><strong>purus</strong></span> <span class='ocrx_word' id='word_1_254' title='bbox 356 932 496 960; x_wconf 80' lang='lat' dir='ltr'><strong>habeatur.</strong></span> <span class='ocrx_word' id='word_1_255' title='bbox 525 931 581 958; x_wconf 83' lang='lat' dir='ltr'><strong>Non</strong></span> <span class='ocrx_word' id='word_1_256' title='bbox 609 931 691 966; x_wconf 74' lang='lat' dir='ltr'><strong>igitur</strong></span> <span class='ocrx_word' id='word_1_257' title='bbox 711 937 728 958; x_wconf 90' lang='lat' dir='ltr'><strong>a</strong></span> <span class='ocrx_word' id='word_1_258' title='bbox 754 930 832 957; x_wconf 88' lang='lat' dir='ltr'><strong>nobis</strong></span> <span class='ocrx_word' id='word_1_259' title='bbox 855 929 1029 964; x_wconf 90' lang='lat' dir='ltr'><strong>vilipenditur</strong></span> 
     </span>
    </p>
   </div>
   <div class='ocr_carea' id='block_1_37' title="bbox 249 975 1028 1013">
    <p class='ocr_par' dir='ltr' id='par_1_37' title="bbox 249 975 1028 1013">
     <span class='ocr_line' id='line_1_37' title="bbox 249 975 1028 1013; baseline -0.003 -8"><span class='ocrx_word' id='word_1_260' title='bbox 249 979 377 1013; x_wconf 77' lang='lat' dir='ltr'><strong>synodus,</strong></span> <span class='ocrx_word' id='word_1_261' title='bbox 395 977 442 1004; x_wconf 90' lang='lat' dir='ltr'><strong>sed</strong></span> <span class='ocrx_word' id='word_1_262' title='bbox 460 975 541 1003; x_wconf 83' lang='lat' dir='ltr'><strong>abiis</strong></span> <span class='ocrx_word' id='word_1_263' title='bbox 558 976 603 1010; x_wconf 92' lang='lat' dir='ltr'><strong>qui</strong></span> <span class='ocrx_word' id='word_1_264' title='bbox 621 981 723 1003; x_wconf 83' lang='lat' dir='ltr'><strong>temere</strong></span> <span class='ocrx_word' id='word_1_265' title='bbox 738 981 766 1003; x_wconf 89' lang='lat' dir='ltr'><strong>et</strong></span> <span class='ocrx_word' id='word_1_266' title='bbox 787 976 926 1003; x_wconf 86' lang='lat' dir='ltr'><strong>levissime</strong></span> <span class='ocrx_word' id='word_1_267' title='bbox 948 976 1028 1003; x_wconf 82' lang='lat' dir='ltr'><strong>Aria-</strong></span> 
     </span>
    </p>
   </div>
   <div class='ocr_carea' id='block_1_38' title="bbox 251 1021 1025 1056">
    <p class='ocr_par' dir='ltr' id='par_1_38' title="bbox 251 1021 1025 1056">
     <span class='ocr_line' id='line_1_38' title="bbox 251 1021 1025 1056; baseline -0.004 -5"><span class='ocrx_word' id='word_1_268' title='bbox 251 1031 300 1051; x_wconf 88' lang='lat' dir='ltr'><strong>nos</strong></span> <span class='ocrx_word' id='word_1_269' title='bbox 324 1024 357 1050; x_wconf 85' lang='lat' dir='ltr'><strong>ab</strong></span> <span class='ocrx_word' id='word_1_270' title='bbox 377 1022 502 1050; x_wconf 90' lang='lat' dir='ltr'><strong>omnibus</strong></span> <span class='ocrx_word' id='word_1_271' title='bbox 526 1021 667 1049; x_wconf 87' lang='lat' dir='ltr'><strong>damnatos</strong></span> <span class='ocrx_word' id='word_1_272' title='bbox 683 1022 762 1049; x_wconf 78' lang='lat' dir='ltr'><strong>etiam</strong></span> <span class='ocrx_word' id='word_1_273' title='bbox 785 1027 879 1049; x_wconf 91' lang='lat' dir='ltr'><strong>contra</strong></span> <span class='ocrx_word' id='word_1_274' title='bbox 903 1021 1025 1056; x_wconf 89' lang='lat' dir='ltr'><strong>judicum</strong></span> 
     </span>
    </p>
   </div>
   <div class='ocr_carea' id='block_1_39' title="bbox 249 1067 1030 1103">
    <p class='ocr_par' dir='ltr' id='par_1_39' title="bbox 249 1067 1030 1103">
     <span class='ocr_line' id='line_1_39' title="bbox 249 1067 1030 1103; baseline -0.003 -7"><span class='ocrx_word' id='word_1_275' title='bbox 249 1068 410 1097; x_wconf 84' lang='lat' dir='ltr'><strong>sententiam</strong></span> <span class='ocrx_word' id='word_1_276' title='bbox 428 1068 580 1102; x_wconf 90' lang='lat' dir='ltr'><strong>recipiunt;</strong></span> <span class='ocrx_word' id='word_1_277' title='bbox 604 1075 716 1102; x_wconf 87' lang='lat' dir='ltr'><strong>quormn</strong></span> <span class='ocrx_word' id='word_1_278' title='bbox 738 1067 857 1103; x_wconf 87' lang='lat' dir='ltr'><strong>plerique</strong></span> <span class='ocrx_word' id='word_1_279' title='bbox 876 1068 933 1103; x_wconf 78' lang='lat' dir='ltr'><strong>jam</strong></span> <span class='ocrx_word' id='word_1_280' title='bbox 956 1076 1030 1095; x_wconf 89' lang='lat' dir='ltr'><strong>reso-</strong></span> 
     </span>
    </p>
   </div>
   <div class='ocr_carea' id='block_1_40' title="bbox 250 1112 1029 1147">
    <p class='ocr_par' dir='ltr' id='par_1_40' title="bbox 250 1112 1029 1147">
     <span class='ocr_line' id='line_1_40' title="bbox 250 1112 1029 1147; baseline -0.004 -5"><span class='ocrx_word' id='word_1_281' title='bbox 250 1115 298 1142; x_wconf 86' lang='lat' dir='ltr'><strong>luti</strong></span> <span class='ocrx_word' id='word_1_282' title='bbox 318 1122 380 1142; x_wconf 87' lang='lat' dir='ltr'><strong>cutn</strong></span> <span class='ocrx_word' id='word_1_283' title='bbox 398 1113 505 1140; x_wconf 75' lang='lat' dir='ltr'><strong>Christo</strong></span> <span class='ocrx_word' id='word_1_284' title='bbox 521 1118 599 1144; x_wconf 89' lang='lat' dir='ltr'><strong>sunt,</strong></span> <span class='ocrx_word' id='word_1_285' title='bbox 621 1112 665 1139; x_wconf 89' lang='lat' dir='ltr'><strong>alii</strong></span> <span class='ocrx_word' id='word_1_286' title='bbox 690 1119 753 1139; x_wconf 90' lang='lat' dir='ltr'><strong>vero</strong></span> <span class='ocrx_word' id='word_1_287' title='bbox 768 1113 913 1139; x_wconf 83' lang='lat' dir='ltr'><strong>etiamnum</strong></span> <span class='ocrx_word' id='word_1_288' title='bbox 935 1120 1029 1147; x_wconf 86' lang='lat' dir='ltr'><strong>super-</strong></span> 
     </span>
    </p>
   </div>
   <div class='ocr_carea' id='block_1_41' title="bbox 250 1158 1028 1194">
    <p class='ocr_par' dir='ltr' id='par_1_41' title="bbox 250 1158 1028 1194">
     <span class='ocr_line' id='line_1_41' title="bbox 250 1158 1028 1194; baseline -0.004 -6"><span class='ocrx_word' id='word_1_289' title='bbox 250 1161 327 1188; x_wconf 79' lang='lat' dir='ltr'><strong>stites</strong></span> <span class='ocrx_word' id='word_1_290' title='bbox 359 1159 468 1194; x_wconf 75' lang='lat' dir='ltr'><strong>indigne</strong></span> <span class='ocrx_word' id='word_1_291' title='bbox 484 1159 573 1186; x_wconf 79' lang='lat' dir='ltr'><strong>ierunt</strong></span> <span class='ocrx_word' id='word_1_292' title='bbox 586 1158 657 1193; x_wconf 91' lang='lat' dir='ltr'><strong>quod</strong></span> <span class='ocrx_word' id='word_1_293' title='bbox 676 1166 754 1186; x_wconf 89' lang='lat' dir='ltr'><strong>suum</strong></span> <span class='ocrx_word' id='word_1_294' title='bbox 767 1158 898 1192; x_wconf 81' lang='lat' dir='ltr'><strong>judicium</strong></span> <span class='ocrx_word' id='word_1_295' title='bbox 920 1159 1028 1193; x_wconf 87' lang='lat' dir='ltr'><strong>quidam</strong></span> 
     </span>
    </p>
   </div>
   <div class='ocr_carea' id='block_1_42' title="bbox 251 1208 429 1234">
    <p class='ocr_par' dir='ltr' id='par_1_42' title="bbox 251 1208 429 1234">
     <span class='ocr_line' id='line_1_42' title="bbox 251 1208 429 1234; baseline -0.011 0"><span class='ocrx_word' id='word_1_296' title='bbox 251 1208 429 1234; x_wconf 87' lang='lat' dir='ltr'><strong>resciderent.</strong></span> 
     </span>
    </p>
   </div>
   <div class='ocr_carea' id='block_1_43' title="bbox 285 1294 1030 1330">
    <p class='ocr_par' dir='ltr' id='par_1_43' title="bbox 285 1294 1030 1330">
     <span class='ocr_line' id='line_1_43' title="bbox 285 1294 1030 1330; baseline -0.003 -6"><span class='ocrx_word' id='word_1_297' title='bbox 285 1297 330 1324; x_wconf 62' lang='lat' dir='ltr'><strong>ﬁt.</strong></span> <span class='ocrx_word' id='word_1_298' title='bbox 351 1295 407 1324; x_wconf 82' lang='lat' dir='ltr'><strong>Hoc</strong></span> <span class='ocrx_word' id='word_1_299' title='bbox 420 1300 510 1323; x_wconf 87' lang='lat' dir='ltr'><strong>autem</strong></span> <span class='ocrx_word' id='word_1_300' title='bbox 527 1295 564 1322; x_wconf 90' lang='lat' dir='ltr'><strong>ita</strong></span> <span class='ocrx_word' id='word_1_301' title='bbox 585 1301 615 1322; x_wconf 82' lang='lat' dir='ltr'><strong>se</strong></span> <span class='ocrx_word' id='word_1_302' title='bbox 635 1294 738 1323; x_wconf 85' lang='lat' dir='ltr'><strong>habere</strong></span> <span class='ocrx_word' id='word_1_303' title='bbox 752 1295 979 1330; x_wconf 87' lang='lat' dir='ltr'><strong>deprehendimus</strong></span> <span class='ocrx_word' id='word_1_304' title='bbox 997 1302 1030 1323; x_wconf 76' lang='lat' dir='ltr'><strong>ex</strong></span> 
     </span>
    </p>
   </div>
   <div class='ocr_carea' id='block_1_44' title="bbox 251 1339 1030 1377">
    <p class='ocr_par' dir='ltr' id='par_1_44' title="bbox 251 1339 1030 1377">
     <span class='ocr_line' id='line_1_44' title="bbox 251 1339 1030 1377; baseline -0.004 -7"><span class='ocrx_word' id='word_1_305' title='bbox 251 1343 285 1371; x_wconf 85' lang='lat' dir='ltr'><strong>iis</strong></span> <span class='ocrx_word' id='word_1_306' title='bbox 299 1350 359 1377; x_wconf 68' lang='lat' dir='ltr'><strong>quae</strong></span> <span class='ocrx_word' id='word_1_307' title='bbox 373 1341 543 1368; x_wconf 72' lang='lat' dir='ltr'><strong>Alexandriae</strong></span> <span class='ocrx_word' id='word_1_308' title='bbox 564 1345 621 1368; x_wconf 87' lang='lat' dir='ltr'><strong>aeta</strong></span> <span class='ocrx_word' id='word_1_309' title='bbox 638 1344 711 1367; x_wconf 89' lang='lat' dir='ltr'><strong>sunt.</strong></span> <span class='ocrx_word' id='word_1_310' title='bbox 728 1339 797 1367; x_wconf 86' lang='lat' dir='ltr'><strong>Nam</strong></span> <span class='ocrx_word' id='word_1_311' title='bbox 815 1340 952 1375; x_wconf 83' lang='lat' dir='ltr'><strong>Carpones</strong></span> <span class='ocrx_word' id='word_1_312' title='bbox 966 1340 1030 1375; x_wconf 80' lang='lat' dir='ltr'><strong>qui-</strong></span> 
     </span>
    </p>
   </div>
   <div class='ocr_carea' id='block_1_45' title="bbox 251 1386 1031 1421">
    <p class='ocr_par' dir='ltr' id='par_1_45' title="bbox 251 1386 1031 1421">
     <span class='ocr_line' id='line_1_45' title="bbox 251 1386 1031 1421; baseline -0.003 -5"><span class='ocrx_word' id='word_1_313' title='bbox 251 1389 312 1416; x_wconf 82' lang='lat' dir='ltr'><strong>dam</strong></span> <span class='ocrx_word' id='word_1_314' title='bbox 339 1388 373 1415; x_wconf 85' lang='lat' dir='ltr'><strong>ab</strong></span> <span class='ocrx_word' id='word_1_315' title='bbox 394 1387 547 1415; x_wconf 77' lang='lat' dir='ltr'><strong>Alexandro</strong></span> <span class='ocrx_word' id='word_1_316' title='bbox 570 1386 604 1413; x_wconf 91' lang='lat' dir='ltr'><strong>ob</strong></span> <span class='ocrx_word' id='word_1_317' title='bbox 629 1387 757 1413; x_wconf 86' lang='lat' dir='ltr'><strong>Arianam</strong></span> <span class='ocrx_word' id='word_1_318' title='bbox 780 1387 902 1414; x_wconf 69' lang='lat' dir='ltr'><strong>haeresim</strong></span> <span class='ocrx_word' id='word_1_319' title='bbox 927 1387 1031 1421; x_wconf 85' lang='lat' dir='ltr'><strong>pulsus.</strong></span> 
     </span>
    </p>
   </div>
   <div class='ocr_carea' id='block_1_46' title="bbox 251 1431 1032 1468">
    <p class='ocr_par' dir='ltr' id='par_1_46' title="bbox 251 1431 1032 1468">
     <span class='ocr_line' id='line_1_46' title="bbox 251 1431 1032 1468; baseline -0.005 -6"><span class='ocrx_word' id='word_1_320' title='bbox 251 1443 313 1462; x_wconf 87' lang='lat' dir='ltr'><strong>eum</strong></span> <span class='ocrx_word' id='word_1_321' title='bbox 326 1433 461 1462; x_wconf 89' lang='lat' dir='ltr'><strong>nonnullis</strong></span> <span class='ocrx_word' id='word_1_322' title='bbox 472 1432 594 1468; x_wconf 82' lang='lat' dir='ltr'><strong>ejusdem</strong></span> <span class='ocrx_word' id='word_1_323' title='bbox 609 1432 718 1460; x_wconf 64' lang='lat' dir='ltr'><strong>haeresis</strong></span> <span class='ocrx_word' id='word_1_324' title='bbox 725 1438 808 1459; x_wconf 85' lang='lat' dir='ltr'><strong>causa</strong></span> <span class='ocrx_word' id='word_1_325' title='bbox 823 1431 928 1465; x_wconf 79' lang='lat' dir='ltr'><strong>ejectis,</strong></span> <span class='ocrx_word' id='word_1_326' title='bbox 940 1439 954 1458; x_wconf 87' lang='lat' dir='ltr'><strong>a</strong></span> <span class='ocrx_word' id='word_1_327' title='bbox 965 1438 1032 1466; x_wconf 89' lang='lat' dir='ltr'><strong>quo-</strong></span> 
     </span>
    </p>
   </div>
   <div class='ocr_carea' id='block_1_47' title="bbox 252 1477 1031 1514">
    <p class='ocr_par' dir='ltr' id='par_1_47' title="bbox 252 1477 1031 1514">
     <span class='ocr_line' id='line_1_47' title="bbox 252 1477 1031 1514; baseline -0.004 -7"><span class='ocrx_word' id='word_1_328' title='bbox 252 1482 312 1508; x_wconf 78' lang='lat' dir='ltr'><strong>dam</strong></span> <span class='ocrx_word' id='word_1_329' title='bbox 334 1479 464 1514; x_wconf 74' lang='lat' dir='ltr'><strong>Gregorio</strong></span> <span class='ocrx_word' id='word_1_330' title='bbox 486 1478 573 1511; x_wconf 86' lang='lat' dir='ltr'><strong>missi,</strong></span> <span class='ocrx_word' id='word_1_331' title='bbox 596 1478 649 1505; x_wconf 85' lang='lat' dir='ltr'><strong>huc</strong></span> <span class='ocrx_word' id='word_1_332' title='bbox 675 1484 783 1505; x_wconf 88' lang='lat' dir='ltr'><strong>venere.</strong></span> <span class='ocrx_word' id='word_1_333' title='bbox 809 1477 926 1513; x_wconf 84' lang='lat' dir='ltr'><strong>ldipsum</strong></span> <span class='ocrx_word' id='word_1_334' title='bbox 943 1481 1031 1505; x_wconf 89' lang='lat' dir='ltr'><strong>tamen</strong></span> 
     </span>
    </p>
   </div>
   <div class='ocr_carea' id='block_1_48' title="bbox 251 1522 1030 1560">
    <p class='ocr_par' dir='ltr' id='par_1_48' title="bbox 251 1522 1030 1560">
     <span class='ocr_line' id='line_1_48' title="bbox 251 1522 1030 1560; baseline -0.004 -7"><span class='ocrx_word' id='word_1_335' title='bbox 251 1535 266 1552; x_wconf 71' lang='grc' dir='ltr'><strong>ιι</strong></span> <span class='ocrx_word' id='word_1_336' title='bbox 283 1525 399 1553; x_wconf 83' lang='lat' dir='ltr'><strong>Macario</strong></span> <span class='ocrx_word' id='word_1_337' title='bbox 416 1524 583 1560; x_wconf 78' lang='lat' dir='ltr'><strong>presbytero,</strong></span> <span class='ocrx_word' id='word_1_338' title='bbox 599 1522 728 1558; x_wconf 79' lang='lat' dir='ltr'><strong>Martyrio</strong></span> <span class='ocrx_word' id='word_1_339' title='bbox 743 1527 769 1550; x_wconf 90' lang='lat' dir='ltr'><strong>et</strong></span> <span class='ocrx_word' id='word_1_340' title='bbox 787 1522 922 1558; x_wconf 88' lang='lat' dir='ltr'><strong>Hesychio</strong></span> <span class='ocrx_word' id='word_1_341' title='bbox 937 1523 1030 1550; x_wconf 86' lang='lat' dir='ltr'><strong>diaco-</strong></span> 
     </span>
    </p>
   </div>
   <div class='ocr_carea' id='block_1_49' title="bbox 251 1569 1030 1604">
    <p class='ocr_par' dir='ltr' id='par_1_49' title="bbox 251 1569 1030 1604">
     <span class='ocr_line' id='line_1_49' title="bbox 251 1569 1030 1604; baseline -0.005 -5"><span class='ocrx_word' id='word_1_342' title='bbox 251 1572 305 1604; x_wconf 81' lang='lat' dir='ltr'><strong>nis,</strong></span> <span class='ocrx_word' id='word_1_343' title='bbox 327 1571 470 1598; x_wconf 88' lang='lat' dir='ltr'><strong>didicimus</strong></span> <span class='ocrx_word' id='word_1_344' title='bbox 484 1578 494 1598; x_wconf 89' lang='lat'><strong>:</strong></span> <span class='ocrx_word' id='word_1_345' title='bbox 518 1574 664 1604; x_wconf 76' lang='lat' dir='ltr'><strong>antequam</strong></span> <span class='ocrx_word' id='word_1_346' title='bbox 683 1569 754 1596; x_wconf 89' lang='lat' dir='ltr'><strong>enim</strong></span> <span class='ocrx_word' id='word_1_347' title='bbox 775 1569 924 1604; x_wconf 85' lang='lat' dir='ltr'><strong>presbyteri</strong></span> <span class='ocrx_word' id='word_1_348' title='bbox 945 1569 1030 1595; x_wconf 82' lang='lat' dir='ltr'><strong>Atha-</strong></span> 
     </span>
    </p>
   </div>
   <div class='ocr_carea' id='block_1_50' title="bbox 252 1614 1033 1648">
    <p class='ocr_par' dir='ltr' id='par_1_50' title="bbox 252 1614 1033 1648">
     <span class='ocr_line' id='line_1_50' title="bbox 252 1614 1033 1648; baseline -0.003 -5"><span class='ocrx_word' id='word_1_349' title='bbox 252 1615 320 1643; x_wconf 86' lang='lat' dir='ltr'><strong>nasii</strong></span> <span class='ocrx_word' id='word_1_350' title='bbox 339 1615 508 1648; x_wconf 87' lang='lat' dir='ltr'><strong>advenirent,</strong></span> <span class='ocrx_word' id='word_1_351' title='bbox 530 1618 656 1642; x_wconf 81' lang='lat' dir='ltr'><strong>auctores</strong></span> <span class='ocrx_word' id='word_1_352' title='bbox 678 1614 755 1642; x_wconf 89' lang='lat' dir='ltr'><strong>nobis</strong></span> <span class='ocrx_word' id='word_1_353' title='bbox 776 1618 854 1641; x_wconf 84' lang='lat' dir='ltr'><strong>erant</strong></span> <span class='ocrx_word' id='word_1_354' title='bbox 869 1619 899 1641; x_wconf 91' lang='lat' dir='ltr'><strong>ut</strong></span> <span class='ocrx_word' id='word_1_355' title='bbox 914 1614 1033 1642; x_wconf 86' lang='lat' dir='ltr'><strong>Alexan-</strong></span> 
     </span>
    </p>
   </div>
   <div class='ocr_carea' id='block_1_51' title="bbox 251 1660 1032 1694">
    <p class='ocr_par' dir='ltr' id='par_1_51' title="bbox 251 1660 1032 1694">
     <span class='ocr_line' id='line_1_51' title="bbox 251 1660 1032 1694; baseline -0.003 -5"><span class='ocrx_word' id='word_1_356' title='bbox 251 1662 338 1689; x_wconf 85' lang='lat' dir='ltr'><strong>driam</strong></span> <span class='ocrx_word' id='word_1_357' title='bbox 353 1661 430 1689; x_wconf 87' lang='lat' dir='ltr'><strong>Pisto</strong></span> <span class='ocrx_word' id='word_1_358' title='bbox 449 1661 556 1688; x_wconf 85' lang='lat' dir='ltr'><strong>cuidam</strong></span> <span class='ocrx_word' id='word_1_359' title='bbox 572 1660 676 1688; x_wconf 81' lang='lat' dir='ltr'><strong>litteras</strong></span> <span class='ocrx_word' id='word_1_360' title='bbox 693 1660 875 1692; x_wconf 56' lang='lat' dir='ltr'><strong>mitteremus,</strong></span> <span class='ocrx_word' id='word_1_361' title='bbox 890 1667 944 1694; x_wconf 85' lang='lat' dir='ltr'><strong>quo</strong></span> <span class='ocrx_word' id='word_1_362' title='bbox 959 1666 1032 1687; x_wconf 90' lang='lat' dir='ltr'><strong>tem-</strong></span> 
     </span>
    </p>
   </div>
   <div class='ocr_carea' id='block_1_52' title="bbox 251 1707 1032 1744">
    <p class='ocr_par' dir='ltr' id='par_1_52' title="bbox 251 1707 1032 1744">
     <span class='ocr_line' id='line_1_52' title="bbox 251 1707 1032 1744; baseline -0.001 -9"><span class='ocrx_word' id='word_1_363' title='bbox 251 1715 316 1744; x_wconf 86' lang='lat' dir='ltr'><strong>pore</strong></span> <span class='ocrx_word' id='word_1_364' title='bbox 350 1708 514 1734; x_wconf 86' lang='lat' dir='ltr'><strong>Athanasius</strong></span> <span class='ocrx_word' id='word_1_365' title='bbox 544 1714 651 1742; x_wconf 89' lang='lat' dir='ltr'><strong>quoque</strong></span> <span class='ocrx_word' id='word_1_366' title='bbox 682 1707 823 1741; x_wconf 85' lang='lat' dir='ltr'><strong>episcopus</strong></span> <span class='ocrx_word' id='word_1_367' title='bbox 860 1707 1032 1734; x_wconf 66' lang='lat' dir='ltr'><strong>Alexandriae</strong></span> 
     </span>
    </p>
   </div>
   <div class='ocr_carea' id='block_1_53' title="bbox 253 1751 1032 1788">
    <p class='ocr_par' dir='ltr' id='par_1_53' title="bbox 253 1751 1032 1788">
     <span class='ocr_line' id='line_1_53' title="bbox 253 1751 1032 1788; baseline -0.001 -8"><span class='ocrx_word' id='word_1_368' title='bbox 253 1753 375 1788; x_wconf 77' lang='lat' dir='ltr'><strong>degebat.</strong></span> <span class='ocrx_word' id='word_1_369' title='bbox 391 1752 474 1785; x_wconf 83' lang='lat' dir='ltr'><strong>Quem</strong></span> <span class='ocrx_word' id='word_1_370' title='bbox 491 1751 594 1779; x_wconf 87' lang='lat' dir='ltr'><strong>Pistum</strong></span> <span class='ocrx_word' id='word_1_371' title='bbox 607 1751 748 1778; x_wconf 86' lang='lat' dir='ltr'><strong>Athanasii</strong></span> <span class='ocrx_word' id='word_1_372' title='bbox 767 1752 917 1786; x_wconf 86' lang='lat' dir='ltr'><strong>presbyteri</strong></span> <span class='ocrx_word' id='word_1_373' title='bbox 935 1759 1032 1786; x_wconf 76' lang='lat' dir='ltr'><strong>snper-</strong></span> 
     </span>
    </p>
   </div>
   <div class='ocr_carea' id='block_1_54' title="bbox 253 1796 1031 1831">
    <p class='ocr_par' dir='ltr' id='par_1_54' title="bbox 253 1796 1031 1831">
     <span class='ocr_line' id='line_1_54' title="bbox 253 1796 1031 1831; baseline -0.001 -7"><span class='ocrx_word' id='word_1_374' title='bbox 253 1799 402 1830; x_wconf 89' lang='lat' dir='ltr'><strong>venientes,</strong></span> <span class='ocrx_word' id='word_1_375' title='bbox 426 1798 555 1824; x_wconf 88' lang='lat' dir='ltr'><strong>Arianum</strong></span> <span class='ocrx_word' id='word_1_376' title='bbox 585 1804 646 1824; x_wconf 86' lang='lat' dir='ltr'><strong>esse</strong></span> <span class='ocrx_word' id='word_1_377' title='bbox 672 1796 858 1828; x_wconf 85' lang='lat' dir='ltr'><strong>declararunt,</strong></span> <span class='ocrx_word' id='word_1_378' title='bbox 890 1797 1031 1831; x_wconf 79' lang='lat' dir='ltr'><strong>expulsum</strong></span> 
     </span>
    </p>
   </div>
   <div class='ocr_carea' id='block_1_55' title="bbox 252 1842 1030 1877">
    <p class='ocr_par' dir='ltr' id='par_1_55' title="bbox 252 1842 1030 1877">
     <span class='ocr_line' id='line_1_55' title="bbox 252 1842 1030 1877; baseline -0.001 -6"><span class='ocrx_word' id='word_1_379' title='bbox 252 1844 316 1871; x_wconf 91' lang='lat' dir='ltr'><strong>olim</strong></span> <span class='ocrx_word' id='word_1_380' title='bbox 337 1843 370 1871; x_wconf 88' lang='lat' dir='ltr'><strong>ab</strong></span> <span class='ocrx_word' id='word_1_381' title='bbox 392 1843 546 1871; x_wconf 82' lang='lat' dir='ltr'><strong>Alexandro</strong></span> <span class='ocrx_word' id='word_1_382' title='bbox 559 1843 685 1877; x_wconf 80' lang='lat' dir='ltr'><strong>episcopo</strong></span> <span class='ocrx_word' id='word_1_383' title='bbox 705 1847 732 1870; x_wconf 84' lang='lat' dir='ltr'><strong>et</strong></span> <span class='ocrx_word' id='word_1_384' title='bbox 748 1851 763 1870; x_wconf 81' lang='lat' dir='ltr'><strong>a</strong></span> <span class='ocrx_word' id='word_1_385' title='bbox 785 1842 892 1871; x_wconf 59' lang='lat' dir='ltr'><strong>Nicena</strong></span> <span class='ocrx_word' id='word_1_386' title='bbox 910 1843 1030 1877; x_wconf 87' lang='lat' dir='ltr'><strong>synodo;</strong></span> 
     </span>
    </p>
   </div>
   <div class='ocr_carea' id='block_1_56' title="bbox 253 1888 1031 1926">
    <p class='ocr_par' dir='ltr' id='par_1_56' title="bbox 253 1888 1031 1926">
     <span class='ocr_line' id='line_1_56' title="bbox 253 1888 1031 1926; baseline -0.005 -8"><span class='ocrx_word' id='word_1_387' title='bbox 253 1896 346 1926; x_wconf 84' lang='lat' dir='ltr'><strong>postea</strong></span> <span class='ocrx_word' id='word_1_388' title='bbox 372 1897 435 1917; x_wconf 87' lang='lat' dir='ltr'><strong>vero</strong></span> <span class='ocrx_word' id='word_1_389' title='bbox 457 1889 611 1916; x_wconf 88' lang='lat' dir='ltr'><strong>ordinatum</strong></span> <span class='ocrx_word' id='word_1_390' title='bbox 634 1896 649 1915; x_wconf 87' lang='lat' dir='ltr'><strong>a</strong></span> <span class='ocrx_word' id='word_1_391' title='bbox 672 1889 788 1923; x_wconf 91' lang='lat' dir='ltr'><strong>quodam</strong></span> <span class='ocrx_word' id='word_1_392' title='bbox 814 1888 938 1916; x_wconf 89' lang='lat' dir='ltr'><strong>Secundo</strong></span> <span class='ocrx_word' id='word_1_393' title='bbox 952 1895 1031 1923; x_wconf 84' lang='lat' dir='ltr'><strong>quem</strong></span> 
     </span>
    </p>
   </div>
   <div class='ocr_carea' id='block_1_57' title="bbox 254 1933 1034 1971">
    <p class='ocr_par' dir='ltr' id='par_1_57' title="bbox 254 1933 1034 1971">
     <span class='ocr_line' id='line_1_57' title="bbox 254 1933 1034 1971; baseline -0.003 -9"><span class='ocrx_word' id='word_1_394' title='bbox 254 1943 350 1971; x_wconf 80' lang='lat' dir='ltr'><strong>magna</strong></span> <span class='ocrx_word' id='word_1_395' title='bbox 365 1935 484 1970; x_wconf 84' lang='lat' dir='ltr'><strong>synodus</strong></span> <span class='ocrx_word' id='word_1_396' title='bbox 499 1934 627 1967; x_wconf 83' lang='lat' dir='ltr'><strong>ejecerat.</strong></span> <span class='ocrx_word' id='word_1_397' title='bbox 647 1938 740 1969; x_wconf 88' lang='lat' dir='ltr'><strong>utpote</strong></span> <span class='ocrx_word' id='word_1_398' title='bbox 754 1934 895 1961; x_wconf 76' lang='lat' dir='ltr'><strong>Arianum.</strong></span> <span class='ocrx_word' id='word_1_399' title='bbox 911 1933 965 1961; x_wconf 84' lang='lat' dir='ltr'><strong>lloc</strong></span> <span class='ocrx_word' id='word_1_400' title='bbox 984 1942 1034 1961; x_wconf 67' lang='lat' dir='ltr'><strong>au~</strong></span> 
     </span>
    </p>
   </div>
   <div class='ocr_carea' id='block_1_58' title="bbox 255 1979 1034 2015">
    <p class='ocr_par' dir='ltr' id='par_1_58' title="bbox 255 1979 1034 2015">
     <span class='ocr_line' id='line_1_58' title="bbox 255 1979 1034 2015; baseline -0.003 -7"><span class='ocrx_word' id='word_1_401' title='bbox 255 1987 307 2008; x_wconf 91' lang='lat' dir='ltr'><strong>tem</strong></span> <span class='ocrx_word' id='word_1_402' title='bbox 331 1988 382 2008; x_wconf 87' lang='lat' dir='ltr'><strong>nec</strong></span> <span class='ocrx_word' id='word_1_403' title='bbox 408 1981 464 2014; x_wconf 90' lang='lat' dir='ltr'><strong>ipse</strong></span> <span class='ocrx_word' id='word_1_404' title='bbox 491 1980 645 2015; x_wconf 83' lang='lat' dir='ltr'><strong>Martyrius,</strong></span> <span class='ocrx_word' id='word_1_405' title='bbox 671 1985 718 2007; x_wconf 87' lang='lat' dir='ltr'><strong>aut</strong></span> <span class='ocrx_word' id='word_1_406' title='bbox 743 1980 809 2007; x_wconf 86' lang='lat' dir='ltr'><strong>socii</strong></span> <span class='ocrx_word' id='word_1_407' title='bbox 832 1979 1034 2012; x_wconf 83' lang='lat' dir='ltr'><strong>inliciabantur,</strong></span> 
     </span>
    </p>
   </div>
   <div class='ocr_carea' id='block_1_59' title="bbox 255 2025 1033 2062">
    <p class='ocr_par' dir='ltr' id='par_1_59' title="bbox 255 2025 1033 2062">
     <span class='ocr_line' id='line_1_59' title="bbox 255 2025 1033 2062; baseline -0.003 -8"><span class='ocrx_word' id='word_1_408' title='bbox 255 2034 342 2062; x_wconf 88' lang='lat' dir='ltr'><strong>neque</strong></span> <span class='ocrx_word' id='word_1_409' title='bbox 365 2028 499 2061; x_wconf 79' lang='lat' dir='ltr'><strong>negabant</strong></span> <span class='ocrx_word' id='word_1_410' title='bbox 512 2025 616 2053; x_wconf 80' lang='lat' dir='ltr'><strong>Pistum</strong></span> <span class='ocrx_word' id='word_1_411' title='bbox 640 2033 654 2052; x_wconf 89' lang='lat' dir='ltr'><strong>a</strong></span> <span class='ocrx_word' id='word_1_412' title='bbox 679 2025 804 2054; x_wconf 85' lang='lat' dir='ltr'><strong>Secundo</strong></span> <span class='ocrx_word' id='word_1_413' title='bbox 821 2026 904 2054; x_wconf 77' lang='lat' dir='ltr'><strong>fuisse</strong></span> <span class='ocrx_word' id='word_1_414' title='bbox 923 2026 1033 2053; x_wconf 88' lang='lat' dir='ltr'><strong>ordina-</strong></span> 
     </span>
    </p>
   </div>
   <div class='ocr_carea' id='block_1_60' title="bbox 257 2073 1031 2108">
    <p class='ocr_par' dir='ltr' id='par_1_60' title="bbox 257 2073 1031 2108">
     <span class='ocr_line' id='line_1_60' title="bbox 257 2073 1031 2108; baseline -0.003 -8"><span class='ocrx_word' id='word_1_415' title='bbox 257 2078 322 2100; x_wconf 88' lang='lat' dir='ltr'><strong>tum.</strong></span> <span class='ocrx_word' id='word_1_416' title='bbox 337 2073 404 2100; x_wconf 91' lang='lat' dir='ltr'><strong>Hinc</strong></span> <span class='ocrx_word' id='word_1_417' title='bbox 419 2073 498 2107; x_wconf 76' lang='lat' dir='ltr'><strong>igitur</strong></span> <span class='ocrx_word' id='word_1_418' title='bbox 513 2073 683 2108; x_wconf 85' lang='lat' dir='ltr'><strong>perpendatis</strong></span> <span class='ocrx_word' id='word_1_419' title='bbox 695 2074 787 2105; x_wconf 84' lang='lat' dir='ltr'><strong>velim,</strong></span> <span class='ocrx_word' id='word_1_420' title='bbox 804 2073 914 2107; x_wconf 88' lang='lat' dir='ltr'><strong>quinam</strong></span> <span class='ocrx_word' id='word_1_421' title='bbox 931 2073 992 2107; x_wconf 89' lang='lat' dir='ltr'><strong>jure</strong></span> <span class='ocrx_word' id='word_1_422' title='bbox 1006 2073 1031 2098; x_wconf 91' lang='lat' dir='ltr'><strong>in</strong></span> 
     </span>
    </p>
   </div>
   <div class='ocr_carea' id='block_1_61' title="bbox 254 2116 1031 2152">
    <p class='ocr_par' dir='ltr' id='par_1_61' title="bbox 254 2116 1031 2152">
     <span class='ocr_line' id='line_1_61' title="bbox 254 2116 1031 2152; baseline 0.001 -9"><span class='ocrx_word' id='word_1_423' title='bbox 254 2119 333 2151; x_wconf 87' lang='lat' dir='ltr'><strong>cnlpa</strong></span> <span class='ocrx_word' id='word_1_424' title='bbox 350 2116 464 2144; x_wconf 87' lang='lat' dir='ltr'><strong>habendi</strong></span> <span class='ocrx_word' id='word_1_425' title='bbox 483 2117 556 2144; x_wconf 91' lang='lat' dir='ltr'><strong>sint:</strong></span> <span class='ocrx_word' id='word_1_426' title='bbox 581 2124 664 2145; x_wconf 86' lang='lat' dir='ltr'><strong>nosne</strong></span> <span class='ocrx_word' id='word_1_427' title='bbox 677 2118 721 2152; x_wconf 94' lang='lat' dir='ltr'><strong>qui</strong></span> <span class='ocrx_word' id='word_1_428' title='bbox 742 2118 898 2152; x_wconf 82' lang='lat' dir='ltr'><strong>persuaderi</strong></span> <span class='ocrx_word' id='word_1_429' title='bbox 916 2125 968 2144; x_wconf 90' lang='lat' dir='ltr'><strong>non</strong></span> <span class='ocrx_word' id='word_1_430' title='bbox 982 2124 1031 2151; x_wconf 90' lang='lat' dir='ltr'><strong>po-</strong></span> 
     </span>
    </p>
   </div>
   <div class='ocr_carea' id='block_1_62' title="bbox 255 2162 1033 2198">
    <p class='ocr_par' dir='ltr' id='par_1_62' title="bbox 255 2162 1033 2198">
     <span class='ocr_line' id='line_1_62' title="bbox 255 2162 1033 2198; baseline -0.001 -8"><span class='ocrx_word' id='word_1_431' title='bbox 255 2163 356 2191; x_wconf 87' lang='lat' dir='ltr'><strong>tuimus</strong></span> <span class='ocrx_word' id='word_1_432' title='bbox 381 2167 410 2190; x_wconf 86' lang='lat' dir='ltr'><strong>ut</strong></span> <span class='ocrx_word' id='word_1_433' title='bbox 431 2162 505 2190; x_wconf 80' lang='lat' dir='ltr'><strong>Pisto</strong></span> <span class='ocrx_word' id='word_1_434' title='bbox 530 2163 632 2190; x_wconf 85' lang='lat' dir='ltr'><strong>Ariano</strong></span> <span class='ocrx_word' id='word_1_435' title='bbox 647 2163 840 2195; x_wconf 85' lang='lat' dir='ltr'><strong>scriberemus.</strong></span> <span class='ocrx_word' id='word_1_436' title='bbox 859 2171 893 2191; x_wconf 87' lang='lat' dir='ltr'><strong>an</strong></span> <span class='ocrx_word' id='word_1_437' title='bbox 920 2163 966 2198; x_wconf 92' lang='lat' dir='ltr'><strong>qui</strong></span> <span class='ocrx_word' id='word_1_438' title='bbox 986 2170 1033 2190; x_wconf 86' lang='lat' dir='ltr'><strong>au-</strong></span> 
     </span>
    </p>
   </div>
   <div class='ocr_carea' id='block_1_63' title="bbox 291 2272 1028 2309">
    <p class='ocr_par' dir='ltr' id='par_1_63' title="bbox 291 2272 1028 2309">
     <span class='ocr_line' id='line_1_63' title="bbox 291 2272 1028 2309; baseline 0.001 -9"><span class='ocrx_word' id='word_1_439' title='bbox 291 2272 384 2309; x_wconf 70' lang='lat' dir='ltr'><strong>(62)in</strong></span> <span class='ocrx_word' id='word_1_440' title='bbox 399 2273 449 2300; x_wconf 88' lang='lat' dir='ltr'><strong>hoc</strong></span> <span class='ocrx_word' id='word_1_441' title='bbox 466 2272 524 2309; x_wconf 83' lang='lat' dir='ltr'><strong>loco</strong></span> <span class='ocrx_word' id='word_1_442' title='bbox 547 2273 715 2308; x_wconf 80' lang='lat' dir='ltr'><strong>explananda</strong></span> <span class='ocrx_word' id='word_1_443' title='bbox 733 2272 853 2309; x_wconf 70' lang='lat' dir='ltr'><strong>plerique</strong></span> <span class='ocrx_word' id='word_1_444' title='bbox 874 2273 952 2307; x_wconf 87' lang='lat' dir='ltr'><strong>hujus</strong></span> <span class='ocrx_word' id='word_1_445' title='bbox 979 2275 1028 2302; x_wconf 63' lang='lat' dir='ltr'><strong>svi</strong></span> 
     </span>
    </p>
   </div>
   <div class='ocr_carea' id='block_1_64' title="bbox 255 2308 1029 2342">
    <p class='ocr_par' dir='ltr' id='par_1_64' title="bbox 255 2308 1029 2342">
     <span class='ocr_line' id='line_1_64' title="bbox 255 2308 1029 2342; baseline 0 -7"><span class='ocrx_word' id='word_1_446' title='bbox 255 2308 380 2335; x_wconf 80' lang='lat' dir='ltr'><strong>auctores</strong></span> <span class='ocrx_word' id='word_1_447' title='bbox 415 2308 592 2342; x_wconf 88' lang='lat' dir='ltr'><strong>nequicquam</strong></span> <span class='ocrx_word' id='word_1_448' title='bbox 628 2308 802 2335; x_wconf 87' lang='lat' dir='ltr'><strong>desudarnnt.</strong></span> <span class='ocrx_word' id='word_1_449' title='bbox 832 2308 927 2335; x_wconf 86' lang='lat' dir='ltr'><strong>Nannii</strong></span> <span class='ocrx_word' id='word_1_450' title='bbox 958 2310 1029 2336; x_wconf 88' lang='lat' dir='ltr'><strong>enim</strong></span> 
     </span>
    </p>
   </div>
   <div class='ocr_carea' id='block_1_65' title="bbox 254 2342 1031 2379">
    <p class='ocr_par' dir='ltr' id='par_1_65' title="bbox 254 2342 1031 2379">
     <span class='ocr_line' id='line_1_65' title="bbox 254 2342 1031 2379; baseline 0.001 -9"><span class='ocrx_word' id='word_1_451' title='bbox 254 2343 410 2379; x_wconf 14' lang='lat' dir='ltr'><strong>versionem?</strong></span> <span class='ocrx_word' id='word_1_452' title='bbox 432 2345 525 2379; x_wconf 72' lang='lat' dir='ltr'><strong>secuti.</strong></span> <span class='ocrx_word' id='word_1_453' title='bbox 544 2342 608 2370; x_wconf 87' lang='lat' dir='ltr'><strong>illud</strong></span> <span class='ocrx_word' id='word_1_454' title='bbox 626 2351 633 2369; x_wconf 91' lang='lat'>:</span> <span class='ocrx_word' id='word_1_455' title='bbox 654 2343 720 2379; x_wconf 58' lang='grc' dir='ltr'>μηδὲ</span> <span class='ocrx_word' id='word_1_456' title='bbox 747 2344 777 2370; x_wconf 84' lang='grc' dir='ltr'>ὲν</span> <span class='ocrx_word' id='word_1_457' title='bbox 795 2343 875 2379; x_wconf 86' lang='grc' dir='ltr'><strong>Τύρῳ</strong></span> <span class='ocrx_word' id='word_1_458' title='bbox 891 2351 1031 2378; x_wconf 87' lang='grc' dir='ltr'>καταγνω-</span> 
     </span>
    </p>
   </div>
   <div class='ocr_carea' id='block_1_66' title="bbox 256 2377 1029 2413">
    <p class='ocr_par' dir='ltr' id='par_1_66' title="bbox 256 2377 1029 2413">
     <span class='ocr_line' id='line_1_66' title="bbox 256 2377 1029 2413; baseline 0.001 -8"><span class='ocrx_word' id='word_1_459' title='bbox 256 2378 386 2410; x_wconf 68' lang='grc' dir='ltr'>σθείς.εἱε</span> <span class='ocrx_word' id='word_1_460' title='bbox 403 2377 579 2413; x_wconf 78' lang='lat' dir='ltr'><strong>intellexere:</strong></span> <span class='ocrx_word' id='word_1_461' title='bbox 604 2377 689 2412; x_wconf 70' lang='lat' dir='ltr'><strong>neque</strong></span> <span class='ocrx_word' id='word_1_462' title='bbox 701 2378 760 2413; x_wconf 81' lang='lat' dir='ltr'><strong>Tyri</strong></span> <span class='ocrx_word' id='word_1_463' title='bbox 779 2377 972 2406; x_wconf 68' lang='lat' dir='ltr'><strong>condemnatus</strong></span> <span class='ocrx_word' id='word_1_464' title='bbox 980 2384 1029 2406; x_wconf 82' lang='lat' dir='ltr'><strong>eu.</strong></span> 
     </span>
    </p>
   </div>
   <div class='ocr_carea' id='block_1_67' title="bbox 255 2412 1031 2448">
    <p class='ocr_par' dir='ltr' id='par_1_67' title="bbox 255 2412 1031 2448">
     <span class='ocr_line' id='line_1_67' title="bbox 255 2412 1031 2448; baseline 0 -8"><span class='ocrx_word' id='word_1_465' title='bbox 255 2414 289 2440; x_wconf 82' lang='lat' dir='ltr'><strong>Et</strong></span> <span class='ocrx_word' id='word_1_466' title='bbox 314 2414 446 2448; x_wconf 68' lang='lat' dir='ltr'><strong>haeccnm</strong></span> <span class='ocrx_word' id='word_1_467' title='bbox 472 2412 567 2448; x_wconf 91' lang='lat' dir='ltr'><strong>synodi</strong></span> <span class='ocrx_word' id='word_1_468' title='bbox 595 2412 735 2448; x_wconf 76' lang='lat' dir='ltr'><strong>&#39;l‘yriensis</strong></span> <span class='ocrx_word' id='word_1_469' title='bbox 758 2414 869 2440; x_wconf 90' lang='lat' dir='ltr'><strong>historia</strong></span> <span class='ocrx_word' id='word_1_470' title='bbox 887 2414 1031 2441; x_wconf 89' lang='lat' dir='ltr'><strong>conciliare</strong></span> 
     </span>
    </p>
   </div>
   <div class='ocr_carea' id='block_1_68' title="bbox 255 2447 1031 2482">
    <p class='ocr_par' dir='ltr' id='par_1_68' title="bbox 255 2447 1031 2482">
     <span class='ocr_line' id='line_1_68' title="bbox 255 2447 1031 2482; baseline 0.001 -8"><span class='ocrx_word' id='word_1_471' title='bbox 255 2447 355 2478; x_wconf 85' lang='lat' dir='ltr'><strong>conati,</strong></span> <span class='ocrx_word' id='word_1_472' title='bbox 370 2447 395 2473; x_wconf 92' lang='lat' dir='ltr'><strong>in</strong></span> <span class='ocrx_word' id='word_1_473' title='bbox 410 2455 462 2482; x_wconf 84' lang='lat' dir='ltr'><strong>qna</strong></span> <span class='ocrx_word' id='word_1_474' title='bbox 483 2447 660 2474; x_wconf 83' lang='lat' dir='ltr'><strong>Athanasium</strong></span> <span class='ocrx_word' id='word_1_475' title='bbox 672 2448 826 2474; x_wconf 85' lang='lat' dir='ltr'><strong>damnatum</strong></span> <span class='ocrx_word' id='word_1_476' title='bbox 839 2448 922 2475; x_wconf 84' lang='lat' dir='ltr'><strong>fuisse</strong></span> <span class='ocrx_word' id='word_1_477' title='bbox 937 2449 1031 2476; x_wconf 83' lang='lat' dir='ltr'><strong>certis-</strong></span> 
     </span>
    </p>
   </div>
   <div class='ocr_carea' id='block_1_69' title="bbox 255 2482 1032 2517">
    <p class='ocr_par' dir='ltr' id='par_1_69' title="bbox 255 2482 1032 2517">
     <span class='ocr_line' id='line_1_69' title="bbox 255 2482 1032 2517; baseline 0.003 -9"><span class='ocrx_word' id='word_1_478' title='bbox 255 2484 352 2509; x_wconf 84' lang='lat' dir='ltr'><strong>simum</strong></span> <span class='ocrx_word' id='word_1_479' title='bbox 363 2487 413 2513; x_wconf 89' lang='lat' dir='ltr'><strong>est,</strong></span> <span class='ocrx_word' id='word_1_480' title='bbox 428 2482 563 2517; x_wconf 20' lang='lat' dir='ltr'><strong>mirumiiu</strong></span> <span class='ocrx_word' id='word_1_481' title='bbox 572 2487 686 2516; x_wconf 79' lang='lat' dir='ltr'><strong>quantas</strong></span> <span class='ocrx_word' id='word_1_482' title='bbox 696 2487 724 2509; x_wconf 92' lang='lat' dir='ltr'><strong>et</strong></span> <span class='ocrx_word' id='word_1_483' title='bbox 733 2490 813 2517; x_wconf 86' lang='lat' dir='ltr'><strong>quam</strong></span> <span class='ocrx_word' id='word_1_484' title='bbox 828 2483 948 2510; x_wconf 83' lang='lat' dir='ltr'><strong>diversas</strong></span> <span class='ocrx_word' id='word_1_485' title='bbox 960 2483 1032 2511; x_wconf 85' lang='lat' dir='ltr'><strong>abie-</strong></span> 
     </span>
    </p>
   </div>
   <div class='ocr_carea' id='block_1_70' title="bbox 256 2516 1033 2552">
    <p class='ocr_par' dir='ltr' id='par_1_70' title="bbox 256 2516 1033 2552">
     <span class='ocr_line' id='line_1_70' title="bbox 256 2516 1033 2552; baseline 0.003 -9"><span class='ocrx_word' id='word_1_486' title='bbox 256 2517 318 2552; x_wconf 79' lang='lat' dir='ltr'><strong>rint</strong></span> <span class='ocrx_word' id='word_1_487' title='bbox 339 2517 497 2552; x_wconf 82' lang='lat' dir='ltr'><strong>sententias.</strong></span> <span class='ocrx_word' id='word_1_488' title='bbox 513 2516 576 2544; x_wconf 73' lang='lat' dir='ltr'><strong>Haec</strong></span> <span class='ocrx_word' id='word_1_489' title='bbox 595 2524 658 2544; x_wconf 89' lang='lat' dir='ltr'><strong>vero</strong></span> <span class='ocrx_word' id='word_1_490' title='bbox 680 2516 749 2544; x_wconf 84' lang='lat' dir='ltr'><strong>dum</strong></span> <span class='ocrx_word' id='word_1_491' title='bbox 771 2522 844 2545; x_wconf 86' lang='lat' dir='ltr'><strong>recte</strong></span> <span class='ocrx_word' id='word_1_492' title='bbox 864 2518 1033 2552; x_wconf 75' lang='lat' dir='ltr'><strong>explicentur</strong></span> 
     </span>
    </p>
   </div>
   <div class='ocr_carea' id='block_1_71' title="bbox 256 2551 1033 2587">
    <p class='ocr_par' dir='ltr' id='par_1_71' title="bbox 256 2551 1033 2587">
     <span class='ocr_line' id='line_1_71' title="bbox 256 2551 1033 2587; baseline 0.004 -9"><span class='ocrx_word' id='word_1_493' title='bbox 256 2551 322 2579; x_wconf 91' lang='lat' dir='ltr'><strong>nihil</strong></span> <span class='ocrx_word' id='word_1_494' title='bbox 339 2552 439 2586; x_wconf 80' lang='lat' dir='ltr'><strong>negotii</strong></span> <span class='ocrx_word' id='word_1_495' title='bbox 459 2551 558 2579; x_wconf 83' lang='lat' dir='ltr'><strong>facient</strong></span> <span class='ocrx_word' id='word_1_496' title='bbox 578 2560 585 2578; x_wconf 90' lang='lat'><strong>:</strong></span> <span class='ocrx_word' id='word_1_497' title='bbox 607 2559 668 2578; x_wconf 87' lang='lat' dir='ltr'><strong>nam</strong></span> <span class='ocrx_word' id='word_1_498' title='bbox 684 2559 735 2578; x_wconf 77' lang='lat' dir='ltr'><strong>vox</strong></span> <span class='ocrx_word' id='word_1_499' title='bbox 754 2551 968 2587; x_wconf 78' lang='grc' dir='ltr'>καταγινώσκειν</span> <span class='ocrx_word' id='word_1_500' title='bbox 983 2560 1033 2581; x_wconf 67' lang='grc' dir='ltr'>εαξη</span> 
     </span>
    </p>
   </div>
   <div class='ocr_carea' id='block_1_72' title="bbox 255 2587 1031 2621">
    <p class='ocr_par' dir='ltr' id='par_1_72' title="bbox 255 2587 1031 2621">
     <span class='ocr_line' id='line_1_72' title="bbox 255 2587 1031 2621; baseline 0.004 -10"><span class='ocrx_word' id='word_1_501' title='bbox 255 2587 369 2619; x_wconf 78' lang='lat' dir='ltr'><strong>pissinie</strong></span> <span class='ocrx_word' id='word_1_502' title='bbox 394 2587 463 2620; x_wconf 83' lang='lat' dir='ltr'><strong>apud</strong></span> <span class='ocrx_word' id='word_1_503' title='bbox 478 2587 653 2614; x_wconf 85' lang='lat' dir='ltr'><strong>Athanasium</strong></span> <span class='ocrx_word' id='word_1_504' title='bbox 677 2591 704 2614; x_wconf 89' lang='lat' dir='ltr'><strong>et</strong></span> <span class='ocrx_word' id='word_1_505' title='bbox 717 2588 786 2621; x_wconf 91' lang='lat' dir='ltr'><strong>apud</strong></span> <span class='ocrx_word' id='word_1_506' title='bbox 805 2588 872 2615; x_wconf 87' lang='lat' dir='ltr'><strong>alios</strong></span> <span class='ocrx_word' id='word_1_507' title='bbox 889 2593 1012 2615; x_wconf 85' lang='lat' dir='ltr'><strong>auctores</strong></span> <span class='ocrx_word' id='word_1_508' title='bbox 1023 2607 1031 2620; x_wconf 86' lang='lat'><strong>,</strong></span> 
     </span>
    </p>
   </div>
   <div class='ocr_carea' id='block_1_73' title="bbox 254 2621 1031 2657">
    <p class='ocr_par' dir='ltr' id='par_1_73' title="bbox 254 2621 1031 2657">
     <span class='ocr_line' id='line_1_73' title="bbox 254 2621 1031 2657; baseline 0.003 -10"><span class='ocrx_word' id='word_1_509' title='bbox 254 2622 426 2657; x_wconf 79' lang='lat' dir='ltr'><strong>convincere,</strong></span> <span class='ocrx_word' id='word_1_510' title='bbox 441 2621 482 2648; x_wconf 93' lang='lat' dir='ltr'><strong>vel</strong></span> <span class='ocrx_word' id='word_1_511' title='bbox 498 2621 700 2656; x_wconf 88' lang='lat' dir='ltr'><strong>deprehendere</strong></span> <span class='ocrx_word' id='word_1_512' title='bbox 712 2622 860 2657; x_wconf 76' lang='lat' dir='ltr'><strong>signiﬁcat:</strong></span> <span class='ocrx_word' id='word_1_513' title='bbox 870 2627 950 2657; x_wconf 86' lang='lat' dir='ltr'><strong>atque</strong></span> <span class='ocrx_word' id='word_1_514' title='bbox 963 2623 1031 2650; x_wconf 88' lang='lat' dir='ltr'><strong>adeo</strong></span> 
     </span>
    </p>
   </div>
   <div class='ocr_carea' id='block_1_74' title="bbox 255 2656 1029 2691">
    <p class='ocr_par' dir='ltr' id='par_1_74' title="bbox 255 2656 1029 2691">
     <span class='ocr_line' id='line_1_74' title="bbox 255 2656 1029 2691; baseline 0.003 -9"><span class='ocrx_word' id='word_1_515' title='bbox 255 2656 295 2683; x_wconf 80' lang='lat' dir='ltr'><strong>sic</strong></span> <span class='ocrx_word' id='word_1_516' title='bbox 319 2656 462 2683; x_wconf 84' lang='lat' dir='ltr'><strong>vertendus</strong></span> <span class='ocrx_word' id='word_1_517' title='bbox 478 2657 521 2683; x_wconf 91' lang='lat' dir='ltr'><strong>hic</strong></span> <span class='ocrx_word' id='word_1_518' title='bbox 536 2657 611 2684; x_wconf 87' lang='lat' dir='ltr'><strong>locus</strong></span> <span class='ocrx_word' id='word_1_519' title='bbox 624 2676 632 2688; x_wconf 88' lang='lat'><strong>,</strong></span> <span class='ocrx_word' id='word_1_520' title='bbox 660 2665 740 2691; x_wconf 73' lang='lat' dir='ltr'><strong>neque</strong></span> <span class='ocrx_word' id='word_1_521' title='bbox 759 2656 821 2691; x_wconf 81' lang='lat' dir='ltr'><strong>Tyri</strong></span> <span class='ocrx_word' id='word_1_522' title='bbox 838 2659 969 2684; x_wconf 71' lang='lat' dir='ltr'><strong>conuictus</strong></span> <span class='ocrx_word' id='word_1_523' title='bbox 981 2663 1029 2685; x_wconf 85' lang='lat' dir='ltr'><strong>eu.</strong></span> 
     </span>
    </p>
   </div>
   <div class='ocr_carea' id='block_1_75' title="bbox 256 2691 1031 2726">
    <p class='ocr_par' dir='ltr' id='par_1_75' title="bbox 256 2691 1031 2726">
     <span class='ocr_line' id='line_1_75' title="bbox 256 2691 1031 2726; baseline 0 -8"><span class='ocrx_word' id='word_1_524' title='bbox 256 2691 331 2724; x_wconf 79' lang='lat' dir='ltr'><strong>Quod</strong></span> <span class='ocrx_word' id='word_1_525' title='bbox 347 2691 437 2725; x_wconf 88' lang='lat' dir='ltr'><strong>utique</strong></span> <span class='ocrx_word' id='word_1_526' title='bbox 450 2691 626 2718; x_wconf 87' lang='lat' dir='ltr'><strong>indubitatqu</strong></span> <span class='ocrx_word' id='word_1_527' title='bbox 643 2692 767 2724; x_wconf 80' lang='lat' dir='ltr'><strong>habetur,</strong></span> <span class='ocrx_word' id='word_1_528' title='bbox 781 2692 985 2726; x_wconf 80' lang='lat' dir='ltr'><strong>nullumqutppe</strong></span> <span class='ocrx_word' id='word_1_529' title='bbox 998 2700 1031 2719; x_wconf 82' lang='lat' dir='ltr'><strong>ex</strong></span> 
     </span>
    </p>
   </div>
   <div class='ocr_carea' id='block_1_76' title="bbox 255 2726 1033 2761">
    <p class='ocr_par' dir='ltr' id='par_1_76' title="bbox 255 2726 1033 2761">
     <span class='ocr_line' id='line_1_76' title="bbox 255 2726 1033 2761; baseline 0.001 -9"><span class='ocrx_word' id='word_1_530' title='bbox 255 2727 369 2759; x_wconf 80' lang='lat' dir='ltr'><strong>objectis</strong></span> <span class='ocrx_word' id='word_1_531' title='bbox 398 2726 545 2761; x_wconf 73' lang='lat' dir='ltr'><strong>Athanasio</strong></span> <span class='ocrx_word' id='word_1_532' title='bbox 570 2726 717 2754; x_wconf 88' lang='lat' dir='ltr'><strong>sceleribus</strong></span> <span class='ocrx_word' id='word_1_533' title='bbox 747 2727 860 2761; x_wconf 78' lang='lat' dir='ltr'><strong>probare</strong></span> <span class='ocrx_word' id='word_1_534' title='bbox 884 2732 1033 2761; x_wconf 85' lang='lat' dir='ltr'><strong>potuerunt</strong></span> 
     </span>
    </p>
   </div>
   <div class='ocr_carea' id='block_1_77' title="bbox 257 2760 1032 2796">
    <p class='ocr_par' dir='ltr' id='par_1_77' title="bbox 257 2760 1032 2796">
     <span class='ocr_line' id='line_1_77' title="bbox 257 2760 1032 2796; baseline 0.001 -10"><span class='ocrx_word' id='word_1_535' title='bbox 257 2760 399 2788; x_wconf 79' lang='lat' dir='ltr'><strong>Eusebiani</strong></span> <span class='ocrx_word' id='word_1_536' title='bbox 420 2760 483 2796; x_wconf 87' lang='lat' dir='ltr'><strong>Tyri</strong></span> <span class='ocrx_word' id='word_1_537' title='bbox 494 2761 658 2796; x_wconf 75' lang='lat' dir='ltr'><strong>congregati.</strong></span> <span class='ocrx_word' id='word_1_538' title='bbox 674 2760 713 2787; x_wconf 82' lang='lat' dir='ltr'><strong>Ex</strong></span> <span class='ocrx_word' id='word_1_539' title='bbox 728 2761 875 2788; x_wconf 82' lang='lat' dir='ltr'><strong>innumeris</strong></span> <span class='ocrx_word' id='word_1_540' title='bbox 886 2760 948 2795; x_wconf 64' lang='lat' dir='ltr'><strong>quae</strong></span> <span class='ocrx_word' id='word_1_541' title='bbox 963 2762 1032 2796; x_wconf 85' lang='lat' dir='ltr'><strong>apud</strong></span> 
     </span>
    </p>
   </div>
   <div class='ocr_carea' id='block_1_78' title="bbox 258 2795 1034 2830">
    <p class='ocr_par' dir='ltr' id='par_1_78' title="bbox 258 2795 1034 2830">
     <span class='ocr_line' id='line_1_78' title="bbox 258 2795 1034 2830; baseline 0 -8"><span class='ocrx_word' id='word_1_542' title='bbox 258 2795 751 2830; x_wconf 78' lang='lat' dir='ltr'><strong>Athanasiumoccurruntexemplis.</strong></span> <span class='ocrx_word' id='word_1_543' title='bbox 773 2797 816 2822; x_wconf 88' lang='lat' dir='ltr'><strong>hic</strong></span> <span class='ocrx_word' id='word_1_544' title='bbox 839 2804 922 2830; x_wconf 83' lang='lat' dir='ltr'><strong>pauca</strong></span> <span class='ocrx_word' id='word_1_545' title='bbox 937 2795 1034 2830; x_wconf 62' lang='lat' dir='ltr'><strong>alieni-</strong></span> 
     </span>
    </p>
   </div>
   <div class='ocr_carea' id='block_1_79' title="bbox 257 2829 1034 2866">
    <p class='ocr_par' dir='ltr' id='par_1_79' title="bbox 257 2829 1034 2866">
     <span class='ocr_line' id='line_1_79' title="bbox 257 2829 1034 2866; baseline 0.001 -9"><span class='ocrx_word' id='word_1_546' title='bbox 257 2838 326 2857; x_wconf 80' lang='lat' dir='ltr'><strong>tuus.</strong></span> <span class='ocrx_word' id='word_1_547' title='bbox 338 2829 420 2858; x_wconf 83' lang='lat' dir='ltr'><strong>Paulo</strong></span> <span class='ocrx_word' id='word_1_548' title='bbox 430 2832 495 2858; x_wconf 84' lang='lat' dir='ltr'><strong>infra</strong></span> <span class='ocrx_word' id='word_1_549' title='bbox 507 2839 512 2857; x_wconf 92' lang='lat'>:</span> <span class='ocrx_word' id='word_1_550' title='bbox 526 2830 556 2856; x_wconf 86' lang='lat' dir='ltr'><strong>Ei</strong></span> <span class='ocrx_word' id='word_1_551' title='bbox 573 2831 621 2865; x_wconf 77' lang='grc' dir='ltr'>μὲν</span> <span class='ocrx_word' id='word_1_552' title='bbox 636 2829 700 2865; x_wconf 69' lang='grc' dir='ltr'>γὰρ,</span> <span class='ocrx_word' id='word_1_553' title='bbox 718 2829 848 2858; x_wconf 75' lang='grc' dir='ltr'><strong>ἐλθόντων</strong></span> <span class='ocrx_word' id='word_1_554' title='bbox 861 2831 947 2866; x_wconf 87' lang='grc' dir='ltr'>ὑμῶν,</span> <span class='ocrx_word' id='word_1_555' title='bbox 964 2829 1034 2866; x_wconf 83' lang='grc' dir='ltr'>ἦσαν</span> 
     </span>
    </p>
   </div>
   <div class='ocr_carea' id='block_1_80' title="bbox 1080 929 1863 967">
    <p class='ocr_par' dir='ltr' id='par_1_80' title="bbox 1080 929 1863 967">
     <span class='ocr_line' id='line_1_80' title="bbox 1080 929 1863 967; baseline -0.003 -9"><span class='ocrx_word' id='word_1_556' title='bbox 1080 933 1147 967; x_wconf 84' lang='grc' dir='ltr'>μήτε</span> <span class='ocrx_word' id='word_1_557' title='bbox 1160 932 1204 958; x_wconf 81' lang='grc' dir='ltr'>τὸν</span> <span class='ocrx_word' id='word_1_558' title='bbox 1219 931 1367 958; x_wconf 81' lang='grc' dir='ltr'>ὑπεύθυνον</span> <span class='ocrx_word' id='word_1_559' title='bbox 1380 930 1418 962; x_wconf 82' lang='grc' dir='ltr'><strong>ὡς</strong></span> <span class='ocrx_word' id='word_1_560' title='bbox 1435 930 1552 965; x_wconf 80' lang='grc' dir='ltr'>καθαρὸν</span> <span class='ocrx_word' id='word_1_561' title='bbox 1574 929 1737 966; x_wconf 80' lang='grc' dir='ltr'>λογισθῆναι.</span> <span class='ocrx_word' id='word_1_562' title='bbox 1759 929 1863 956; x_wconf 83' lang='grc' dir='ltr'>Οὐκοῦν</span> 
     </span>
    </p>
   </div>
   <div class='ocr_carea' id='block_1_81' title="bbox 1078 974 1863 1012">
    <p class='ocr_par' dir='ltr' id='par_1_81' title="bbox 1078 974 1863 1012">
     <span class='ocr_line' id='line_1_81' title="bbox 1078 974 1863 1012; baseline -0.003 -9"><span class='ocrx_word' id='word_1_563' title='bbox 1078 977 1108 1003; x_wconf 75' lang='grc' dir='ltr'>οὐ</span> <span class='ocrx_word' id='word_1_564' title='bbox 1123 977 1189 1012; x_wconf 78' lang='grc' dir='ltr'>παρ’</span> <span class='ocrx_word' id='word_1_565' title='bbox 1202 976 1281 1012; x_wconf 82' lang='grc' dir='ltr'>ὴμῶν</span> <span class='ocrx_word' id='word_1_566' title='bbox 1310 975 1472 1010; x_wconf 77' lang='grc' dir='ltr'>ἀτιμάζεται</span> <span class='ocrx_word' id='word_1_567' title='bbox 1495 975 1613 1007; x_wconf 83' lang='grc' dir='ltr'><strong>σύνοδος,</strong></span> <span class='ocrx_word' id='word_1_568' title='bbox 1627 975 1695 1001; x_wconf 80' lang='grc' dir='ltr'>ἀλλὰ</span> <span class='ocrx_word' id='word_1_569' title='bbox 1710 975 1775 1011; x_wconf 76' lang='grc' dir='ltr'>παρ’</span> <span class='ocrx_word' id='word_1_570' title='bbox 1792 974 1863 1001; x_wconf 80' lang='grc' dir='ltr'>ὲκεί-</span> 
     </span>
    </p>
   </div>
   <div class='ocr_carea' id='block_1_82' title="bbox 1078 1020 1862 1057">
    <p class='ocr_par' dir='ltr' id='par_1_82' title="bbox 1078 1020 1862 1057">
     <span class='ocr_line' id='line_1_82' title="bbox 1078 1020 1862 1057; baseline -0.004 -8"><span class='ocrx_word' id='word_1_571' title='bbox 1078 1031 1131 1049; x_wconf 85' lang='grc' dir='ltr'><strong>νων</strong></span> <span class='ocrx_word' id='word_1_572' title='bbox 1149 1022 1203 1049; x_wconf 84' lang='grc' dir='ltr'>τῶν</span> <span class='ocrx_word' id='word_1_573' title='bbox 1227 1021 1319 1054; x_wconf 83' lang='grc' dir='ltr'>ἁπλῶς</span> <span class='ocrx_word' id='word_1_574' title='bbox 1343 1022 1390 1048; x_wconf 70' lang='grc' dir='ltr'>καὶ</span> <span class='ocrx_word' id='word_1_575' title='bbox 1413 1021 1451 1053; x_wconf 86' lang='grc' dir='ltr'>ὡς</span> <span class='ocrx_word' id='word_1_576' title='bbox 1476 1020 1554 1056; x_wconf 82' lang='grc' dir='ltr'>ἔτυχε</span> <span class='ocrx_word' id='word_1_577' title='bbox 1584 1021 1647 1053; x_wconf 80' lang='grc' dir='ltr'>τοὺς</span> <span class='ocrx_word' id='word_1_578' title='bbox 1664 1020 1740 1057; x_wconf 86' lang='grc' dir='ltr'>παρὰ</span> <span class='ocrx_word' id='word_1_579' title='bbox 1755 1021 1862 1048; x_wconf 80' lang='grc' dir='ltr'>πάντων</span> 
     </span>
    </p>
   </div>
   <div class='ocr_carea' id='block_1_83' title="bbox 1078 1066 1862 1104">
    <p class='ocr_par' dir='ltr' id='par_1_83' title="bbox 1078 1066 1862 1104">
     <span class='ocr_line' id='line_1_83' title="bbox 1078 1066 1862 1104; baseline -0.003 -9"><span class='ocrx_word' id='word_1_580' title='bbox 1078 1068 1291 1104; x_wconf 84' lang='grc' dir='ltr'>κατακριθέντας</span> <span class='ocrx_word' id='word_1_581' title='bbox 1313 1067 1476 1103; x_wconf 80' lang='grc' dir='ltr'>’Δρειανοὺς,</span> <span class='ocrx_word' id='word_1_582' title='bbox 1502 1067 1549 1093; x_wconf 69' lang='grc' dir='ltr'><strong>καὶ</strong></span> <span class='ocrx_word' id='word_1_583' title='bbox 1579 1066 1654 1103; x_wconf 75' lang='grc' dir='ltr'>παρὰ</span> <span class='ocrx_word' id='word_1_584' title='bbox 1679 1067 1790 1103; x_wconf 88' lang='grc' dir='ltr'>γνώμην</span> <span class='ocrx_word' id='word_1_585' title='bbox 1809 1066 1862 1093; x_wconf 85' lang='grc' dir='ltr'><strong>τῶν</strong></span> 
     </span>
    </p>
   </div>
   <div class='ocr_carea' id='block_1_84' title="bbox 1078 1112 1864 1150">
    <p class='ocr_par' dir='ltr' id='par_1_84' title="bbox 1078 1112 1864 1150">
     <span class='ocr_line' id='line_1_84' title="bbox 1078 1112 1864 1150; baseline -0.004 -9"><span class='ocrx_word' id='word_1_586' title='bbox 1078 1115 1226 1150; x_wconf 78' lang='grc' dir='ltr'>κρινάντων</span> <span class='ocrx_word' id='word_1_587' title='bbox 1235 1113 1397 1149; x_wconf 81' lang='grc' dir='ltr'>δεξαμένων.</span> <span class='ocrx_word' id='word_1_588' title='bbox 1411 1113 1443 1140; x_wconf 80' lang='grc' dir='ltr'><strong>οι</strong></span> <span class='ocrx_word' id='word_1_589' title='bbox 1453 1113 1508 1149; x_wconf 81' lang='grc' dir='ltr'><strong>γὰρ</strong></span> <span class='ocrx_word' id='word_1_590' title='bbox 1521 1112 1641 1144; x_wconf 81' lang='grc' dir='ltr'>πλείονες</span> <span class='ocrx_word' id='word_1_591' title='bbox 1651 1112 1699 1148; x_wconf 80' lang='grc' dir='ltr'>ἤδη</span> <span class='ocrx_word' id='word_1_592' title='bbox 1715 1112 1864 1139; x_wconf 85' lang='grc' dir='ltr'>ἁναλύσαν-</span> 
     </span>
    </p>
   </div>
   <div class='ocr_carea' id='block_1_85' title="bbox 1077 1158 1862 1196">
    <p class='ocr_par' dir='ltr' id='par_1_85' title="bbox 1077 1158 1862 1196">
     <span class='ocr_line' id='line_1_85' title="bbox 1077 1158 1862 1196; baseline -0.001 -10"><span class='ocrx_word' id='word_1_593' title='bbox 1077 1161 1123 1192; x_wconf 84' lang='grc' dir='ltr'>τές</span> <span class='ocrx_word' id='word_1_594' title='bbox 1135 1161 1186 1187; x_wconf 80' lang='grc' dir='ltr'>εἰσι</span> <span class='ocrx_word' id='word_1_595' title='bbox 1204 1160 1251 1187; x_wconf 78' lang='grc' dir='ltr'><strong>σὺν</strong></span> <span class='ocrx_word' id='word_1_596' title='bbox 1275 1159 1402 1196; x_wconf 83' lang='grc' dir='ltr'>Χριστῷ-</span> <span class='ocrx_word' id='word_1_597' title='bbox 1433 1159 1458 1185; x_wconf 86' lang='lat' dir='ltr'><strong>oi.</strong></span> <span class='ocrx_word' id='word_1_598' title='bbox 1482 1159 1511 1185; x_wconf 78' lang='grc' dir='ltr'>δὲ</span> <span class='ocrx_word' id='word_1_599' title='bbox 1526 1158 1567 1186; x_wconf 77' lang='grc' dir='ltr'>ἔτι</span> <span class='ocrx_word' id='word_1_600' title='bbox 1583 1160 1629 1185; x_wconf 75' lang='grc' dir='ltr'>καὶ</span> <span class='ocrx_word' id='word_1_601' title='bbox 1655 1158 1702 1185; x_wconf 80' lang='grc' dir='ltr'>νῦν</span> <span class='ocrx_word' id='word_1_602' title='bbox 1714 1159 1743 1185; x_wconf 83' lang='grc' dir='ltr'>ὲν</span> <span class='ocrx_word' id='word_1_603' title='bbox 1757 1158 1796 1194; x_wconf 85' lang='grc' dir='ltr'>τῷ</span> <span class='ocrx_word' id='word_1_604' title='bbox 1812 1158 1862 1194; x_wconf 82' lang='grc' dir='ltr'>βίῳ</span> 
     </span>
    </p>
   </div>
   <div class='ocr_carea' id='block_1_86' title="bbox 1077 1204 1863 1243">
    <p class='ocr_par' dir='ltr' id='par_1_86' title="bbox 1077 1204 1863 1243">
     <span class='ocr_line' id='line_1_86' title="bbox 1077 1204 1863 1243; baseline -0.004 -9"><span class='ocrx_word' id='word_1_605' title='bbox 1077 1208 1165 1243; x_wconf 85' lang='grc' dir='ltr'>τούτῳ</span> <span class='ocrx_word' id='word_1_606' title='bbox 1188 1206 1369 1239; x_wconf 72' lang='grc' dir='ltr'>ἐξετάζονται,</span> <span class='ocrx_word' id='word_1_607' title='bbox 1392 1204 1616 1240; x_wconf 82' lang='grc' dir='ltr'>ἀγανακτοῦντες,</span> <span class='ocrx_word' id='word_1_608' title='bbox 1640 1205 1681 1232; x_wconf 85' lang='grc' dir='ltr'>ὅτι</span> <span class='ocrx_word' id='word_1_609' title='bbox 1704 1205 1753 1240; x_wconf 85' lang='grc' dir='ltr'>τὴν</span> <span class='ocrx_word' id='word_1_610' title='bbox 1774 1204 1863 1232; x_wconf 83' lang='grc' dir='ltr'>αὐτῶν</span> 
     </span>
    </p>
   </div>
   <div class='ocr_carea' id='block_1_87' title="bbox 1079 1253 1376 1290">
    <p class='ocr_par' dir='ltr' id='par_1_87' title="bbox 1079 1253 1376 1290">
     <span class='ocr_line' id='line_1_87' title="bbox 1079 1253 1376 1290; baseline -0.003 -10"><span class='ocrx_word' id='word_1_611' title='bbox 1079 1254 1168 1290; x_wconf 80' lang='grc' dir='ltr'>κρίσιν</span> <span class='ocrx_word' id='word_1_612' title='bbox 1181 1253 1278 1280; x_wconf 70' lang='grc' dir='ltr'>ἔλυσάν</span> <span class='ocrx_word' id='word_1_613' title='bbox 1294 1261 1376 1284; x_wconf 81' lang='grc' dir='ltr'>τινες.</span> 
     </span>
    </p>
   </div>
   <div class='ocr_carea' id='block_1_88' title="bbox 1113 1296 1863 1333">
    <p class='ocr_par' dir='ltr' id='par_1_88' title="bbox 1113 1296 1863 1333">
     <span class='ocr_line' id='line_1_88' title="bbox 1113 1296 1863 1333; baseline -0.004 -8"><span class='ocrx_word' id='word_1_614' title='bbox 1113 1299 1157 1326; x_wconf 68' lang='grc'><strong>24.</strong></span> <span class='ocrx_word' id='word_1_615' title='bbox 1176 1298 1260 1326; x_wconf 81' lang='grc' dir='ltr'>Τοῦτο</span> <span class='ocrx_word' id='word_1_616' title='bbox 1280 1298 1308 1325; x_wconf 84' lang='grc' dir='ltr'>δὲ</span> <span class='ocrx_word' id='word_1_617' title='bbox 1326 1298 1371 1325; x_wconf 70' lang='grc' dir='ltr'><strong>καὶ</strong></span> <span class='ocrx_word' id='word_1_618' title='bbox 1395 1298 1450 1325; x_wconf 77' lang='grc' dir='ltr'>ἀπὸ</span> <span class='ocrx_word' id='word_1_619' title='bbox 1472 1297 1527 1325; x_wconf 80' lang='grc' dir='ltr'>τῶν</span> <span class='ocrx_word' id='word_1_620' title='bbox 1547 1297 1699 1332; x_wconf 81' lang='grc' dir='ltr'>γενομένων</span> <span class='ocrx_word' id='word_1_621' title='bbox 1723 1296 1772 1333; x_wconf 79' lang='grc' dir='ltr'>μὲν</span> <span class='ocrx_word' id='word_1_622' title='bbox 1789 1297 1818 1323; x_wconf 77' lang='grc' dir='ltr'>ἐν</span> <span class='ocrx_word' id='word_1_623' title='bbox 1827 1297 1863 1331; x_wconf 84' lang='grc' dir='ltr'><strong>τῇ</strong></span> 
     </span>
    </p>
   </div>
   <div class='ocr_carea' id='block_1_89' title="bbox 1085 1341 1862 1378">
    <p class='ocr_par' dir='ltr' id='par_1_89' title="bbox 1085 1341 1862 1378">
     <span class='ocr_line' id='line_1_89' title="bbox 1085 1341 1862 1378; baseline -0.003 -8"><span class='ocrx_word' id='word_1_624' title='bbox 1085 1342 1270 1378; x_wconf 67' lang='grc' dir='ltr'>’Ἀλεξανδρείᾳ</span> <span class='ocrx_word' id='word_1_625' title='bbox 1290 1343 1421 1378; x_wconf 77' lang='grc' dir='ltr'>ἔγνωμεν.</span> <span class='ocrx_word' id='word_1_626' title='bbox 1445 1344 1499 1370; x_wconf 79' lang='grc' dir='ltr'><strong>Καὶ</strong></span> <span class='ocrx_word' id='word_1_627' title='bbox 1511 1343 1565 1378; x_wconf 87' lang='grc' dir='ltr'><strong>γὰρ</strong></span> <span class='ocrx_word' id='word_1_628' title='bbox 1580 1343 1627 1369; x_wconf 77' lang='grc' dir='ltr'>καὶ</span> <span class='ocrx_word' id='word_1_629' title='bbox 1638 1342 1791 1378; x_wconf 81' lang='grc' dir='ltr'>Καρπώνης</span> <span class='ocrx_word' id='word_1_630' title='bbox 1807 1341 1862 1377; x_wconf 83' lang='grc'><strong>(65)</strong></span> 
     </span>
    </p>
   </div>
   <div class='ocr_carea' id='block_1_90' title="bbox 1080 1387 1864 1424">
    <p class='ocr_par' dir='ltr' id='par_1_90' title="bbox 1080 1387 1864 1424">
     <span class='ocr_line' id='line_1_90' title="bbox 1080 1387 1864 1424; baseline -0.003 -8"><span class='ocrx_word' id='word_1_631' title='bbox 1080 1397 1122 1421; x_wconf 85' lang='grc' dir='ltr'><strong>τις</strong></span> <span class='ocrx_word' id='word_1_632' title='bbox 1139 1388 1280 1424; x_wconf 66' lang='grc' dir='ltr'>ἐκϐληθεὶς</span> <span class='ocrx_word' id='word_1_633' title='bbox 1299 1389 1351 1415; x_wconf 73' lang='grc' dir='ltr'>ὑπο</span> <span class='ocrx_word' id='word_1_634' title='bbox 1372 1388 1546 1424; x_wconf 75' lang='grc' dir='ltr'>Ἀλεξάνδρου</span> <span class='ocrx_word' id='word_1_635' title='bbox 1567 1388 1610 1415; x_wconf 77' lang='grc' dir='ltr'><strong>διὰ</strong></span> <span class='ocrx_word' id='word_1_636' title='bbox 1626 1388 1674 1424; x_wconf 86' lang='grc' dir='ltr'>τὴν</span> <span class='ocrx_word' id='word_1_637' title='bbox 1693 1387 1797 1424; x_wconf 80' lang='grc' dir='ltr'>Ἀρείου</span> <span class='ocrx_word' id='word_1_638' title='bbox 1820 1389 1864 1414; x_wconf 80' lang='grc' dir='ltr'><strong>αῖ-</strong></span> 
     </span>
    </p>
   </div>
   <div class='ocr_carea' id='block_1_91' title="bbox 1082 1433 1865 1471">
    <p class='ocr_par' dir='ltr' id='par_1_91' title="bbox 1082 1433 1865 1471">
     <span class='ocr_line' id='line_1_91' title="bbox 1082 1433 1865 1471; baseline -0.003 -10"><span class='ocrx_word' id='word_1_639' title='bbox 1082 1443 1156 1471; x_wconf 86' lang='grc' dir='ltr'>ρεσιν</span> <span class='ocrx_word' id='word_1_640' title='bbox 1173 1435 1242 1470; x_wconf 83' lang='grc' dir='ltr'>μετά</span> <span class='ocrx_word' id='word_1_641' title='bbox 1256 1442 1347 1466; x_wconf 87' lang='grc' dir='ltr'>τινων,</span> <span class='ocrx_word' id='word_1_642' title='bbox 1371 1434 1418 1460; x_wconf 81' lang='grc' dir='ltr'>καὶ</span> <span class='ocrx_word' id='word_1_643' title='bbox 1433 1433 1522 1461; x_wconf 80' lang='grc' dir='ltr'>αὐτῶν</span> <span class='ocrx_word' id='word_1_644' title='bbox 1541 1433 1724 1469; x_wconf 74' lang='grc' dir='ltr'>ἐκϐληθέντων</span> <span class='ocrx_word' id='word_1_645' title='bbox 1749 1433 1792 1460; x_wconf 82' lang='grc' dir='ltr'><strong>διὰ</strong></span> <span class='ocrx_word' id='word_1_646' title='bbox 1814 1433 1865 1469; x_wconf 77' lang='grc' dir='ltr'>τὴν</span> 
     </span>
    </p>
   </div>
   <div class='ocr_carea' id='block_1_92' title="bbox 1081 1479 1865 1516">
    <p class='ocr_par' dir='ltr' id='par_1_92' title="bbox 1081 1479 1865 1516">
     <span class='ocr_line' id='line_1_92' title="bbox 1081 1479 1865 1516; baseline -0.001 -10"><span class='ocrx_word' id='word_1_647' title='bbox 1081 1480 1166 1515; x_wconf 80' lang='grc' dir='ltr'>αὐτὴν</span> <span class='ocrx_word' id='word_1_648' title='bbox 1194 1480 1310 1516; x_wconf 78' lang='grc' dir='ltr'>αἰρεσιν,</span> <span class='ocrx_word' id='word_1_649' title='bbox 1338 1479 1497 1514; x_wconf 79' lang='grc' dir='ltr'>ἐληλύθασιν</span> <span class='ocrx_word' id='word_1_650' title='bbox 1513 1479 1639 1510; x_wconf 74' lang='grc' dir='ltr'>ἐνταῦθα,</span> <span class='ocrx_word' id='word_1_651' title='bbox 1668 1479 1865 1510; x_wconf 81' lang='grc' dir='ltr'>ἀποσταλέντες</span> 
     </span>
    </p>
   </div>
   <div class='ocr_carea' id='block_1_93' title="bbox 1082 1524 1866 1562">
    <p class='ocr_par' dir='ltr' id='par_1_93' title="bbox 1082 1524 1866 1562">
     <span class='ocr_line' id='line_1_93' title="bbox 1082 1524 1866 1562; baseline -0.001 -11"><span class='ocrx_word' id='word_1_652' title='bbox 1082 1525 1157 1562; x_wconf 83' lang='grc' dir='ltr'>παρὰ</span> <span class='ocrx_word' id='word_1_653' title='bbox 1176 1525 1324 1561; x_wconf 81' lang='grc' dir='ltr'>Γρηγορίου</span> <span class='ocrx_word' id='word_1_654' title='bbox 1340 1525 1412 1557; x_wconf 82' lang='grc' dir='ltr'>τινός</span> <span class='ocrx_word' id='word_1_655' title='bbox 1423 1533 1430 1540; x_wconf 93' lang='grc'><strong>·</strong></span> <span class='ocrx_word' id='word_1_656' title='bbox 1445 1526 1519 1560; x_wconf 83' lang='grc' dir='ltr'>ὅμως</span> <span class='ocrx_word' id='word_1_657' title='bbox 1531 1525 1560 1551; x_wconf 79' lang='grc' dir='ltr'>δὲ</span> <span class='ocrx_word' id='word_1_658' title='bbox 1579 1524 1716 1560; x_wconf 81' lang='grc' dir='ltr'><strong>ἐμάθομεν</strong></span> <span class='ocrx_word' id='word_1_659' title='bbox 1733 1524 1779 1551; x_wconf 73' lang='grc' dir='ltr'>καὶ</span> <span class='ocrx_word' id='word_1_660' title='bbox 1791 1524 1866 1559; x_wconf 74' lang='grc' dir='ltr'>παρὰ</span> 
     </span>
    </p>
   </div>
   <div class='ocr_carea' id='block_1_94' title="bbox 1084 1569 1866 1608">
    <p class='ocr_par' dir='ltr' id='par_1_94' title="bbox 1084 1569 1866 1608">
     <span class='ocr_line' id='line_1_94' title="bbox 1084 1569 1866 1608; baseline -0.005 -8"><span class='ocrx_word' id='word_1_661' title='bbox 1084 1571 1226 1608; x_wconf 80' lang='grc' dir='ltr'>Μακαρίου</span> <span class='ocrx_word' id='word_1_662' title='bbox 1241 1571 1288 1597; x_wconf 82' lang='grc' dir='ltr'>τοῦ</span> <span class='ocrx_word' id='word_1_663' title='bbox 1301 1571 1495 1607; x_wconf 82' lang='grc' dir='ltr'>πρεσϐυτέρου,</span> <span class='ocrx_word' id='word_1_664' title='bbox 1513 1571 1560 1598; x_wconf 73' lang='grc' dir='ltr'>καὶ</span> <span class='ocrx_word' id='word_1_665' title='bbox 1575 1569 1740 1606; x_wconf 77' lang='grc' dir='ltr'>Μαρτυρίου,</span> <span class='ocrx_word' id='word_1_666' title='bbox 1754 1570 1799 1596; x_wconf 82' lang='grc' dir='ltr'>καὶ</span> <span class='ocrx_word' id='word_1_667' title='bbox 1821 1569 1866 1596; x_wconf 85' lang='lat' dir='ltr'><strong>&#39;H-</strong></span> 
     </span>
    </p>
   </div>
   <div class='ocr_carea' id='block_1_95' title="bbox 1084 1615 1865 1653">
    <p class='ocr_par' dir='ltr' id='par_1_95' title="bbox 1084 1615 1865 1653">
     <span class='ocr_line' id='line_1_95' title="bbox 1084 1615 1865 1653; baseline -0.004 -9"><span class='ocrx_word' id='word_1_668' title='bbox 1084 1618 1177 1653; x_wconf 84' lang='grc' dir='ltr'>συχίου</span> <span class='ocrx_word' id='word_1_669' title='bbox 1203 1617 1256 1643; x_wconf 78' lang='grc' dir='ltr'>τῶν</span> <span class='ocrx_word' id='word_1_670' title='bbox 1270 1617 1408 1644; x_wconf 84' lang='grc' dir='ltr'>διακόνων.</span> <span class='ocrx_word' id='word_1_671' title='bbox 1426 1617 1482 1652; x_wconf 80' lang='grc' dir='ltr'>Πρὸ</span> <span class='ocrx_word' id='word_1_672' title='bbox 1499 1616 1545 1643; x_wconf 83' lang='grc' dir='ltr'>τοῦ</span> <span class='ocrx_word' id='word_1_673' title='bbox 1569 1616 1623 1651; x_wconf 86' lang='grc' dir='ltr'>γὰρ</span> <span class='ocrx_word' id='word_1_674' title='bbox 1635 1615 1788 1651; x_wconf 80' lang='grc' dir='ltr'>ἀπαντῆσαι</span> <span class='ocrx_word' id='word_1_675' title='bbox 1803 1616 1865 1647; x_wconf 79' lang='grc' dir='ltr'>τοὺς</span> 
     </span>
    </p>
   </div>
   <div class='ocr_carea' id='block_1_96' title="bbox 1090 1661 1865 1698">
    <p class='ocr_par' dir='ltr' id='par_1_96' title="bbox 1090 1661 1865 1698">
     <span class='ocr_line' id='line_1_96' title="bbox 1090 1661 1865 1698; baseline -0.004 -8"><span class='ocrx_word' id='word_1_676' title='bbox 1090 1664 1247 1690; x_wconf 76' lang='grc' dir='ltr'>Ἀθανασίου</span> <span class='ocrx_word' id='word_1_677' title='bbox 1266 1662 1475 1698; x_wconf 83' lang='grc' dir='ltr'>πρεσϐυτέρους,</span> <span class='ocrx_word' id='word_1_678' title='bbox 1496 1661 1693 1698; x_wconf 76' lang='grc' dir='ltr'>προετρέποντο</span> <span class='ocrx_word' id='word_1_679' title='bbox 1711 1663 1782 1697; x_wconf 81' lang='grc' dir='ltr'>ἡμᾶς</span> <span class='ocrx_word' id='word_1_680' title='bbox 1798 1661 1865 1696; x_wconf 83' lang='grc' dir='ltr'>γρά-</span> 
     </span>
    </p>
   </div>
   <div class='ocr_carea' id='block_1_97' title="bbox 1086 1706 1866 1744">
    <p class='ocr_par' dir='ltr' id='par_1_97' title="bbox 1086 1706 1866 1744">
     <span class='ocr_line' id='line_1_97' title="bbox 1086 1706 1866 1744; baseline -0.003 -9"><span class='ocrx_word' id='word_1_681' title='bbox 1086 1717 1145 1744; x_wconf 84' lang='grc' dir='ltr'>φειν</span> <span class='ocrx_word' id='word_1_682' title='bbox 1159 1709 1188 1735; x_wconf 79' lang='grc' dir='ltr'>ὲν</span> <span class='ocrx_word' id='word_1_683' title='bbox 1199 1708 1385 1744; x_wconf 78' lang='grc' dir='ltr'>’Δλεξανδρείᾳ</span> <span class='ocrx_word' id='word_1_684' title='bbox 1404 1707 1494 1742; x_wconf 74' lang='grc' dir='ltr'>Πιστῷ</span> <span class='ocrx_word' id='word_1_685' title='bbox 1507 1717 1569 1739; x_wconf 74' lang='grc' dir='ltr'>τινι,</span> <span class='ocrx_word' id='word_1_686' title='bbox 1591 1707 1672 1743; x_wconf 82' lang='grc' dir='ltr'>ἡνίκα</span> <span class='ocrx_word' id='word_1_687' title='bbox 1687 1708 1733 1734; x_wconf 73' lang='grc' dir='ltr'><strong>καὶ</strong></span> <span class='ocrx_word' id='word_1_688' title='bbox 1754 1706 1866 1733; x_wconf 80' lang='grc' dir='ltr'>Ἀθανά-</span> 
     </span>
    </p>
   </div>
   <div class='ocr_carea' id='block_1_98' title="bbox 1086 1751 1865 1789">
    <p class='ocr_par' dir='ltr' id='par_1_98' title="bbox 1086 1751 1865 1789">
     <span class='ocr_line' id='line_1_98' title="bbox 1086 1751 1865 1789; baseline -0.003 -8"><span class='ocrx_word' id='word_1_689' title='bbox 1086 1763 1141 1786; x_wconf 87' lang='grc' dir='ltr'>σιος</span> <span class='ocrx_word' id='word_1_690' title='bbox 1153 1756 1168 1781; x_wconf 81' lang='grc' dir='ltr'>ὁ</span> <span class='ocrx_word' id='word_1_691' title='bbox 1183 1754 1328 1785; x_wconf 73' lang='grc' dir='ltr'>ἐπίσκοπος</span> <span class='ocrx_word' id='word_1_692' title='bbox 1349 1754 1378 1779; x_wconf 81' lang='grc' dir='ltr'>ὲν</span> <span class='ocrx_word' id='word_1_693' title='bbox 1401 1753 1584 1789; x_wconf 80' lang='grc' dir='ltr'>Ἀλεξανδρείᾳ</span> <span class='ocrx_word' id='word_1_694' title='bbox 1598 1751 1641 1788; x_wconf 80' lang='grc' dir='ltr'><strong>ἦν.</strong></span> <span class='ocrx_word' id='word_1_695' title='bbox 1660 1753 1759 1779; x_wconf 84' lang='grc' dir='ltr'>Τοῦτον</span> <span class='ocrx_word' id='word_1_696' title='bbox 1772 1753 1799 1780; x_wconf 75' lang='grc' dir='ltr'>δὲ</span> <span class='ocrx_word' id='word_1_697' title='bbox 1820 1753 1865 1779; x_wconf 69' lang='grc' dir='ltr'><strong>τὸν</strong></span> 
     </span>
    </p>
   </div>
   <div class='ocr_carea' id='block_1_99' title="bbox 1084 1798 1865 1834">
    <p class='ocr_par' dir='ltr' id='par_1_99' title="bbox 1084 1798 1865 1834">
     <span class='ocr_line' id='line_1_99' title="bbox 1084 1798 1865 1834; baseline -0.003 -8"><span class='ocrx_word' id='word_1_698' title='bbox 1084 1800 1182 1826; x_wconf 78' lang='grc' dir='ltr'>Πιστδν</span> <span class='ocrx_word' id='word_1_699' title='bbox 1205 1800 1230 1826; x_wconf 84' lang='lat' dir='ltr'><strong>oi</strong></span> <span class='ocrx_word' id='word_1_700' title='bbox 1251 1798 1407 1826; x_wconf 81' lang='grc' dir='ltr'>Ἀθανασὶου</span> <span class='ocrx_word' id='word_1_701' title='bbox 1436 1798 1483 1825; x_wconf 80' lang='grc' dir='ltr'>τοῦ</span> <span class='ocrx_word' id='word_1_702' title='bbox 1511 1798 1660 1825; x_wconf 77' lang='grc' dir='ltr'>ἐπισκόπου</span> <span class='ocrx_word' id='word_1_703' title='bbox 1686 1798 1865 1834; x_wconf 80' lang='grc' dir='ltr'>πρεσϐύτεροι</span> 
     </span>
    </p>
   </div>
   <div class='ocr_carea' id='block_1_100' title="bbox 1084 1840 1866 1880">
    <p class='ocr_par' dir='ltr' id='par_1_100' title="bbox 1084 1840 1866 1880">
     <span class='ocr_line' id='line_1_100' title="bbox 1084 1840 1866 1880; baseline -0.001 -10"><span class='ocrx_word' id='word_1_704' title='bbox 1084 1844 1296 1880; x_wconf 81' lang='grc' dir='ltr'>παραγενόμενοι</span> <span class='ocrx_word' id='word_1_705' title='bbox 1307 1843 1450 1875; x_wconf 81' lang='grc' dir='ltr'>ἀπέδειξαν</span> <span class='ocrx_word' id='word_1_706' title='bbox 1462 1840 1530 1869; x_wconf 76' lang='grc' dir='ltr'>εἶναι</span> <span class='ocrx_word' id='word_1_707' title='bbox 1544 1842 1690 1878; x_wconf 77' lang='grc' dir='ltr'>’Δρειανὺν,</span> <span class='ocrx_word' id='word_1_708' title='bbox 1704 1842 1866 1878; x_wconf 70' lang='grc' dir='ltr'>ἐκϐληθέντα</span> 
     </span>
    </p>
   </div>
   <div class='ocr_carea' id='block_1_101' title="bbox 1086 1888 1866 1926">
    <p class='ocr_par' dir='ltr' id='par_1_101' title="bbox 1086 1888 1866 1926">
     <span class='ocr_line' id='line_1_101' title="bbox 1086 1888 1866 1926; baseline -0.001 -11"><span class='ocrx_word' id='word_1_709' title='bbox 1086 1890 1135 1926; x_wconf 82' lang='grc' dir='ltr'>μὲν</span> <span class='ocrx_word' id='word_1_710' title='bbox 1160 1889 1212 1915; x_wconf 82' lang='grc' dir='ltr'><strong>ὑπὸ</strong></span> <span class='ocrx_word' id='word_1_711' title='bbox 1234 1888 1405 1924; x_wconf 82' lang='grc' dir='ltr'>Ἀλεξάνδρου</span> <span class='ocrx_word' id='word_1_712' title='bbox 1431 1888 1477 1915; x_wconf 80' lang='grc' dir='ltr'>τοῦ</span> <span class='ocrx_word' id='word_1_713' title='bbox 1506 1888 1653 1914; x_wconf 78' lang='grc' dir='ltr'>ἐπισκόπου</span> <span class='ocrx_word' id='word_1_714' title='bbox 1674 1889 1721 1915; x_wconf 84' lang='grc' dir='ltr'>καὶ</span> <span class='ocrx_word' id='word_1_715' title='bbox 1730 1889 1779 1924; x_wconf 82' lang='grc' dir='ltr'>τῆς</span> <span class='ocrx_word' id='word_1_716' title='bbox 1796 1888 1866 1915; x_wconf 78' lang='grc' dir='ltr'>κατὰ</span> 
     </span>
    </p>
   </div>
   <div class='ocr_carea' id='block_1_102' title="bbox 1082 1934 1866 1970">
    <p class='ocr_par' dir='ltr' id='par_1_102' title="bbox 1082 1934 1866 1970">
     <span class='ocr_line' id='line_1_102' title="bbox 1082 1934 1866 1970; baseline -0.001 -8"><span class='ocrx_word' id='word_1_717' title='bbox 1082 1936 1198 1962; x_wconf 78' lang='grc' dir='ltr'>Νίκαιαν</span> <span class='ocrx_word' id='word_1_718' title='bbox 1215 1935 1324 1961; x_wconf 80' lang='grc' dir='ltr'>συνόδου</span> <span class='ocrx_word' id='word_1_719' title='bbox 1342 1935 1408 1970; x_wconf 77' lang='grc'>(64),</span> <span class='ocrx_word' id='word_1_720' title='bbox 1425 1934 1628 1961; x_wconf 84' lang='grc' dir='ltr'>κατασταθέντα</span> <span class='ocrx_word' id='word_1_721' title='bbox 1642 1935 1670 1961; x_wconf 83' lang='grc' dir='ltr'>δὲ</span> <span class='ocrx_word' id='word_1_722' title='bbox 1692 1935 1744 1962; x_wconf 75' lang='grc' dir='ltr'><strong>ὑπὸ</strong></span> <span class='ocrx_word' id='word_1_723' title='bbox 1754 1935 1866 1962; x_wconf 81' lang='grc' dir='ltr'>Σεκούν-</span> 
     </span>
    </p>
   </div>
   <div class='ocr_carea' id='block_1_103' title="bbox 1081 1979 1866 2016">
    <p class='ocr_par' dir='ltr' id='par_1_103' title="bbox 1081 1979 1866 2016">
     <span class='ocr_line' id='line_1_103' title="bbox 1081 1979 1866 2016; baseline 0.003 -10"><span class='ocrx_word' id='word_1_724' title='bbox 1081 1980 1127 2006; x_wconf 86' lang='grc' dir='ltr'><strong>δου</strong></span> <span class='ocrx_word' id='word_1_725' title='bbox 1141 1980 1223 2011; x_wconf 79' lang='grc' dir='ltr'>τινὸς,</span> <span class='ocrx_word' id='word_1_726' title='bbox 1238 1980 1268 2005; x_wconf 84' lang='grc' dir='ltr'>ὃν</span> <span class='ocrx_word' id='word_1_727' title='bbox 1284 1981 1300 2014; x_wconf 87' lang='grc' dir='ltr'>ὴ</span> <span class='ocrx_word' id='word_1_728' title='bbox 1319 1979 1422 2015; x_wconf 83' lang='grc' dir='ltr'>μεγάλη</span> <span class='ocrx_word' id='word_1_729' title='bbox 1443 1979 1550 2011; x_wconf 79' lang='grc' dir='ltr'>σύνοδος</span> <span class='ocrx_word' id='word_1_730' title='bbox 1572 1980 1709 2016; x_wconf 84' lang='grc' dir='ltr'>Ἀρειανὸν</span> <span class='ocrx_word' id='word_1_731' title='bbox 1742 1980 1805 2007; x_wconf 69' lang='grc' dir='ltr'>ὂντα</span> <span class='ocrx_word' id='word_1_732' title='bbox 1821 1980 1866 2013; x_wconf 64' lang='lat' dir='ltr'><strong>EE-</strong></span> 
     </span>
    </p>
   </div>
   <div class='ocr_carea' id='block_1_104' title="bbox 1083 2025 1867 2062">
    <p class='ocr_par' dir='ltr' id='par_1_104' title="bbox 1083 2025 1867 2062">
     <span class='ocr_line' id='line_1_104' title="bbox 1083 2025 1867 2062; baseline 0.001 -10"><span class='ocrx_word' id='word_1_733' title='bbox 1083 2026 1172 2052; x_wconf 82' lang='grc' dir='ltr'>ἐϐαλε.</span> <span class='ocrx_word' id='word_1_734' title='bbox 1182 2025 1266 2052; x_wconf 84' lang='grc' dir='ltr'>Τοῦτο</span> <span class='ocrx_word' id='word_1_735' title='bbox 1275 2025 1303 2052; x_wconf 84' lang='grc' dir='ltr'>δὲ</span> <span class='ocrx_word' id='word_1_736' title='bbox 1313 2026 1372 2052; x_wconf 76' lang='grc' dir='ltr'>οὐδὲ</span> <span class='ocrx_word' id='word_1_737' title='bbox 1387 2026 1462 2052; x_wconf 76' lang='grc' dir='ltr'>αὐτοὶ</span> <span class='ocrx_word' id='word_1_738' title='bbox 1477 2026 1501 2051; x_wconf 83' lang='lat' dir='ltr'><strong>oi</strong></span> <span class='ocrx_word' id='word_1_739' title='bbox 1514 2026 1577 2061; x_wconf 85' lang='grc' dir='ltr'>περὶ</span> <span class='ocrx_word' id='word_1_740' title='bbox 1589 2026 1746 2062; x_wconf 81' lang='grc' dir='ltr'>Μαρτύριον</span> <span class='ocrx_word' id='word_1_741' title='bbox 1759 2027 1867 2054; x_wconf 84' lang='grc' dir='ltr'>ἀντέλε-</span> 
     </span>
    </p>
   </div>
   <div class='ocr_carea' id='block_1_105' title="bbox 1083 2070 1866 2108">
    <p class='ocr_par' dir='ltr' id='par_1_105' title="bbox 1083 2070 1866 2108">
     <span class='ocr_line' id='line_1_105' title="bbox 1083 2070 1866 2108; baseline 0.004 -12"><span class='ocrx_word' id='word_1_742' title='bbox 1083 2079 1141 2104; x_wconf 91' lang='grc' dir='ltr'>γον,</span> <span class='ocrx_word' id='word_1_743' title='bbox 1155 2071 1214 2097; x_wconf 76' lang='grc' dir='ltr'>οὐδὲ</span> <span class='ocrx_word' id='word_1_744' title='bbox 1230 2070 1358 2106; x_wconf 75' lang='grc' dir='ltr'>ἠρνοῦντο</span> <span class='ocrx_word' id='word_1_745' title='bbox 1384 2071 1429 2098; x_wconf 76' lang='grc' dir='ltr'><strong>τὸν</strong></span> <span class='ocrx_word' id='word_1_746' title='bbox 1445 2071 1542 2097; x_wconf 83' lang='grc' dir='ltr'>Πιστὸν</span> <span class='ocrx_word' id='word_1_747' title='bbox 1560 2071 1613 2097; x_wconf 79' lang='grc' dir='ltr'><strong>ὑπὸ</strong></span> <span class='ocrx_word' id='word_1_748' title='bbox 1628 2072 1773 2098; x_wconf 88' lang='grc' dir='ltr'>Σεκούνδου</span> <span class='ocrx_word' id='word_1_749' title='bbox 1786 2073 1866 2108; x_wconf 86' lang='grc' dir='ltr'>ὲσχη-</span> 
     </span>
    </p>
   </div>
   <div class='ocr_carea' id='block_1_106' title="bbox 1085 2116 1866 2153">
    <p class='ocr_par' dir='ltr' id='par_1_106' title="bbox 1085 2116 1866 2153">
     <span class='ocr_line' id='line_1_106' title="bbox 1085 2116 1866 2153; baseline 0.004 -10"><span class='ocrx_word' id='word_1_750' title='bbox 1085 2117 1161 2144; x_wconf 81' lang='grc' dir='ltr'>κέναι</span> <span class='ocrx_word' id='word_1_751' title='bbox 1176 2117 1225 2153; x_wconf 80' lang='grc' dir='ltr'>τὴν</span> <span class='ocrx_word' id='word_1_752' title='bbox 1251 2116 1426 2144; x_wconf 80' lang='grc' dir='ltr'>κατάστασιν.</span> <span class='ocrx_word' id='word_1_753' title='bbox 1450 2117 1577 2144; x_wconf 87' lang='grc' dir='ltr'>Σκοπεῐτε</span> <span class='ocrx_word' id='word_1_754' title='bbox 1592 2117 1678 2149; x_wconf 76' lang='grc' dir='ltr'>τοίνυν</span> <span class='ocrx_word' id='word_1_755' title='bbox 1695 2119 1741 2145; x_wconf 73' lang='grc' dir='ltr'>καὶ</span> <span class='ocrx_word' id='word_1_756' title='bbox 1757 2120 1789 2146; x_wconf 79' lang='grc' dir='ltr'>ὲκ</span> <span class='ocrx_word' id='word_1_757' title='bbox 1804 2120 1866 2146; x_wconf 84' lang='grc' dir='ltr'>τού-</span> 
     </span>
    </p>
   </div>
   <div class='ocr_carea' id='block_1_107' title="bbox 1050 2152 1866 2200">
    <p class='ocr_par' dir='ltr' id='par_1_107' title="bbox 1050 2152 1866 2200">
     <span class='ocr_line' id='line_1_107' title="bbox 1050 2152 1866 2200; baseline 0.001 -10"><span class='ocrx_word' id='word_1_758' title='bbox 1050 2152 1071 2180; x_wconf 77' lang='lat' dir='ltr'><strong>D</strong></span> <span class='ocrx_word' id='word_1_759' title='bbox 1085 2171 1150 2195; x_wconf 86' lang='grc' dir='ltr'>των,</span> <span class='ocrx_word' id='word_1_760' title='bbox 1173 2163 1243 2194; x_wconf 80' lang='grc' dir='ltr'>τίνες</span> <span class='ocrx_word' id='word_1_761' title='bbox 1258 2162 1291 2189; x_wconf 85' lang='grc' dir='ltr'>ἂν</span> <span class='ocrx_word' id='word_1_762' title='bbox 1312 2162 1364 2189; x_wconf 69' lang='grc' dir='ltr'>ὑπὸ</span> <span class='ocrx_word' id='word_1_763' title='bbox 1380 2162 1482 2198; x_wconf 73' lang='grc' dir='ltr'>μέμψιν</span> <span class='ocrx_word' id='word_1_764' title='bbox 1503 2163 1614 2194; x_wconf 82' lang='grc' dir='ltr'>δικαίως</span> <span class='ocrx_word' id='word_1_765' title='bbox 1628 2163 1757 2197; x_wconf 80' lang='grc' dir='ltr'>γένοιντο,</span> <span class='ocrx_word' id='word_1_766' title='bbox 1787 2166 1811 2191; x_wconf 79' lang='grc' dir='ltr'>οἱ</span> <span class='ocrx_word' id='word_1_767' title='bbox 1828 2166 1866 2200; x_wconf 89' lang='grc' dir='ltr'>μὴ</span> 
     </span>
    </p>
   </div>
   <div class='ocr_carea' id='block_1_108' title="bbox 1082 2273 1865 2312">
    <p class='ocr_par' dir='ltr' id='par_1_108' title="bbox 1082 2273 1865 2312">
     <span class='ocr_line' id='line_1_108' title="bbox 1082 2273 1865 2312; baseline 0.001 -11"><span class='ocrx_word' id='word_1_768' title='bbox 1082 2273 1327 2312; x_wconf 76' lang='grc' dir='ltr'>καταγνωσθέντες,</span> <span class='ocrx_word' id='word_1_769' title='bbox 1345 2274 1369 2312; x_wconf 58' lang='grc' dir='ltr'><strong><em>ξε</em></strong></span> <span class='ocrx_word' id='word_1_770' title='bbox 1382 2274 1451 2300; x_wconf 77' lang='lat' dir='ltr'><strong>vobis</strong></span> <span class='ocrx_word' id='word_1_771' title='bbox 1469 2275 1648 2312; x_wconf 67' lang='lat' dir='ltr'><strong>accedentibus</strong></span> <span class='ocrx_word' id='word_1_772' title='bbox 1668 2276 1777 2303; x_wconf 79' lang='lat' dir='ltr'><strong>convicti</strong></span> <span class='ocrx_word' id='word_1_773' title='bbox 1798 2277 1865 2312; x_wconf 62' lang='lat' dir='ltr'><strong>[uis-</strong></span> 
     </span>
    </p>
   </div>
   <div class='ocr_carea' id='block_1_109' title="bbox 1083 2309 1864 2340">
    <p class='ocr_par' dir='ltr' id='par_1_109' title="bbox 1083 2309 1864 2340">
     <span class='ocr_line' id='line_1_109' title="bbox 1083 2309 1864 2340; baseline 0.001 -4"><span class='ocrx_word' id='word_1_774' title='bbox 1083 2315 1149 2336; x_wconf 77' lang='lat' dir='ltr'><strong>um.</strong></span> <span class='ocrx_word' id='word_1_775' title='bbox 1163 2309 1245 2340; x_wconf 82' lang='lat' dir='ltr'><strong>Cujus</strong></span> <span class='ocrx_word' id='word_1_776' title='bbox 1266 2309 1316 2335; x_wconf 84' lang='lat' dir='ltr'><strong>loci</strong></span> <span class='ocrx_word' id='word_1_777' title='bbox 1345 2309 1414 2335; x_wconf 86' lang='lat' dir='ltr'><strong>hanc</strong></span> <span class='ocrx_word' id='word_1_778' title='bbox 1439 2317 1498 2336; x_wconf 86' lang='lat' dir='ltr'><strong>esse</strong></span> <span class='ocrx_word' id='word_1_779' title='bbox 1512 2311 1672 2337; x_wconf 85' lang='lat' dir='ltr'><strong>sententiam</strong></span> <span class='ocrx_word' id='word_1_780' title='bbox 1692 2318 1723 2338; x_wconf 83' lang='lat' dir='ltr'><strong>ex</strong></span> <span class='ocrx_word' id='word_1_781' title='bbox 1739 2309 1864 2339; x_wconf 74' lang='lat' dir='ltr'><strong>contextu</strong></span> 
     </span>
    </p>
   </div>
   <div class='ocr_carea' id='block_1_110' title="bbox 1083 2343 1866 2380">
    <p class='ocr_par' dir='ltr' id='par_1_110' title="bbox 1083 2343 1866 2380">
     <span class='ocr_line' id='line_1_110' title="bbox 1083 2343 1866 2380; baseline 0.006 -11"><span class='ocrx_word' id='word_1_782' title='bbox 1083 2344 1175 2380; x_wconf 71' lang='lat' dir='ltr'><strong>liquet.</strong></span> <span class='ocrx_word' id='word_1_783' title='bbox 1195 2344 1227 2369; x_wconf 81' lang='lat' dir='ltr'><strong>Et</strong></span> <span class='ocrx_word' id='word_1_784' title='bbox 1238 2351 1311 2380; x_wconf 86' lang='lat' dir='ltr'><strong>llllll&#39;|_.</strong></span> <span class='ocrx_word' id='word_1_785' title='bbox 1325 2343 1369 2375; x_wconf 75' lang='lat'><strong>55,</strong></span> <span class='ocrx_word' id='word_1_786' title='bbox 1389 2343 1481 2380; x_wconf 63' lang='grc' dir='ltr'>λοιπὸν</span> <span class='ocrx_word' id='word_1_787' title='bbox 1497 2345 1545 2371; x_wconf 76' lang='grc' dir='ltr'>καὶ</span> <span class='ocrx_word' id='word_1_788' title='bbox 1558 2346 1631 2380; x_wconf 79' lang='grc' dir='ltr'>ἡμᾶς</span> <span class='ocrx_word' id='word_1_789' title='bbox 1641 2346 1672 2372; x_wconf 87' lang='grc' dir='ltr'>οὐ</span> <span class='ocrx_word' id='word_1_790' title='bbox 1683 2347 1866 2380; x_wconf 82' lang='grc' dir='ltr'>καταγνόντας</span> 
     </span>
    </p>
   </div>
   <div class='ocr_carea' id='block_1_111' title="bbox 1084 2376 1885 2417">
    <p class='ocr_par' dir='ltr' id='par_1_111' title="bbox 1084 2376 1885 2417">
     <span class='ocr_line' id='line_1_111' title="bbox 1084 2376 1885 2417; baseline 0.007 -13"><span class='ocrx_word' id='word_1_791' title='bbox 1084 2376 1222 2417; x_wconf 74' lang='grc' dir='ltr'>βούλονται</span> <span class='ocrx_word' id='word_1_792' title='bbox 1241 2378 1400 2417; x_wconf 79' lang='grc' dir='ltr'>συμψήφους</span> <span class='ocrx_word' id='word_1_793' title='bbox 1409 2376 1489 2417; x_wconf 75' lang='grc' dir='ltr'>εἷναι,</span> <span class='ocrx_word' id='word_1_794' title='bbox 1508 2388 1554 2417; x_wconf 74' lang='lat' dir='ltr'><strong>nos</strong></span> <span class='ocrx_word' id='word_1_795' title='bbox 1568 2376 1613 2414; x_wconf 60' lang='lat' dir='ltr'><strong>qui</strong></span> <span class='ocrx_word' id='word_1_796' title='bbox 1623 2376 1660 2408; x_wconf 18' lang='lat' dir='ltr'><strong>Vde</strong></span> <span class='ocrx_word' id='word_1_797' title='bbox 1676 2376 1770 2408; x_wconf 66' lang='lat' dir='ltr'><strong>scelere</strong></span> <span class='ocrx_word' id='word_1_798' title='bbox 1783 2376 1868 2417; x_wconf 59' lang='lat' dir='ltr'><strong>(acili;</strong></span> <span class='ocrx_word' id='word_1_799' title='bbox 1880 2388 1885 2393; x_wconf 96' lang='lat'>&#39;</span> 
     </span>
    </p>
   </div>
   <div class='ocr_carea' id='block_1_112' title="bbox 1085 2414 1867 2451">
    <p class='ocr_par' dir='ltr' id='par_1_112' title="bbox 1085 2414 1867 2451">
     <span class='ocr_line' id='line_1_112' title="bbox 1085 2414 1867 2451; baseline 0.005 -11"><span class='ocrx_word' id='word_1_800' title='bbox 1085 2414 1302 2451; x_wconf 61' lang='lat' dir='ltr'><strong>cet_Athanasiii</strong></span> <span class='ocrx_word' id='word_1_801' title='bbox 1316 2415 1439 2451; x_wconf 64' lang='lat' dir='ltr'><strong>certiores</strong></span> <span class='ocrx_word' id='word_1_802' title='bbox 1452 2414 1577 2451; x_wconf 66' lang='lat' dir='ltr'><strong>[activum</strong></span> <span class='ocrx_word' id='word_1_803' title='bbox 1591 2423 1691 2451; x_wconf 59' lang='lat' dir='ltr'><strong>sumus,</strong></span> <span class='ocrx_word' id='word_1_804' title='bbox 1710 2414 1867 2451; x_wconf 57' lang='lat' dir='ltr'><strong>sibisi/fra-</strong></span> 
     </span>
    </p>
   </div>
   <div class='ocr_carea' id='block_1_113' title="bbox 1084 2448 1865 2486">
    <p class='ocr_par' dir='ltr' id='par_1_113' title="bbox 1084 2448 1865 2486">
     <span class='ocr_line' id='line_1_113' title="bbox 1084 2448 1865 2486; baseline 0.008 -13"><span class='ocrx_word' id='word_1_805' title='bbox 1084 2449 1142 2486; x_wconf 67' lang='grc' dir='ltr'>ρίτςὶ</span> <span class='ocrx_word' id='word_1_806' title='bbox 1169 2448 1428 2486; x_wconf 46' lang='grc' dir='ltr'>σοίιιηιὶ-Αιίιιξιιοεῇί</span> <span class='ocrx_word' id='word_1_807' title='bbox 1446 2449 1586 2486; x_wconf 62' lang='lat' dir='ltr'><strong>sententia</strong></span> <span class='ocrx_word' id='word_1_808' title='bbox 1602 2450 1729 2484; x_wconf 93' lang='lat' dir='ltr'><strong>liquidius</strong></span> <span class='ocrx_word' id='word_1_809' title='bbox 1752 2448 1865 2486; x_wconf 77' lang='lat' dir='ltr'><strong>apparet</strong></span> 
     </span>
    </p>
   </div>
   <div class='ocr_carea' id='block_1_114' title="bbox 1084 2483 1793 2516">
    <p class='ocr_par' dir='ltr' id='par_1_114' title="bbox 1084 2483 1793 2516">
     <span class='ocr_line' id='line_1_114' title="bbox 1084 2483 1793 2516; baseline 0.003 -6"><span class='ocrx_word' id='word_1_810' title='bbox 1084 2484 1154 2510; x_wconf 77' lang='lat' dir='ltr'><strong>infra</strong></span> <span class='ocrx_word' id='word_1_811' title='bbox 1166 2490 1239 2509; x_wconf 91' lang='lat' dir='ltr'><strong>num.</strong></span> <span class='ocrx_word' id='word_1_812' title='bbox 1252 2483 1299 2515; x_wconf 72' lang='lat'><strong>‘29,</strong></span> <span class='ocrx_word' id='word_1_813' title='bbox 1314 2484 1357 2510; x_wconf 88' lang='lat' dir='ltr'><strong>ubi</strong></span> <span class='ocrx_word' id='word_1_814' title='bbox 1372 2484 1431 2510; x_wconf 80' lang='lat' dir='ltr'><strong>vide</strong></span> <span class='ocrx_word' id='word_1_815' title='bbox 1446 2485 1499 2516; x_wconf 83' lang='lat' dir='ltr'><strong>sis;</strong></span> <span class='ocrx_word' id='word_1_816' title='bbox 1512 2489 1539 2510; x_wconf 77' lang='grc' dir='ltr'><strong>οι</strong></span> <span class='ocrx_word' id='word_1_817' title='bbox 1552 2484 1620 2511; x_wconf 82' lang='lat' dir='ltr'><strong>alias</strong></span> <span class='ocrx_word' id='word_1_818' title='bbox 1631 2483 1793 2513; x_wconf 57' lang='lat' dir='ltr'><strong>sexcenties.</strong></span> 
     </span>
    </p>
   </div>
   <div class='ocr_carea' id='block_1_115' title="bbox 1120 2518 1866 2557">
    <p class='ocr_par' dir='ltr' id='par_1_115' title="bbox 1120 2518 1866 2557">
     <span class='ocr_line' id='line_1_115' title="bbox 1120 2518 1866 2557; baseline 0.007 -14"><span class='ocrx_word' id='word_1_819' title='bbox 1120 2518 1281 2557; x_wconf 56' lang='lat' dir='ltr'><strong>lfauloinl&#39;ra</strong></span> <span class='ocrx_word' id='word_1_820' title='bbox 1307 2519 1371 2552; x_wconf 74' lang='lat' dir='ltr'><strong>Reg.</strong></span> <span class='ocrx_word' id='word_1_821' title='bbox 1388 2519 1562 2557; x_wconf 78' lang='grc' dir='ltr'>μονομερίαν.</span> <span class='ocrx_word' id='word_1_822' title='bbox 1578 2519 1661 2552; x_wconf 83' lang='lat' dir='ltr'><strong>Editi,</strong></span> <span class='ocrx_word' id='word_1_823' title='bbox 1673 2520 1866 2556; x_wconf 84' lang='grc' dir='ltr'>μονυμέρειαν,</span> 
     </span>
    </p>
   </div>
   <div class='ocr_carea' id='block_1_116' title="bbox 1086 2552 1527 2589">
    <p class='ocr_par' dir='ltr' id='par_1_116' title="bbox 1086 2552 1527 2589">
     <span class='ocr_line' id='line_1_116' title="bbox 1086 2552 1527 2589; baseline -0.005 -8"><span class='ocrx_word' id='word_1_824' title='bbox 1086 2555 1132 2581; x_wconf 85' lang='lat' dir='ltr'><strong>sed</strong></span> <span class='ocrx_word' id='word_1_825' title='bbox 1140 2552 1215 2589; x_wconf 60' lang='lat' dir='ltr'><strong>alibi</strong></span> <span class='ocrx_word' id='word_1_826' title='bbox 1220 2552 1439 2589; x_wconf 64' lang='lat' dir='ltr'><strong>settiper_povopé</strong></span> <span class='ocrx_word' id='word_1_827' title='bbox 1444 2552 1527 2589; x_wconf 82' lang='grc' dir='ltr'>ρειαν.</span> 
     </span>
    </p>
   </div>
   <div class='ocr_carea' id='block_1_117' title="bbox 1123 2587 1867 2624">
    <p class='ocr_par' dir='ltr' id='par_1_117' title="bbox 1123 2587 1867 2624">
     <span class='ocr_line' id='line_1_117' title="bbox 1123 2587 1867 2624; baseline 0.008 -12"><span class='ocrx_word' id='word_1_828' title='bbox 1123 2587 1179 2624; x_wconf 71' lang='lat'><strong>(63)</strong></span> <span class='ocrx_word' id='word_1_829' title='bbox 1201 2587 1238 2613; x_wconf 86' lang='lat' dir='ltr'><strong>De</strong></span> <span class='ocrx_word' id='word_1_830' title='bbox 1257 2588 1308 2614; x_wconf 90' lang='lat' dir='ltr'><strong>hoc</strong></span> <span class='ocrx_word' id='word_1_831' title='bbox 1319 2587 1516 2624; x_wconf 54' lang='lat' dir='ltr'><strong>Carpone&#39;vide</strong></span> <span class='ocrx_word' id='word_1_832' title='bbox 1531 2588 1598 2615; x_wconf 84' lang='lat' dir='ltr'><strong>infra</strong></span> <span class='ocrx_word' id='word_1_833' title='bbox 1623 2589 1649 2616; x_wconf 92' lang='lat' dir='ltr'><strong>in</strong></span> <span class='ocrx_word' id='word_1_834' title='bbox 1670 2589 1783 2624; x_wconf 76' lang='lat' dir='ltr'><strong>epistola</strong></span> <span class='ocrx_word' id='word_1_835' title='bbox 1803 2591 1867 2618; x_wconf 91' lang='lat' dir='ltr'><strong>Ale-</strong></span> 
     </span>
    </p>
   </div>
   <div class='ocr_carea' id='block_1_118' title="bbox 1085 2622 1867 2660">
    <p class='ocr_par' dir='ltr' id='par_1_118' title="bbox 1085 2622 1867 2660">
     <span class='ocr_line' id='line_1_118' title="bbox 1085 2622 1867 2660; baseline 0.004 -11"><span class='ocrx_word' id='word_1_836' title='bbox 1085 2622 1192 2660; x_wconf 51' lang='lat' dir='ltr'><strong>sattdri,</strong></span> <span class='ocrx_word' id='word_1_837' title='bbox 1220 2627 1248 2648; x_wconf 87' lang='lat' dir='ltr'><strong>et</strong></span> <span class='ocrx_word' id='word_1_838' title='bbox 1279 2623 1348 2656; x_wconf 82' lang='lat' dir='ltr'><strong>apud</strong></span> <span class='ocrx_word' id='word_1_839' title='bbox 1369 2623 1559 2660; x_wconf 69' lang='lat' dir='ltr'><strong>Epiphaniam,</strong></span> <span class='ocrx_word' id='word_1_840' title='bbox 1590 2622 1749 2660; x_wconf 17' lang='lat' dir='ltr'><strong>haeresi—769,</strong></span> <span class='ocrx_word' id='word_1_841' title='bbox 1770 2628 1816 2660; x_wconf 90' lang='lat' dir='ltr'><strong>qui</strong></span> <span class='ocrx_word' id='word_1_842' title='bbox 1831 2631 1867 2652; x_wconf 75' lang='lat' dir='ltr'><strong>ait</strong></span> 
     </span>
    </p>
   </div>
   <div class='ocr_carea' id='block_1_119' title="bbox 1083 2656 1866 2698">
    <p class='ocr_par' dir='ltr' id='par_1_119' title="bbox 1083 2656 1866 2698">
     <span class='ocr_line' id='line_1_119' title="bbox 1083 2656 1866 2698; baseline 0.005 -14"><span class='ocrx_word' id='word_1_843' title='bbox 1083 2657 1154 2698; x_wconf 78' lang='lat' dir='ltr'><strong>hunc</strong></span> <span class='ocrx_word' id='word_1_844' title='bbox 1168 2656 1320 2698; x_wconf 72' lang='lat' dir='ltr'><strong>Carponem</strong></span> <span class='ocrx_word' id='word_1_845' title='bbox 1335 2665 1414 2684; x_wconf 84' lang='lat' dir='ltr'><strong>unam</strong></span> <span class='ocrx_word' id='word_1_846' title='bbox 1431 2665 1463 2685; x_wconf 81' lang='lat' dir='ltr'><strong>ex</strong></span> <span class='ocrx_word' id='word_1_847' title='bbox 1474 2659 1663 2687; x_wconf 81' lang='lat' dir='ltr'><strong>Alexandrinis</strong></span> <span class='ocrx_word' id='word_1_848' title='bbox 1675 2656 1805 2688; x_wconf 70' lang='lat' dir='ltr'><strong>Ecclesiis</strong></span> <span class='ocrx_word' id='word_1_849' title='bbox 1819 2662 1866 2688; x_wconf 85' lang='lat' dir='ltr'><strong>ad-</strong></span> 
     </span>
    </p>
   </div>
   <div class='ocr_carea' id='block_1_120' title="bbox 1085 2697 1264 2720">
    <p class='ocr_par' dir='ltr' id='par_1_120' title="bbox 1085 2697 1264 2720">
     <span class='ocr_line' id='line_1_120' title="bbox 1085 2697 1264 2720; baseline 0 -2"><span class='ocrx_word' id='word_1_850' title='bbox 1085 2697 1264 2720; x_wconf 72' lang='lat' dir='ltr'><strong>mtttlslrasse.</strong></span> 
     </span>
    </p>
   </div>
   <div class='ocr_carea' id='block_1_121' title="bbox 1120 2726 1867 2764">
    <p class='ocr_par' dir='ltr' id='par_1_121' title="bbox 1120 2726 1867 2764">
     <span class='ocr_line' id='line_1_121' title="bbox 1120 2726 1867 2764; baseline 0.005 -12"><span class='ocrx_word' id='word_1_851' title='bbox 1120 2726 1176 2761; x_wconf 70' lang='lat'><strong>(64)</strong></span> <span class='ocrx_word' id='word_1_852' title='bbox 1198 2726 1299 2764; x_wconf 89' lang='lat' dir='ltr'><strong>_Pist_us</strong></span> <span class='ocrx_word' id='word_1_853' title='bbox 1332 2727 1403 2755; x_wconf 86' lang='lat' dir='ltr'><strong>inter</strong></span> <span class='ocrx_word' id='word_1_854' title='bbox 1434 2726 1597 2756; x_wconf 81' lang='lat' dir='ltr'><strong>Mareoticos</strong></span> <span class='ocrx_word' id='word_1_855' title='bbox 1629 2730 1804 2764; x_wconf 85' lang='lat' dir='ltr'><strong>presbyteros</strong></span> <span class='ocrx_word' id='word_1_856' title='bbox 1834 2730 1867 2757; x_wconf 86' lang='lat' dir='ltr'><strong>ah</strong></span> 
     </span>
    </p>
   </div>
   <div class='ocr_carea' id='block_1_122' title="bbox 1086 2761 1866 2799">
    <p class='ocr_par' dir='ltr' id='par_1_122' title="bbox 1086 2761 1866 2799">
     <span class='ocr_line' id='line_1_122' title="bbox 1086 2761 1866 2799; baseline 0.005 -11"><span class='ocrx_word' id='word_1_857' title='bbox 1086 2761 1239 2799; x_wconf 73' lang='lat' dir='ltr'><strong>Alexandro</strong></span> <span class='ocrx_word' id='word_1_858' title='bbox 1251 2762 1393 2799; x_wconf 79' lang='lat' dir='ltr'><strong>damnatos</strong></span> <span class='ocrx_word' id='word_1_859' title='bbox 1415 2769 1580 2799; x_wconf 76' lang='lat' dir='ltr'><strong>meritoratur</strong></span> <span class='ocrx_word' id='word_1_860' title='bbox 1611 2761 1636 2791; x_wconf 82' lang='lat' dir='ltr'><strong>in</strong></span> <span class='ocrx_word' id='word_1_861' title='bbox 1666 2761 1778 2799; x_wconf 71' lang='lat' dir='ltr'><strong>epistola</strong></span> <span class='ocrx_word' id='word_1_862' title='bbox 1792 2767 1866 2798; x_wconf 88' lang='lat' dir='ltr'><strong>ejus-</strong></span> 
     </span>
    </p>
   </div>
   <div class='ocr_carea' id='block_1_123' title="bbox 1086 2797 1866 2834">
    <p class='ocr_par' dir='ltr' id='par_1_123' title="bbox 1086 2797 1866 2834">
     <span class='ocr_line' id='line_1_123' title="bbox 1086 2797 1866 2834; baseline 0.005 -9"><span class='ocrx_word' id='word_1_863' title='bbox 1086 2798 1147 2825; x_wconf 81' lang='lat' dir='ltr'><strong>dem</strong></span> <span class='ocrx_word' id='word_1_864' title='bbox 1172 2797 1317 2825; x_wconf 78' lang='lat' dir='ltr'><strong>Alexandri</strong></span> <span class='ocrx_word' id='word_1_865' title='bbox 1330 2798 1363 2825; x_wconf 89' lang='lat' dir='ltr'><strong>ad</strong></span> <span class='ocrx_word' id='word_1_866' title='bbox 1383 2798 1484 2826; x_wconf 79' lang='lat' dir='ltr'><strong>calcem</strong></span> <span class='ocrx_word' id='word_1_867' title='bbox 1496 2806 1606 2834; x_wconf 88' lang='lat' dir='ltr'><strong>operum</strong></span> <span class='ocrx_word' id='word_1_868' title='bbox 1629 2797 1770 2828; x_wconf 44' lang='lat' dir='ltr'><strong>Athanasii</strong></span> <span class='ocrx_word' id='word_1_869' title='bbox 1788 2797 1866 2829; x_wconf 73' lang='lat' dir='ltr'><strong>casa.</strong></span> 
     </span>
    </p>
   </div>
  </div>
