2031 3048
177 171 230 199 289

723 171 894 200 APOLOGIA
916 171 1055 201 CONTRA
1073 173 1234 204 ARIANOS.

1741 179 1794 208 290

177 226 332 260 πεισθέντες
345 228 434 264 ἡμεῖς,
446 228 517 255 ὥστε
528 229 619 264 Πιστῷ
629 228 668 264 τῷ
685 229 814 266 ’Δρειανῷ
825 230 880 267 (65)
896 231 950 267 γρά

1013 235 1100 259 ctores
1112 232 1192 269 114
1203 236 1290 266 erant,
1301 237 1330 261 ut
1341 241 1464 270 magnam
1475 236 1604 271 synodum
1616 236 1795 272 vilipendere—

175 274 236 309 ψαι,
251 273 267 310 ἤ
281 275 306 300 οἱ
318 274 546 310 συμϐουλεύοντες
561 276 692 311 ἀτιμάσαι
703 276 752 312 τὴν
767 277 887 313 μεγάλην
902 276 963 303 σύν-

175 319 244 351 οδον,
272 320 319 346 καὶ
347 321 402 352 τοῖς
427 320 551 348 ἀσεϐέσιν
575 321 613 352 ὡς
626 321 749 348 εὐσεϐέσι
765 321 886 357 γράψαις
908 321 964 349 Καὶ

175 364 229 400 γὰρ
248 365 295 391 καὶ
311 366 452 400 Μακάριος
473 367 487 392 ό
501 366 695 403 πρεσϐύτερος,
713 368 727 394 ὁ
743 368 815 403 παρὰ
831 368 962 394 Εὑσεϐίου

175 409 246 445 μετὰ
271 410 325 437 τῶν
343 411 405 447 περὶ
420 411 576 448 Μαρτύριον
598 412 770 446 ἀποσταλεὶς,
793 414 831 445 ὼς
849 414 963 450 ῆκουσεν

174 456 337 489 ὲπιστάντας
352 458 415 490 τοὺς
438 458 639 495 πρεσϐυτέρους
661 460 829 494 Ἀθανασίου,
856 463 963 498 ἐκδεχο-

175 501 263 537 μένων
290 502 367 538 ήμῶν
390 503 439 539 τὴν
467 505 618 541 παρουσίαν
639 505 721 533 αὑτοῦ
746 507 815 542 μετὰ
830 508 884 536 τῶν
898 508 962 546 περὶ

172 547 331 584 Μαρτύριον
358 550 405 576 καὶ
422 550 558 586 Ἦσύχιον,
575 551 737 588 ἀπεδήμησε
760 554 856 586 νυκτὸς
872 556 960 583 καίτοι

172 593 257 621 νοσῶν
267 594 305 630 τῷ
319 594 439 631 σώματι·
457 596 493 628 ὡς
506 598 538 624 ἐκ
553 597 647 624 τούτου
661 598 752 626 λοιπὸν
764 601 836 635 ἡμᾶς
849 601 961 629 ἀκολού-

172 639 227 671 θως
253 641 430 676 στοχάζεσθαι
446 642 512 679 (66),
533 644 584 676 ὃτι,
611 646 803 682 αἰσχυνόμενος
827 649 873 676 τὸν
890 650 960 678 κατὰ

171 685 271 712 Πιστοῦ
288 687 407 722 ἔλεγχον,
421 689 603 725 ἀνεχώρησεν.
626 691 767 720 Ἀδύνατον
781 694 833 730 γὰρ
845 695 894 732 τὴν
911 705 960 724 κα-

170 731 300 759 τάστασιν
316 734 460 761 Σεκούνδου
486 735 533 762 τοῦ
556 736 695 772 Ἀρειανοῦ
719 739 748 765 ὲν
770 741 802 776 τῇ
827 731 957 779 καθολικῇ

177 778 323 815 Ἐκκλησία
346 780 462 816 ἰσχῦσαι.
484 781 593 818 Ἀτιμία
612 783 666 820 γὰρ
682 784 788 821 άληθῶς
802 787 870 823 αὕτη
887 789 958 816 κατὰ

168 823 218 860 τῆς
237 825 346 852 συνόδου
363 827 410 853 καὶ
427 827 481 854 τῶν
504 829 533 855 ἐν
558 829 626 865 αὐτῇ
651 830 830 860 συνελθόντων
846 833 957 862 ἐπισκό-

168 879 238 903 πων,
254 871 300 898 ἐὰν
314 872 347 898 τά
367 873 435 908 μετὰ
447 874 580 911 τοσαύτης
599 877 718 912 σπουδῆς
743 878 790 905 καὶ
804 879 953 915 εὐλαϐείας,

167 916 204 948 ὡς
217 917 284 944 Θεοῦ
297 919 440 954 παρόντος,
453 921 598 956 γενόμενα,
613 923 674 950 ἀντὶ
691 923 803 960 μηδενὸς
817 925 895 962 λυθῇ.

201 963 246 990 25.
264 964 350 1000 Εἴπερ
361 963 418 998 οὖν,
432 965 470 998 ὡς
494 968 624 1002 γράφετε,
641 970 674 997 ἐκ
691 970 737 997 τοῦ
752 972 822 999 κατὰ
836 974 956 1003 Νοϐᾶτον

167 1011 213 1037 καὶ
239 1010 285 1037 τὸν
309 1012 468 1046 Σαμοσατέα
493 1014 599 1041 Παῦλον
622 1016 840 1053 παραδείγματος
854 1020 889 1047 τὰ
903 1021 957 1049 τῶν

166 1056 282 1083 συνόδων
300 1057 402 1092 ίσχύειν
417 1057 538 1093 δόγματα
554 1059 617 1096 χρὴ,
632 1061 685 1088 ἔδει
705 1063 806 1098 μᾶλλον
819 1065 856 1102 μὴ
874 1066 955 1104 mea-

165 1110 209 1128 ναι
226 1102 278 1129 τῶν
290 1104 454 1138 τριακοσίων
479 1106 528 1138 τὴν
551 1106 651 1142 ψῆφον,
666 1108 719 1135 ἔδει
746 1111 795 1146 τὴν
812 1102 956 1150 καθολικῆν

166 1147 273 1174 σύνοδον
290 1148 342 1175 ὑπὸ
358 1149 411 1175 τῶν
434 1150 531 1185 ὀλίγων
546 1152 583 1188 μὴ
606 1153 798 1189 ἀτιμασθῆναι.
820 1147 957 1193 Λίρετικοὶ

165 1193 219 1229 γὰρ
232 1194 257 1220 oi.
277 1195 419 1230 Ἀρειανοὶ,
432 1195 525 1233 ὥσπερ
540 1198 669 1231 κάκεῖνοι,
681 1201 728 1227 καὶ
741 1201 831 1237 ὅμοιαι
845 1204 873 1229 αἱ
887 1205 956 1232 κατὰ

163 1239 266 1267 τούτων
289 1240 374 1276 ψῆφοι
394 1243 453 1274 ταῖς
477 1244 537 1269 κατ’
549 1244 669 1272 ἐκείνων.
686 1246 794 1274 Τούτων
813 1248 841 1275 δὲ
856 1250 956 1287 τολμη-

164 1284 275 1317 θέντων,
296 1287 368 1318 τίνες
395 1287 464 1314 είσὶν
480 1289 504 1314 οἱ
534 1289 619 1324 φλόγα
636 1290 768 1325 διχονοίας
785 1284 953 1329 ἀνάψαντεςτ

163 1331 237 1366 ἡμᾶς
253 1333 307 1366 γὰρ
321 1332 399 1359 τοῦτο
414 1334 591 1369 πεποιηκέναι
606 1336 760 1371 γράψαντες
783 1339 953 1375 ἐμέμψασθε.

163 1373 226 1412 ’Ἆρ’
243 1375 381 1413 οὗνὴμεῖς
398 1379 530 1414 διχονοίας
544 1382 731 1418 εἰργασάμεθα
749 1385 774 1410 oi.
794 1373 955 1421 συναλγοῦν-

163 1430 209 1454 τες
225 1424 282 1454 τοῖς
298 1424 448 1459 πάσχουσιν
461 1425 596 1460 ἀδελφοῖς,
609 1428 655 1454 καὶ
669 1429 740 1456 κατὰ
754 1431 852 1459 κανόνα
866 1433 954 1461 πάντα

163 1469 363 1505 πεποιηκότες;
380 1470 395 1505 ἢ
414 1472 438 1497 οἰ
463 1471 621 1506 φιλονείκως
634 1475 680 1501 καὶ
692 1476 765 1511 παρὰ
784 1479 884 1506 κανόνα
899 1480 953 1507 τῶν

162 1515 323 1550 τριακοσίων
353 1517 402 1552 τὴν
425 1517 514 1553 ψῆφον
536 1518 676 1553 λύσαντες,
703 1523 836 1551 καὶκατὰ
864 1525 952 1553 πάντα

162 1560 210 1596 τὴν
224 1561 330 1588 σύνοδον
345 1563 526 1599 ἀτιμάσαντες
539 1573 545 1597 ;
566 1566 602 1592 Οὐ
617 1567 671 1602 γὰρ
687 1568 764 1603 μόνον
775 1570 798 1596 οἱ
819 1571 950 1607 Ἀρειανοὶ

162 1607 319 1643 ἐδέχθησαν,
337 1609 403 1636 ἀλλὰ
419 1610 465 1637 καὶ
479 1611 533 1637 ἀπὸ
549 1612 632 1638 τόπου
648 1614 687 1645 είς
703 1614 783 1642 τόπον
802 1617 951 1655 μεμελετή-

162 1662 241 1680 κασιν
256 1654 397 1681 ἐπίσκοποι
417 1655 563 1683 διαϐαίνειν
581 1658 647 1692 (6⁷1).
662 1659 693 1685 Εἰ
709 1658 755 1687 οὖν
765 1661 871 1698 άληθῶς
889 1654 949 1700 ίσῆν

161 1699 209 1726 καὶ
220 1699 268 1735 τὴν
280 1700 363 1736 αὐτὴν
374 1701 482 1736 ἡγεῖσθε
496 1702 578 1738 τιμὴν
594 1703 648 1730 τῶν
665 1705 830 1740 ἐπισκόπων,
851 1710 897 1736 καὶ

162 1746 194 1772 ἐκ
206 1746 251 1772 τοῦ
276 1746 406 1781 μεγέθους
421 1747 474 1774 τῶν
499 1748 612 1781 πόλεων,
630 1750 667 1782 ὡς
692 1752 821 1787 γράφετε,
841 1755 946 1789 κρίνετε

161 1791 223 1823 τοὺς
242 1792 416 1825 ἐπισκόπους,
434 1793 486 1820 ἔδει
501 1794 547 1821 τὸν
563 1798 775 1832 πεπιστευμένον
786 1801 885 1836 μικρὰν
898 1802 947 1836 μὲ-

160 1846 215 1864 νειν
236 1839 263 1864 ὲν
293 1840 325 1874 τῇ
353 1839 539 1879 πιστευθείσῃ,
557 1842 604 1868 καὶ
622 1843 659 1878 μὴ
687 1844 835 1876 ἐξουθενεῖν
852 1847 901 1882 μὲν
915 1848 946 1875 τὸ

160 1886 373 1922 πεπιστευμένον
389 1887 454 1923 (68),
474 1889 644 1923 μεταϐαίνειν
655 1890 682 1916 δὲ
694 1892 732 1924 εἰς
745 1892 794 1928 τὴν
808 1893 844 1929 μὴ
861 1895 946 1930 ἐγχει-

161 1931 307 1966 ρισθεῖσαν,
332 1933 375 1959 ἴνα
395 1933 445 1968 τῆς
471 1934 520 1969 μὲν
537 1935 612 1971 παρὰ
634 1935 700 1963 Θεοῦ
720 1938 842 1975 δοθείσης
861 1949 945 1968 κατα-

160 1980 256 2014 φρονῇ.
273 1978 320 2014 τὴν
337 1979 365 2006 δὲ
388 1979 442 2006 τῶν
467 1980 615 2016 ἀνθρώπων
634 1983 784 2017 κενοδοξίαν
803 1985 941 2022 ὰγαπήσῃ.

160 2023 274 2057 Οὐκοῦν,
292 2025 439 2060 ἀγαπητοὶ,
453 2025 505 2053 ἔδει
521 2027 683 2063 ἀπαντῆσαι,
697 2030 743 2056 καὶ
760 2030 795 2065 μὴ
812 2033 944 2068 παραιτή-

160 2069 267 2103 σασθαι,
282 2071 323 2097 ἵνα
337 2072 384 2098 καὶ
399 2072 474 2103 τέλος
489 2072 556 2109 λάῦῃ
572 2074 602 2100 τὸ
622 2076 736 2111 πρᾶγμα
747 2085 754 2092 ·
769 2076 846 2104 τοῦτο
861 2078 914 2114 γὰρ
928 2079 943 2105 ό

159 2114 236 2149 λόγος
257 2116 376 2143 ἀπαιτεῖ.
407 2117 475 2144 Ἀλλ’
496 2118 560 2150 ἴσως
584 2120 600 2155 ἡ
617 2121 770 2157 προθεσμία
787 2123 940 2151 ὲνετιόδισε³

159 2161 312 2198 γράψαντες
331 2162 385 2199 γὰρ
405 2164 572 2199 ἐμέμψασθε,
594 2166 635 2192 ὅτι
656 2167 751 2203 στενὴν
767 2168 815 2204 τὴν
845 2171 942 2206 προθε-

159 2207 242 2242 σμίαν
253 2208 303 2243 τῆς
319 2209 424 2235 συνόδου
432 2209 569 2246 ὠρίσαμεν
579 2219 586 2227 ·
600 2212 667 2238 ἀλλὰ
677 2213 820 2247 καὶτοῦτο,
835 2215 942 2252 ἀγαπη-

156 2254 207 2287 τοὶ,
225 2254 359 2290 πρόφασίς
383 2256 464 2282 ἐστιν.
491 2257 521 2283 Εἰ
546 2258 660 2294 μὲνγὰρ
677 2260 838 2295 ἐρχομένους
866 2263 941 2296 τινὰς
956 2275 978 2302 D

157 2299 328 2326 συνέκλεισεν
346 2302 362 2336 ἡ
380 2302 480 2337 ἡμέρα,
510 2303 602 2330 στενὸν
625 2303 658 2330 ἃν
683 2305 714 2331 τὺ
742 2306 875 2342 διάστημα
892 2308 941 2343 τῆς

156 2345 324 2381 προθεσμίας
336 2346 455 2382 ἠλέγχθη
468 2356 474 2362 ·
487 2349 511 2374 εἰ
528 2348 556 2374 δὲ
571 2349 595 2375 oi
618 2350 703 2376 ἐλθεῖν
721 2351 757 2386 μὴ
776 2350 941 2387 βουλόμενοι,

155 2393 341 2428 κατεσχήκασι
356 2394 403 2420 καὶ
417 2395 481 2426 τοὺς
510 2395 710 2431 πρεσϐυτέρους
728 2396 780 2429 ἕως
796 2398 940 2426 αὐτοῦτοῦ

161 2438 324 2476 Ἰανουαρίου
337 2441 391 2475 (69)
411 2441 503 2477 μηνὸς,
520 2443 557 2478 μὴ
575 2443 745 2479 θαρρούντων
759 2444 832 2471 ἐστὶν
845 2446 861 2480 ἡ
875 2446 941 2481 πρό-

155 2494 236 2520 φασις
248 2484 348 2522 ’ἦλθον
362 2487 416 2523 γάρ
430 2487 473 2520 ἂν,
490 2488 528 2520 ὠς
544 2490 684 2524 προεῖπον,
703 2491 728 2516 εί
749 2489 889 2526 ὲθάῤῥουν,
909 2492 939 2518 οὺ

155 2532 222 2567 πρὸς
237 2532 268 2559 τὸ
285 2533 422 2568 διάστημα
444 2534 494 2569 τῆς
509 2534 569 2560 ὀδοῦ
590 2535 762 2568 σκοποῦντες,
785 2537 845 2564 οὐδὲ
872 2538 940 2574 πρὸς

153 2577 202 2614 τὴν
212 2579 379 2615 προθεσμίαν
404 2580 530 2616 ὁρῶντες,
555 2581 611 2608 ἀλλ’
626 2582 672 2608 ἐπὶ
695 2583 751 2614 τοῖς
763 2583 876 2616 δικαίοις
891 2586 938 2612 καὶ

174 2636 245 2682 id?)
260 2637 304 2682 S’ic
323 2636 389 2672 Reg.
403 2641 429 2664 et
442 2637 521 2665 Basil.
535 2638 604 2665 Editi
616 2646 679 2666 vero
695 2641 832 2674 mendose,
842 2642 934 2677 Πιστῷ

153 2672 192 2708 τῷ
210 2672 316 2708 Ἀρείῳ.
825 2672 829 2674 ’
919 2672 925 2677 ’

173 2706 245 2746 ⁸(66)
261 2708 306 2734 Sic
327 2706 393 2742 Reg.
423 2712 450 2735 et
466 2707 546 2735 Basil.
573 2708 643 2736 Editi
658 2717 731 2742 vero,
750 2710 934 2746 ἀποστοχάζε-

154 2742 226 2769 σθαι.

189 2777 245 2813 (67)
270 2776 416 2815 Eusebium
430 2778 517 2812 carpit
537 2779 582 2812 qui
601 2778 691 2815 relicta
709 2779 849 2815 Bm-ytensi
870 2782 934 2809 sede

151 2812 384 2852 Nicomediensem
395 2818 551 2852 occuparat,
565 2821 597 2840 ac
614 2814 719 2852 demum
739 2812 807 2843 hanc
827 2824 934 2852 quoque

151 2848 308 2884 repudians,
319 2848 644 2884 Constantinopolitanam
663 2849 808 2877 invaserat.
825 2848 934 2884 Qum‘de

149 2883 215 2912 sede
241 2883 267 2909 in
288 2882 379 2911 sedem
402 2882 541 2911 translatio
568 2891 673 2911 canone
698 2884 806 2914 Nicaeno
829 2882 933 2915 decimo

151 2918 246 2952 quinto
256 2917 425 2953 prohibetur.

309 2968 445 2998 PA'l‘ROL.
467 2967 524 2997 Gn.
545 2966 646 2998 XXV.

1014 285 1083 311 mus,
1092 284 1118 305 et
1127 279 1225 313 impiis,
1234 280 1310 314 quasi
1319 279 1355 314 pii
1367 279 1489 314 fuissent,
1499 281 1600 310 litteras
1611 283 1796 313 mitteremus?

1013 322 1079 350 Nam
1096 323 1229 352 Macarius
1243 326 1299 360 ipse
1311 326 1462 362 presbyter,
1479 328 1524 362 qui
1538 336 1600 356 cum
1614 328 1742 365 Martyrio
1759 330 1795 357 ab

1013 368 1130 397 Eusebio
1147 371 1246 398 missus
1258 377 1315 401 est,
1332 375 1361 399 ut
1384 372 1487 400 audivit
1503 373 1605 401 instare
1621 375 1795 411 presbyteros

1012 414 1165 449 Athanasii,
1175 424 1235 444 cum
1249 425 1298 445 nos
1309 424 1529 453 exspectaremus
1540 425 1570 447 ut
1583 428 1634 447 una
1647 429 1708 449 cum
1723 421 1795 450 Mar-

1013 462 1083 497 tyrio
1097 467 1124 489 et
1140 462 1273 498 Hesychia
1287 472 1386 498 lcoram
1403 465 1480 493 nobis
1502 474 1532 495 se
1547 467 1665 500 sisteret,
1681 476 1795 504 corpore

1011 507 1074 535 licet
1084 515 1164 543 anger,
1178 514 1256 536 noctu
1271 511 1418 544 abscessit;
1434 516 1462 539 ut
1476 512 1539 539 hinc
1550 520 1600 540 nos
1616 514 1712 542 merito
1727 522 1794 542 con-

1007 551 1163 586 jicereinus,
1182 562 1242 582 eum
1258 555 1320 584 ideo
1341 557 1510 590 discessisse,
1534 559 1606 594 quod
1624 566 1654 587 se
1680 560 1794 595 puderet

1009 597 1113 625 Pistum
1131 600 1287 628 convictum
1301 601 1336 629 iri
1352 611 1359 630 :
1374 610 1434 630 cum
1453 603 1618 638 impossibile
1632 609 1705 633 esset
1717 606 1793 633 crdi-

1009 643 1146 673 nationern
1164 645 1280 675 Secundi
1298 648 1392 676 Ariani
1414 649 1440 677 in
1459 650 1580 679 Ecclesia
1600 652 1703 680 valere.
1724 651 1793 681 illud

1009 690 1080 718 enim
1104 700 1198 720 revera
1219 695 1321 729 synodo
1334 699 1363 723 et
1378 696 1515 732 episcopis
1537 698 1583 733 qui
1599 699 1626 726 in
1641 706 1673 727 ea
1695 707 1794 730 conve-

1009 743 1074 764 nere
1089 740 1314 768 contumeliosum
1334 747 1417 775 esset.
1435 743 1459 771 si
1475 751 1535 778 qua
1550 743 1588 772 illi
1611 749 1686 775 tanto
1702 747 1792 776 studio

1008 789 1040 810 ac
1060 784 1170 818 pietate,
1187 786 1265 821 quasi
1289 788 1342 815 Deo
1363 794 1498 824 praesente
1513 791 1645 827 egissent,
1665 797 1793 829 tanquam

1008 829 1073 857 nulli
1089 832 1168 866 pretii
1185 832 1392 868 abrogarentur.

1042 965 1086 993 25.
1105 966 1133 994 Si
1157 966 1250 1002 igitur,
1272 969 1311 996 uti
1332 970 1470 1002 scribitis.
1491 979 1526 1000 ex
1543 971 1640 1002 Novati
1664 979 1691 1003 et
1715 975 1792 1005 Pauli

1007 1010 1206 1040 Samosatensis
1222 1015 1357 1050 exemplo,
1374 1018 1538 1053 synodorum
1556 1019 1683 1055 dogmata
1698 1023 1791 1058 vigere

1005 1062 1138 1092 oportet:
1162 1064 1236 1086 certe
1268 1060 1353 1088 multo
1379 1064 1464 1098 magis
1489 1064 1580 1093 decuit
1605 1069 1789 1097 trecentorum

1005 1103 1193 1139 episcoporum
1214 1105 1323 1133 decreta
1341 1115 1393 1135 non
1417 1108 1494 1137 irrita
1513 1110 1582 1144 fieri,
1605 1119 1655 1140 nec
1678 1114 1790 1142 univer-

1005 1149 1088 1177 saiem
1111 1150 1243 1185 synodum
1264 1159 1279 1178 a
1295 1153 1388 1186 paucis
1403 1156 1551 1186 contemni.
1568 1157 1694 1186 Haeretici
1716 1161 1789 1189 enim

1005 1199 1067 1223 sunt
1088 1196 1181 1223 Ariani
1202 1204 1279 1231 mque
1299 1206 1331 1226 ac
1351 1199 1400 1232 illi,
1425 1200 1556 1236 pariaque
1576 1208 1670 1230 contra
1695 1205 1744 1233 hos
1758 1213 1791 1234 ac

1005 1245 1097 1267 contra
1115 1240 1175 1268 illos
1193 1242 1302 1270 decreta
1326 1243 1460 1277 prodiere.
1477 1245 1544 1273 Cum
1558 1246 1626 1275 tales
1645 1256 1729 1278 ausus
1749 1251 1791 1277 vi-

1005 1287 1134 1320 derimus,
1160 1288 1272 1323 quinam
1298 1289 1439 1317 discordiae
1461 1290 1598 1320 ﬂammam
1624 1295 1789 1324 accendere?

1004 1340 1053 1360 nos
1065 1333 1136 1360 enim
1153 1338 1181 1360 ut
1198 1334 1243 1368 qui
1260 1334 1318 1362 haec
1338 1334 1482 1364 fecerimus
1496 1340 1624 1373 arguistis
1646 1341 1673 1368 in
1688 1341 1787 1371 litteris

1003 1379 1112 1407 vestris.
1127 1379 1218 1407 Nosne
1233 1380 1397 1409 discordiam
1423 1383 1588 1418 indusimus,
1606 1387 1653 1420 qui
1671 1387 1788 1415 amicio-

1003 1432 1062 1452 rum
1080 1424 1193 1453 fratrum
1212 1427 1298 1454 vicem
1319 1428 1452 1462 dolemus,
1476 1434 1504 1457 et
1527 1432 1617 1459 omnia
1639 1435 1788 1463 secundum

1003 1479 1132 1499 canonem
1155 1472 1277 1507 egimus?
1299 1481 1388 1501 annon
1408 1475 1497 1509 potius
1511 1477 1557 1511 qui
1575 1481 1747 1508 contentiose
1760 1486 1789 1508 et

1003 1522 1096 1544 contra
1112 1525 1254 1551 canonem,
1277 1523 1460 1548 trecentorum
1475 1521 1583 1550 decreta
1597 1524 1744 1558 violarunt,
1760 1531 1788 1555 et

1003 1563 1030 1589 in
1056 1564 1182 1592 omnibus
1204 1566 1335 1600 synodum
1353 1569 1591 1603 contempserunt?
1615 1570 1674 1598 Non
1700 1573 1787 1601 solum

1003 1609 1074 1636 enim
1088 1609 1181 1637 Ariani
1194 1611 1314 1644 admissi,
1326 1613 1372 1639 sed
1385 1618 1411 1640 et
1424 1621 1438 1641 a
1456 1614 1516 1642 loco
1531 1615 1556 1642 in
1569 1615 1656 1644 locum
1667 1618 1787 1654 episcopi

1002 1662 1062 1682 sese
1082 1657 1231 1684 transferre
1247 1657 1334 1685 moliti
1357 1664 1431 1686 sunt.
1454 1659 1482 1687 Si
1506 1660 1587 1695 igitur
1606 1670 1669 1691 vere
1692 1672 1786 1699 parem

1002 1701 1181 1736 eumdemque
1193 1702 1353 1731 existimatis
1365 1704 1552 1740 episcoporum
1566 1707 1695 1736 honorem
1712 1718 1718 1736 :
1735 1719 1785 1739 nec

1001 1753 1034 1774 ex
1050 1747 1233 1782 magnitudine
1254 1748 1404 1781 civitatum,
1425 1751 1463 1777 uti
1485 1751 1618 1785 scribitis,
1641 1755 1785 1790 episcopo-

1001 1802 1059 1822 rum
1077 1795 1234 1830 dignitatem
1258 1797 1400 1829 metimini,
1421 1800 1540 1832 oportuit
1560 1807 1621 1826 cum
1641 1801 1684 1828 cui
1700 1809 1784 1836 parva

1000 1841 1095 1868 civitas
1103 1842 1258 1868 concredita
1266 1842 1364 1875 fuerat,
1378 1843 1404 1869 in
1415 1843 1458 1870 illa
1469 1851 1590 1877 manere,
1601 1853 1650 1874 nec
1659 1853 1784 1875 contem-

998 1893 1043 1922 pta
1056 1887 1099 1915 illa
1111 1895 1169 1922 quae
1183 1888 1233 1915 sibi
1243 1889 1345 1916 credita
1359 1891 1470 1922 erat,ad
1480 1890 1560 1918 aliam
1576 1892 1626 1920 sibi
1641 1901 1693 1921 non
1706 1903 1783 1922 com-

998 1935 1108 1961 missam
1127 1935 1261 1968 transire;
1279 1935 1315 1962 ita
1330 1940 1359 1962 ut
1370 1943 1429 1971 eam
1446 1944 1505 1970 qua
1517 1937 1566 1965 sibi
1582 1947 1597 1965 ιι
1613 1939 1668 1966 Deo
1682 1942 1782 1969 tradita

996 1985 1038 2007 est
1052 1980 1212 2015 despiceret,
1228 1981 1334 2009 inanem
1352 1990 1417 2010 vero
1435 1983 1575 2012 hominum
1599 1986 1712 2021 gloriam
1735 1995 1782 2016 ex-

996 2032 1110 2062 optaret.
1120 2028 1200 2062 Ergo,
1209 2029 1388 2061 dilectissimi.
1397 2031 1515 2064 oportuit
1527 2039 1572 2059 vos
1582 2033 1781 2069 hucaceedere,

996 2079 1023 2100 et
1041 2081 1093 2100 non
1115 2074 1243 2107 abnuere,
1265 2082 1318 2109 quo
1336 2076 1471 2110 negotium
1485 2078 1517 2104 ad
1534 2077 1614 2105 finem
1629 2080 1780 2108 deducere-

997 2124 1058 2146 tur:
1073 2120 1098 2146 id
1111 2121 1181 2147 enim
1196 2121 1264 2147 ratio
1277 2122 1403 2154 postulat.
1417 2121 1468 2150 Sed
1483 2123 1599 2152 fortasse
1614 2126 1777 2160 praefinitum

996 2171 1102 2201 tempus
1121 2167 1146 2194 id
1164 2167 1238 2195 vobis
1253 2175 1305 2195 non
1322 2169 1462 2202 permisit;
1481 2170 1506 2196 in
1524 2170 1622 2198 litteris
1645 2172 1717 2198 enim
1733 2180 1779 2199 ve-

995 2214 1059 2240 stris
1072 2214 1214 2248 conquesti
1228 2215 1293 2242 estis
1307 2215 1340 2242 ad
1360 2215 1490 2251 synodum
1506 2217 1664 2251 cogendam,
1691 2225 1779 2252 angn-

994 2265 1064 2286 stum
1089 2261 1218 2295 temporis
1240 2261 1355 2295 spatium
1383 2269 1431 2289 nos
1455 2262 1610 2289 definivisse
1627 2263 1690 2290 :setl
1713 2264 1776 2296 hoc,

993 2306 1094 2338 dilecti,
1117 2315 1191 2334 mera
1208 2307 1343 2334 cavillatio
1357 2312 1408 2335 est.
1425 2307 1492 2334 Nam
1515 2307 1536 2335 si
1554 2316 1624 2342 quos
1638 2309 1693 2341 jam
1709 2317 1775 2344 pro-

992 2353 1079 2380 fectos
1096 2353 1153 2381 dies
1166 2353 1210 2380 ille
1231 2354 1425 2388 praevertisset,
1448 2359 1590 2389 angustum
1608 2363 1675 2383 sane
1691 2355 1776 2384 fuisse

992 2398 1116 2432 praeiiniti
1132 2399 1261 2432 temporis
1277 2398 1393 2433 spatium
1411 2398 1497 2433 palam
1511 2404 1590 2426 esset.
1603 2399 1669 2426 Cum
1684 2405 1774 2427 autem

993 2444 1010 2471 ii
1023 2444 1121 2478 quibus
1141 2444 1270 2471 accedere
1294 2451 1346 2471 non
1370 2443 1458 2476 libuit,
1482 2446 1653 2480 presbyteros
1668 2453 1775 2480 quoque

992 2498 1078 2524 usque
1089 2489 1122 2517 ad
1134 2497 1254 2516 mensem
1266 2489 1423 2517 Januarium
1436 2490 1609 2522 detinuerint,
1622 2498 1695 2519 mera
1708 2499 1774 2520 sane

992 2535 1128 2563 cavillatio
1146 2535 1227 2562 fuerit
1243 2535 1382 2562 hominum
1398 2536 1453 2562 suis
1471 2536 1550 2563 rebus
1571 2535 1745 2564 difﬁdentium
1763 2546 1771 2565 :

991 2582 1129 2610 venissent
1142 2581 1224 2613 enim,
1240 2585 1270 2607 ut
1286 2581 1362 2615 prius
1376 2581 1441 2613 dixi,
1457 2581 1478 2607 si
1492 2583 1524 2608 de
1539 2589 1588 2608 sua
1603 2589 1684 2609 causa
1705 2583 1773 2610 bene

1024 2640 1079 2676 (68)
1099 2638 1168 2676 Editi
1186 2638 1265 2671 male,
1281 2638 1327 2665 τὸν
1349 2639 1573 2674 πεπιστευμένον,
1596 2647 1646 2666 nos
1663 2639 1729 2674 lleg.
1745 2644 1772 2668 et

987 2676 1070 2704 Basil.
1085 2675 1235 2708 sequimur.

1024 2711 1080 2746 (69)
1097 2710 1167 2746 Enit.
1189 2708 1331 2746 (lorntpeL,
1356 2709 1555 2746 ‘looavytapioo.
1569 2709 1669 2746 Paris.,
1687 2709 1771 2737 ’loua-

988 2743 1101 2782 νιαρὶου,
1120 2745 1165 2771 sed
1182 2751 1246 2778 mss.
1262 2743 1326 2782 Bu-g.
1341 2749 1367 2782 et
1378 2744 1463 2782 liasil._
1484 2743 1662 2780 Ἰαννουαρίου
1679 2746 1768 2773 habet.

989 2779 1056 2808 Sunt
1073 2781 1116 2815 qui
1132 2779 1241 2807 Ἰουνίου
1264 2779 1403 2812 tegendum
1423 2780 1578 2806 existiment
1596 2779 1608 2805 ί
1617 2781 1663 2806 sed
1686 2782 1771 2808 recla-

988 2820 1063 2844 mant
1076 2814 1170 2842 clunes
1183 2822 1243 2841 cum
1256 2814 1319 2840 editi
1337 2821 1390 2840 tum
1409 2822 1484 2844 ιιιες..
1494 2822 1608 2848 quorum
1627 2815 1767 2843 lectionem

987 2859 1057 2878 verae
1066 2850 1186 2878 historiis
1194 2849 1376 2885 congruerein
1385 2848 1485 2877 Monito
1494 2851 1526 2877 ad
1538 2850 1606 2877 hanc
1614 2849 1768 2886 Apologiant

987 2886 1240 2915 demonstravimus.

1596 2964 1632 2993 10
