2031 3048
247 170 298 200 Q91

533 170 564 198 S.
584 169 769 198 ATllAl‘tASll
789 167 866 198 OPP.
883 167 974 197 PARS
995 168 1016 197 Ι.
1033 185 1068 190 -
1087 167 1273 196 HISTORICA
1293 166 1337 195 ET
1359 165 1570 195 DOGMATICA.

1818 166 1873 194 292

250 227 421 265 sperassent;
432 235 486 255 non
499 227 606 255 itineris
617 228 789 255 intervallum
800 227 1031 260 considerassent,

1090 228 1139 258 τοῖς
1160 226 1282 260 εὐλόγοις
1307 225 1566 261 παρρησιαζόμενοι.
1599 223 1668 250 Ἀλλ’
1685 222 1750 254 ῐσως
1766 222 1810 249 διὰ
1825 222 1873 250 τὸν

250 283 302 303 nec
323 275 356 302 ad
372 273 532 309 praeﬁnitum
551 277 658 308 tempus
679 275 875 308 respexiSsent.
892 275 938 301 Sed
951 274 1032 308 justi-

248 322 295 349 tite
307 326 335 348 et
348 320 470 355 aequitati
494 327 549 346 sum
562 327 652 347 causa:
664 320 847 347 coniidissent.
863 321 897 348 At
910 320 1034 348 fortassis

249 367 283 394 ob
301 365 429 400 temporis
449 365 581 392 rationent
605 373 656 392 non
673 372 786 398 venere;
810 365 862 393 hoc
884 366 955 392 enim
973 373 1034 393 sur-

248 417 308 440 sum
333 412 434 446 scripto
455 411 644 447 signiﬁcastis;
669 411 820 446 oportuisse
846 411 952 439 scilicet
972 419 1032 444 nos,

251 456 499 484 animadvertentes
511 460 670 490 praesentem
686 463 774 483 rerum
786 455 963 483 Orientalium
977 461 1033 483 sta-

250 507 318 535 tum,
344 510 397 530 non
415 509 464 529 vos
483 502 584 529 hortari
599 502 632 529 ad
651 501 822 529 veniendum.
847 501 876 529 Si
900 501 982 536 igitur
997 501 1032 529 ob

247 548 329 576 talem
351 552 502 582 temporum
525 546 706 574 conditionem
730 545 843 580 profecti
869 554 922 573 nou
955 546 1032 578 estis,

249 601 280 623 ut
294 596 396 628 dicitis,
407 595 498 622 decuit
511 601 557 621 vos
570 594 595 621 in
608 593 713 628 primis,
725 594 771 627 qui
784 594 910 627 temporis
923 593 1033 627 hujusce

248 643 380 670 rationem
390 641 529 676 spectatis,
537 648 590 668 non
599 645 724 667 auctores
734 640 900 672 schismatis,
912 640 999 667 luctus
1007 644 1034 667 et

248 689 431 724 lacrymarum
442 688 468 714 in
480 687 609 714 Ecclesits
625 694 671 714 vos
684 686 824 713 exhibere.
839 685 898 713 lam
909 687 955 721 qui
971 686 1035 713 talia

1084 272 1179 307 καιρὸν
1193 272 1242 297 οὐκ
1259 271 1429 306 ἀπήντησαν
1458 272 1537 297 τοῦτο
1548 270 1602 306 γὰρ
1625 270 1776 305 γράφοντες
1791 269 1874 296 πάλιν

1084 318 1245 354 ὲδηλώτατε,
1265 317 1302 348 ὡς
1318 317 1372 353 ἄρα
1387 317 1439 343 ἔδει
1456 318 1538 352 ἡμᾶς,
1562 317 1752 352 σκοπήσαντας
1769 316 1814 342 τὸν
1826 316 1874 342 ἐπὶ

1083 367 1132 401 τῆς
1148 363 1217 399 ἑῴας
1231 363 1337 399 καιρὸν,
1356 363 1392 399 μὴ
1407 362 1610 399 προτρέψασθαι
1624 363 1696 398 ὑμᾶς
1706 362 1872 397 ἀπαντῆσαι.

1084 412 1115 439 Εἰ
1131 412 1179 447 μὲν
1192 409 1238 438 οὗν
1257 411 1301 438 διὰ
1323 411 1354 437 τὸ
1372 410 1493 437 τοιοῦτον
1507 409 1574 437 εἶναι
1587 410 1632 436 τὸν
1645 409 1740 445 καιρὸν
1752 410 1802 436 οὐκ
1819 410 1873 436 ἀπ-

1083 458 1228 494 ηντήσατε,
1239 457 1277 488 ὡς
1291 457 1369 492 φατὲ,
1383 456 1435 483 ἔδει
1445 455 1654 492 προτέρους(70)
1663 456 1744 492 ὑμᾶς,
1754 456 1799 483 τὸν
1815 464 1873 483 και-

1086 504 1131 539 ρὸν
1145 503 1239 530 τοῦτον
1253 504 1454 538 σκοπήσαντας,
1476 502 1513 538 μὴ
1528 503 1631 534 αἰτίους
1646 501 1804 537 σχίσματος,
1822 510 1874 538 μη-

1084 550 1112 576 δὲ
1124 549 1253 584 ὸλολυγῆς
1264 549 1310 576 καὶ
1319 549 1424 584 θρήνων
1435 550 1463 575 ὲν
1473 550 1533 580 ταῖς
1547 548 1720 584 Ἐκκλησίαις
1731 548 1874 582 γενέσθαι.

1086 595 1142 621 Νῦν
1159 595 1187 621 δὲ
1203 596 1227 621 οἱ
1242 595 1327 621 ταῦτα
1342 595 1521 630 πεποιηκότες
1543 594 1646 627 ἔδειξαν
1661 595 1697 630 μὴ
1712 594 1758 621 τὸν
1780 594 1876 630 καιροί

1087 640 1183 673 αἴτιον,
1207 641 1275 668 ἀλλὰ
1289 641 1338 677 τὴν
1369 640 1528 677 προαίρεσιν
1559 640 1614 667 τῶν
1644 641 1681 676 μὴ
1705 640 1877 676 θελησάντων

1088 687 1253 723 ἀπαντῆσαι.

256 738 383 767 egerunt,
400 733 565 766 indicarunt,
578 740 630 760 non
643 732 772 768 temporis
783 733 964 760 conditionem
982 733 1096 766 hujusce
1110 737 1147 763 rei
1163 742 1271 762 causam
1283 742 1352 767 esse,
1361 735 1408 762 sed
1420 735 1549 762 accedere
1560 733 1708 761 nolentium
1720 733 1876 760 consilium.

287 779 365 816 115
382 779 428 806 26.
445 777 528 805 Miror
543 782 632 804 autem
650 778 719 804 hanc
731 776 852 812 epistolae
866 781 962 813 vestrae
973 783 1036 811 par-

1123 779 1168 805 ‘26.
1184 778 1322 814 Θαυμάζω
1347 778 1374 805 δὲ
1393 779 1501 805 κάκεῖνο
1513 778 1544 804 τὸ
1558 778 1640 813 μέρος
1658 778 1708 813 τῆς
1721 777 1878 813 ἐπιπολῆς,

249 830 325 857 tem,
339 832 391 860 qua
417 823 460 851 vel
474 822 593 850 scribere
616 822 674 849 ausi
694 822 761 849 estis
773 842 781 854 ,
812 829 854 849 me
868 822 954 850 solum
970 822 1036 850 solis

249 870 420 902 Ettsebianis,
440 873 467 897 et
491 876 545 896 non
564 868 689 896 omnibus
708 868 786 896 vobis
808 867 961 902 scripsisse.
985 867 1037 895 Le-

248 918 360 945 vitatem
372 915 444 944 enim
459 915 550 950 potius
565 921 646 948 quam
662 915 804 942 veritatem
819 914 846 941 iu
862 914 1036 949 expostulan-

251 963 323 990 tibus
343 961 465 989 invenire
481 965 533 987 est.
556 959 620 986 lllihi
635 960 709 987 enim
725 960 771 993 qui
792 967 845 987 non
867 960 977 987 aliunde
994 960 1036 987 lit-

251 1014 325 1037 teras
337 1011 431 1035 contra
442 1006 622 1034 Athanasium
639 1006 820 1040 accepissem,
835 1013 916 1041 quam
932 1013 948 1033 a
962 1005 1035 1033 Mar-

251 1053 323 1090 tyrio
332 1057 360 1080 et
372 1052 517 1087 Hesycliio,
532 1058 644 1078 necesse
666 1050 717 1078 fuit
733 1051 785 1078 illis
799 1051 845 1086 qui
863 1056 958 1078 contra
973 1058 1036 1078 eum

251 1099 417 1134 scripserant
433 1097 611 1132 respondere.
629 1097 756 1132 Oportuit
777 1097 861 1133 igitur
879 1101 926 1124 aut
948 1097 1034 1125 Euse~

250 1146 347 1174 hianos
364 1152 420 1172 non
437 1143 509 1172 solos
523 1164 531 1177 ,
555 1143 657 1178 absque
680 1143 756 1171 vobis
771 1144 915 1176 omnibus,
933 1144 1037 1172 scribe-

251 1199 298 1225 re;
313 1195 359 1218 aut
372 1198 432 1223 vos,
444 1190 543 1225 quibus
555 1197 608 1217 non
622 1189 732 1225 scripsi,
750 1197 803 1217 non
827 1190 940 1218 moleste
965 1190 1037 1218 ferre

234 1238 276 1266 'si
297 1237 351 1265 illis
363 1236 525 1271 rescriptum
540 1236 576 1263 sit
600 1235 644 1271 qui
670 1236 736 1263 mihi
762 1236 938 1271 scripserant.
969 1236 1036 1263 Nam

252 1284 276 1312 si
300 1284 391 1311 decuit
404 1282 532 1318 epistolas
549 1282 582 1310 ad
603 1289 652 1309 vos
676 1289 771 1310 omnes
801 1283 871 1310 milli
886 1303 894 1316 ,
917 1290 966 1317 par
987 1282 1038 1310 fuit

251 1331 334 1358 etiam
356 1337 404 1356 vos
427 1336 480 1356 una
500 1335 561 1356 cum
590 1327 644 1356 illis
667 1328 822 1364 scripsisse.
839 1328 916 1355 Nunc
943 1333 1035 1355 autem

252 1375 325 1412 quod
352 1382 499 1410 congruum
525 1378 584 1402 erat
601 1379 776 1409 spectantes,
803 1374 1038 1409 illis'scripsimus

251 1423 366 1459 quinos
390 1422 520 1450 certiores
544 1421 735 1453 reddiderant,
758 1425 784 1448 et
806 1421 910 1448 litteras
930 1421 963 1448 ad
989 1428 1038 1448 nos

252 1470 394 1497 miserant.
419 1467 494 1501 Quod
507 1467 530 1495 si
553 1467 616 1494 illud
629 1474 678 1494 vos
704 1467 851 1494 commovit
871 1467 943 1502 quod
966 1466 1040 1494 solus
1053 1465 1074 1494 C

254 1515 412 1550 scripserint
426 1522 433 1547 ;
453 1522 501 1549 par
516 1518 557 1540 est
571 1521 619 1540 vos
635 1513 716 1541 etiam
739 1513 874 1548 indignari
889 1535 896 1547 ,
914 1514 984 1548 quod
1001 1513 1040 1540 illi

255 1561 322 1588 inihi
334 1560 383 1588 soli
398 1560 568 1595 scripserint.
585 1559 639 1587 Sed
657 1560 683 1586 in
698 1559 749 1586 hoc
764 1567 871 1594 quoque
889 1559 965 1586 adest
979 1567 1040 1594 pro-

254 1607 353 1635 babilis
372 1611 399 1634 et
407 1606 480 1641 iusta
491 1613 574 1633 causa
589 1626 597 1639 ,
613 1605 792 1633 dilectissimi.
804 1607 929 1632 Attamen
946 1613 1041 1632 neces~

255 1661 318 1682 sum
334 1659 376 1681 est
393 1652 470 1680 vobis
485 1652 650 1688 signiﬁcare,
662 1651 768 1678 etiamsi
783 1651 856 1678 solus
870 1651 1040 1686 scripserim,

256 1707 312 1727 non
327 1699 388 1726 ideo
404 1698 456 1726 mei
472 1697 558 1725 solius
572 1704 634 1725 esse
656 1697 727 1724 illam
751 1696 913 1724 sententiam
927 1716 934 1728 ,
949 1697 996 1724 sed
1015 1702 1042 1724 et

257 1745 378 1773 omnium
394 1744 440 1779 qui
455 1744 480 1771 in
500 1743 575 1771 italia
601 1748 682 1776 sunt,
697 1748 725 1770 et
746 1743 792 1777 qui
813 1743 841 1770 in
860 1743 903 1770 his
918 1743 1042 1778 partibus

254 1791 359 1825 degunt
374 1790 574 1824 episcoporum.
591 1788 625 1816 Et
653 1795 704 1822 ego
726 1788 835 1823 quidem
865 1795 918 1815 non
947 1795 1043 1815 omnes

257 1835 329 1862 volui
345 1835 379 1862 ad
394 1834 566 1862 scribendum
582 1833 711 1861 inducere
724 1854 731 1866 ,
748 1841 782 1860 ne
804 1833 990 1867 complurimis
1016 1833 1043 1860 id

258 1881 442 1916 importunum
456 1880 535 1906 foret.
549 1879 629 1907 Certe
640 1879 696 1914 jam
711 1879 744 1906 ad
759 1879 919 1914 praeﬁnitum
935 1883 1043 1914 tempus

257 1926 377 1962 episcopi
394 1933 558 1957 convenere,
569 1930 598 1952 et
614 1925 735 1960 ejusdem
762 1926 904 1952 sentcntiae
920 1925 1042 1958 fuerunt,

258 1979 338 2007 quam
364 1971 452 1998 denuo
465 1971 507 1998 bis
526 1970 626 1998 litteris
651 1971 726 1998 vobis
755 1970 904 2005 signiﬁco:
927 1978 1044 2005 quapro-

258 2023 328 2053 pter,
341 2016 431 2044 dilecti
448 2036 455 2048 ,
476 2016 583 2043 etiamsi
597 2016 672 2044 solus
687 2015 796 2048 scribo,
817 2016 937 2043 omnium
952 2019 1042 2043 tamen

258 2064 329 2091 hanc
352 2070 414 2090 esse
439 2063 599 2091 sententiam
626 2062 775 2097 agnoscite.
799 2061 832 2088 Et
859 2062 916 2089 haec
935 2061 1042 2096 quidem

257 2106 325 2134 satis
346 2106 402 2133 sint
416 2106 450 2133 ad
464 2106 705 2133 demonstrandum
717 2126 725 2139 ,
747 2106 877 2140 quosdam
901 2113 935 2133 ex
954 2106 1041 2138 vobis,

257 2160 311 2181 non
334 2159 440 2187 aquas,
459 2151 506 2180 sed
535 2151 650 2186 injustas
669 2158 697 2179 et
716 2156 856 2187 suspectas
879 2159 976 2180 causas
995 2152 1043 2179 af—
1057 2141 1082 2171 D

257 2200 339 2228 ferre.

292 2246 338 2273 27.
354 2245 430 2279 Quod
446 2250 535 2273 autem
551 2253 603 2273 non
630 2249 731 2273 temere
764 2244 806 2272 vel
830 2243 929 2279 injuste
950 2245 1043 2280 coepi-

259 2300 355 2328 scopos
371 2297 480 2320 nostros
493 2291 669 2319 Athanasium
684 2296 711 2318 et
731 2290 888 2318 Marcellum
912 2291 946 2318 ad
966 2299 1042 2318 com-

259 2339 414 2366 ntunionem
429 2339 630 2374 susceperimus
643 2359 650 2370 ,
665 2339 770 2365 tametsi
787 2346 820 2366 ex
835 2338 997 2373 supradictis
1014 2338 1040 2365 id

259 2385 326 2413 satis
341 2385 448 2419 planum
465 2389 506 2412 est
525 2394 532 2412 :
552 2392 642 2419 opera:
658 2385 772 2420 pretium
800 2390 889 2412 tamen
908 2384 989 2412 fuerit
1013 2389 1044 2412 ut

258 2431 353 2466 paucis
374 2432 464 2459 verbis
489 2431 552 2458 illud
568 2431 644 2458 vobis
661 2432 871 2458 demonstretur.
889 2429 1043 2465 Scripserat

255 2478 313 2514 jam
332 2482 411 2505 antea
435 2477 566 2505 Eusebius
578 2483 672 2505 contra
686 2478 887 2510 Athanasium;
905 2485 952 2505 vos
977 2485 1044 2512 quo-

296 2569 350 2604 (70)
365 2568 410 2596 Sic
423 2569 488 2604 Reg.
506 2574 533 2597 et
546 2569 607 2596 Bas.
620 2569 688 2596 Editi
704 2576 767 2596 \‘ero
781 2573 878 2603 praeter
892 2568 962 2600 Col.,
977 2577 1045 2603 προ-

256 2612 350 2640 τερου,
362 2605 506 2640 Ῠῐιιεηιίοδθ.

292 2638 349 2674 (il)
361 2639 396 2666 De
406 2640 463 2666 solo
479 2639 594 2667 Eusebio
610 2638 709 2667 Julium
721 2640 765 2667 hic
777 2646 929 2666 sermonem
944 2639 1046 2666 habere

261 2675 331 2702 forte
342 2675 402 2709 quis
413 2675 522 2708 putarit,
537 2683 598 2702 nam
614 2675 637 2702 is
645 2675 718 2702 solus
733 2675 873 2709 scripsisse
890 2674 990 2701 dicitur
1001 2682 1046 2702 su-

258 2717 391 2745 praiium.
402 2709 427 2736 1.
436 2709 507 2737 Sane
519 2710 582 2737 illud
595 2711 619 2736 oi
637 2709 701 2745 περὶ
711 2709 851 2741 Εὐσέϐιον,
860 2709 931 2744 quod
948 2710 1045 2743 passim

259 2743 293 2772 ile
309 2743 426 2772 Eusebio
453 2752 513 2772 cum
530 2745 621 2777 sociis.
637 2743 679 2772 vel
702 2745 735 2772 de
756 2743 916 2772 Eusebia’nis
930 2744 1042 2775 dicitur,

259 2786 453 2815 nonnunquam
466 2780 500 2807 de
515 2779 572 2807 solo
586 2780 703 2808 Eusebio
720 2780 832 2815 intelligi
847 2780 963 2807 videtur.
988 2780 1041 2807 itus

258 2813 303 2842 hic
316 2814 342 2840 in
357 2816 437 2842 dubio
453 2821 585 2842 versatur.

292 2849 350 2884 (7'2)
374 2850 419 2877 Sic
442 2858 535 2877 otnues
561 2858 621 2877 cum
640 2851 705 2878 editi
730 2855 784 2877 tum
806 2857 883 2881 mss.,
897 2850 944 2877 sed
971 2850 1043 2876 haud

260 2883 340 2912 uubic
353 2885 494 2919 legendum
508 2886 556 2912 οὐκ
576 2885 682 2921 ἄλογος,
699 2893 752 2921 quo
770 2887 834 2913 item
851 2886 930 2914 modo
945 2886 1044 2920 legisse

1086 825 1144 856 πῶς
1158 825 1226 857 ὅλως
1243 825 1294 852 κᾶν
1313 825 1421 861 ἐγράφη
1444 824 1508 860 παρ’
1530 824 1616 860 ὑμῶν,
1633 824 1673 850 ὅτι
1695 824 1726 859 δὴ
1743 825 1798 855 τοῖς
1813 825 1879 859 περὶ

1086 870 1214 897 Εὐσέϐιον
1231 871 1321 905 μόνοις
1336 871 1402 906 (7i),
1419 871 1465 897 καὶ
1476 870 1506 896 οὑ
1525 871 1607 896 πᾶσιν
1622 870 1685 905 ὑμῖν
1704 869 1784 905 μόνος
1797 869 1879 905 ἔγρα-

1085 916 1133 950 ψα.
1150 916 1299 953 Εὺχέρειαν
1323 917 1377 953 γὰρ
1392 916 1446 944 τῶν
1467 916 1652 952 μεμψαμένων
1669 916 1768 951 μᾶλλον
1793 915 1826 942 ἄν
1837 925 1879 947 τις

1086 962 1162 998 εὖροι
1174 963 1246 998 ἥπερ
1273 961 1411 997 ἀλήθειαν.
1433 961 1504 996 Ἐγὼ
1521 961 1585 997 γὰρ,
1602 961 1652 987 οὐκ
1665 960 1774 988 ἄλλοθεν
1789 960 1880 987 λαϐὼν

1087 1008 1158 1035 κατὰ
1180 1007 1336 1034 Ἀθανασίου
1350 1008 1500 1043 γράμματα
1524 1008 1542 1043 ἢ
1554 1007 1598 1034 διὰ
1610 1007 1664 1033 τῶν
1678 1007 1742 1043 περὶ
1767 1006 1881 1043 Μαρτύο

1089 1063 1145 1091 ριον
1162 1054 1208 1081 καὶ
1229 1053 1365 1089 Ἦσύχιον,
1379 1054 1494 1085 ἐκείνοις
1506 1053 1614 1090 ἀνάγκῃ
1633 1053 1740 1089 ἔγραψα
1760 1055 1816 1085 τοῖς
1832 1053 1881 1080 καὶ

1087 1100 1207 1136 γράψασι
1222 1101 1282 1127 κατ’
1296 1099 1391 1127 αὑτοῦ.
1412 1100 1485 1126 Ἔδει
1497 1099 1587 1126 τοίνυν
1600 1100 1616 1135 ἢ
1634 1100 1696 1131 τοὺς
1715 1099 1778 1136 περὶ
1794 1099 1880 1126 Εὐσέ-

1088 1147 1145 1174 ϐιον
1163 1146 1200 1182 μὴ
1212 1146 1309 1182 μόνους
1326 1146 1408 1182 χωρὶς
1420 1146 1527 1173 πάντων
1541 1145 1618 1181 ὑμῶν
1634 1145 1748 1182 γράψαι,
1764 1145 1781 1181 ἢ
1794 1146 1879 1181 ὑμᾶς,

1087 1190 1127 1224 οἷς
1145 1193 1181 1228 μὴ
1206 1192 1324 1228 ἔγραψα,
1350 1191 1387 1228 μὴ
1413 1191 1566 1224 λυπεῖσθαι,
1596 1192 1619 1218 εἰ
1638 1192 1752 1223 ἐκείνοις
1772 1192 1880 1227 ἐγράφη

1087 1241 1143 1271 τοῖς
1164 1239 1210 1265 καὶ
1235 1238 1382 1274 γράψασιν.
1401 1238 1432 1265 Et
1453 1238 1508 1274 γὰρ
1535 1238 1618 1274 ὲχρῆν
1646 1239 1694 1265 καὶ
1707 1239 1790 1264 πᾶσιν
1815 1238 1881 1273 ὑμῖν

1088 1285 1248 1318 ἐπιστεῖλαι,
1267 1285 1319 1311 ἔδει
1334 1285 1380 1311 καὶ
1397 1285 1469 1320 ὑμᾶς
1486 1285 1534 1311 σὺν
1555 1285 1669 1315 ἐκείνοις
1685 1283 1799 1319 γράψαι.
1822 1283 1881 1311 Νῦν

1087 1331 1126 1363 δὲ,
1154 1331 1185 1358 τὸ
1212 1330 1356 1358 ἀκόλουθον
1380 1330 1553 1362 σκοποῦντες,
1581 1330 1693 1362 ἐκείνοις
1721 1329 1880 1366 ἐγράψαμεν

1088 1380 1144 1410 τοῖς
1157 1379 1203 1404 καὶ
1214 1377 1364 1413 δηλώσασιν
1392 1378 1468 1413 ἡμῖν,
1480 1377 1525 1404 καὶ
1540 1379 1597 1409 τοῖς
1612 1376 1786 1403 ἁποστείλασι
1811 1376 1881 1412 πρὸς

1087 1425 1171 1460 ἡμᾶς.
1187 1425 1217 1450 Εἰ
1226 1424 1254 1451 δὲ
1266 1423 1351 1450 καὶτὸ
1366 1423 1444 1458 μόνον
1456 1423 1504 1459 ἐμὲ
1516 1423 1682 1459 γεγραφέναι
1697 1422 1810 1454 ἐκείνοις
1824 1421 1881 1448 ὲκε-

1091 1480 1172 1506 νησεν
1196 1471 1278 1506 ὑμᾶς,
1300 1469 1444 1496 ἀκόλουθόν
1471 1470 1545 1497 ἐστιν
1562 1471 1634 1504 ὑμᾶς
1651 1470 1822 1503 ἀγανακτεῖν,
1838 1468 1882 1495 ὅτι

1091 1517 1138 1543 καὶ
1152 1516 1223 1552 μόνῳ
1238 1516 1299 1550 ἐμοὶ
1319 1515 1450 1551 ἔγραψαν.
1470 1514 1549 1541 Ἀλλὰ
1566 1516 1613 1542 καὶ
1626 1516 1655 1542 ἐν
1676 1515 1762 1550 τούτῳ
1780 1515 1881 1552 πιθανὴ

1093 1563 1142 1598 μὲν
1151 1562 1197 1588 καὶ
1208 1561 1257 1588 οὐκ
1270 1560 1379 1594 εὓλογος
1391 1560 1446 1596 (7'3)
1457 1561 1473 1595 ἡ
1485 1561 1630 1596 πρόφασις,
1644 1560 1794 1596 ἀγαπητοί·
1806 1560 1882 1596 ὅμως

1091 1608 1120 1634 δὲ
1137 1607 1268 1642 γνωρίσαι
1284 1607 1348 1642 ὑμῖν
1367 1607 1524 1640 αναγκαῖον,
1536 1607 1586 1640 ὅτι,
1601 1607 1625 1632 εί
1644 1605 1691 1632 καὶ
1703 1606 1783 1641 μόνος
1797 1605 1882 1641 ἐγρα-

1091 1653 1140 1689 ψα,
1157 1653 1213 1680 ἀλλ’
1228 1653 1277 1679 οὐχ
1292 1652 1358 1688 ἐμοῦ
1376 1652 1455 1688 μόνου
1477 1653 1550 1679 ἐστὶν
1573 1652 1642 1688 αὕτη
1657 1653 1673 1688 ἡ
1692 1652 1799 1688 γνώμη,
1812 1653 1882 1680 ἀλλὰ

1093 1699 1139 1726 καὶ
1155 1700 1262 1726 πάντων
1283 1698 1336 1725 τῶν
1352 1699 1422 1726 κατὰ
1441 1698 1491 1734 τὴν
1511 1698 1634 1730 Ἰταλίαν,
1652 1699 1700 1725 καὶ
1713 1699 1767 1725 τῶν
1782 1700 1810 1725 ὲν
1821 1699 1882 1726 τού-

1092 1753 1149 1776 τοις
1168 1747 1224 1776 τοῖς
1240 1745 1352 1780 μέρεσιν
1368 1745 1534 1771 ἐπισκόπων.
1553 1745 1608 1770 Καὶ
1626 1744 1713 1779 ἔγωγε
1733 1746 1797 1776 τοὺς
1812 1745 1881 1772 πάν-

1093 1796 1141 1820 τας
1154 1788 1204 1815 οὐκ
1217 1788 1338 1824 ἠθέλησα
1361 1789 1472 1824 ποιῆσαι
1491 1788 1604 1824 γράψαι,
1618 1789 1660 1816 ἵνα
1672 1790 1709 1825 μὴ
1725 1790 1800 1826 παρὰ
1815 1790 1880 1816 πολ-

1093 1834 1146 1860 λῶν
1160 1834 1191 1861 τὸ
1210 1834 1292 1870 βάρος
1309 1834 1416 1869 ἔχωσιν.
1440 1834 1547 1870 Ἀμέλει
1569 1835 1616 1861 καὶ
1631 1835 1679 1861 νῦν
1696 1837 1729 1871 τῇ
1744 1835 1882 1872 ὁρισθείσῃ

1093 1881 1247 1916 προθεσμίᾳ
1265 1881 1393 1916 συνῆλθον
1408 1881 1562 1913 ἐπίσκοποι,
1578 1882 1625 1908 καὶ
1633 1881 1734 1917 ταύτης
1749 1882 1798 1918 τῆς
1811 1882 1882 1916 γνώ-

1095 1935 1148 1962 μης
1178 1927 1330 1961 γεγόνασιν,
1358 1927 1391 1962 ἣν
1408 1927 1488 1954 πάλιν
1514 1927 1627 1963 γράφων
1650 1927 1714 1962 ὑμῖν
1736 1928 1880 1963 σημαίνω·

1093 1971 1174 2004 ὥστε,
1191 1973 1338 2008 ἀγαπητοὶ,
1353 1974 1377 2000 εἰ
1395 1974 1441 2000 καὶ
1459 1974 1538 2009 μόνος
1553 1974 1711 2006 ἐπιστέλλω,
1729 1974 1796 2001 ἀλλὰ
1816 1975 1883 2002 πάν-

1092 2027 1146 2044 των
1164 2019 1274 2054 γνώμην
1286 2019 1342 2054 (75)
1357 2020 1457 2055 ταύτην
1474 2017 1541 2047 εἶναι
1552 2019 1710 2055 γινώσκετε.
1727 2021 1819 2047 Ταῦτα
1833 2020 1883 2056 μὲν

1093 2063 1139 2091 οὖν
1162 2065 1225 2102 περὶ
1253 2065 1300 2092 τοῦ
1325 2065 1362 2101 μὴ
1392 2066 1510 2101 εὐλόγως
1531 2066 1607 2099 τινὰς
1621 2065 1651 2099 ἐξ
1675 2067 1752 2102 ὑμῶν
1774 2067 1883 2103 προφά-

1095 2117 1162 2142 σεις,
1173 2109 1240 2137 ἀλλὰ
1250 2110 1359 2142 ἀδίκους
1375 2111 1421 2138 καὶ
1435 2111 1584 2144 ὑπόπτους,
1602 2111 1775 2148 πορίσασθαι.

1131 2245 1176 2272 27.
1195 2245 1262 2280 Περὶ
1277 2245 1305 2272 δὲ
1323 2245 1368 2272 τοῦ
1393 2246 1430 2282 μὴ
1456 2247 1574 2282 εὐχερῶς
1599 2247 1665 2282 μηδὲ
1687 2247 1788 2280 ἀδίκως
1811 2248 1886 2284 ἡμᾶς

1097 2291 1270 2326 ὑποδεδέχθαι
1284 2293 1324 2323 είς
1345 2292 1485 2319 κοινωνίαν
1500 2294 1562 2325 τοὺς
1580 2293 1794 2325 συνεπισκόπους
1805 2294 1885 2330 ἡμῶν

1099 2339 1256 2365 Ἀθανάσιον
1280 2339 1326 2364 καὶ
1348 2339 1516 2374 Μάρκελλον,
1541 2341 1564 2366 εἰ
1579 2340 1625 2366 καὶ
1641 2340 1674 2366 τὰ
1703 2339 1886 2375 προλεχθέντα

1097 2385 1187 2418 ἱκανὰ,
1199 2386 1273 2417 ὅμως
1284 2384 1326 2411 διὰ
1341 2384 1464 2420 βραχέων
1473 2385 1581 2420 εὖ).ογον
1595 2387 1658 2422 ὑμῖν
1670 2386 1764 2419 δεῖξαι.
1783 2387 1885 2421 Ἔγρα-

1096 2431 1150 2466 ψαν
1167 2431 1221 2467 (74)
1244 2432 1268 2457 οἱ
1296 2431 1360 2465 περὶ
1380 2431 1507 2459 Εὑσέϐιον
1525 2432 1655 2469 πρότερον
1671 2434 1740 2461 κατὰ
1752 2434 1807 2461 τῶν
1821 2434 1886 2469 περὶ

1105 2477 1275 2504 Ἀϐανάπιοψ
1296 2477 1433 2513 ἐγράψατε
1450 2477 1478 2504 δὲ
1504 2479 1550 2504 καὶ
1572 2477 1619 2505 νῦν
1636 2479 1730 2514 ὑμεῖς’
1761 2479 1884 2515 ἔγραψαν

1100 2569 1210 2606 videtur
1220 2568 1340 2606 Nannius
1356 2570 1401 2605 qui
1419 2570 1510 2606 Vertit,
1526 2578 1616 2606 verum
1631 2571 1658 2597 in
1674 2571 1723 2598 ltoc
1741 2572 1799 2606 ipsa
1808 2571 1886 2606 juxta

1098 2610 1120 2630 et
1131 2605 1292 2631 rationabilis
1300 2613 1380 2632 causa
1395 2611 1442 2632 est.
1458 2605 1522 2638 Quae
1534 2605 1580 2632 τοῦ
1597 2606 1614 2632 ἁ
1628 2607 1654 2633 in
1668 2606 1697 2632 εὑ
1711 2605 1886 2634 conumitatio

1099 2639 1167 2673 apud
1193 2640 1369 2666 Athanasium
1403 2641 1470 2667 alias
1506 2641 1648 2674 reperitur,
1676 2641 1884 2667 amauueusium

1099 2682 1195 2708 nempe
1211 2675 1276 2709 vitio
1298 2676 1417 2702 inducta.
1430 2675 1475 2702 Sic
1490 2675 1574 2708 Epist.
1586 2676 1619 2702 ad
1634 2676 1714 2704 Solit.
1727 2675 1888 2702 εὐσεϐέστα-

1098 2718 1142 2741 τος
1157 2710 1380 2746 quandoquepro
1395 2711 1576 2746 ἀσεβέστατος
1593 2711 1700 2746 legitur.
1716 2711 1800 2738 Paulo
1812 2717 1884 2745 post,

1098 2745 1115 2779 ἡ
1134 2751 1195 2780 ante
1207 2744 1302 2780 γνώμη
1314 2745 1390 2772 deest
1403 2747 1428 2772 in
1447 2745 1514 2780 Reg.

1134 2779 1191 2815 (75)
1214 2780 1259 2806 Sic
1284 2780 1350 2813 Reg.
1377 2781 1428 2807 Alii
1445 2779 1509 2807 vero
1536 2788 1597 2808 cum
1623 2782 1712 2813 editis,
1731 2780 1798 2808 εἶναι
1815 2780 1887 2815 γνώ-

1097 2824 1164 2877 péqv,
1190 2815 1291 2842 omisso
1317 2815 1429 2851 ταύτην.
1455 2815 1515 2843 Mox
1537 2816 1654 2845 fortasse
1673 2817 1813 2852 legendqu
1841 2816 1888 2844 εὺ‹

1098 2859 1113 2877 Δ
1129 2859 1200 2877 γους.

1098 2859 1200 2882 ιςογους.

1129 2859 1200 2922 iiii
1210 2886 1274 2921 lteg.
1288 2891 1314 2914 et
1330 2886 1423 2919 Basil.,
1445 2886 1592 2922 ἐγράψατε.
