  <div class='ocr_page' id='page_1' title='image "/cluster/home/n/w/nwhite01/storage/ocr_20150623/25/njp.32101010944591/432.png"; bbox 0 0 2031 3048; ppageno 0'>
   <div class='ocr_carea' id='block_1_1' title="bbox 194 174 246 202">
    <p class='ocr_par' dir='ltr' id='par_1_1' title="bbox 194 174 246 202">
     <span class='ocr_line' id='line_1_1' title="bbox 194 174 246 202; baseline 0 0"><span class='ocrx_word' id='word_1_1' title='bbox 194 174 246 202; x_wconf 76' lang='grc'><strong>295</strong></span> 
     </span>
    </p>
   </div>
   <div class='ocr_carea' id='block_1_2' title="bbox 733 166 1236 202">
    <p class='ocr_par' dir='ltr' id='par_1_2' title="bbox 733 166 1236 202">
     <span class='ocr_line' id='line_1_2' title="bbox 733 166 1236 202; baseline -0.002 -1"><span class='ocrx_word' id='word_1_2' title='bbox 733 172 904 202; x_wconf 84' lang='lat' dir='ltr'><strong>APOLOGIA</strong></span> <span class='ocrx_word' id='word_1_3' title='bbox 923 166 1062 202; x_wconf 75' lang='lat' dir='ltr'><strong>CONTRA</strong></span> <span class='ocrx_word' id='word_1_4' title='bbox 1077 173 1236 202; x_wconf 84' lang='lat' dir='ltr'><strong>ARIANOS.</strong></span> 
     </span>
    </p>
   </div>
   <div class='ocr_carea' id='block_1_3' title="bbox 1743 169 1800 199">
    <p class='ocr_par' dir='ltr' id='par_1_3' title="bbox 1743 169 1800 199">
     <span class='ocr_line' id='line_1_3' title="bbox 1743 169 1800 199; baseline 0.018 -1"><span class='ocrx_word' id='word_1_5' title='bbox 1743 169 1800 199; x_wconf 63' lang='lat' dir='ltr'><strong>I94</strong></span> 
     </span>
    </p>
   </div>
   <div class='ocr_carea' id='block_1_4' title="bbox 194 223 978 264">
    <p class='ocr_par' dir='ltr' id='par_1_4' title="bbox 194 227 975 264">
     <span class='ocr_line' id='line_1_4' title="bbox 194 227 975 264; baseline -0.001 -9"><span class='ocrx_word' id='word_1_6' title='bbox 194 228 223 255; x_wconf 78' lang='grc' dir='ltr'>δὲ</span> <span class='ocrx_word' id='word_1_7' title='bbox 239 228 286 255; x_wconf 72' lang='grc' dir='ltr'>καὶ</span> <span class='ocrx_word' id='word_1_8' title='bbox 300 228 419 254; x_wconf 75' lang='grc' dir='ltr'>πλεῖστοι</span> <span class='ocrx_word' id='word_1_9' title='bbox 445 227 586 254; x_wconf 73' lang='grc' dir='ltr'>ἐπίσκοποι</span> <span class='ocrx_word' id='word_1_10' title='bbox 605 227 660 254; x_wconf 78' lang='grc' dir='ltr'><strong>ἀπὸ</strong></span> <span class='ocrx_word' id='word_1_11' title='bbox 674 228 724 264; x_wconf 83' lang='grc' dir='ltr'>τῆς</span> <span class='ocrx_word' id='word_1_12' title='bbox 737 229 873 262; x_wconf 78' lang='grc' dir='ltr'><strong>Αἰγύπτου</strong></span> <span class='ocrx_word' id='word_1_13' title='bbox 887 229 933 255; x_wconf 74' lang='grc' dir='ltr'>καὶ</span> <span class='ocrx_word' id='word_1_14' title='bbox 945 229 975 261; x_wconf 80' lang='grc' dir='ltr'><strong>ἐξ</strong></span> 
     </span>
    </p>
   </div>
   <div class='ocr_carea' id='block_1_5' title="bbox 1027 223 1798 264">
    <p class='ocr_par' dir='ltr' id='par_1_5' title="bbox 1027 223 1798 263">
     <span class='ocr_line' id='line_1_5' title="bbox 1027 223 1798 263; baseline -0.001 -7"><span class='ocrx_word' id='word_1_15' title='bbox 1027 235 1077 263; x_wconf 88' lang='lat' dir='ltr'><strong>que</strong></span> <span class='ocrx_word' id='word_1_16' title='bbox 1095 223 1156 262; x_wconf 77' lang='lat' dir='ltr'><strong>&#39;jam</strong></span> <span class='ocrx_word' id='word_1_17' title='bbox 1177 228 1281 255; x_wconf 74' lang='lat' dir='ltr'><strong>litteras</strong></span> <span class='ocrx_word' id='word_1_18' title='bbox 1296 227 1406 255; x_wconf 74' lang='lat' dir='ltr'><strong>misistis</strong></span> <span class='ocrx_word' id='word_1_19' title='bbox 1423 237 1429 254; x_wconf 93' lang='lat'>:</span> <span class='ocrx_word' id='word_1_20' title='bbox 1447 227 1580 262; x_wconf 82' lang='lat' dir='ltr'><strong>scripsere</strong></span> <span class='ocrx_word' id='word_1_21' title='bbox 1594 234 1701 263; x_wconf 82' lang='lat' dir='ltr'><strong>quoque</strong></span> <span class='ocrx_word' id='word_1_22' title='bbox 1724 235 1798 255; x_wconf 83' lang='lat' dir='ltr'><strong>com-</strong></span> 
     </span>
    </p>
   </div>
   <div class='ocr_carea' id='block_1_6' title="bbox 194 273 972 311">
    <p class='ocr_par' dir='ltr' id='par_1_6' title="bbox 194 273 972 311">
     <span class='ocr_line' id='line_1_6' title="bbox 194 273 972 311; baseline 0 -9"><span class='ocrx_word' id='word_1_23' title='bbox 194 275 281 302; x_wconf 84' lang='grc' dir='ltr'>ἄλλων</span> <span class='ocrx_word' id='word_1_24' title='bbox 295 274 432 309; x_wconf 78' lang='grc' dir='ltr'><strong>ἐπαρχιῶν</strong></span> <span class='ocrx_word' id='word_1_25' title='bbox 449 274 518 310; x_wconf 74' lang='grc' dir='ltr'>ὑπὲρ</span> <span class='ocrx_word' id='word_1_26' title='bbox 539 274 705 301; x_wconf 81' lang='grc' dir='ltr'>Ἀθανασὶου.</span> <span class='ocrx_word' id='word_1_27' title='bbox 728 274 837 311; x_wconf 84' lang='grc' dir='ltr'>Πρῶτον</span> <span class='ocrx_word' id='word_1_28' title='bbox 860 276 908 310; x_wconf 85' lang='grc' dir='ltr'>μὲν</span> <span class='ocrx_word' id='word_1_29' title='bbox 927 273 972 302; x_wconf 83' lang='grc' dir='ltr'>οὖν</span> 
     </span>
    </p>
   </div>
   <div class='ocr_carea' id='block_1_7' title="bbox 194 318 974 355">
    <p class='ocr_par' dir='ltr' id='par_1_7' title="bbox 194 318 974 355">
     <span class='ocr_line' id='line_1_7' title="bbox 194 318 974 355; baseline -0.001 -9"><span class='ocrx_word' id='word_1_30' title='bbox 194 321 230 346; x_wconf 85' lang='grc' dir='ltr'>τὰ</span> <span class='ocrx_word' id='word_1_31' title='bbox 250 320 310 346; x_wconf 88' lang='grc' dir='ltr'>κατ’</span> <span class='ocrx_word' id='word_1_32' title='bbox 327 318 407 345; x_wconf 80' lang='grc' dir='ltr'>αὑτοῦ</span> <span class='ocrx_word' id='word_1_33' title='bbox 430 319 579 354; x_wconf 76' lang='grc' dir='ltr'>γράμματα</span> <span class='ocrx_word' id='word_1_34' title='bbox 599 319 663 354; x_wconf 82' lang='grc' dir='ltr'>παρ’</span> <span class='ocrx_word' id='word_1_35' title='bbox 684 319 759 354; x_wconf 78' lang='grc' dir='ltr'>ὑμῶν</span> <span class='ocrx_word' id='word_1_36' title='bbox 779 319 892 354; x_wconf 78' lang='grc' dir='ltr'>μάχεται</span> <span class='ocrx_word' id='word_1_37' title='bbox 906 320 974 355; x_wconf 80' lang='grc' dir='ltr'>πρὸς</span> 
     </span>
    </p>
   </div>
   <div class='ocr_carea' id='block_1_8' title="bbox 194 364 973 400">
    <p class='ocr_par' dir='ltr' id='par_1_8' title="bbox 194 364 973 400">
     <span class='ocr_line' id='line_1_8' title="bbox 194 364 973 400; baseline -0.001 -8"><span class='ocrx_word' id='word_1_38' title='bbox 194 365 287 397; x_wconf 80' lang='grc' dir='ltr'>ἑαυτὰ,</span> <span class='ocrx_word' id='word_1_39' title='bbox 298 365 344 391; x_wconf 76' lang='grc' dir='ltr'>καὶ</span> <span class='ocrx_word' id='word_1_40' title='bbox 355 364 480 400; x_wconf 75' lang='grc' dir='ltr'><strong>οὐδεμίαν</strong></span> <span class='ocrx_word' id='word_1_41' title='bbox 493 365 649 399; x_wconf 75' lang='grc' dir='ltr'><strong>συμφωνίαν</strong></span> <span class='ocrx_word' id='word_1_42' title='bbox 665 364 720 399; x_wconf 83' lang='grc' dir='ltr'>ἔχει</span> <span class='ocrx_word' id='word_1_43' title='bbox 731 364 764 391; x_wconf 73' lang='grc' dir='ltr'>τὰ</span> <span class='ocrx_word' id='word_1_44' title='bbox 779 365 891 400; x_wconf 84' lang='grc' dir='ltr'>δεύτερα</span> <span class='ocrx_word' id='word_1_45' title='bbox 907 365 973 400; x_wconf 72' lang='grc' dir='ltr'>πρὸς</span> 
     </span>
    </p>
   </div>
   <div class='ocr_carea' id='block_1_9' title="bbox 191 410 974 446">
    <p class='ocr_par' dir='ltr' id='par_1_9' title="bbox 191 410 974 446">
     <span class='ocr_line' id='line_1_9' title="bbox 191 410 974 446; baseline -0.001 -8"><span class='ocrx_word' id='word_1_46' title='bbox 191 411 226 438; x_wconf 78' lang='grc' dir='ltr'>τὰ</span> <span class='ocrx_word' id='word_1_47' title='bbox 242 411 347 446; x_wconf 86' lang='grc' dir='ltr'>πρῶτα,</span> <span class='ocrx_word' id='word_1_48' title='bbox 364 410 420 437; x_wconf 80' lang='grc' dir='ltr'>ἀλλ’</span> <span class='ocrx_word' id='word_1_49' title='bbox 435 411 463 437; x_wconf 85' lang='grc' dir='ltr'>ὲν</span> <span class='ocrx_word' id='word_1_50' title='bbox 473 410 578 442; x_wconf 80' lang='grc' dir='ltr'><strong>πολλοῖς</strong></span> <span class='ocrx_word' id='word_1_51' title='bbox 594 411 628 437; x_wconf 82' lang='grc' dir='ltr'><strong>τὰ</strong></span> <span class='ocrx_word' id='word_1_52' title='bbox 643 411 738 446; x_wconf 86' lang='grc' dir='ltr'>πρῶτα</span> <span class='ocrx_word' id='word_1_53' title='bbox 755 411 806 437; x_wconf 86' lang='grc' dir='ltr'><strong>ὑπὸ</strong></span> <span class='ocrx_word' id='word_1_54' title='bbox 816 411 869 437; x_wconf 85' lang='grc' dir='ltr'>τῶν</span> <span class='ocrx_word' id='word_1_55' title='bbox 885 411 974 437; x_wconf 77' lang='grc' dir='ltr'>δευτέ-</span> 
     </span>
    </p>
   </div>
   <div class='ocr_carea' id='block_1_10' title="bbox 194 456 974 492">
    <p class='ocr_par' dir='ltr' id='par_1_10' title="bbox 194 456 974 492">
     <span class='ocr_line' id='line_1_10' title="bbox 194 456 974 492; baseline 0 -9"><span class='ocrx_word' id='word_1_56' title='bbox 194 465 249 492; x_wconf 86' lang='grc' dir='ltr'><strong>ρων</strong></span> <span class='ocrx_word' id='word_1_57' title='bbox 264 456 367 489; x_wconf 84' lang='grc' dir='ltr'>λύεται,</span> <span class='ocrx_word' id='word_1_58' title='bbox 382 457 428 483; x_wconf 68' lang='grc' dir='ltr'><strong>καὶ</strong></span> <span class='ocrx_word' id='word_1_59' title='bbox 439 457 472 483; x_wconf 81' lang='grc' dir='ltr'><strong>τὰ</strong></span> <span class='ocrx_word' id='word_1_60' title='bbox 482 457 593 492; x_wconf 83' lang='grc' dir='ltr'>δεύτερα</span> <span class='ocrx_word' id='word_1_61' title='bbox 609 457 660 483; x_wconf 81' lang='grc' dir='ltr'><strong>ὑπὸ</strong></span> <span class='ocrx_word' id='word_1_62' title='bbox 672 457 725 483; x_wconf 84' lang='grc' dir='ltr'>τῶν</span> <span class='ocrx_word' id='word_1_63' title='bbox 741 456 854 492; x_wconf 83' lang='grc' dir='ltr'>πρώτων</span> <span class='ocrx_word' id='word_1_64' title='bbox 867 457 974 484; x_wconf 76' lang='grc' dir='ltr'>διαϐάλ-</span> 
     </span>
    </p>
   </div>
   <div class='ocr_carea' id='block_1_11' title="bbox 191 502 974 540">
    <p class='ocr_par' dir='ltr' id='par_1_11' title="bbox 191 502 974 540">
     <span class='ocr_line' id='line_1_11' title="bbox 191 502 974 540; baseline 0.001 -11"><span class='ocrx_word' id='word_1_65' title='bbox 191 502 267 530; x_wconf 87' lang='grc' dir='ltr'>λεται</span> <span class='ocrx_word' id='word_1_66' title='bbox 277 512 283 518; x_wconf 70' lang='grc'><strong>⁸</strong></span> <span class='ocrx_word' id='word_1_67' title='bbox 302 502 471 538; x_wconf 78' lang='grc' dir='ltr'><strong>ἀσυμφώνων</strong></span> <span class='ocrx_word' id='word_1_68' title='bbox 488 504 516 529; x_wconf 82' lang='grc' dir='ltr'>δὲ</span> <span class='ocrx_word' id='word_1_69' title='bbox 531 503 614 530; x_wconf 71' lang='grc' dir='ltr'>ὄντων</span> <span class='ocrx_word' id='word_1_70' title='bbox 629 503 682 529; x_wconf 85' lang='grc' dir='ltr'><strong>τῶν</strong></span> <span class='ocrx_word' id='word_1_71' title='bbox 699 503 879 540; x_wconf 80' lang='grc' dir='ltr'><strong>γραμμάτων,</strong></span> <span class='ocrx_word' id='word_1_72' title='bbox 901 503 974 530; x_wconf 77' lang='grc' dir='ltr'>οὐδε-</span> 
     </span>
    </p>
   </div>
   <div class='ocr_carea' id='block_1_12' title="bbox 193 549 974 584">
    <p class='ocr_par' dir='ltr' id='par_1_12' title="bbox 193 549 974 584">
     <span class='ocr_line' id='line_1_12' title="bbox 193 549 974 584; baseline -0.003 -8"><span class='ocrx_word' id='word_1_73' title='bbox 193 549 244 584; x_wconf 84' lang='grc' dir='ltr'><strong>μία</strong></span> <span class='ocrx_word' id='word_1_74' title='bbox 260 549 350 580; x_wconf 84' lang='grc' dir='ltr'>πίστις</span> <span class='ocrx_word' id='word_1_75' title='bbox 376 549 509 584; x_wconf 73' lang='grc' dir='ltr'>περὶτῶν</span> <span class='ocrx_word' id='word_1_76' title='bbox 536 549 687 584; x_wconf 82' lang='grc' dir='ltr'>λεγομένων</span> <span class='ocrx_word' id='word_1_77' title='bbox 702 549 794 579; x_wconf 83' lang='grc' dir='ltr'>ὲστίν,·</span> <span class='ocrx_word' id='word_1_78' title='bbox 820 549 924 581; x_wconf 72' lang='grc' dir='ltr'>ἔπειτα,</span> <span class='ocrx_word' id='word_1_79' title='bbox 950 549 974 575; x_wconf 78' lang='grc' dir='ltr'>εἰ</span> 
     </span>
    </p>
   </div>
   <div class='ocr_carea' id='block_1_13' title="bbox 192 593 975 630">
    <p class='ocr_par' dir='ltr' id='par_1_13' title="bbox 192 593 975 630">
     <span class='ocr_line' id='line_1_13' title="bbox 192 593 975 630; baseline -0.001 -9"><span class='ocrx_word' id='word_1_80' title='bbox 192 596 249 626; x_wconf 86' lang='grc' dir='ltr'>τοῖς</span> <span class='ocrx_word' id='word_1_81' title='bbox 262 595 326 630; x_wconf 77' lang='grc' dir='ltr'>παρ’</span> <span class='ocrx_word' id='word_1_82' title='bbox 343 593 418 629; x_wconf 81' lang='grc' dir='ltr'>ὑμῶν</span> <span class='ocrx_word' id='word_1_83' title='bbox 433 596 576 629; x_wconf 77' lang='grc' dir='ltr'><strong>γραφεῖσιν</strong></span> <span class='ocrx_word' id='word_1_84' title='bbox 586 593 692 627; x_wconf 76' lang='grc' dir='ltr'>ἀξιοῦτε</span> <span class='ocrx_word' id='word_1_85' title='bbox 705 594 851 627; x_wconf 82' lang='grc' dir='ltr'><strong>πιστεύειν,</strong></span> <span class='ocrx_word' id='word_1_86' title='bbox 865 595 975 621; x_wconf 82' lang='grc' dir='ltr'>ἀκόλου-</span> 
     </span>
    </p>
   </div>
   <div class='ocr_carea' id='block_1_14' title="bbox 196 639 972 675">
    <p class='ocr_par' dir='ltr' id='par_1_14' title="bbox 196 639 972 675">
     <span class='ocr_line' id='line_1_14' title="bbox 196 639 972 675; baseline 0 -10"><span class='ocrx_word' id='word_1_87' title='bbox 196 639 242 666; x_wconf 87' lang='grc' dir='ltr'><strong>θόν</strong></span> <span class='ocrx_word' id='word_1_88' title='bbox 256 641 312 666; x_wconf 71' lang='grc' dir='ltr'>ἐστι</span> <span class='ocrx_word' id='word_1_89' title='bbox 327 640 373 666; x_wconf 78' lang='grc' dir='ltr'>καὶ</span> <span class='ocrx_word' id='word_1_90' title='bbox 384 641 439 671; x_wconf 87' lang='grc' dir='ltr'>τοῖς</span> <span class='ocrx_word' id='word_1_91' title='bbox 450 639 519 675; x_wconf 85' lang='grc' dir='ltr'>ὑπὲρ</span> <span class='ocrx_word' id='word_1_92' title='bbox 531 639 610 666; x_wconf 77' lang='grc' dir='ltr'>αὐτοῦ</span> <span class='ocrx_word' id='word_1_93' title='bbox 622 640 742 675; x_wconf 77' lang='grc' dir='ltr'><strong>γράψασι</strong></span> <span class='ocrx_word' id='word_1_94' title='bbox 759 640 795 675; x_wconf 88' lang='grc' dir='ltr'>μὴ</span> <span class='ocrx_word' id='word_1_95' title='bbox 808 639 972 674; x_wconf 83' lang='grc' dir='ltr'>ἀπιστῆσαι·</span> 
     </span>
    </p>
   </div>
   <div class='ocr_carea' id='block_1_15' title="bbox 195 685 975 721">
    <p class='ocr_par' dir='ltr' id='par_1_15' title="bbox 195 685 975 721">
     <span class='ocr_line' id='line_1_15' title="bbox 195 685 975 721; baseline -0.003 -8"><span class='ocrx_word' id='word_1_96' title='bbox 195 686 243 714; x_wconf 78' lang='grc' dir='ltr'>καὶ</span> <span class='ocrx_word' id='word_1_97' title='bbox 263 686 378 721; x_wconf 82' lang='grc' dir='ltr'>μάλιστα</span> <span class='ocrx_word' id='word_1_98' title='bbox 393 686 433 712; x_wconf 71' lang='grc' dir='ltr'>ὅτι</span> <span class='ocrx_word' id='word_1_99' title='bbox 447 686 523 721; x_wconf 81' lang='grc' dir='ltr'><strong>ὑμεῖς</strong></span> <span class='ocrx_word' id='word_1_100' title='bbox 550 686 598 720; x_wconf 87' lang='grc' dir='ltr'>μὲν</span> <span class='ocrx_word' id='word_1_101' title='bbox 613 685 762 721; x_wconf 74' lang='grc' dir='ltr'>πόρρωθεν,</span> <span class='ocrx_word' id='word_1_102' title='bbox 779 686 876 712; x_wconf 79' lang='grc' dir='ltr'>ἐκεῖνοι</span> <span class='ocrx_word' id='word_1_103' title='bbox 904 686 932 712; x_wconf 83' lang='grc' dir='ltr'>δὲ</span> <span class='ocrx_word' id='word_1_104' title='bbox 946 686 975 711; x_wconf 81' lang='grc' dir='ltr'>ἐν</span> 
     </span>
    </p>
   </div>
   <div class='ocr_carea' id='block_1_16' title="bbox 193 730 976 766">
    <p class='ocr_par' dir='ltr' id='par_1_16' title="bbox 193 730 976 766">
     <span class='ocr_line' id='line_1_16' title="bbox 193 730 976 766; baseline -0.001 -9"><span class='ocrx_word' id='word_1_105' title='bbox 193 732 251 762; x_wconf 83' lang='grc' dir='ltr'>τοῖς</span> <span class='ocrx_word' id='word_1_106' title='bbox 266 730 358 762; x_wconf 84' lang='grc' dir='ltr'>τόποις</span> <span class='ocrx_word' id='word_1_107' title='bbox 370 730 454 762; x_wconf 72' lang='grc' dir='ltr'>ὄντες,</span> <span class='ocrx_word' id='word_1_108' title='bbox 473 731 518 756; x_wconf 82' lang='grc' dir='ltr'>καὶ</span> <span class='ocrx_word' id='word_1_109' title='bbox 535 731 632 762; x_wconf 82' lang='grc' dir='ltr'>εἰδότες</span> <span class='ocrx_word' id='word_1_110' title='bbox 642 730 688 757; x_wconf 80' lang='grc' dir='ltr'>τὸν</span> <span class='ocrx_word' id='word_1_111' title='bbox 703 730 795 766; x_wconf 81' lang='grc' dir='ltr'>ἄνδρα,</span> <span class='ocrx_word' id='word_1_112' title='bbox 813 731 859 757; x_wconf 83' lang='grc' dir='ltr'>καὶ</span> <span class='ocrx_word' id='word_1_113' title='bbox 876 730 909 756; x_wconf 83' lang='grc' dir='ltr'>τὰ</span> <span class='ocrx_word' id='word_1_114' title='bbox 919 731 976 756; x_wconf 81' lang='grc' dir='ltr'>ἐκεῖ</span> 
     </span>
    </p>
   </div>
   <div class='ocr_carea' id='block_1_17' title="bbox 193 776 975 812">
    <p class='ocr_par' dir='ltr' id='par_1_17' title="bbox 193 776 975 812">
     <span class='ocr_line' id='line_1_17' title="bbox 193 776 975 812; baseline 0 -10"><span class='ocrx_word' id='word_1_115' title='bbox 193 777 323 811; x_wconf 86' lang='grc' dir='ltr'>γινόμενα</span> <span class='ocrx_word' id='word_1_116' title='bbox 337 776 485 811; x_wconf 79' lang='grc' dir='ltr'>πράγματα</span> <span class='ocrx_word' id='word_1_117' title='bbox 507 776 650 811; x_wconf 80' lang='grc' dir='ltr'>γράφουσι,</span> <span class='ocrx_word' id='word_1_118' title='bbox 670 776 869 812; x_wconf 78' lang='grc' dir='ltr'><strong>μαρτυροῦντες</strong></span> <span class='ocrx_word' id='word_1_119' title='bbox 894 776 975 802; x_wconf 79' lang='grc' dir='ltr'>αὑτοῦ</span> 
     </span>
    </p>
   </div>
   <div class='ocr_carea' id='block_1_18' title="bbox 193 821 976 858">
    <p class='ocr_par' dir='ltr' id='par_1_18' title="bbox 193 821 976 858">
     <span class='ocr_line' id='line_1_18' title="bbox 193 821 976 858; baseline -0.001 -10"><span class='ocrx_word' id='word_1_120' title='bbox 193 821 232 858; x_wconf 81' lang='grc' dir='ltr'>τῷ</span> <span class='ocrx_word' id='word_1_121' title='bbox 250 822 300 856; x_wconf 88' lang='grc' dir='ltr'><strong>βίῳ</strong></span> <span class='ocrx_word' id='word_1_122' title='bbox 317 822 382 857; x_wconf 81' lang='grc'>(75),</span> <span class='ocrx_word' id='word_1_123' title='bbox 411 823 457 848; x_wconf 71' lang='grc' dir='ltr'>καὶ</span> <span class='ocrx_word' id='word_1_124' title='bbox 484 821 715 856; x_wconf 76' lang='grc' dir='ltr'>διαϐεϐαιούμενοι</span> <span class='ocrx_word' id='word_1_125' title='bbox 740 822 769 848; x_wconf 82' lang='grc' dir='ltr'>ὲν</span> <span class='ocrx_word' id='word_1_126' title='bbox 793 823 873 847; x_wconf 79' lang='grc' dir='ltr'>πᾶσιν</span> <span class='ocrx_word' id='word_1_127' title='bbox 896 821 976 847; x_wconf 78' lang='grc' dir='ltr'>αὑτὸν</span> 
     </span>
    </p>
   </div>
   <div class='ocr_carea' id='block_1_19' title="bbox 194 866 976 902">
    <p class='ocr_par' dir='ltr' id='par_1_19' title="bbox 194 866 976 902">
     <span class='ocr_line' id='line_1_19' title="bbox 194 866 976 902; baseline -0.003 -8"><span class='ocrx_word' id='word_1_128' title='bbox 194 867 328 902; x_wconf 84' lang='grc' dir='ltr'>συσκευὴν</span> <span class='ocrx_word' id='word_1_129' title='bbox 351 867 525 894; x_wconf 81' lang='grc' dir='ltr'>πεπονθέναι.</span> <span class='ocrx_word' id='word_1_130' title='bbox 546 867 600 893; x_wconf 72' lang='grc' dir='ltr'>Καὶ</span> <span class='ocrx_word' id='word_1_131' title='bbox 614 867 692 893; x_wconf 79' lang='grc' dir='ltr'>πάλιν</span> <span class='ocrx_word' id='word_1_132' title='bbox 715 867 850 902; x_wconf 84' lang='grc' dir='ltr'>Ἀρσένιός</span> <span class='ocrx_word' id='word_1_133' title='bbox 865 866 920 901; x_wconf 88' lang='lat'><strong>(76)</strong></span> <span class='ocrx_word' id='word_1_134' title='bbox 935 875 976 898; x_wconf 87' lang='grc' dir='ltr'><strong>τις</strong></span> 
     </span>
    </p>
   </div>
   <div class='ocr_carea' id='block_1_20' title="bbox 1024 272 1798 308">
    <p class='ocr_par' dir='ltr' id='par_1_20' title="bbox 1024 272 1798 308">
     <span class='ocr_line' id='line_1_20' title="bbox 1024 272 1798 308; baseline 0.001 -8"><span class='ocrx_word' id='word_1_135' title='bbox 1024 274 1115 308; x_wconf 81' lang='lat' dir='ltr'><strong>plures</strong></span> <span class='ocrx_word' id='word_1_136' title='bbox 1127 273 1244 308; x_wconf 87' lang='lat' dir='ltr'><strong>episcopi</strong></span> <span class='ocrx_word' id='word_1_137' title='bbox 1259 280 1292 300; x_wconf 81' lang='lat' dir='ltr'><strong>ex</strong></span> <span class='ocrx_word' id='word_1_138' title='bbox 1305 272 1420 308; x_wconf 61' lang='lat' dir='ltr'><strong>[Egypto</strong></span> <span class='ocrx_word' id='word_1_139' title='bbox 1434 277 1461 300; x_wconf 92' lang='lat' dir='ltr'><strong>ct</strong></span> <span class='ocrx_word' id='word_1_140' title='bbox 1475 281 1508 300; x_wconf 82' lang='lat' dir='ltr'><strong>ex</strong></span> <span class='ocrx_word' id='word_1_141' title='bbox 1523 273 1582 300; x_wconf 84' lang='lat' dir='ltr'><strong>aliis</strong></span> <span class='ocrx_word' id='word_1_142' title='bbox 1594 273 1740 308; x_wconf 78' lang='lat' dir='ltr'><strong>provinciis</strong></span> <span class='ocrx_word' id='word_1_143' title='bbox 1748 281 1798 308; x_wconf 88' lang='lat' dir='ltr'><strong>pro</strong></span> 
     </span>
    </p>
   </div>
   <div class='ocr_carea' id='block_1_21' title="bbox 1023 317 1799 352">
    <p class='ocr_par' dir='ltr' id='par_1_21' title="bbox 1023 317 1799 352">
     <span class='ocr_line' id='line_1_21' title="bbox 1023 317 1799 352; baseline 0.001 -8"><span class='ocrx_word' id='word_1_144' title='bbox 1023 319 1182 345; x_wconf 71' lang='lat' dir='ltr'><strong>Athanasio.</strong></span> <span class='ocrx_word' id='word_1_145' title='bbox 1200 318 1290 344; x_wconf 87' lang='lat' dir='ltr'><strong>Primo</strong></span> <span class='ocrx_word' id='word_1_146' title='bbox 1319 317 1400 352; x_wconf 78' lang='lat' dir='ltr'><strong>igitur</strong></span> <span class='ocrx_word' id='word_1_147' title='bbox 1422 317 1619 345; x_wconf 86' lang='lat' dir='ltr'><strong>observandum</strong></span> <span class='ocrx_word' id='word_1_148' title='bbox 1632 323 1738 345; x_wconf 85' lang='lat' dir='ltr'><strong>vestras</strong></span> <span class='ocrx_word' id='word_1_149' title='bbox 1749 318 1799 345; x_wconf 74' lang='lat' dir='ltr'><strong>ad-</strong></span> 
     </span>
    </p>
   </div>
   <div class='ocr_carea' id='block_1_22' title="bbox 1024 363 1800 399">
    <p class='ocr_par' dir='ltr' id='par_1_22' title="bbox 1024 363 1800 399">
     <span class='ocr_line' id='line_1_22' title="bbox 1024 363 1800 399; baseline 0.001 -9"><span class='ocrx_word' id='word_1_150' title='bbox 1024 371 1116 391; x_wconf 89' lang='lat' dir='ltr'><strong>versus</strong></span> <span class='ocrx_word' id='word_1_151' title='bbox 1130 364 1202 390; x_wconf 91' lang='lat' dir='ltr'><strong>illum</strong></span> <span class='ocrx_word' id='word_1_152' title='bbox 1223 363 1329 391; x_wconf 88' lang='lat' dir='ltr'><strong>litteras</strong></span> <span class='ocrx_word' id='word_1_153' title='bbox 1342 383 1350 396; x_wconf 87' lang='lat'><strong>,</strong></span> <span class='ocrx_word' id='word_1_154' title='bbox 1369 364 1439 390; x_wconf 91' lang='lat' dir='ltr'><strong>inter</strong></span> <span class='ocrx_word' id='word_1_155' title='bbox 1454 372 1482 391; x_wconf 88' lang='lat' dir='ltr'><strong>se</strong></span> <span class='ocrx_word' id='word_1_156' title='bbox 1505 371 1633 398; x_wconf 78' lang='lat' dir='ltr'><strong>pugnare,</strong></span> <span class='ocrx_word' id='word_1_157' title='bbox 1651 369 1678 391; x_wconf 90' lang='lat' dir='ltr'><strong>et</strong></span> <span class='ocrx_word' id='word_1_158' title='bbox 1696 365 1800 399; x_wconf 84' lang='lat' dir='ltr'><strong>priores</strong></span> 
     </span>
    </p>
   </div>
   <div class='ocr_carea' id='block_1_23' title="bbox 1025 409 1800 438">
    <p class='ocr_par' dir='ltr' id='par_1_23' title="bbox 1025 409 1800 438">
     <span class='ocr_line' id='line_1_23' title="bbox 1025 409 1800 438; baseline 0.001 -2"><span class='ocrx_word' id='word_1_159' title='bbox 1025 417 1084 436; x_wconf 90' lang='lat' dir='ltr'><strong>cum</strong></span> <span class='ocrx_word' id='word_1_160' title='bbox 1099 409 1225 437; x_wconf 89' lang='lat' dir='ltr'><strong>secundis</strong></span> <span class='ocrx_word' id='word_1_161' title='bbox 1242 409 1394 436; x_wconf 88' lang='lat' dir='ltr'><strong>nullatenus</strong></span> <span class='ocrx_word' id='word_1_162' title='bbox 1410 410 1582 437; x_wconf 88' lang='lat' dir='ltr'><strong>consentire:</strong></span> <span class='ocrx_word' id='word_1_163' title='bbox 1603 410 1650 437; x_wconf 91' lang='lat' dir='ltr'><strong>sed</strong></span> <span class='ocrx_word' id='word_1_164' title='bbox 1666 411 1693 436; x_wconf 93' lang='lat' dir='ltr'><strong>in</strong></span> <span class='ocrx_word' id='word_1_165' title='bbox 1709 411 1800 438; x_wconf 83' lang='lat' dir='ltr'><strong>multis</strong></span> 
     </span>
    </p>
   </div>
   <div class='ocr_carea' id='block_1_24' title="bbox 1023 455 1800 490">
    <p class='ocr_par' dir='ltr' id='par_1_24' title="bbox 1023 455 1800 490">
     <span class='ocr_line' id='line_1_24' title="bbox 1023 455 1800 490; baseline 0.001 -8"><span class='ocrx_word' id='word_1_166' title='bbox 1023 456 1117 490; x_wconf 59' lang='lat' dir='ltr'><strong>prima:</strong></span> <span class='ocrx_word' id='word_1_167' title='bbox 1140 463 1154 482; x_wconf 92' lang='lat' dir='ltr'><strong>a</strong></span> <span class='ocrx_word' id='word_1_168' title='bbox 1178 455 1302 482; x_wconf 89' lang='lat' dir='ltr'><strong>secundis</strong></span> <span class='ocrx_word' id='word_1_169' title='bbox 1319 455 1501 487; x_wconf 81' lang='lat' dir='ltr'><strong>confutantur.</strong></span> <span class='ocrx_word' id='word_1_170' title='bbox 1525 461 1552 482; x_wconf 92' lang='lat' dir='ltr'><strong>et</strong></span> <span class='ocrx_word' id='word_1_171' title='bbox 1575 456 1698 483; x_wconf 77' lang='lat' dir='ltr'><strong>secundae</strong></span> <span class='ocrx_word' id='word_1_172' title='bbox 1713 463 1728 482; x_wconf 90' lang='lat' dir='ltr'><strong>a</strong></span> <span class='ocrx_word' id='word_1_173' title='bbox 1744 457 1800 490; x_wconf 90' lang='lat' dir='ltr'><strong>pri-</strong></span> 
     </span>
    </p>
   </div>
   <div class='ocr_carea' id='block_1_25' title="bbox 1024 500 1802 536">
    <p class='ocr_par' dir='ltr' id='par_1_25' title="bbox 1024 500 1802 536">
     <span class='ocr_line' id='line_1_25' title="bbox 1024 500 1802 536; baseline 0.003 -8"><span class='ocrx_word' id='word_1_174' title='bbox 1024 501 1076 528; x_wconf 88' lang='lat' dir='ltr'><strong>mis</strong></span> <span class='ocrx_word' id='word_1_175' title='bbox 1100 500 1160 528; x_wconf 86' lang='lat' dir='ltr'><strong>l&#39;alsi</strong></span> <span class='ocrx_word' id='word_1_176' title='bbox 1186 505 1345 536; x_wconf 80' lang='lat' dir='ltr'><strong>arguuntur.</strong></span> <span class='ocrx_word' id='word_1_177' title='bbox 1360 501 1426 528; x_wconf 91' lang='lat' dir='ltr'><strong>Cum</strong></span> <span class='ocrx_word' id='word_1_178' title='bbox 1448 506 1538 528; x_wconf 89' lang='lat' dir='ltr'><strong>autem</strong></span> <span class='ocrx_word' id='word_1_179' title='bbox 1564 501 1660 528; x_wconf 69' lang='lat' dir='ltr'><strong>litterae</strong></span> <span class='ocrx_word' id='word_1_180' title='bbox 1685 502 1756 530; x_wconf 88' lang='lat' dir='ltr'><strong>inter</strong></span> <span class='ocrx_word' id='word_1_181' title='bbox 1772 510 1802 530; x_wconf 89' lang='lat' dir='ltr'><strong>se</strong></span> 
     </span>
    </p>
   </div>
   <div class='ocr_carea' id='block_1_26' title="bbox 1024 546 1802 579">
    <p class='ocr_par' dir='ltr' id='par_1_26' title="bbox 1024 546 1802 579">
     <span class='ocr_line' id='line_1_26' title="bbox 1024 546 1802 579; baseline 0.004 -7"><span class='ocrx_word' id='word_1_182' title='bbox 1024 552 1077 572; x_wconf 88' lang='lat' dir='ltr'><strong>non</strong></span> <span class='ocrx_word' id='word_1_183' title='bbox 1094 547 1280 579; x_wconf 80' lang='lat' dir='ltr'><strong>consentiant,</strong></span> <span class='ocrx_word' id='word_1_184' title='bbox 1294 546 1366 573; x_wconf 90' lang='lat' dir='ltr'><strong>nulla</strong></span> <span class='ocrx_word' id='word_1_185' title='bbox 1379 553 1444 573; x_wconf 89' lang='lat' dir='ltr'><strong>sane</strong></span> <span class='ocrx_word' id='word_1_186' title='bbox 1462 547 1527 574; x_wconf 89' lang='lat' dir='ltr'><strong>ﬁdes</strong></span> <span class='ocrx_word' id='word_1_187' title='bbox 1539 554 1631 574; x_wconf 89' lang='lat' dir='ltr'><strong>earum</strong></span> <span class='ocrx_word' id='word_1_188' title='bbox 1657 547 1737 575; x_wconf 89' lang='lat' dir='ltr'><strong>dictis</strong></span> <span class='ocrx_word' id='word_1_189' title='bbox 1753 548 1802 575; x_wconf 87' lang='lat' dir='ltr'><strong>ha-</strong></span> 
     </span>
    </p>
   </div>
   <div class='ocr_carea' id='block_1_27' title="bbox 1024 590 1802 628">
    <p class='ocr_par' dir='ltr' id='par_1_27' title="bbox 1024 590 1802 628">
     <span class='ocr_line' id='line_1_27' title="bbox 1024 590 1802 628; baseline 0.004 -11"><span class='ocrx_word' id='word_1_190' title='bbox 1024 590 1131 618; x_wconf 85' lang='lat' dir='ltr'><strong>beatur.</strong></span> <span class='ocrx_word' id='word_1_191' title='bbox 1148 591 1250 619; x_wconf 88' lang='lat' dir='ltr'><strong>Deltinc</strong></span> <span class='ocrx_word' id='word_1_192' title='bbox 1267 591 1289 619; x_wconf 88' lang='lat' dir='ltr'><strong>si</strong></span> <span class='ocrx_word' id='word_1_193' title='bbox 1308 592 1404 618; x_wconf 83' lang='lat' dir='ltr'><strong>vestris</strong></span> <span class='ocrx_word' id='word_1_194' title='bbox 1424 591 1522 618; x_wconf 88' lang='lat' dir='ltr'><strong>litteris</strong></span> <span class='ocrx_word' id='word_1_195' title='bbox 1543 592 1622 619; x_wconf 84' lang='lat' dir='ltr'><strong>ﬁdem</strong></span> <span class='ocrx_word' id='word_1_196' title='bbox 1648 592 1740 620; x_wconf 88' lang='lat' dir='ltr'><strong>haberi</strong></span> <span class='ocrx_word' id='word_1_197' title='bbox 1753 601 1802 628; x_wconf 88' lang='lat' dir='ltr'><strong>po-</strong></span> 
     </span>
    </p>
   </div>
   <div class='ocr_carea' id='block_1_28' title="bbox 1025 635 1803 671">
    <p class='ocr_par' dir='ltr' id='par_1_28' title="bbox 1025 635 1803 671">
     <span class='ocr_line' id='line_1_28' title="bbox 1025 635 1803 671; baseline 0.005 -9"><span class='ocrx_word' id='word_1_198' title='bbox 1025 635 1148 668; x_wconf 87' lang='lat' dir='ltr'><strong>stulatis,</strong></span> <span class='ocrx_word' id='word_1_199' title='bbox 1161 641 1370 663; x_wconf 86' lang='lat' dir='ltr'><strong>consentaneum</strong></span> <span class='ocrx_word' id='word_1_200' title='bbox 1386 641 1426 663; x_wconf 90' lang='lat' dir='ltr'><strong>est</strong></span> <span class='ocrx_word' id='word_1_201' title='bbox 1441 641 1468 663; x_wconf 93' lang='lat' dir='ltr'><strong>et</strong></span> <span class='ocrx_word' id='word_1_202' title='bbox 1490 636 1523 664; x_wconf 89' lang='lat' dir='ltr'><strong>iis</strong></span> <span class='ocrx_word' id='word_1_203' title='bbox 1537 645 1596 671; x_wconf 73' lang='lat' dir='ltr'><strong>qua:</strong></span> <span class='ocrx_word' id='word_1_204' title='bbox 1609 645 1658 671; x_wconf 89' lang='lat' dir='ltr'><strong>pro</strong></span> <span class='ocrx_word' id='word_1_205' title='bbox 1675 638 1719 665; x_wconf 92' lang='lat' dir='ltr'><strong>illo</strong></span> <span class='ocrx_word' id='word_1_206' title='bbox 1732 639 1803 666; x_wconf 88' lang='lat' dir='ltr'><strong>scri-</strong></span> 
     </span>
    </p>
   </div>
   <div class='ocr_carea' id='block_1_29' title="bbox 1024 681 1802 717">
    <p class='ocr_par' dir='ltr' id='par_1_29' title="bbox 1024 681 1802 717">
     <span class='ocr_line' id='line_1_29' title="bbox 1024 681 1802 717; baseline 0.005 -10"><span class='ocrx_word' id='word_1_207' title='bbox 1024 685 1069 715; x_wconf 86' lang='lat' dir='ltr'><strong>pta</strong></span> <span class='ocrx_word' id='word_1_208' title='bbox 1092 686 1156 708; x_wconf 88' lang='lat' dir='ltr'><strong>sunt</strong></span> <span class='ocrx_word' id='word_1_209' title='bbox 1182 681 1260 708; x_wconf 87' lang='lat' dir='ltr'><strong>ﬁdem</strong></span> <span class='ocrx_word' id='word_1_210' title='bbox 1287 689 1338 708; x_wconf 89' lang='lat' dir='ltr'><strong>tton</strong></span> <span class='ocrx_word' id='word_1_211' title='bbox 1358 681 1491 716; x_wconf 78' lang='lat' dir='ltr'><strong>abnegare</strong></span> <span class='ocrx_word' id='word_1_212' title='bbox 1510 690 1517 709; x_wconf 86' lang='lat'><strong>:</strong></span> <span class='ocrx_word' id='word_1_213' title='bbox 1535 683 1651 710; x_wconf 89' lang='lat' dir='ltr'><strong>maxitne</strong></span> <span class='ocrx_word' id='word_1_214' title='bbox 1675 683 1737 717; x_wconf 85' lang='lat' dir='ltr'><strong>quia</strong></span> <span class='ocrx_word' id='word_1_215' title='bbox 1754 691 1802 712; x_wconf 84' lang='lat' dir='ltr'><strong>vos</strong></span> 
     </span>
    </p>
   </div>
   <div class='ocr_carea' id='block_1_30' title="bbox 1025 726 1803 764">
    <p class='ocr_par' dir='ltr' id='par_1_30' title="bbox 1025 726 1803 764">
     <span class='ocr_line' id='line_1_30' title="bbox 1025 726 1803 764; baseline 0.005 -11"><span class='ocrx_word' id='word_1_216' title='bbox 1025 726 1132 761; x_wconf 88' lang='lat' dir='ltr'><strong>quidem</strong></span> <span class='ocrx_word' id='word_1_217' title='bbox 1148 734 1163 753; x_wconf 90' lang='lat' dir='ltr'><strong>e</strong></span> <span class='ocrx_word' id='word_1_218' title='bbox 1175 727 1319 761; x_wconf 75' lang='lat' dir='ltr'><strong>longinquo</strong></span> <span class='ocrx_word' id='word_1_219' title='bbox 1334 728 1467 760; x_wconf 83' lang='lat' dir='ltr'><strong>scribitis;</strong></span> <span class='ocrx_word' id='word_1_220' title='bbox 1484 728 1521 755; x_wconf 90' lang='lat' dir='ltr'><strong>illi</strong></span> <span class='ocrx_word' id='word_1_221' title='bbox 1532 736 1596 756; x_wconf 83' lang='lat' dir='ltr'><strong>vero</strong></span> <span class='ocrx_word' id='word_1_222' title='bbox 1613 730 1638 755; x_wconf 94' lang='lat' dir='ltr'><strong>in</strong></span> <span class='ocrx_word' id='word_1_223' title='bbox 1656 730 1720 764; x_wconf 86' lang='lat' dir='ltr'><strong>ipsis</strong></span> <span class='ocrx_word' id='word_1_224' title='bbox 1736 729 1803 758; x_wconf 87' lang='lat' dir='ltr'><strong>locis</strong></span> 
     </span>
    </p>
   </div>
   <div class='ocr_carea' id='block_1_31' title="bbox 1025 777 1804 813">
    <p class='ocr_par' dir='ltr' id='par_1_31' title="bbox 1025 777 1804 813">
     <span class='ocr_line' id='line_1_31' title="bbox 1025 777 1804 813; baseline 0.003 -9"><span class='ocrx_word' id='word_1_225' title='bbox 1025 785 1086 804; x_wconf 90' lang='lat' dir='ltr'><strong>cutn</strong></span> <span class='ocrx_word' id='word_1_226' title='bbox 1102 777 1166 808; x_wconf 82' lang='lat' dir='ltr'><strong>sint,</strong></span> <span class='ocrx_word' id='word_1_227' title='bbox 1182 777 1226 804; x_wconf 91' lang='lat' dir='ltr'><strong>ubi</strong></span> <span class='ocrx_word' id='word_1_228' title='bbox 1245 782 1270 804; x_wconf 90' lang='lat' dir='ltr'><strong>et</strong></span> <span class='ocrx_word' id='word_1_229' title='bbox 1281 777 1367 803; x_wconf 89' lang='lat' dir='ltr'><strong>virum</strong></span> <span class='ocrx_word' id='word_1_230' title='bbox 1387 777 1473 811; x_wconf 90' lang='lat' dir='ltr'><strong>ipsum</strong></span> <span class='ocrx_word' id='word_1_231' title='bbox 1492 783 1519 804; x_wconf 91' lang='lat' dir='ltr'><strong>ct</strong></span> <span class='ocrx_word' id='word_1_232' title='bbox 1533 777 1639 812; x_wconf 81' lang='lat' dir='ltr'><strong>negotia</strong></span> <span class='ocrx_word' id='word_1_233' title='bbox 1660 778 1714 806; x_wconf 88' lang='lat' dir='ltr'><strong>illic</strong></span> <span class='ocrx_word' id='word_1_234' title='bbox 1727 783 1804 813; x_wconf 67' lang='lat' dir='ltr'><strong>gesta</strong></span> 
     </span>
    </p>
   </div>
   <div class='ocr_carea' id='block_1_32' title="bbox 1025 821 1804 856">
    <p class='ocr_par' dir='ltr' id='par_1_32' title="bbox 1025 821 1804 856">
     <span class='ocr_line' id='line_1_32' title="bbox 1025 821 1804 856; baseline 0.003 -8"><span class='ocrx_word' id='word_1_235' title='bbox 1025 823 1162 854; x_wconf 87' lang='lat' dir='ltr'><strong>viderunt,</strong></span> <span class='ocrx_word' id='word_1_236' title='bbox 1177 823 1277 856; x_wconf 87' lang='lat' dir='ltr'><strong>scripto</strong></span> <span class='ocrx_word' id='word_1_237' title='bbox 1292 822 1353 848; x_wconf 65' lang='lat' dir='ltr'><strong>vitae</strong></span> <span class='ocrx_word' id='word_1_238' title='bbox 1367 821 1424 856; x_wconf 84' lang='lat' dir='ltr'><strong>ejus</strong></span> <span class='ocrx_word' id='word_1_239' title='bbox 1438 822 1598 856; x_wconf 81' lang='lat' dir='ltr'><strong>probitatem</strong></span> <span class='ocrx_word' id='word_1_240' title='bbox 1619 827 1761 856; x_wconf 84' lang='lat' dir='ltr'><strong>testantur,</strong></span> <span class='ocrx_word' id='word_1_241' title='bbox 1776 829 1804 850; x_wconf 87' lang='lat' dir='ltr'><strong>et</strong></span> 
     </span>
    </p>
   </div>
   <div class='ocr_carea' id='block_1_33' title="bbox 1026 867 1803 902">
    <p class='ocr_par' dir='ltr' id='par_1_33' title="bbox 1026 867 1803 902">
     <span class='ocr_line' id='line_1_33' title="bbox 1026 867 1803 902; baseline 0.003 -8"><span class='ocrx_word' id='word_1_242' title='bbox 1026 867 1160 894; x_wconf 81' lang='lat' dir='ltr'><strong>aﬁirmant</strong></span> <span class='ocrx_word' id='word_1_243' title='bbox 1175 875 1234 894; x_wconf 94' lang='lat' dir='ltr'><strong>eum</strong></span> <span class='ocrx_word' id='word_1_244' title='bbox 1244 867 1412 895; x_wconf 76' lang='lat' dir='ltr'><strong>calumniam</strong></span> <span class='ocrx_word' id='word_1_245' title='bbox 1429 868 1455 894; x_wconf 94' lang='lat' dir='ltr'><strong>in</strong></span> <span class='ocrx_word' id='word_1_246' title='bbox 1471 867 1595 894; x_wconf 88' lang='lat' dir='ltr'><strong>omttibus</strong></span> <span class='ocrx_word' id='word_1_247' title='bbox 1607 875 1716 902; x_wconf 86' lang='lat' dir='ltr'><strong>passum</strong></span> <span class='ocrx_word' id='word_1_248' title='bbox 1733 876 1803 896; x_wconf 87' lang='lat' dir='ltr'><strong>esse.</strong></span> 
     </span>
    </p>
   </div>
   <div class='ocr_carea' id='block_1_34' title="bbox 193 905 978 948">
    <p class='ocr_par' dir='ltr' id='par_1_34' title="bbox 193 912 976 948">
     <span class='ocr_line' id='line_1_34' title="bbox 193 912 976 948; baseline -0.001 -9"><span class='ocrx_word' id='word_1_249' title='bbox 193 913 339 944; x_wconf 71' lang='grc' dir='ltr'>ἐπίσκοπος</span> <span class='ocrx_word' id='word_1_250' title='bbox 360 913 454 948; x_wconf 73' lang='grc' dir='ltr'>ἐλέχθη</span> <span class='ocrx_word' id='word_1_251' title='bbox 469 914 533 939; x_wconf 79' lang='grc' dir='ltr'>ποτὲ</span> <span class='ocrx_word' id='word_1_252' title='bbox 547 914 584 945; x_wconf 84' lang='grc' dir='ltr'>ὡς</span> <span class='ocrx_word' id='word_1_253' title='bbox 598 913 749 948; x_wconf 79' lang='grc' dir='ltr'>ἀναιρεθεὶς</span> <span class='ocrx_word' id='word_1_254' title='bbox 772 912 843 948; x_wconf 81' lang='grc' dir='ltr'>παρὰ</span> <span class='ocrx_word' id='word_1_255' title='bbox 866 912 976 939; x_wconf 74' lang='grc' dir='ltr'>Ἀθανα-</span> 
     </span>
    </p>
   </div>
   <div class='ocr_carea' id='block_1_35' title="bbox 1027 905 1805 948">
    <p class='ocr_par' dir='ltr' id='par_1_35' title="bbox 1027 912 1805 947">
     <span class='ocr_line' id='line_1_35' title="bbox 1027 912 1805 947; baseline 0.003 -8"><span class='ocrx_word' id='word_1_256' title='bbox 1027 912 1065 940; x_wconf 88' lang='lat' dir='ltr'><strong>Ac</strong></span> <span class='ocrx_word' id='word_1_257' title='bbox 1077 920 1183 940; x_wconf 89' lang='lat' dir='ltr'><strong>rursum</strong></span> <span class='ocrx_word' id='word_1_258' title='bbox 1199 913 1330 940; x_wconf 81' lang='lat' dir='ltr'><strong>Arsenius</strong></span> <span class='ocrx_word' id='word_1_259' title='bbox 1346 913 1457 947; x_wconf 88' lang='lat' dir='ltr'><strong>quidatn</strong></span> <span class='ocrx_word' id='word_1_260' title='bbox 1482 913 1643 947; x_wconf 84' lang='lat' dir='ltr'><strong>episcopus,</strong></span> <span class='ocrx_word' id='word_1_261' title='bbox 1660 913 1748 940; x_wconf 87' lang='lat' dir='ltr'><strong>dictus</strong></span> <span class='ocrx_word' id='word_1_262' title='bbox 1763 918 1805 941; x_wconf 84' lang='lat' dir='ltr'><strong>est</strong></span> 
     </span>
    </p>
   </div>
   <div class='ocr_carea' id='block_1_36' title="bbox 194 957 976 993">
    <p class='ocr_par' dir='ltr' id='par_1_36' title="bbox 194 957 976 993">
     <span class='ocr_line' id='line_1_36' title="bbox 194 957 976 993; baseline 0 -9"><span class='ocrx_word' id='word_1_263' title='bbox 194 957 263 990; x_wconf 83' lang='grc' dir='ltr'>σίου,</span> <span class='ocrx_word' id='word_1_264' title='bbox 286 957 353 984; x_wconf 88' lang='grc' dir='ltr'><strong>ἀλλά</strong></span> <span class='ocrx_word' id='word_1_265' title='bbox 376 957 469 984; x_wconf 80' lang='grc' dir='ltr'>τοῦτον</span> <span class='ocrx_word' id='word_1_266' title='bbox 492 958 629 993; x_wconf 75' lang='grc' dir='ltr'><strong>ἐμάθομεν</strong></span> <span class='ocrx_word' id='word_1_267' title='bbox 655 958 714 993; x_wconf 83' lang='grc' dir='ltr'>ζῇν,</span> <span class='ocrx_word' id='word_1_268' title='bbox 729 957 796 984; x_wconf 86' lang='grc' dir='ltr'>ἀλλὰ</span> <span class='ocrx_word' id='word_1_269' title='bbox 817 958 863 984; x_wconf 77' lang='grc' dir='ltr'>καὶ</span> <span class='ocrx_word' id='word_1_270' title='bbox 887 957 976 992; x_wconf 77' lang='grc' dir='ltr'>φιλίαν</span> 
     </span>
    </p>
   </div>
   <div class='ocr_carea' id='block_1_37' title="bbox 193 1002 977 1040">
    <p class='ocr_par' dir='ltr' id='par_1_37' title="bbox 193 1002 977 1040">
     <span class='ocr_line' id='line_1_37' title="bbox 193 1002 977 1040; baseline -0.001 -10"><span class='ocrx_word' id='word_1_271' title='bbox 193 1003 264 1039; x_wconf 72' lang='grc' dir='ltr'>ἔχειν</span> <span class='ocrx_word' id='word_1_272' title='bbox 275 1004 342 1040; x_wconf 82' lang='grc' dir='ltr'>πρὸς</span> <span class='ocrx_word' id='word_1_273' title='bbox 360 1004 450 1031; x_wconf 77' lang='grc' dir='ltr'>αὐτόν.</span> <span class='ocrx_word' id='word_1_274' title='bbox 469 1003 511 1030; x_wconf 87' lang='grc' dir='ltr'><strong>Τὰ</strong></span> <span class='ocrx_word' id='word_1_275' title='bbox 538 1004 721 1039; x_wconf 82' lang='grc' dir='ltr'>ὑπομνήματα</span> <span class='ocrx_word' id='word_1_276' title='bbox 743 1003 778 1030; x_wconf 82' lang='grc' dir='ltr'>τὰ</span> <span class='ocrx_word' id='word_1_277' title='bbox 797 1003 826 1030; x_wconf 82' lang='grc' dir='ltr'>ὲν</span> <span class='ocrx_word' id='word_1_278' title='bbox 842 1002 977 1040; x_wconf 87' lang='grc' dir='ltr'>Μαρεώτῃ</span> 
     </span>
    </p>
   </div>
   <div class='ocr_carea' id='block_1_38' title="bbox 193 1048 977 1085">
    <p class='ocr_par' dir='ltr' id='par_1_38' title="bbox 193 1048 977 1085">
     <span class='ocr_line' id='line_1_38' title="bbox 193 1048 977 1085; baseline -0.003 -9"><span class='ocrx_word' id='word_1_279' title='bbox 193 1049 327 1085; x_wconf 87' lang='grc' dir='ltr'>γενόμενα</span> <span class='ocrx_word' id='word_1_280' title='bbox 343 1048 552 1076; x_wconf 78' lang='grc' dir='ltr'>διεϐεϐαιώσατο</span> <span class='ocrx_word' id='word_1_281' title='bbox 576 1049 646 1075; x_wconf 85' lang='grc' dir='ltr'><strong>κατά</strong></span> <span class='ocrx_word' id='word_1_282' title='bbox 668 1049 845 1084; x_wconf 84' lang='grc' dir='ltr'>μονομέρειαν</span> <span class='ocrx_word' id='word_1_283' title='bbox 864 1048 977 1083; x_wconf 85' lang='grc' dir='ltr'>γεγενῆ-</span> 
     </span>
    </p>
   </div>
   <div class='ocr_carea' id='block_1_39' title="bbox 196 1094 978 1130">
    <p class='ocr_par' dir='ltr' id='par_1_39' title="bbox 196 1094 978 1130">
     <span class='ocr_line' id='line_1_39' title="bbox 196 1094 978 1130; baseline 0 -9"><span class='ocrx_word' id='word_1_284' title='bbox 196 1095 274 1122; x_wconf 65' lang='grc' dir='ltr'>σθαι*</span> <span class='ocrx_word' id='word_1_285' title='bbox 291 1096 357 1130; x_wconf 84' lang='grc' dir='ltr'>μήτε</span> <span class='ocrx_word' id='word_1_286' title='bbox 373 1095 427 1130; x_wconf 80' lang='grc' dir='ltr'><strong>γὰρ</strong></span> <span class='ocrx_word' id='word_1_287' title='bbox 440 1095 497 1121; x_wconf 81' lang='grc' dir='ltr'>ἐκεῖ</span> <span class='ocrx_word' id='word_1_288' title='bbox 512 1096 636 1130; x_wconf 85' lang='grc' dir='ltr'>παρεῖναι</span> <span class='ocrx_word' id='word_1_289' title='bbox 646 1095 786 1129; x_wconf 82' lang='grc' dir='ltr'>Μακάριον</span> <span class='ocrx_word' id='word_1_290' title='bbox 800 1094 844 1121; x_wconf 81' lang='grc' dir='ltr'>τὸν</span> <span class='ocrx_word' id='word_1_291' title='bbox 861 1094 978 1130; x_wconf 74' lang='grc' dir='ltr'>πρεσϐύ-</span> 
     </span>
    </p>
   </div>
   <div class='ocr_carea' id='block_1_40' title="bbox 194 1139 978 1175">
    <p class='ocr_par' dir='ltr' id='par_1_40' title="bbox 194 1139 978 1175">
     <span class='ocr_line' id='line_1_40' title="bbox 194 1139 978 1175; baseline 0 -9"><span class='ocrx_word' id='word_1_292' title='bbox 194 1149 273 1175; x_wconf 87' lang='grc' dir='ltr'>τερον</span> <span class='ocrx_word' id='word_1_293' title='bbox 288 1140 332 1166; x_wconf 85' lang='grc' dir='ltr'>τὸν</span> <span class='ocrx_word' id='word_1_294' title='bbox 345 1139 672 1175; x_wconf 71' lang='grc' dir='ltr'>κατηγορούμενον,“μήτε</span> <span class='ocrx_word' id='word_1_295' title='bbox 685 1139 765 1166; x_wconf 70' lang='grc' dir='ltr'>αὐτὸν</span> <span class='ocrx_word' id='word_1_296' title='bbox 776 1139 821 1166; x_wconf 78' lang='grc' dir='ltr'>τὸν</span> <span class='ocrx_word' id='word_1_297' title='bbox 832 1140 978 1166; x_wconf 78' lang='grc' dir='ltr'>ἐπίσκοπον</span> 
     </span>
    </p>
   </div>
   <div class='ocr_carea' id='block_1_41' title="bbox 195 1174 977 1220">
    <p class='ocr_par' dir='ltr' id='par_1_41' title="bbox 195 1183 977 1220">
     <span class='ocr_line' id='line_1_41' title="bbox 195 1183 977 1220; baseline 0.003 -10"><span class='ocrx_word' id='word_1_298' title='bbox 195 1184 277 1211; x_wconf 84' lang='grc' dir='ltr'>αὑτοῦ</span> <span class='ocrx_word' id='word_1_299' title='bbox 295 1184 467 1211; x_wconf 66' lang='grc' dir='ltr'>’Δθανάσιοψ</span> <span class='ocrx_word' id='word_1_300' title='bbox 485 1185 531 1210; x_wconf 82' lang='grc' dir='ltr'>καὶ</span> <span class='ocrx_word' id='word_1_301' title='bbox 546 1183 624 1211; x_wconf 82' lang='grc' dir='ltr'>τοῦτο</span> <span class='ocrx_word' id='word_1_302' title='bbox 641 1185 671 1211; x_wconf 81' lang='grc' dir='ltr'>οὐ</span> <span class='ocrx_word' id='word_1_303' title='bbox 690 1185 768 1220; x_wconf 89' lang='grc' dir='ltr'>μόνον</span> <span class='ocrx_word' id='word_1_304' title='bbox 784 1186 816 1212; x_wconf 83' lang='grc' dir='ltr'>ὲκ</span> <span class='ocrx_word' id='word_1_305' title='bbox 830 1185 883 1212; x_wconf 85' lang='grc' dir='ltr'>τῶν</span> <span class='ocrx_word' id='word_1_306' title='bbox 897 1185 977 1212; x_wconf 81' lang='grc' dir='ltr'>αὐτοῦ</span> 
     </span>
    </p>
   </div>
   <div class='ocr_carea' id='block_1_42' title="bbox 195 1227 978 1266">
    <p class='ocr_par' dir='ltr' id='par_1_42' title="bbox 195 1227 978 1266">
     <span class='ocr_line' id='line_1_42' title="bbox 195 1227 978 1266; baseline 0.003 -10"><span class='ocrx_word' id='word_1_307' title='bbox 195 1230 292 1264; x_wconf 87' lang='grc' dir='ltr'>λόγων,</span> <span class='ocrx_word' id='word_1_308' title='bbox 308 1230 376 1256; x_wconf 84' lang='grc' dir='ltr'>ἀλλὰ</span> <span class='ocrx_word' id='word_1_309' title='bbox 389 1230 435 1256; x_wconf 73' lang='grc' dir='ltr'>καὶ</span> <span class='ocrx_word' id='word_1_310' title='bbox 449 1232 481 1257; x_wconf 80' lang='grc' dir='ltr'>ὲκ</span> <span class='ocrx_word' id='word_1_311' title='bbox 499 1230 554 1256; x_wconf 85' lang='grc' dir='ltr'>τῶν</span> <span class='ocrx_word' id='word_1_312' title='bbox 569 1231 624 1266; x_wconf 83' lang='grc'>(77)</span> <span class='ocrx_word' id='word_1_313' title='bbox 637 1231 848 1266; x_wconf 86' lang='grc' dir='ltr'><strong>ὑπομνημάτων,</strong></span> <span class='ocrx_word' id='word_1_314' title='bbox 863 1227 900 1258; x_wconf 83' lang='grc' dir='ltr'><strong>ὧν</strong></span> <span class='ocrx_word' id='word_1_315' title='bbox 916 1231 978 1258; x_wconf 85' lang='grc' dir='ltr'>ὲκό-</span> 
     </span>
    </p>
   </div>
   <div class='ocr_carea' id='block_1_43' title="bbox 196 1275 976 1312">
    <p class='ocr_par' dir='ltr' id='par_1_43' title="bbox 196 1275 976 1312">
     <span class='ocr_line' id='line_1_43' title="bbox 196 1275 976 1312; baseline 0.001 -10"><span class='ocrx_word' id='word_1_316' title='bbox 196 1284 277 1311; x_wconf 84' lang='grc' dir='ltr'>μισαν</span> <span class='ocrx_word' id='word_1_317' title='bbox 291 1277 355 1311; x_wconf 87' lang='grc' dir='ltr'>ἡμῖν</span> <span class='ocrx_word' id='word_1_318' title='bbox 363 1275 457 1312; x_wconf 80' lang='grc' dir='ltr'>οἱπερὶ</span> <span class='ocrx_word' id='word_1_319' title='bbox 468 1276 622 1312; x_wconf 83' lang='grc' dir='ltr'>Μαρτύριον</span> <span class='ocrx_word' id='word_1_320' title='bbox 635 1276 682 1303; x_wconf 75' lang='grc' dir='ltr'><strong>καὶ</strong></span> <span class='ocrx_word' id='word_1_321' title='bbox 694 1276 828 1311; x_wconf 81' lang='grc' dir='ltr'>Ἠσύχιον,</span> <span class='ocrx_word' id='word_1_322' title='bbox 839 1276 959 1312; x_wconf 82' lang='grc' dir='ltr'>ἔγνωμεν</span> <span class='ocrx_word' id='word_1_323' title='bbox 970 1285 976 1292; x_wconf 90' lang='grc'><strong>·</strong></span> 
     </span>
    </p>
   </div>
   <div class='ocr_carea' id='block_1_44' title="bbox 195 1321 979 1358">
    <p class='ocr_par' dir='ltr' id='par_1_44' title="bbox 195 1321 979 1358">
     <span class='ocr_line' id='line_1_44' title="bbox 195 1321 979 1358; baseline 0 -10"><span class='ocrx_word' id='word_1_324' title='bbox 195 1321 355 1356; x_wconf 82' lang='grc' dir='ltr'>ἀναγνόντες</span> <span class='ocrx_word' id='word_1_325' title='bbox 371 1322 424 1357; x_wconf 78' lang='grc' dir='ltr'><strong>γὰρ</strong></span> <span class='ocrx_word' id='word_1_326' title='bbox 439 1321 565 1357; x_wconf 70' lang='grc' dir='ltr'>εὕρομεν,</span> <span class='ocrx_word' id='word_1_327' title='bbox 581 1323 621 1348; x_wconf 75' lang='grc' dir='ltr'>ὅτι</span> <span class='ocrx_word' id='word_1_328' title='bbox 633 1322 647 1347; x_wconf 82' lang='grc' dir='ltr'><strong>ὁ</strong></span> <span class='ocrx_word' id='word_1_329' title='bbox 663 1322 712 1356; x_wconf 84' lang='grc' dir='ltr'>μὲν</span> <span class='ocrx_word' id='word_1_330' title='bbox 729 1323 880 1358; x_wconf 82' lang='grc' dir='ltr'>κατήγορος</span> <span class='ocrx_word' id='word_1_331' title='bbox 898 1322 979 1357; x_wconf 85' lang='grc' dir='ltr'>Ἰσχύ-</span> 
     </span>
    </p>
   </div>
   <div class='ocr_carea' id='block_1_45' title="bbox 197 1367 978 1403">
    <p class='ocr_par' dir='ltr' id='par_1_45' title="bbox 197 1367 978 1403">
     <span class='ocr_line' id='line_1_45' title="bbox 197 1367 978 1403; baseline 0 -9"><span class='ocrx_word' id='word_1_332' title='bbox 197 1375 246 1403; x_wconf 78' lang='grc' dir='ltr'><strong>ρας</strong></span> <span class='ocrx_word' id='word_1_333' title='bbox 261 1367 319 1394; x_wconf 79' lang='grc' dir='ltr'>ἐκεῖ</span> <span class='ocrx_word' id='word_1_334' title='bbox 331 1368 429 1403; x_wconf 82' lang='grc' dir='ltr'>παρῆν,</span> <span class='ocrx_word' id='word_1_335' title='bbox 446 1367 506 1394; x_wconf 72' lang='grc' dir='ltr'>οὔτε</span> <span class='ocrx_word' id='word_1_336' title='bbox 519 1368 547 1394; x_wconf 83' lang='grc' dir='ltr'>δὲ</span> <span class='ocrx_word' id='word_1_337' title='bbox 565 1367 714 1402; x_wconf 78' lang='grc' dir='ltr'>Μακάριος,</span> <span class='ocrx_word' id='word_1_338' title='bbox 731 1367 790 1394; x_wconf 70' lang='grc' dir='ltr'>οὔτε</span> <span class='ocrx_word' id='word_1_339' title='bbox 804 1369 818 1394; x_wconf 83' lang='grc' dir='ltr'>ὁ</span> <span class='ocrx_word' id='word_1_340' title='bbox 833 1368 978 1401; x_wconf 64' lang='grc' dir='ltr'>ὲπίσῑωπος</span> 
     </span>
    </p>
   </div>
   <div class='ocr_carea' id='block_1_46' title="bbox 203 1412 978 1450">
    <p class='ocr_par' dir='ltr' id='par_1_46' title="bbox 203 1412 978 1450">
     <span class='ocr_line' id='line_1_46' title="bbox 203 1412 978 1450; baseline 0.003 -12"><span class='ocrx_word' id='word_1_341' title='bbox 203 1412 358 1444; x_wconf 78' lang='grc' dir='ltr'>Ἀθανάσιος</span> <span class='ocrx_word' id='word_1_342' title='bbox 369 1422 375 1428; x_wconf 89' lang='grc'><strong>·</strong></span> <span class='ocrx_word' id='word_1_343' title='bbox 393 1413 459 1439; x_wconf 79' lang='grc' dir='ltr'>ἀλλὰ</span> <span class='ocrx_word' id='word_1_344' title='bbox 471 1413 590 1444; x_wconf 74' lang='grc' dir='ltr'>καὶτοὺς</span> <span class='ocrx_word' id='word_1_345' title='bbox 605 1413 660 1449; x_wconf 84' lang='grc'>(78)</span> <span class='ocrx_word' id='word_1_346' title='bbox 678 1413 878 1450; x_wconf 69' lang='grc' dir='ltr'>πρεσϐυτέρους</span> <span class='ocrx_word' id='word_1_347' title='bbox 900 1414 978 1440; x_wconf 79' lang='grc' dir='ltr'>Ἀθα-</span> 
     </span>
    </p>
   </div>
   <div class='ocr_carea' id='block_1_47' title="bbox 198 1458 977 1496">
    <p class='ocr_par' dir='ltr' id='par_1_47' title="bbox 198 1458 977 1496">
     <span class='ocr_line' id='line_1_47' title="bbox 198 1458 977 1496; baseline 0.001 -12"><span class='ocrx_word' id='word_1_348' title='bbox 198 1458 289 1484; x_wconf 85' lang='grc' dir='ltr'>νασίου</span> <span class='ocrx_word' id='word_1_349' title='bbox 306 1458 444 1491; x_wconf 79' lang='grc' dir='ltr'>ἀξιοῦντας</span> <span class='ocrx_word' id='word_1_350' title='bbox 462 1461 598 1494; x_wconf 84' lang='grc' dir='ltr'>παρεῖναι,</span> <span class='ocrx_word' id='word_1_351' title='bbox 623 1459 670 1486; x_wconf 78' lang='grc' dir='ltr'>καὶ</span> <span class='ocrx_word' id='word_1_352' title='bbox 690 1459 727 1494; x_wconf 84' lang='grc' dir='ltr'>μὴ</span> <span class='ocrx_word' id='word_1_353' title='bbox 745 1459 977 1496; x_wconf 78' lang='grc' dir='ltr'>συγχωρηθέντας.</span> 
     </span>
    </p>
   </div>
   <div class='ocr_carea' id='block_1_48' title="bbox 200 1504 979 1541">
    <p class='ocr_par' dir='ltr' id='par_1_48' title="bbox 200 1504 979 1541">
     <span class='ocr_line' id='line_1_48' title="bbox 200 1504 979 1541; baseline 0.001 -11"><span class='ocrx_word' id='word_1_354' title='bbox 200 1504 274 1531; x_wconf 82' lang='grc' dir='ltr'>Ἔδει</span> <span class='ocrx_word' id='word_1_355' title='bbox 287 1505 326 1535; x_wconf 84' lang='grc' dir='ltr'>δὲ,</span> <span class='ocrx_word' id='word_1_356' title='bbox 345 1505 490 1540; x_wconf 73' lang='grc' dir='ltr'>ἀγαπητοὶ,</span> <span class='ocrx_word' id='word_1_357' title='bbox 508 1504 585 1540; x_wconf 82' lang='grc' dir='ltr'>εἴπερ</span> <span class='ocrx_word' id='word_1_358' title='bbox 603 1504 672 1540; x_wconf 78' lang='grc' dir='ltr'>μετὰ</span> <span class='ocrx_word' id='word_1_359' title='bbox 689 1505 815 1541; x_wconf 81' lang='grc' dir='ltr'>ἀληθείας</span> <span class='ocrx_word' id='word_1_360' title='bbox 834 1505 936 1539; x_wconf 77' lang='grc' dir='ltr'>ἐγίνετο</span> <span class='ocrx_word' id='word_1_361' title='bbox 949 1505 979 1531; x_wconf 84' lang='grc' dir='ltr'><strong>τὸ</strong></span> 
     </span>
    </p>
   </div>
   <div class='ocr_carea' id='block_1_49' title="bbox 199 1550 979 1587">
    <p class='ocr_par' dir='ltr' id='par_1_49' title="bbox 199 1550 979 1587">
     <span class='ocr_line' id='line_1_49' title="bbox 199 1550 979 1587; baseline 0.003 -11"><span class='ocrx_word' id='word_1_362' title='bbox 199 1551 345 1586; x_wconf 76' lang='grc' dir='ltr'>κριτήριον,</span> <span class='ocrx_word' id='word_1_363' title='bbox 365 1550 401 1586; x_wconf 83' lang='grc' dir='ltr'>μὴ</span> <span class='ocrx_word' id='word_1_364' title='bbox 425 1551 503 1586; x_wconf 83' lang='grc' dir='ltr'>μόνον</span> <span class='ocrx_word' id='word_1_365' title='bbox 529 1551 573 1577; x_wconf 83' lang='grc' dir='ltr'>τὸν</span> <span class='ocrx_word' id='word_1_366' title='bbox 589 1552 748 1587; x_wconf 76' lang='grc' dir='ltr'>κατήγορον,</span> <span class='ocrx_word' id='word_1_367' title='bbox 766 1551 833 1578; x_wconf 72' lang='grc' dir='ltr'>ἀλλὰ</span> <span class='ocrx_word' id='word_1_368' title='bbox 862 1552 907 1578; x_wconf 76' lang='grc' dir='ltr'>καὶ</span> <span class='ocrx_word' id='word_1_369' title='bbox 933 1551 979 1578; x_wconf 75' lang='grc' dir='ltr'>τὸν</span> 
     </span>
    </p>
   </div>
   <div class='ocr_carea' id='block_1_50' title="bbox 200 1580 1013 1633">
    <p class='ocr_par' dir='ltr' id='par_1_50' title="bbox 200 1580 1013 1633">
     <span class='ocr_line' id='line_1_50' title="bbox 200 1580 1013 1633; baseline 0.001 -11"><span class='ocrx_word' id='word_1_370' title='bbox 200 1580 432 1632; x_wconf 62' lang='grc' dir='ltr'>κατηγορούμενον</span> <span class='ocrx_word' id='word_1_371' title='bbox 459 1597 594 1632; x_wconf 84' lang='grc' dir='ltr'>παρεῖναι.</span> <span class='ocrx_word' id='word_1_372' title='bbox 614 1580 716 1632; x_wconf 62' lang='grc' dir='ltr'><strong>Ὧὲςέτέρ</strong></span> <span class='ocrx_word' id='word_1_373' title='bbox 732 1580 785 1632; x_wconf 82' lang='grc' dir='ltr'>γὰρ</span> <span class='ocrx_word' id='word_1_374' title='bbox 805 1597 833 1623; x_wconf 77' lang='grc' dir='ltr'>ὲν</span> <span class='ocrx_word' id='word_1_375' title='bbox 849 1598 881 1632; x_wconf 84' lang='grc' dir='ltr'>τῇ</span> <span class='ocrx_word' id='word_1_376' title='bbox 899 1597 979 1633; x_wconf 84' lang='grc' dir='ltr'><strong>Τύρῳ</strong></span> <span class='ocrx_word' id='word_1_377' title='bbox 992 1580 1013 1609; x_wconf 74' lang='lat' dir='ltr'>c</span> 
     </span>
    </p>
   </div>
   <div class='ocr_carea' id='block_1_51' title="bbox 197 1640 979 1678">
    <p class='ocr_par' dir='ltr' id='par_1_51' title="bbox 197 1640 979 1678">
     <span class='ocr_line' id='line_1_51' title="bbox 197 1640 979 1678; baseline 0.001 -9"><span class='ocrx_word' id='word_1_378' title='bbox 197 1640 338 1676; x_wconf 79' lang='grc' dir='ltr'>Μακάριος</span> <span class='ocrx_word' id='word_1_379' title='bbox 361 1642 451 1677; x_wconf 82' lang='grc' dir='ltr'>παρῆν</span> <span class='ocrx_word' id='word_1_380' title='bbox 474 1643 488 1668; x_wconf 81' lang='grc' dir='ltr'><strong>ὁ</strong></span> <span class='ocrx_word' id='word_1_381' title='bbox 500 1642 741 1677; x_wconf 65' lang='grc' dir='ltr'>κατηγορούμενος,</span> <span class='ocrx_word' id='word_1_382' title='bbox 755 1643 801 1669; x_wconf 75' lang='grc' dir='ltr'>καὶ</span> <span class='ocrx_word' id='word_1_383' title='bbox 820 1642 941 1678; x_wconf 84' lang='grc' dir='ltr'>Ίσχύρας</span> <span class='ocrx_word' id='word_1_384' title='bbox 965 1644 979 1670; x_wconf 85' lang='grc' dir='ltr'>ὁ</span> 
     </span>
    </p>
   </div>
   <div class='ocr_carea' id='block_1_52' title="bbox 199 1687 979 1722">
    <p class='ocr_par' dir='ltr' id='par_1_52' title="bbox 199 1687 979 1722">
     <span class='ocr_line' id='line_1_52' title="bbox 199 1687 979 1722; baseline 0 -8"><span class='ocrx_word' id='word_1_385' title='bbox 199 1687 358 1722; x_wconf 79' lang='grc' dir='ltr'>κατήγορος,</span> <span class='ocrx_word' id='word_1_386' title='bbox 374 1687 420 1713; x_wconf 85' lang='grc' dir='ltr'>καὶ</span> <span class='ocrx_word' id='word_1_387' title='bbox 434 1687 508 1713; x_wconf 80' lang='grc' dir='ltr'>οὐδὲν</span> <span class='ocrx_word' id='word_1_388' title='bbox 524 1687 630 1722; x_wconf 76' lang='grc' dir='ltr'><strong>ἐδείχθη</strong></span> <span class='ocrx_word' id='word_1_389' title='bbox 641 1695 647 1701; x_wconf 91' lang='grc'><strong>·</strong></span> <span class='ocrx_word' id='word_1_390' title='bbox 669 1687 754 1719; x_wconf 78' lang='grc' dir='ltr'>οὓτως</span> <span class='ocrx_word' id='word_1_391' title='bbox 773 1687 825 1713; x_wconf 80' lang='grc' dir='ltr'>ἔδει</span> <span class='ocrx_word' id='word_1_392' title='bbox 839 1687 885 1713; x_wconf 78' lang='grc' dir='ltr'>καὶ</span> <span class='ocrx_word' id='word_1_393' title='bbox 900 1688 928 1714; x_wconf 81' lang='grc' dir='ltr'>ὲν</span> <span class='ocrx_word' id='word_1_394' title='bbox 941 1687 979 1722; x_wconf 80' lang='grc' dir='ltr'>τῷ</span> 
     </span>
    </p>
   </div>
   <div class='ocr_carea' id='block_1_53' title="bbox 200 1731 980 1768">
    <p class='ocr_par' dir='ltr' id='par_1_53' title="bbox 200 1731 980 1768">
     <span class='ocr_line' id='line_1_53' title="bbox 200 1731 980 1768; baseline 0 -10"><span class='ocrx_word' id='word_1_395' title='bbox 200 1731 334 1768; x_wconf 59' lang='grc' dir='ltr'>ὶίαρεώτῃ</span> <span class='ocrx_word' id='word_1_396' title='bbox 362 1733 399 1768; x_wconf 83' lang='grc' dir='ltr'>μὴ</span> <span class='ocrx_word' id='word_1_397' title='bbox 419 1733 501 1768; x_wconf 85' lang='grc' dir='ltr'>μόνον</span> <span class='ocrx_word' id='word_1_398' title='bbox 517 1732 643 1759; x_wconf 83' lang='grc' dir='ltr'>ἀπελθεῖν</span> <span class='ocrx_word' id='word_1_399' title='bbox 671 1733 715 1759; x_wconf 78' lang='grc' dir='ltr'>τὸν</span> <span class='ocrx_word' id='word_1_400' title='bbox 731 1733 890 1768; x_wconf 81' lang='grc' dir='ltr'>κατήγορον,</span> <span class='ocrx_word' id='word_1_401' title='bbox 913 1732 980 1760; x_wconf 84' lang='grc' dir='ltr'>ἀλλὰ</span> 
     </span>
    </p>
   </div>
   <div class='ocr_carea' id='block_1_54' title="bbox 200 1777 979 1814">
    <p class='ocr_par' dir='ltr' id='par_1_54' title="bbox 200 1777 979 1814">
     <span class='ocr_line' id='line_1_54' title="bbox 200 1777 979 1814; baseline -0.001 -9"><span class='ocrx_word' id='word_1_402' title='bbox 200 1779 246 1805; x_wconf 84' lang='grc' dir='ltr'>καὶ</span> <span class='ocrx_word' id='word_1_403' title='bbox 259 1779 304 1804; x_wconf 88' lang='grc' dir='ltr'>τὸν</span> <span class='ocrx_word' id='word_1_404' title='bbox 321 1779 562 1814; x_wconf 80' lang='grc' dir='ltr'>κατηγορούμενον,</span> <span class='ocrx_word' id='word_1_405' title='bbox 579 1779 621 1805; x_wconf 80' lang='grc' dir='ltr'>ἵνα</span> <span class='ocrx_word' id='word_1_406' title='bbox 631 1777 725 1814; x_wconf 86' lang='grc' dir='ltr'>παρὼν</span> <span class='ocrx_word' id='word_1_407' title='bbox 738 1778 885 1814; x_wconf 78' lang='grc' dir='ltr'>ἢὲλεγχθῇ,</span> <span class='ocrx_word' id='word_1_408' title='bbox 900 1779 927 1813; x_wconf 85' lang='grc' dir='ltr'>ἢ,</span> <span class='ocrx_word' id='word_1_409' title='bbox 942 1779 979 1814; x_wconf 82' lang='grc' dir='ltr'>μὴ</span> 
     </span>
    </p>
   </div>
   <div class='ocr_carea' id='block_1_55' title="bbox 200 1823 979 1860">
    <p class='ocr_par' dir='ltr' id='par_1_55' title="bbox 200 1823 979 1860">
     <span class='ocr_line' id='line_1_55' title="bbox 200 1823 979 1860; baseline 0.001 -11"><span class='ocrx_word' id='word_1_410' title='bbox 200 1823 345 1859; x_wconf 80' lang='grc' dir='ltr'>ἐλεγχθεὶς,</span> <span class='ocrx_word' id='word_1_411' title='bbox 362 1824 434 1860; x_wconf 79' lang='grc' dir='ltr'>δείξῃ</span> <span class='ocrx_word' id='word_1_412' title='bbox 449 1824 497 1860; x_wconf 85' lang='grc' dir='ltr'>τὴν</span> <span class='ocrx_word' id='word_1_413' title='bbox 513 1824 701 1858; x_wconf 79' lang='grc' dir='ltr'>συκοφαντίαν.</span> <span class='ocrx_word' id='word_1_414' title='bbox 715 1824 771 1850; x_wconf 83' lang='grc' dir='ltr'><strong>Νῦν</strong></span> <span class='ocrx_word' id='word_1_415' title='bbox 783 1824 821 1856; x_wconf 83' lang='grc' dir='ltr'>δὲ,</span> <span class='ocrx_word' id='word_1_416' title='bbox 836 1823 929 1850; x_wconf 84' lang='grc' dir='ltr'>τούτου</span> <span class='ocrx_word' id='word_1_417' title='bbox 942 1824 979 1859; x_wconf 85' lang='grc' dir='ltr'>μὴ</span> 
     </span>
    </p>
   </div>
   <div class='ocr_carea' id='block_1_56' title="bbox 199 1859 978 1906">
    <p class='ocr_par' dir='ltr' id='par_1_56' title="bbox 199 1859 978 1906">
     <span class='ocr_line' id='line_1_56' title="bbox 199 1859 978 1906; baseline 0.001 -11"><span class='ocrx_word' id='word_1_418' title='bbox 199 1870 354 1904; x_wconf 80' lang='grc' dir='ltr'>γενομένου,</span> <span class='ocrx_word' id='word_1_419' title='bbox 379 1870 446 1897; x_wconf 81' lang='grc' dir='ltr'>ἀλλὰ</span> <span class='ocrx_word' id='word_1_420' title='bbox 464 1859 547 1905; x_wconf 61' lang='grc' dir='ltr'>μόνον’</span> <span class='ocrx_word' id='word_1_421' title='bbox 567 1869 726 1901; x_wconf 81' lang='grc' dir='ltr'>ἀπελθόντος</span> <span class='ocrx_word' id='word_1_422' title='bbox 751 1870 797 1896; x_wconf 83' lang='grc' dir='ltr'><strong>τοῦ</strong></span> <span class='ocrx_word' id='word_1_423' title='bbox 817 1869 978 1906; x_wconf 78' lang='grc' dir='ltr'>κατηγόρου,</span> 
     </span>
    </p>
   </div>
   <div class='ocr_carea' id='block_1_57' title="bbox 202 1912 980 1951">
    <p class='ocr_par' dir='ltr' id='par_1_57' title="bbox 202 1912 980 1951">
     <span class='ocr_line' id='line_1_57' title="bbox 202 1912 980 1951; baseline 0 -10"><span class='ocrx_word' id='word_1_424' title='bbox 202 1914 260 1949; x_wconf 82' lang='grc' dir='ltr'>μεθ’</span> <span class='ocrx_word' id='word_1_425' title='bbox 284 1912 320 1942; x_wconf 79' lang='grc' dir='ltr'>ὧν</span> <span class='ocrx_word' id='word_1_426' title='bbox 343 1916 517 1951; x_wconf 83' lang='grc' dir='ltr'>παρῃτήσατο</span> <span class='ocrx_word' id='word_1_427' title='bbox 537 1915 690 1947; x_wconf 81' lang='grc' dir='ltr'>Ἀθανάσιος</span> <span class='ocrx_word' id='word_1_428' title='bbox 710 1915 787 1950; x_wconf 89' lang='lat'><strong>(79),</strong></span> <span class='ocrx_word' id='word_1_429' title='bbox 813 1915 920 1942; x_wconf 79' lang='grc' dir='ltr'>ὕποπτα</span> <span class='ocrx_word' id='word_1_430' title='bbox 945 1914 980 1941; x_wconf 79' lang='grc' dir='ltr'>τὰ</span> 
     </span>
    </p>
   </div>
   <div class='ocr_carea' id='block_1_58' title="bbox 202 1960 494 1996">
    <p class='ocr_par' dir='ltr' id='par_1_58' title="bbox 202 1960 494 1996">
     <span class='ocr_line' id='line_1_58' title="bbox 202 1960 494 1996; baseline 0.003 -10"><span class='ocrx_word' id='word_1_431' title='bbox 202 1960 350 1996; x_wconf 83' lang='grc' dir='ltr'>πράγματα</span> <span class='ocrx_word' id='word_1_432' title='bbox 362 1961 494 1996; x_wconf 76' lang='grc' dir='ltr'>φαίνεται.</span> 
     </span>
    </p>
   </div>
   <div class='ocr_carea' id='block_1_59' title="bbox 236 2095 981 2131">
    <p class='ocr_par' dir='ltr' id='par_1_59' title="bbox 236 2095 981 2131">
     <span class='ocr_line' id='line_1_59' title="bbox 236 2095 981 2131; baseline 0 -8"><span class='ocrx_word' id='word_1_433' title='bbox 236 2096 282 2123; x_wconf 79' lang='grc'><strong>28.</strong></span> <span class='ocrx_word' id='word_1_434' title='bbox 306 2096 413 2131; x_wconf 83' lang='grc' dir='ltr'>ᾘτιᾶτο</span> <span class='ocrx_word' id='word_1_435' title='bbox 428 2095 456 2122; x_wconf 83' lang='grc' dir='ltr'>δὲ</span> <span class='ocrx_word' id='word_1_436' title='bbox 472 2096 518 2122; x_wconf 82' lang='grc' dir='ltr'>καὶ</span> <span class='ocrx_word' id='word_1_437' title='bbox 532 2096 593 2127; x_wconf 84' lang='grc' dir='ltr'>τοὺς</span> <span class='ocrx_word' id='word_1_438' title='bbox 617 2096 779 2127; x_wconf 87' lang='grc' dir='ltr'>ἀπελθόντας</span> <span class='ocrx_word' id='word_1_439' title='bbox 798 2104 837 2127; x_wconf 87' lang='grc' dir='ltr'><strong>εις</strong></span> <span class='ocrx_word' id='word_1_440' title='bbox 860 2095 905 2122; x_wconf 83' lang='grc' dir='ltr'>τὸν</span> <span class='ocrx_word' id='word_1_441' title='bbox 921 2096 981 2123; x_wconf 89' lang='grc' dir='ltr'><strong>Μα-</strong></span> 
     </span>
    </p>
   </div>
   <div class='ocr_carea' id='block_1_60' title="bbox 203 2140 981 2177">
    <p class='ocr_par' dir='ltr' id='par_1_60' title="bbox 203 2140 981 2177">
     <span class='ocr_line' id='line_1_60' title="bbox 203 2140 981 2177; baseline -0.001 -9"><span class='ocrx_word' id='word_1_442' title='bbox 203 2141 306 2177; x_wconf 80' lang='grc' dir='ltr'>ρεώτην</span> <span class='ocrx_word' id='word_1_443' title='bbox 330 2142 404 2176; x_wconf 83' lang='grc' dir='ltr'>παρὰ</span> <span class='ocrx_word' id='word_1_444' title='bbox 428 2140 538 2177; x_wconf 85' lang='grc' dir='ltr'>γνώμην</span> <span class='ocrx_word' id='word_1_445' title='bbox 558 2141 640 2168; x_wconf 84' lang='grc' dir='ltr'>αὑτοῦ</span> <span class='ocrx_word' id='word_1_446' title='bbox 660 2142 863 2177; x_wconf 82' lang='grc' dir='ltr'>ἀπεληλυθέναι.</span> <span class='ocrx_word' id='word_1_447' title='bbox 886 2141 981 2175; x_wconf 86' lang='grc' dir='ltr'>Ἔλεγε</span> 
     </span>
    </p>
   </div>
   <div class='ocr_carea' id='block_1_61' title="bbox 202 2187 981 2223">
    <p class='ocr_par' dir='ltr' id='par_1_61' title="bbox 202 2187 981 2223">
     <span class='ocr_line' id='line_1_61' title="bbox 202 2187 981 2223; baseline 0 -9"><span class='ocrx_word' id='word_1_448' title='bbox 202 2187 266 2223; x_wconf 81' lang='grc' dir='ltr'>γὰρ,</span> <span class='ocrx_word' id='word_1_449' title='bbox 279 2188 319 2214; x_wconf 82' lang='grc' dir='ltr'>ὅτι</span> <span class='ocrx_word' id='word_1_450' title='bbox 333 2187 467 2221; x_wconf 71' lang='grc' dir='ltr'>Θεόγνιον,</span> <span class='ocrx_word' id='word_1_451' title='bbox 485 2188 531 2214; x_wconf 80' lang='grc' dir='ltr'><strong>καὶ</strong></span> <span class='ocrx_word' id='word_1_452' title='bbox 541 2187 640 2222; x_wconf 80' lang='grc' dir='ltr'>Μάριν,</span> <span class='ocrx_word' id='word_1_453' title='bbox 652 2188 698 2214; x_wconf 76' lang='grc' dir='ltr'><strong>καὶ</strong></span> <span class='ocrx_word' id='word_1_454' title='bbox 713 2187 858 2223; x_wconf 82' lang='grc' dir='ltr'>Θεόδωρον,</span> <span class='ocrx_word' id='word_1_455' title='bbox 876 2187 981 2223; x_wconf 86' lang='grc' dir='ltr'>Οὺρσά-</span> 
     </span>
    </p>
   </div>
   <div class='ocr_carea' id='block_1_62' title="bbox 203 2233 1018 2273">
    <p class='ocr_par' dir='ltr' id='par_1_62' title="bbox 203 2233 1018 2273">
     <span class='ocr_line' id='line_1_62' title="bbox 203 2233 1018 2273; baseline 0 -13"><span class='ocrx_word' id='word_1_456' title='bbox 203 2242 270 2265; x_wconf 80' lang='grc' dir='ltr'>χιον,</span> <span class='ocrx_word' id='word_1_457' title='bbox 281 2233 327 2260; x_wconf 81' lang='grc' dir='ltr'><strong>καὶ</strong></span> <span class='ocrx_word' id='word_1_458' title='bbox 337 2233 479 2266; x_wconf 80' lang='grc' dir='ltr'>Οὐάλεντα,</span> <span class='ocrx_word' id='word_1_459' title='bbox 499 2234 545 2260; x_wconf 84' lang='grc' dir='ltr'>καὶ</span> <span class='ocrx_word' id='word_1_460' title='bbox 559 2234 731 2266; x_wconf 76' lang='grc' dir='ltr'>Μακεδόνων,</span> <span class='ocrx_word' id='word_1_461' title='bbox 743 2233 878 2265; x_wconf 78' lang='grc' dir='ltr'>ὑπόπτους</span> <span class='ocrx_word' id='word_1_462' title='bbox 887 2233 979 2266; x_wconf 72' lang='grc' dir='ltr'>ὄντας,</span> <span class='ocrx_word' id='word_1_463' title='bbox 995 2246 1018 2273; x_wconf 80' lang='lat' dir='ltr'><strong>D</strong></span> 
     </span>
    </p>
   </div>
   <div class='ocr_carea' id='block_1_63' title="bbox 203 2278 979 2314">
    <p class='ocr_par' dir='ltr' id='par_1_63' title="bbox 203 2278 979 2314">
     <span class='ocr_line' id='line_1_63' title="bbox 203 2278 979 2314; baseline -0.001 -8"><span class='ocrx_word' id='word_1_464' title='bbox 203 2279 372 2307; x_wconf 80' lang='grc' dir='ltr'>ἀπέστειλαν.</span> <span class='ocrx_word' id='word_1_465' title='bbox 390 2280 445 2306; x_wconf 82' lang='grc' dir='ltr'><strong>Καὶ</strong></span> <span class='ocrx_word' id='word_1_466' title='bbox 464 2279 542 2306; x_wconf 80' lang='grc' dir='ltr'>τοῦτο</span> <span class='ocrx_word' id='word_1_467' title='bbox 563 2280 612 2306; x_wconf 83' lang='grc' dir='ltr'><strong>οὐκ</strong></span> <span class='ocrx_word' id='word_1_468' title='bbox 627 2280 658 2305; x_wconf 80' lang='grc' dir='ltr'>ἐκ</span> <span class='ocrx_word' id='word_1_469' title='bbox 671 2279 725 2305; x_wconf 85' lang='grc' dir='ltr'>τῶν</span> <span class='ocrx_word' id='word_1_470' title='bbox 737 2279 822 2313; x_wconf 86' lang='grc' dir='ltr'>λόγων</span> <span class='ocrx_word' id='word_1_471' title='bbox 836 2278 916 2306; x_wconf 82' lang='grc' dir='ltr'><strong>αὐτοῦ</strong></span> <span class='ocrx_word' id='word_1_472' title='bbox 930 2279 979 2314; x_wconf 82' lang='grc' dir='ltr'>μό-</span> 
     </span>
    </p>
   </div>
   <div class='ocr_carea' id='block_1_64' title="bbox 202 2324 980 2361">
    <p class='ocr_par' dir='ltr' id='par_1_64' title="bbox 202 2324 980 2361">
     <span class='ocr_line' id='line_1_64' title="bbox 202 2324 980 2361; baseline -0.001 -10"><span class='ocrx_word' id='word_1_473' title='bbox 202 2333 256 2357; x_wconf 90' lang='grc' dir='ltr'>νον,</span> <span class='ocrx_word' id='word_1_474' title='bbox 274 2324 341 2351; x_wconf 84' lang='grc' dir='ltr'>ἀλλὰ</span> <span class='ocrx_word' id='word_1_475' title='bbox 358 2325 404 2352; x_wconf 78' lang='grc' dir='ltr'>καὶ</span> <span class='ocrx_word' id='word_1_476' title='bbox 420 2325 451 2351; x_wconf 83' lang='grc' dir='ltr'>ὲκ</span> <span class='ocrx_word' id='word_1_477' title='bbox 469 2326 517 2361; x_wconf 81' lang='grc' dir='ltr'>τῆς</span> <span class='ocrx_word' id='word_1_478' title='bbox 536 2324 675 2360; x_wconf 73' lang='grc' dir='ltr'>ἐπιστολῆς</span> <span class='ocrx_word' id='word_1_479' title='bbox 692 2324 863 2360; x_wconf 81' lang='grc' dir='ltr'>Ἀλεξάνδρου</span> <span class='ocrx_word' id='word_1_480' title='bbox 877 2324 922 2351; x_wconf 82' lang='grc' dir='ltr'><strong>τοῦ</strong></span> <span class='ocrx_word' id='word_1_481' title='bbox 933 2333 980 2359; x_wconf 94' lang='grc' dir='ltr'><strong>γε-</strong></span> 
     </span>
    </p>
   </div>
   <div class='ocr_carea' id='block_1_65' title="bbox 202 2370 978 2406">
    <p class='ocr_par' dir='ltr' id='par_1_65' title="bbox 202 2370 978 2406">
     <span class='ocr_line' id='line_1_65' title="bbox 202 2370 978 2406; baseline 0.001 -9"><span class='ocrx_word' id='word_1_482' title='bbox 202 2371 313 2406; x_wconf 85' lang='grc' dir='ltr'>νομένου</span> <span class='ocrx_word' id='word_1_483' title='bbox 329 2371 477 2398; x_wconf 72' lang='grc' dir='ltr'>ἐπισκόπου</span> <span class='ocrx_word' id='word_1_484' title='bbox 503 2371 552 2406; x_wconf 86' lang='grc' dir='ltr'>τῆς</span> <span class='ocrx_word' id='word_1_485' title='bbox 568 2371 763 2406; x_wconf 79' lang='grc' dir='ltr'>Θεσσαλονίκης</span> <span class='ocrx_word' id='word_1_486' title='bbox 782 2371 900 2397; x_wconf 75' lang='grc' dir='ltr'>ἐδείκνυε</span> <span class='ocrx_word' id='word_1_487' title='bbox 912 2370 978 2406; x_wconf 86' lang='grc'>(80).</span> 
     </span>
    </p>
   </div>
   <div class='ocr_carea' id='block_1_66' title="bbox 203 2412 980 2452">
    <p class='ocr_par' dir='ltr' id='par_1_66' title="bbox 203 2412 980 2452">
     <span class='ocr_line' id='line_1_66' title="bbox 203 2412 980 2452; baseline -0.001 -10"><span class='ocrx_word' id='word_1_488' title='bbox 203 2416 356 2451; x_wconf 88' lang='grc' dir='ltr'>Προήνεγκε</span> <span class='ocrx_word' id='word_1_489' title='bbox 369 2416 423 2452; x_wconf 84' lang='grc' dir='ltr'>γὰρ</span> <span class='ocrx_word' id='word_1_490' title='bbox 437 2412 576 2451; x_wconf 77' lang='grc' dir='ltr'>ἐπιστολὴν</span> <span class='ocrx_word' id='word_1_491' title='bbox 590 2415 670 2442; x_wconf 83' lang='grc' dir='ltr'><strong>αὑτοῦ</strong></span> <span class='ocrx_word' id='word_1_492' title='bbox 681 2417 829 2451; x_wconf 82' lang='grc' dir='ltr'>γραφεῖσαν</span> <span class='ocrx_word' id='word_1_493' title='bbox 842 2415 908 2450; x_wconf 81' lang='grc' dir='ltr'>πρὸς</span> <span class='ocrx_word' id='word_1_494' title='bbox 922 2417 980 2442; x_wconf 87' lang='grc' dir='ltr'>Διο-</span> 
     </span>
    </p>
   </div>
   <div class='ocr_carea' id='block_1_67' title="bbox 202 2458 982 2497">
    <p class='ocr_par' dir='ltr' id='par_1_67' title="bbox 202 2458 982 2497">
     <span class='ocr_line' id='line_1_67' title="bbox 202 2458 982 2497; baseline 0 -10"><span class='ocrx_word' id='word_1_495' title='bbox 202 2459 302 2492; x_wconf 80' lang='grc' dir='ltr'>νύσιον,</span> <span class='ocrx_word' id='word_1_496' title='bbox 318 2461 363 2487; x_wconf 79' lang='grc' dir='ltr'>τὸν</span> <span class='ocrx_word' id='word_1_497' title='bbox 381 2462 410 2487; x_wconf 82' lang='grc' dir='ltr'>ἐν</span> <span class='ocrx_word' id='word_1_498' title='bbox 436 2462 468 2496; x_wconf 83' lang='grc' dir='ltr'>τῇ</span> <span class='ocrx_word' id='word_1_499' title='bbox 485 2461 584 2496; x_wconf 84' lang='grc' dir='ltr'>συνόδῳ</span> <span class='ocrx_word' id='word_1_500' title='bbox 602 2461 707 2496; x_wconf 77' lang='grc' dir='ltr'>κόμητσ</span> <span class='ocrx_word' id='word_1_501' title='bbox 729 2460 794 2496; x_wconf 86' lang='grc'>(81),</span> <span class='ocrx_word' id='word_1_502' title='bbox 819 2462 847 2487; x_wconf 84' lang='grc' dir='ltr'>ὲν</span> <span class='ocrx_word' id='word_1_503' title='bbox 908 2460 982 2495; x_wconf 88' lang='grc' dir='ltr'>δηλοῖ</span> 
     </span>
    </p>
   </div>
   <div class='ocr_carea' id='block_1_68' title="bbox 202 2506 981 2542">
    <p class='ocr_par' dir='ltr' id='par_1_68' title="bbox 202 2506 981 2542">
     <span class='ocr_line' id='line_1_68' title="bbox 202 2506 981 2542; baseline 0.001 -10"><span class='ocrx_word' id='word_1_504' title='bbox 202 2507 321 2542; x_wconf 80' lang='grc' dir='ltr'>φανερὰν</span> <span class='ocrx_word' id='word_1_505' title='bbox 345 2506 478 2542; x_wconf 83' lang='grc' dir='ltr'>συσκευὴν</span> <span class='ocrx_word' id='word_1_506' title='bbox 492 2506 616 2540; x_wconf 81' lang='grc' dir='ltr'>γενέσθαι</span> <span class='ocrx_word' id='word_1_507' title='bbox 643 2506 714 2533; x_wconf 84' lang='grc' dir='ltr'><strong>κατά</strong></span> <span class='ocrx_word' id='word_1_508' title='bbox 734 2507 899 2534; x_wconf 83' lang='grc' dir='ltr'>Ἀθανασιου.</span> <span class='ocrx_word' id='word_1_509' title='bbox 926 2507 981 2534; x_wconf 75' lang='grc' dir='ltr'><strong>Καὶ</strong></span> 
     </span>
    </p>
   </div>
   <div class='ocr_carea' id='block_1_69' title="bbox 239 2582 977 2620">
    <p class='ocr_par' dir='ltr' id='par_1_69' title="bbox 239 2582 977 2620">
     <span class='ocr_line' id='line_1_69' title="bbox 239 2582 977 2620; baseline 0.001 -10"><span class='ocrx_word' id='word_1_510' title='bbox 239 2582 397 2620; x_wconf 18' lang='grc' dir='ltr'><strong>(75)7Νοιοι</strong></span> <span class='ocrx_word' id='word_1_511' title='bbox 416 2583 608 2618; x_wconf 68' lang='lat' dir='ltr'><strong>praecedentem</strong></span> <span class='ocrx_word' id='word_1_512' title='bbox 630 2583 768 2618; x_wconf 85' lang='lat' dir='ltr'><strong>epistolam</strong></span> <span class='ocrx_word' id='word_1_513' title='bbox 790 2584 977 2620; x_wconf 82' lang='lat' dir='ltr'><strong>episc0p0rum</strong></span> 
     </span>
    </p>
   </div>
   <div class='ocr_carea' id='block_1_70' title="bbox 201 2616 398 2652">
    <p class='ocr_par' dir='ltr' id='par_1_70' title="bbox 201 2616 398 2652">
     <span class='ocr_line' id='line_1_70' title="bbox 201 2616 398 2652; baseline 0 -7"><span class='ocrx_word' id='word_1_514' title='bbox 201 2616 398 2652; x_wconf 59' lang='lat' dir='ltr'><strong>Egyptiorum.</strong></span> 
     </span>
    </p>
   </div>
   <div class='ocr_carea' id='block_1_71' title="bbox 237 2653 978 2689">
    <p class='ocr_par' dir='ltr' id='par_1_71' title="bbox 237 2653 978 2689">
     <span class='ocr_line' id='line_1_71' title="bbox 237 2653 978 2689; baseline 0.003 -10"><span class='ocrx_word' id='word_1_515' title='bbox 237 2653 293 2689; x_wconf 88' lang='lat'><strong>(76)</strong></span> <span class='ocrx_word' id='word_1_516' title='bbox 308 2653 493 2689; x_wconf 80' lang='lat' dir='ltr'><strong>llicArsenius</strong></span> <span class='ocrx_word' id='word_1_517' title='bbox 501 2653 546 2687; x_wconf 92' lang='lat' dir='ltr'><strong>qui</strong></span> <span class='ocrx_word' id='word_1_518' title='bbox 560 2653 706 2689; x_wconf 82' lang='lat' dir='ltr'><strong>certissime</strong></span> <span class='ocrx_word' id='word_1_519' title='bbox 719 2654 857 2688; x_wconf 87' lang='lat' dir='ltr'><strong>episcopus</strong></span> <span class='ocrx_word' id='word_1_520' title='bbox 868 2661 937 2687; x_wconf 87' lang='lat' dir='ltr'><strong>erat,</strong></span> <span class='ocrx_word' id='word_1_521' title='bbox 950 2658 978 2681; x_wconf 88' lang='lat' dir='ltr'><strong>ut</strong></span> 
     </span>
    </p>
   </div>
   <div class='ocr_carea' id='block_1_72' title="bbox 201 2688 976 2722">
    <p class='ocr_par' dir='ltr' id='par_1_72' title="bbox 201 2688 976 2722">
     <span class='ocr_line' id='line_1_72' title="bbox 201 2688 976 2722; baseline 0.003 -8"><span class='ocrx_word' id='word_1_522' title='bbox 201 2689 301 2722; x_wconf 85' lang='lat' dir='ltr'><strong>passim</strong></span> <span class='ocrx_word' id='word_1_523' title='bbox 319 2689 345 2714; x_wconf 93' lang='lat' dir='ltr'><strong>in</strong></span> <span class='ocrx_word' id='word_1_524' title='bbox 368 2688 408 2714; x_wconf 87' lang='lat' dir='ltr'><strong>itis</strong></span> <span class='ocrx_word' id='word_1_525' title='bbox 430 2689 608 2715; x_wconf 81' lang='lat' dir='ltr'><strong>monumentis</strong></span> <span class='ocrx_word' id='word_1_526' title='bbox 621 2688 728 2720; x_wconf 89' lang='lat' dir='ltr'><strong>dicitur,</strong></span> <span class='ocrx_word' id='word_1_527' title='bbox 747 2697 761 2714; x_wconf 88' lang='lat' dir='ltr'><strong>a</strong></span> <span class='ocrx_word' id='word_1_528' title='bbox 778 2689 873 2715; x_wconf 78' lang='lat' dir='ltr'><strong>Ruﬁno</strong></span> <span class='ocrx_word' id='word_1_529' title='bbox 892 2696 918 2717; x_wconf 88' lang='lat' dir='ltr'><strong>et</strong></span> <span class='ocrx_word' id='word_1_530' title='bbox 944 2691 976 2716; x_wconf 85' lang='lat' dir='ltr'><strong>ab</strong></span> 
     </span>
    </p>
   </div>
   <div class='ocr_carea' id='block_1_73' title="bbox 202 2723 976 2757">
    <p class='ocr_par' dir='ltr' id='par_1_73' title="bbox 202 2723 976 2757">
     <span class='ocr_line' id='line_1_73' title="bbox 202 2723 976 2757; baseline 0.001 -8"><span class='ocrx_word' id='word_1_531' title='bbox 202 2723 262 2750; x_wconf 85' lang='lat' dir='ltr'><strong>aliis</strong></span> <span class='ocrx_word' id='word_1_532' title='bbox 279 2723 418 2757; x_wconf 83' lang='lat' dir='ltr'><strong>presbyter</strong></span> <span class='ocrx_word' id='word_1_533' title='bbox 435 2723 506 2750; x_wconf 84' lang='lat' dir='ltr'><strong>Cleri</strong></span> <span class='ocrx_word' id='word_1_534' title='bbox 521 2723 705 2756; x_wconf 76' lang='lat' dir='ltr'><strong>Alexandrini,</strong></span> <span class='ocrx_word' id='word_1_535' title='bbox 724 2731 738 2750; x_wconf 90' lang='lat' dir='ltr'><strong>a</strong></span> <span class='ocrx_word' id='word_1_536' title='bbox 755 2724 888 2752; x_wconf 86' lang='lat' dir='ltr'><strong>nonnullis</strong></span> <span class='ocrx_word' id='word_1_537' title='bbox 913 2732 976 2752; x_wconf 88' lang='lat' dir='ltr'><strong>vero</strong></span> 
     </span>
    </p>
   </div>
   <div class='ocr_carea' id='block_1_74' title="bbox 201 2758 977 2791">
    <p class='ocr_par' dir='ltr' id='par_1_74' title="bbox 201 2758 977 2791">
     <span class='ocr_line' id='line_1_74' title="bbox 201 2758 977 2791; baseline 0 -7"><span class='ocrx_word' id='word_1_538' title='bbox 201 2758 332 2791; x_wconf 80' lang='lat' dir='ltr'><strong>sequioris</strong></span> <span class='ocrx_word' id='word_1_539' title='bbox 357 2758 405 2785; x_wconf 67' lang='lat' dir='ltr'><strong>aevi</strong></span> <span class='ocrx_word' id='word_1_540' title='bbox 427 2758 579 2784; x_wconf 86' lang='lat' dir='ltr'><strong>auctoribus</strong></span> <span class='ocrx_word' id='word_1_541' title='bbox 600 2758 682 2785; x_wconf 87' lang='lat' dir='ltr'><strong>lector</strong></span> <span class='ocrx_word' id='word_1_542' title='bbox 707 2758 789 2785; x_wconf 80' lang='lat' dir='ltr'><strong>fuisse</strong></span> <span class='ocrx_word' id='word_1_543' title='bbox 804 2765 977 2786; x_wconf 88' lang='lat' dir='ltr'><strong>ntemoratur.</strong></span> 
     </span>
    </p>
   </div>
   <div class='ocr_carea' id='block_1_75' title="bbox 201 2792 978 2826">
    <p class='ocr_par' dir='ltr' id='par_1_75' title="bbox 201 2792 978 2826">
     <span class='ocr_line' id='line_1_75' title="bbox 201 2792 978 2826; baseline 0.003 -7"><span class='ocrx_word' id='word_1_544' title='bbox 201 2792 254 2820; x_wconf 88' lang='lat' dir='ltr'><strong>Sed</strong></span> <span class='ocrx_word' id='word_1_545' title='bbox 266 2800 345 2826; x_wconf 89' lang='lat' dir='ltr'><strong>quam</strong></span> <span class='ocrx_word' id='word_1_546' title='bbox 360 2797 439 2820; x_wconf 84' lang='lat' dir='ltr'><strong>caute</strong></span> <span class='ocrx_word' id='word_1_547' title='bbox 450 2792 547 2820; x_wconf 82' lang='lat' dir='ltr'><strong>Ruﬁno</strong></span> <span class='ocrx_word' id='word_1_548' title='bbox 558 2798 584 2820; x_wconf 87' lang='lat' dir='ltr'><strong>et</strong></span> <span class='ocrx_word' id='word_1_549' title='bbox 595 2793 733 2820; x_wconf 88' lang='lat' dir='ltr'><strong>Athanasii</strong></span> <span class='ocrx_word' id='word_1_550' title='bbox 747 2794 808 2821; x_wconf 65' lang='lat' dir='ltr'><strong>vitae</strong></span> <span class='ocrx_word' id='word_1_551' title='bbox 822 2795 978 2821; x_wconf 84' lang='lat' dir='ltr'><strong>auctoribus</strong></span> 
     </span>
    </p>
   </div>
   <div class='ocr_carea' id='block_1_76' title="bbox 200 2826 752 2860">
    <p class='ocr_par' dir='ltr' id='par_1_76' title="bbox 200 2826 752 2860">
     <span class='ocr_line' id='line_1_76' title="bbox 200 2826 752 2860; baseline 0 -5"><span class='ocrx_word' id='word_1_552' title='bbox 200 2826 302 2855; x_wconf 66' lang='lat' dir='ltr'><strong>Graecis</strong></span> <span class='ocrx_word' id='word_1_553' title='bbox 311 2828 378 2855; x_wconf 82' lang='lat' dir='ltr'><strong>ﬁdes</strong></span> <span class='ocrx_word' id='word_1_554' title='bbox 389 2828 550 2855; x_wconf 87' lang='lat' dir='ltr'><strong>sithabenda</strong></span> <span class='ocrx_word' id='word_1_555' title='bbox 559 2827 614 2860; x_wconf 88' lang='lat' dir='ltr'><strong>jam</strong></span> <span class='ocrx_word' id='word_1_556' title='bbox 626 2828 752 2855; x_wconf 80' lang='lat' dir='ltr'><strong>diximus.</strong></span> 
     </span>
    </p>
   </div>
   <div class='ocr_carea' id='block_1_77' title="bbox 237 2861 977 2899">
    <p class='ocr_par' dir='ltr' id='par_1_77' title="bbox 237 2861 977 2899">
     <span class='ocr_line' id='line_1_77' title="bbox 237 2861 977 2899; baseline 0.007 -12"><span class='ocrx_word' id='word_1_557' title='bbox 237 2862 292 2899; x_wconf 82' lang='grc'>(77)</span> <span class='ocrx_word' id='word_1_558' title='bbox 305 2861 365 2888; x_wconf 81' lang='grc' dir='ltr'>Τῶν</span> <span class='ocrx_word' id='word_1_559' title='bbox 388 2862 463 2899; x_wconf 81' lang='lat' dir='ltr'><strong>deest</strong></span> <span class='ocrx_word' id='word_1_560' title='bbox 486 2862 512 2890; x_wconf 92' lang='lat' dir='ltr'><strong>in</strong></span> <span class='ocrx_word' id='word_1_561' title='bbox 526 2861 614 2891; x_wconf 83' lang='lat' dir='ltr'><strong>editis.</strong></span> <span class='ocrx_word' id='word_1_562' title='bbox 636 2861 687 2890; x_wconf 83' lang='lat' dir='ltr'><strong>Nos</strong></span> <span class='ocrx_word' id='word_1_563' title='bbox 703 2870 795 2891; x_wconf 87' lang='lat' dir='ltr'><strong>sumus</strong></span> <span class='ocrx_word' id='word_1_564' title='bbox 808 2870 841 2891; x_wconf 80' lang='lat' dir='ltr'><strong>ex</strong></span> <span class='ocrx_word' id='word_1_565' title='bbox 860 2863 925 2899; x_wconf 76' lang='lat' dir='ltr'><strong>Reg.</strong></span> <span class='ocrx_word' id='word_1_566' title='bbox 950 2868 977 2892; x_wconf 82' lang='lat' dir='ltr'><strong>et</strong></span> 
     </span>
    </p>
   </div>
   <div class='ocr_carea' id='block_1_78' title="bbox 200 2895 419 2924">
    <p class='ocr_par' dir='ltr' id='par_1_78' title="bbox 200 2895 419 2924">
     <span class='ocr_line' id='line_1_78' title="bbox 200 2895 419 2924; baseline 0 0"><span class='ocrx_word' id='word_1_567' title='bbox 200 2895 419 2924; x_wconf 36' lang='lat' dir='ltr'><strong>Basil.&#39;mtttuati.</strong></span> 
     </span>
    </p>
   </div>
   <div class='ocr_carea' id='block_1_79' title="bbox 1026 958 1804 993">
    <p class='ocr_par' dir='ltr' id='par_1_79' title="bbox 1026 958 1804 993">
     <span class='ocr_line' id='line_1_79' title="bbox 1026 958 1804 993; baseline 0.003 -8"><span class='ocrx_word' id='word_1_568' title='bbox 1026 958 1168 993; x_wconf 82' lang='lat' dir='ltr'><strong>aliquando</strong></span> <span class='ocrx_word' id='word_1_569' title='bbox 1182 958 1340 986; x_wconf 76' lang='lat' dir='ltr'><strong>interfectus</strong></span> <span class='ocrx_word' id='word_1_570' title='bbox 1356 958 1389 985; x_wconf 88' lang='lat' dir='ltr'><strong>ab</strong></span> <span class='ocrx_word' id='word_1_571' title='bbox 1405 958 1553 986; x_wconf 80' lang='lat' dir='ltr'><strong>Athanasio</strong></span> <span class='ocrx_word' id='word_1_572' title='bbox 1563 978 1570 989; x_wconf 89' lang='lat'><strong>,</strong></span> <span class='ocrx_word' id='word_1_573' title='bbox 1584 959 1632 986; x_wconf 87' lang='lat' dir='ltr'><strong>sed</strong></span> <span class='ocrx_word' id='word_1_574' title='bbox 1647 959 1717 986; x_wconf 90' lang='lat' dir='ltr'><strong>hunc</strong></span> <span class='ocrx_word' id='word_1_575' title='bbox 1730 960 1804 987; x_wconf 84' lang='lat' dir='ltr'><strong>vive-</strong></span> 
     </span>
    </p>
   </div>
   <div class='ocr_carea' id='block_1_80' title="bbox 1026 1003 1802 1039">
    <p class='ocr_par' dir='ltr' id='par_1_80' title="bbox 1026 1003 1802 1039">
     <span class='ocr_line' id='line_1_80' title="bbox 1026 1003 1802 1039; baseline 0.001 -9"><span class='ocrx_word' id='word_1_576' title='bbox 1026 1011 1074 1036; x_wconf 85' lang='lat' dir='ltr'><strong>re,</strong></span> <span class='ocrx_word' id='word_1_577' title='bbox 1093 1004 1146 1031; x_wconf 92' lang='lat' dir='ltr'><strong>imo</strong></span> <span class='ocrx_word' id='word_1_578' title='bbox 1173 1004 1231 1038; x_wconf 88' lang='lat' dir='ltr'><strong>ejus</strong></span> <span class='ocrx_word' id='word_1_579' title='bbox 1255 1004 1371 1031; x_wconf 90' lang='lat' dir='ltr'><strong>amicum</strong></span> <span class='ocrx_word' id='word_1_580' title='bbox 1390 1010 1448 1031; x_wconf 88' lang='lat' dir='ltr'><strong>esse</strong></span> <span class='ocrx_word' id='word_1_581' title='bbox 1473 1003 1626 1031; x_wconf 89' lang='lat' dir='ltr'><strong>didicimus.</strong></span> <span class='ocrx_word' id='word_1_582' title='bbox 1648 1004 1693 1031; x_wconf 90' lang='lat' dir='ltr'><strong>Ille</strong></span> <span class='ocrx_word' id='word_1_583' title='bbox 1719 1004 1802 1039; x_wconf 81' lang='lat' dir='ltr'><strong>igitur</strong></span> 
     </span>
    </p>
   </div>
   <div class='ocr_carea' id='block_1_81' title="bbox 1027 1048 1804 1084">
    <p class='ocr_par' dir='ltr' id='par_1_81' title="bbox 1027 1048 1804 1084">
     <span class='ocr_line' id='line_1_81' title="bbox 1027 1048 1804 1084; baseline 0.001 -9"><span class='ocrx_word' id='word_1_584' title='bbox 1027 1048 1211 1084; x_wconf 81' lang='lat' dir='ltr'><strong>(Athanasius)</strong></span> <span class='ocrx_word' id='word_1_585' title='bbox 1227 1053 1401 1077; x_wconf 83' lang='lat' dir='ltr'><strong>monumenta</strong></span> <span class='ocrx_word' id='word_1_586' title='bbox 1417 1050 1443 1076; x_wconf 89' lang='lat' dir='ltr'><strong>itt</strong></span> <span class='ocrx_word' id='word_1_587' title='bbox 1457 1048 1576 1076; x_wconf 84' lang='lat' dir='ltr'><strong>Mareote</strong></span> <span class='ocrx_word' id='word_1_588' title='bbox 1591 1049 1720 1076; x_wconf 86' lang='lat' dir='ltr'><strong>adornata</strong></span> <span class='ocrx_word' id='word_1_589' title='bbox 1732 1070 1739 1082; x_wconf 86' lang='lat'><strong>,</strong></span> <span class='ocrx_word' id='word_1_590' title='bbox 1763 1050 1804 1076; x_wconf 83' lang='lat' dir='ltr'><strong>al-</strong></span> 
     </span>
    </p>
   </div>
   <div class='ocr_carea' id='block_1_82' title="bbox 1027 1094 1805 1130">
    <p class='ocr_par' dir='ltr' id='par_1_82' title="bbox 1027 1094 1805 1130">
     <span class='ocr_line' id='line_1_82' title="bbox 1027 1094 1805 1130; baseline 0.001 -9"><span class='ocrx_word' id='word_1_591' title='bbox 1027 1098 1084 1121; x_wconf 86' lang='lat' dir='ltr'><strong>tera</strong></span> <span class='ocrx_word' id='word_1_592' title='bbox 1100 1094 1187 1121; x_wconf 90' lang='lat' dir='ltr'><strong>solum</strong></span> <span class='ocrx_word' id='word_1_593' title='bbox 1201 1103 1216 1122; x_wconf 89' lang='lat' dir='ltr'><strong>e</strong></span> <span class='ocrx_word' id='word_1_594' title='bbox 1238 1094 1359 1130; x_wconf 84' lang='lat' dir='ltr'><strong>partibus</strong></span> <span class='ocrx_word' id='word_1_595' title='bbox 1377 1100 1527 1130; x_wconf 72' lang='lat' dir='ltr'><strong>praesente,</strong></span> <span class='ocrx_word' id='word_1_596' title='bbox 1543 1096 1613 1123; x_wconf 85' lang='lat' dir='ltr'><strong>facta</strong></span> <span class='ocrx_word' id='word_1_597' title='bbox 1637 1095 1720 1123; x_wconf 82' lang='lat' dir='ltr'><strong>fuisse</strong></span> <span class='ocrx_word' id='word_1_598' title='bbox 1733 1095 1805 1123; x_wconf 76' lang='lat' dir='ltr'><strong>allir.</strong></span> 
     </span>
    </p>
   </div>
   <div class='ocr_carea' id='block_1_83' title="bbox 1026 1139 1805 1177">
    <p class='ocr_par' dir='ltr' id='par_1_83' title="bbox 1026 1139 1805 1177">
     <span class='ocr_line' id='line_1_83' title="bbox 1026 1139 1805 1177; baseline 0.005 -12"><span class='ocrx_word' id='word_1_599' title='bbox 1026 1140 1119 1166; x_wconf 89' lang='lat' dir='ltr'><strong>mavit.</strong></span> <span class='ocrx_word' id='word_1_600' title='bbox 1134 1139 1199 1166; x_wconf 83' lang='lat' dir='ltr'><strong>Nam</strong></span> <span class='ocrx_word' id='word_1_601' title='bbox 1213 1147 1262 1167; x_wconf 92' lang='lat' dir='ltr'><strong>nec</strong></span> <span class='ocrx_word' id='word_1_602' title='bbox 1278 1140 1333 1167; x_wconf 91' lang='lat' dir='ltr'><strong>illic</strong></span> <span class='ocrx_word' id='word_1_603' title='bbox 1347 1139 1465 1167; x_wconf 80' lang='lat' dir='ltr'><strong>adfuisse</strong></span> <span class='ocrx_word' id='word_1_604' title='bbox 1489 1140 1637 1167; x_wconf 85' lang='lat' dir='ltr'><strong>Macarium</strong></span> <span class='ocrx_word' id='word_1_605' title='bbox 1665 1143 1805 1177; x_wconf 82' lang='lat' dir='ltr'><strong>presbyte-</strong></span> 
     </span>
    </p>
   </div>
   <div class='ocr_carea' id='block_1_84' title="bbox 1028 1186 1806 1223">
    <p class='ocr_par' dir='ltr' id='par_1_84' title="bbox 1028 1186 1806 1223">
     <span class='ocr_line' id='line_1_84' title="bbox 1028 1186 1806 1223; baseline 0.004 -11"><span class='ocrx_word' id='word_1_606' title='bbox 1028 1193 1088 1212; x_wconf 88' lang='lat' dir='ltr'><strong>rum</strong></span> <span class='ocrx_word' id='word_1_607' title='bbox 1102 1206 1109 1218; x_wconf 88' lang='lat'><strong>,</strong></span> <span class='ocrx_word' id='word_1_608' title='bbox 1127 1186 1172 1220; x_wconf 90' lang='lat' dir='ltr'><strong>qui</strong></span> <span class='ocrx_word' id='word_1_609' title='bbox 1190 1187 1379 1218; x_wconf 86' lang='lat' dir='ltr'><strong>accusabatur,</strong></span> <span class='ocrx_word' id='word_1_610' title='bbox 1398 1193 1447 1214; x_wconf 88' lang='lat' dir='ltr'><strong>ttec</strong></span> <span class='ocrx_word' id='word_1_611' title='bbox 1463 1186 1548 1221; x_wconf 90' lang='lat' dir='ltr'><strong>ipsum</strong></span> <span class='ocrx_word' id='word_1_612' title='bbox 1570 1187 1724 1222; x_wconf 87' lang='lat' dir='ltr'><strong>episcopum</strong></span> <span class='ocrx_word' id='word_1_613' title='bbox 1746 1189 1806 1223; x_wconf 81' lang='lat' dir='ltr'><strong>ejus</strong></span> 
     </span>
    </p>
   </div>
   <div class='ocr_carea' id='block_1_85' title="bbox 1027 1230 1805 1271">
    <p class='ocr_par' dir='ltr' id='par_1_85' title="bbox 1027 1230 1805 1271">
     <span class='ocr_line' id='line_1_85' title="bbox 1027 1230 1805 1271; baseline 0.005 -14"><span class='ocrx_word' id='word_1_614' title='bbox 1027 1230 1206 1258; x_wconf 77' lang='lat' dir='ltr'><strong>Athanasium</strong></span> <span class='ocrx_word' id='word_1_615' title='bbox 1220 1241 1226 1258; x_wconf 90' lang='lat'>:</span> <span class='ocrx_word' id='word_1_616' title='bbox 1240 1237 1266 1259; x_wconf 93' lang='lat' dir='ltr'><strong>et</strong></span> <span class='ocrx_word' id='word_1_617' title='bbox 1281 1232 1341 1264; x_wconf 91' lang='lat' dir='ltr'><strong>hoc,</strong></span> <span class='ocrx_word' id='word_1_618' title='bbox 1357 1239 1409 1258; x_wconf 91' lang='lat' dir='ltr'><strong>non</strong></span> <span class='ocrx_word' id='word_1_619' title='bbox 1429 1232 1513 1259; x_wconf 86' lang='lat' dir='ltr'><strong>solum</strong></span> <span class='ocrx_word' id='word_1_620' title='bbox 1529 1240 1562 1259; x_wconf 84' lang='lat' dir='ltr'><strong>ex</strong></span> <span class='ocrx_word' id='word_1_621' title='bbox 1573 1233 1663 1260; x_wconf 83' lang='lat' dir='ltr'><strong>verbis</strong></span> <span class='ocrx_word' id='word_1_622' title='bbox 1677 1233 1745 1271; x_wconf 83' lang='lat' dir='ltr'><strong>ejus,</strong></span> <span class='ocrx_word' id='word_1_623' title='bbox 1758 1235 1805 1262; x_wconf 88' lang='lat' dir='ltr'><strong>sed</strong></span> 
     </span>
    </p>
   </div>
   <div class='ocr_carea' id='block_1_86' title="bbox 1027 1277 1802 1314">
    <p class='ocr_par' dir='ltr' id='par_1_86' title="bbox 1027 1277 1802 1314">
     <span class='ocr_line' id='line_1_86' title="bbox 1027 1277 1802 1314; baseline 0.003 -10"><span class='ocrx_word' id='word_1_624' title='bbox 1027 1283 1059 1304; x_wconf 72' lang='lat' dir='ltr'><strong>ex</strong></span> <span class='ocrx_word' id='word_1_625' title='bbox 1076 1277 1141 1312; x_wconf 88' lang='lat' dir='ltr'><strong>ipsis</strong></span> <span class='ocrx_word' id='word_1_626' title='bbox 1158 1277 1361 1311; x_wconf 89' lang='lat' dir='ltr'><strong>inquisitionum</strong></span> <span class='ocrx_word' id='word_1_627' title='bbox 1374 1278 1566 1310; x_wconf 87' lang='lat' dir='ltr'><strong>monumentis,</strong></span> <span class='ocrx_word' id='word_1_628' title='bbox 1581 1285 1642 1313; x_wconf 66' lang='lat' dir='ltr'><strong>quae</strong></span> <span class='ocrx_word' id='word_1_629' title='bbox 1657 1277 1802 1314; x_wconf 83' lang='lat' dir='ltr'><strong>Martyrius</strong></span> 
     </span>
    </p>
   </div>
   <div class='ocr_carea' id='block_1_87' title="bbox 1027 1322 1806 1359">
    <p class='ocr_par' dir='ltr' id='par_1_87' title="bbox 1027 1322 1806 1359">
     <span class='ocr_line' id='line_1_87' title="bbox 1027 1322 1806 1359; baseline 0.004 -9"><span class='ocrx_word' id='word_1_630' title='bbox 1027 1326 1056 1350; x_wconf 85' lang='lat' dir='ltr'><strong>et</strong></span> <span class='ocrx_word' id='word_1_631' title='bbox 1068 1322 1216 1358; x_wconf 83' lang='lat' dir='ltr'><strong>Hesychius</strong></span> <span class='ocrx_word' id='word_1_632' title='bbox 1235 1323 1313 1350; x_wconf 91' lang='lat' dir='ltr'><strong>nobis</strong></span> <span class='ocrx_word' id='word_1_633' title='bbox 1326 1323 1482 1355; x_wconf 87' lang='lat' dir='ltr'><strong>attulerunt,</strong></span> <span class='ocrx_word' id='word_1_634' title='bbox 1498 1324 1666 1358; x_wconf 80' lang='lat' dir='ltr'><strong>agnovimus.</strong></span> <span class='ocrx_word' id='word_1_635' title='bbox 1682 1324 1806 1359; x_wconf 78' lang='lat' dir='ltr'><strong>Legenda</strong></span> 
     </span>
    </p>
   </div>
   <div class='ocr_carea' id='block_1_88' title="bbox 1028 1368 1806 1405">
    <p class='ocr_par' dir='ltr' id='par_1_88' title="bbox 1028 1368 1806 1405">
     <span class='ocr_line' id='line_1_88' title="bbox 1028 1368 1806 1405; baseline 0.004 -10"><span class='ocrx_word' id='word_1_636' title='bbox 1028 1368 1127 1403; x_wconf 88' lang='lat' dir='ltr'><strong>quippe</strong></span> <span class='ocrx_word' id='word_1_637' title='bbox 1152 1369 1355 1403; x_wconf 86' lang='lat' dir='ltr'><strong>comperimus,</strong></span> <span class='ocrx_word' id='word_1_638' title='bbox 1381 1373 1568 1396; x_wconf 85' lang='lat' dir='ltr'><strong>accusatorem</strong></span> <span class='ocrx_word' id='word_1_639' title='bbox 1593 1369 1672 1405; x_wconf 71' lang='lat'><strong>116</strong></span> <span class='ocrx_word' id='word_1_640' title='bbox 1697 1371 1806 1405; x_wconf 81' lang='lat' dir='ltr'><strong>quidem</strong></span> 
     </span>
    </p>
   </div>
   <div class='ocr_carea' id='block_1_89' title="bbox 1028 1413 1807 1451">
    <p class='ocr_par' dir='ltr' id='par_1_89' title="bbox 1028 1413 1807 1451">
     <span class='ocr_line' id='line_1_89' title="bbox 1028 1413 1807 1451; baseline 0.006 -11"><span class='ocrx_word' id='word_1_641' title='bbox 1028 1413 1164 1449; x_wconf 87' lang='lat' dir='ltr'><strong>lschyram</strong></span> <span class='ocrx_word' id='word_1_642' title='bbox 1180 1413 1233 1441; x_wconf 91' lang='lat' dir='ltr'><strong>illic</strong></span> <span class='ocrx_word' id='word_1_643' title='bbox 1243 1414 1377 1447; x_wconf 84' lang='lat' dir='ltr'><strong>adfuisse;</strong></span> <span class='ocrx_word' id='word_1_644' title='bbox 1394 1414 1539 1441; x_wconf 80' lang='lat' dir='ltr'><strong>Macarium</strong></span> <span class='ocrx_word' id='word_1_645' title='bbox 1555 1419 1645 1442; x_wconf 90' lang='lat' dir='ltr'><strong>autem</strong></span> <span class='ocrx_word' id='word_1_646' title='bbox 1663 1421 1690 1443; x_wconf 90' lang='lat' dir='ltr'><strong>et</strong></span> <span class='ocrx_word' id='word_1_647' title='bbox 1703 1416 1807 1451; x_wconf 85' lang='lat' dir='ltr'><strong>episco-</strong></span> 
     </span>
    </p>
   </div>
   <div class='ocr_carea' id='block_1_90' title="bbox 1028 1459 1807 1496">
    <p class='ocr_par' dir='ltr' id='par_1_90' title="bbox 1028 1459 1807 1496">
     <span class='ocr_line' id='line_1_90' title="bbox 1028 1459 1807 1496; baseline 0.004 -10"><span class='ocrx_word' id='word_1_648' title='bbox 1028 1467 1089 1494; x_wconf 87' lang='lat' dir='ltr'><strong>pum</strong></span> <span class='ocrx_word' id='word_1_649' title='bbox 1103 1459 1279 1488; x_wconf 85' lang='lat' dir='ltr'><strong>Athanasium</strong></span> <span class='ocrx_word' id='word_1_650' title='bbox 1304 1459 1423 1489; x_wconf 86' lang='lat' dir='ltr'><strong>tninime.</strong></span> <span class='ocrx_word' id='word_1_651' title='bbox 1444 1459 1513 1493; x_wconf 88' lang='lat' dir='ltr'><strong>Quin</strong></span> <span class='ocrx_word' id='word_1_652' title='bbox 1533 1464 1561 1487; x_wconf 88' lang='lat' dir='ltr'><strong>et</strong></span> <span class='ocrx_word' id='word_1_653' title='bbox 1585 1460 1726 1488; x_wconf 81' lang='lat' dir='ltr'><strong>Athanasii</strong></span> <span class='ocrx_word' id='word_1_654' title='bbox 1745 1470 1807 1496; x_wconf 89' lang='lat' dir='ltr'><strong>pre-</strong></span> 
     </span>
    </p>
   </div>
   <div class='ocr_carea' id='block_1_91' title="bbox 1028 1504 1806 1540">
    <p class='ocr_par' dir='ltr' id='par_1_91' title="bbox 1028 1504 1806 1540">
     <span class='ocr_line' id='line_1_91' title="bbox 1028 1504 1806 1540; baseline 0.006 -10"><span class='ocrx_word' id='word_1_655' title='bbox 1028 1504 1144 1539; x_wconf 86' lang='lat' dir='ltr'><strong>sbyteris</strong></span> <span class='ocrx_word' id='word_1_656' title='bbox 1165 1504 1383 1538; x_wconf 87' lang='lat' dir='ltr'><strong>postulantibus,</strong></span> <span class='ocrx_word' id='word_1_657' title='bbox 1400 1505 1438 1532; x_wconf 91' lang='lat' dir='ltr'><strong>uti</strong></span> <span class='ocrx_word' id='word_1_658' title='bbox 1462 1505 1513 1532; x_wconf 90' lang='lat' dir='ltr'><strong>sibi</strong></span> <span class='ocrx_word' id='word_1_659' title='bbox 1538 1505 1669 1534; x_wconf 86' lang='lat' dir='ltr'><strong>interesse</strong></span> <span class='ocrx_word' id='word_1_660' title='bbox 1694 1507 1806 1540; x_wconf 82' lang='lat' dir='ltr'><strong>liceret,</strong></span> 
     </span>
    </p>
   </div>
   <div class='ocr_carea' id='block_1_92' title="bbox 1030 1549 1807 1585">
    <p class='ocr_par' dir='ltr' id='par_1_92' title="bbox 1030 1549 1807 1585">
     <span class='ocr_line' id='line_1_92' title="bbox 1030 1549 1807 1585; baseline 0.008 -9"><span class='ocrx_word' id='word_1_661' title='bbox 1030 1549 1094 1576; x_wconf 91' lang='lat' dir='ltr'><strong>illud</strong></span> <span class='ocrx_word' id='word_1_662' title='bbox 1105 1554 1229 1584; x_wconf 67' lang='lat' dir='ltr'><strong>negatum</strong></span> <span class='ocrx_word' id='word_1_663' title='bbox 1246 1556 1315 1576; x_wconf 84' lang='lat' dir='ltr'><strong>esse.</strong></span> <span class='ocrx_word' id='word_1_664' title='bbox 1335 1549 1458 1584; x_wconf 89' lang='lat' dir='ltr'><strong>Oportuit</strong></span> <span class='ocrx_word' id='word_1_665' title='bbox 1471 1555 1571 1584; x_wconf 88' lang='lat' dir='ltr'><strong>autem,</strong></span> <span class='ocrx_word' id='word_1_666' title='bbox 1587 1551 1769 1585; x_wconf 78' lang='lat' dir='ltr'><strong>dilectissimi.</strong></span> <span class='ocrx_word' id='word_1_667' title='bbox 1783 1555 1807 1582; x_wconf 88' lang='lat' dir='ltr'><strong>si</strong></span> 
     </span>
    </p>
   </div>
   <div class='ocr_carea' id='block_1_93' title="bbox 1030 1594 1807 1631">
    <p class='ocr_par' dir='ltr' id='par_1_93' title="bbox 1030 1594 1807 1631">
     <span class='ocr_line' id='line_1_93' title="bbox 1030 1594 1807 1631; baseline 0.009 -11"><span class='ocrx_word' id='word_1_668' title='bbox 1030 1595 1109 1622; x_wconf 87' lang='lat' dir='ltr'><strong>ntodo</strong></span> <span class='ocrx_word' id='word_1_669' title='bbox 1125 1594 1256 1628; x_wconf 87' lang='lat' dir='ltr'><strong>judicium</strong></span> <span class='ocrx_word' id='word_1_670' title='bbox 1273 1595 1336 1622; x_wconf 90' lang='lat' dir='ltr'><strong>illud</strong></span> <span class='ocrx_word' id='word_1_671' title='bbox 1351 1596 1456 1623; x_wconf 86' lang='lat' dir='ltr'><strong>sincere</strong></span> <span class='ocrx_word' id='word_1_672' title='bbox 1469 1601 1559 1624; x_wconf 86' lang='lat' dir='ltr'><strong>actum</strong></span> <span class='ocrx_word' id='word_1_673' title='bbox 1573 1597 1678 1631; x_wconf 82' lang='lat' dir='ltr'><strong>fuisset,</strong></span> <span class='ocrx_word' id='word_1_674' title='bbox 1695 1607 1747 1626; x_wconf 94' lang='lat' dir='ltr'><strong>non</strong></span> <span class='ocrx_word' id='word_1_675' title='bbox 1761 1607 1807 1627; x_wconf 88' lang='lat' dir='ltr'><strong>ac-</strong></span> 
     </span>
    </p>
   </div>
   <div class='ocr_carea' id='block_1_94' title="bbox 1030 1640 1810 1672">
    <p class='ocr_par' dir='ltr' id='par_1_94' title="bbox 1030 1640 1810 1672">
     <span class='ocr_line' id='line_1_94' title="bbox 1030 1640 1810 1672; baseline 0.008 -6"><span class='ocrx_word' id='word_1_676' title='bbox 1030 1646 1179 1668; x_wconf 78' lang='lat' dir='ltr'><strong>cusatorem</strong></span> <span class='ocrx_word' id='word_1_677' title='bbox 1193 1640 1340 1672; x_wconf 87' lang='lat' dir='ltr'><strong>duntaxat,</strong></span> <span class='ocrx_word' id='word_1_678' title='bbox 1355 1641 1401 1668; x_wconf 89' lang='lat' dir='ltr'><strong>sed</strong></span> <span class='ocrx_word' id='word_1_679' title='bbox 1415 1646 1441 1668; x_wconf 89' lang='lat' dir='ltr'><strong>et</strong></span> <span class='ocrx_word' id='word_1_680' title='bbox 1453 1647 1610 1670; x_wconf 87' lang='lat' dir='ltr'><strong>accusatum</strong></span> <span class='ocrx_word' id='word_1_681' title='bbox 1626 1644 1730 1672; x_wconf 88' lang='lat' dir='ltr'><strong>adesse.</strong></span> <span class='ocrx_word' id='word_1_682' title='bbox 1748 1644 1810 1672; x_wconf 50' lang='lat' dir='ltr'><strong>Sic‘</strong></span> 
     </span>
    </p>
   </div>
   <div class='ocr_carea' id='block_1_95' title="bbox 1030 1686 1807 1723">
    <p class='ocr_par' dir='ltr' id='par_1_95' title="bbox 1030 1686 1807 1723">
     <span class='ocr_line' id='line_1_95' title="bbox 1030 1686 1807 1723; baseline 0.008 -11"><span class='ocrx_word' id='word_1_683' title='bbox 1030 1691 1058 1713; x_wconf 92' lang='lat' dir='ltr'><strong>ut</strong></span> <span class='ocrx_word' id='word_1_684' title='bbox 1074 1686 1145 1713; x_wconf 90' lang='lat' dir='ltr'><strong>enitn</strong></span> <span class='ocrx_word' id='word_1_685' title='bbox 1160 1686 1224 1721; x_wconf 89' lang='lat' dir='ltr'><strong>Tyri</strong></span> <span class='ocrx_word' id='word_1_686' title='bbox 1240 1687 1334 1713; x_wconf 85' lang='lat' dir='ltr'><strong>aderat</strong></span> <span class='ocrx_word' id='word_1_687' title='bbox 1349 1686 1483 1715; x_wconf 86' lang='lat' dir='ltr'><strong>Macarius</strong></span> <span class='ocrx_word' id='word_1_688' title='bbox 1499 1689 1544 1723; x_wconf 91' lang='lat' dir='ltr'><strong>qui</strong></span> <span class='ocrx_word' id='word_1_689' title='bbox 1572 1690 1763 1723; x_wconf 88' lang='lat' dir='ltr'><strong>accusabatur,</strong></span> <span class='ocrx_word' id='word_1_690' title='bbox 1779 1695 1807 1718; x_wconf 92' lang='lat' dir='ltr'><strong>et</strong></span> 
     </span>
    </p>
   </div>
   <div class='ocr_carea' id='block_1_96' title="bbox 1030 1732 1808 1769">
    <p class='ocr_par' dir='ltr' id='par_1_96' title="bbox 1030 1732 1808 1769">
     <span class='ocr_line' id='line_1_96' title="bbox 1030 1732 1808 1769; baseline 0.006 -11"><span class='ocrx_word' id='word_1_691' title='bbox 1030 1732 1151 1767; x_wconf 87' lang='lat' dir='ltr'><strong>lschyras</strong></span> <span class='ocrx_word' id='word_1_692' title='bbox 1166 1737 1319 1765; x_wconf 89' lang='lat' dir='ltr'><strong>accusator,</strong></span> <span class='ocrx_word' id='word_1_693' title='bbox 1340 1738 1368 1760; x_wconf 87' lang='lat' dir='ltr'><strong>et</strong></span> <span class='ocrx_word' id='word_1_694' title='bbox 1390 1732 1457 1760; x_wconf 92' lang='lat' dir='ltr'><strong>nihil</strong></span> <span class='ocrx_word' id='word_1_695' title='bbox 1476 1733 1513 1760; x_wconf 90' lang='lat' dir='ltr'><strong>ibi</strong></span> <span class='ocrx_word' id='word_1_696' title='bbox 1536 1735 1679 1769; x_wconf 88' lang='lat' dir='ltr'><strong>probatum</strong></span> <span class='ocrx_word' id='word_1_697' title='bbox 1695 1740 1752 1768; x_wconf 84' lang='lat' dir='ltr'><strong>est;</strong></span> <span class='ocrx_word' id='word_1_698' title='bbox 1768 1736 1808 1763; x_wconf 87' lang='lat' dir='ltr'><strong>sic</strong></span> 
     </span>
    </p>
   </div>
   <div class='ocr_carea' id='block_1_97' title="bbox 1030 1776 1806 1815">
    <p class='ocr_par' dir='ltr' id='par_1_97' title="bbox 1030 1776 1806 1815">
     <span class='ocr_line' id='line_1_97' title="bbox 1030 1776 1806 1815; baseline 0.005 -11"><span class='ocrx_word' id='word_1_699' title='bbox 1030 1781 1056 1804; x_wconf 86' lang='lat' dir='ltr'><strong>et</strong></span> <span class='ocrx_word' id='word_1_700' title='bbox 1073 1777 1098 1803; x_wconf 94' lang='lat' dir='ltr'><strong>in</strong></span> <span class='ocrx_word' id='word_1_701' title='bbox 1114 1776 1250 1807; x_wconf 87' lang='lat' dir='ltr'><strong>Mareoten</strong></span> <span class='ocrx_word' id='word_1_702' title='bbox 1266 1779 1404 1812; x_wconf 89' lang='lat' dir='ltr'><strong>oportuit,</strong></span> <span class='ocrx_word' id='word_1_703' title='bbox 1420 1786 1474 1805; x_wconf 88' lang='lat' dir='ltr'><strong>non</strong></span> <span class='ocrx_word' id='word_1_704' title='bbox 1492 1784 1678 1807; x_wconf 87' lang='lat' dir='ltr'><strong>accusatorem</strong></span> <span class='ocrx_word' id='word_1_705' title='bbox 1699 1781 1785 1808; x_wconf 91' lang='lat' dir='ltr'><strong>solum</strong></span> <span class='ocrx_word' id='word_1_706' title='bbox 1798 1804 1806 1815; x_wconf 85' lang='grc'><strong>,</strong></span> 
     </span>
    </p>
   </div>
   <div class='ocr_carea' id='block_1_98' title="bbox 1029 1821 1808 1859">
    <p class='ocr_par' dir='ltr' id='par_1_98' title="bbox 1029 1821 1808 1859">
     <span class='ocr_line' id='line_1_98' title="bbox 1029 1821 1808 1859; baseline 0.009 -12"><span class='ocrx_word' id='word_1_707' title='bbox 1029 1821 1077 1848; x_wconf 84' lang='lat' dir='ltr'><strong>sed</strong></span> <span class='ocrx_word' id='word_1_708' title='bbox 1093 1827 1120 1848; x_wconf 86' lang='lat' dir='ltr'><strong>et</strong></span> <span class='ocrx_word' id='word_1_709' title='bbox 1133 1827 1288 1849; x_wconf 90' lang='lat' dir='ltr'><strong>accusatutn</strong></span> <span class='ocrx_word' id='word_1_710' title='bbox 1305 1823 1450 1856; x_wconf 86' lang='lat' dir='ltr'><strong>accedere,</strong></span> <span class='ocrx_word' id='word_1_711' title='bbox 1469 1829 1497 1851; x_wconf 96' lang='lat' dir='ltr'><strong>ut</strong></span> <span class='ocrx_word' id='word_1_712' title='bbox 1516 1824 1539 1852; x_wconf 91' lang='lat' dir='ltr'><strong>is</strong></span> <span class='ocrx_word' id='word_1_713' title='bbox 1552 1832 1670 1859; x_wconf 72' lang='lat' dir='ltr'><strong>praesens</strong></span> <span class='ocrx_word' id='word_1_714' title='bbox 1686 1826 1728 1853; x_wconf 82' lang='lat' dir='ltr'><strong>vel</strong></span> <span class='ocrx_word' id='word_1_715' title='bbox 1743 1834 1808 1854; x_wconf 89' lang='lat' dir='ltr'><strong>con-</strong></span> 
     </span>
    </p>
   </div>
   <div class='ocr_carea' id='block_1_99' title="bbox 1030 1866 1809 1904">
    <p class='ocr_par' dir='ltr' id='par_1_99' title="bbox 1030 1866 1809 1904">
     <span class='ocr_line' id='line_1_99' title="bbox 1030 1866 1809 1904; baseline 0.008 -10"><span class='ocrx_word' id='word_1_716' title='bbox 1030 1866 1196 1900; x_wconf 85' lang='lat' dir='ltr'><strong>vinceretur,</strong></span> <span class='ocrx_word' id='word_1_717' title='bbox 1221 1868 1261 1895; x_wconf 80' lang='lat' dir='ltr'><strong>vcl</strong></span> <span class='ocrx_word' id='word_1_718' title='bbox 1286 1869 1308 1895; x_wconf 88' lang='lat' dir='ltr'><strong>si</strong></span> <span class='ocrx_word' id='word_1_719' title='bbox 1332 1869 1454 1896; x_wconf 80' lang='lat' dir='ltr'><strong>convinci</strong></span> <span class='ocrx_word' id='word_1_720' title='bbox 1479 1877 1531 1897; x_wconf 90' lang='lat' dir='ltr'><strong>non</strong></span> <span class='ocrx_word' id='word_1_721' title='bbox 1545 1870 1692 1904; x_wconf 86' lang='lat' dir='ltr'><strong>potuisset,</strong></span> <span class='ocrx_word' id='word_1_722' title='bbox 1707 1872 1809 1900; x_wconf 88' lang='lat' dir='ltr'><strong>calum-</strong></span> 
     </span>
    </p>
   </div>
   <div class='ocr_carea' id='block_1_100' title="bbox 1030 1913 1808 1948">
    <p class='ocr_par' dir='ltr' id='par_1_100' title="bbox 1030 1913 1808 1948">
     <span class='ocr_line' id='line_1_100' title="bbox 1030 1913 1808 1948; baseline 0.008 -8"><span class='ocrx_word' id='word_1_723' title='bbox 1030 1913 1101 1940; x_wconf 92' lang='lat' dir='ltr'><strong>niam</strong></span> <span class='ocrx_word' id='word_1_724' title='bbox 1131 1913 1216 1948; x_wconf 91' lang='lat' dir='ltr'><strong>palam</strong></span> <span class='ocrx_word' id='word_1_725' title='bbox 1241 1913 1352 1942; x_wconf 81' lang='lat' dir='ltr'><strong>!aceret.</strong></span> <span class='ocrx_word' id='word_1_726' title='bbox 1377 1914 1436 1942; x_wconf 81' lang='lat' dir='ltr'><strong>Jam</strong></span> <span class='ocrx_word' id='word_1_727' title='bbox 1462 1923 1525 1943; x_wconf 87' lang='lat' dir='ltr'><strong>vero</strong></span> <span class='ocrx_word' id='word_1_728' title='bbox 1549 1924 1609 1944; x_wconf 90' lang='lat' dir='ltr'><strong>cum</strong></span> <span class='ocrx_word' id='word_1_729' title='bbox 1634 1917 1684 1945; x_wconf 92' lang='lat' dir='ltr'><strong>hoc</strong></span> <span class='ocrx_word' id='word_1_730' title='bbox 1706 1918 1808 1946; x_wconf 82' lang='lat' dir='ltr'><strong>factum</strong></span> 
     </span>
    </p>
   </div>
   <div class='ocr_carea' id='block_1_101' title="bbox 1029 1959 1809 1997">
    <p class='ocr_par' dir='ltr' id='par_1_101' title="bbox 1029 1959 1809 1997">
     <span class='ocr_line' id='line_1_101' title="bbox 1029 1959 1809 1997; baseline 0.006 -11"><span class='ocrx_word' id='word_1_731' title='bbox 1029 1966 1083 1986; x_wconf 91' lang='lat' dir='ltr'><strong>non</strong></span> <span class='ocrx_word' id='word_1_732' title='bbox 1095 1961 1130 1986; x_wconf 87' lang='lat' dir='ltr'><strong>sit</strong></span> <span class='ocrx_word' id='word_1_733' title='bbox 1142 1980 1149 1992; x_wconf 89' lang='lat'><strong>,</strong></span> <span class='ocrx_word' id='word_1_734' title='bbox 1164 1960 1210 1987; x_wconf 90' lang='lat' dir='ltr'><strong>sed</strong></span> <span class='ocrx_word' id='word_1_735' title='bbox 1224 1959 1298 1987; x_wconf 86' lang='lat' dir='ltr'><strong>solus</strong></span> <span class='ocrx_word' id='word_1_736' title='bbox 1313 1966 1464 1993; x_wconf 86' lang='lat' dir='ltr'><strong>accusator,</strong></span> <span class='ocrx_word' id='word_1_737' title='bbox 1484 1969 1544 1988; x_wconf 87' lang='lat' dir='ltr'><strong>cum</strong></span> <span class='ocrx_word' id='word_1_738' title='bbox 1563 1962 1595 1990; x_wconf 85' lang='lat' dir='ltr'><strong>iis</strong></span> <span class='ocrx_word' id='word_1_739' title='bbox 1609 1970 1676 1997; x_wconf 89' lang='lat' dir='ltr'><strong>quos</strong></span> <span class='ocrx_word' id='word_1_740' title='bbox 1689 1962 1809 1991; x_wconf 83' lang='lat' dir='ltr'><strong>Athana-</strong></span> 
     </span>
    </p>
   </div>
   <div class='ocr_carea' id='block_1_102' title="bbox 1030 2004 1809 2042">
    <p class='ocr_par' dir='ltr' id='par_1_102' title="bbox 1030 2004 1809 2042">
     <span class='ocr_line' id='line_1_102' title="bbox 1030 2004 1809 2042; baseline 0.009 -12"><span class='ocrx_word' id='word_1_741' title='bbox 1030 2004 1086 2031; x_wconf 82' lang='lat' dir='ltr'><strong>sius</strong></span> <span class='ocrx_word' id='word_1_742' title='bbox 1102 2005 1253 2038; x_wconf 87' lang='lat' dir='ltr'><strong>recusabat,</strong></span> <span class='ocrx_word' id='word_1_743' title='bbox 1277 2012 1309 2032; x_wconf 90' lang='lat' dir='ltr'><strong>eo</strong></span> <span class='ocrx_word' id='word_1_744' title='bbox 1329 2007 1503 2040; x_wconf 85' lang='lat' dir='ltr'><strong>concesserit,</strong></span> <span class='ocrx_word' id='word_1_745' title='bbox 1517 2012 1641 2042; x_wconf 86' lang='lat' dir='ltr'><strong>suspecta</strong></span> <span class='ocrx_word' id='word_1_746' title='bbox 1663 2015 1729 2036; x_wconf 87' lang='lat' dir='ltr'><strong>sane</strong></span> <span class='ocrx_word' id='word_1_747' title='bbox 1749 2014 1809 2037; x_wconf 78' lang='lat' dir='ltr'><strong>acta</strong></span> 
     </span>
    </p>
   </div>
   <div class='ocr_carea' id='block_1_103' title="bbox 1030 2051 1229 2077">
    <p class='ocr_par' dir='ltr' id='par_1_103' title="bbox 1030 2051 1229 2077">
     <span class='ocr_line' id='line_1_103' title="bbox 1030 2051 1229 2077; baseline 0 0"><span class='ocrx_word' id='word_1_748' title='bbox 1030 2051 1077 2077; x_wconf 89' lang='lat' dir='ltr'><strong>illa</strong></span> <span class='ocrx_word' id='word_1_749' title='bbox 1092 2051 1229 2077; x_wconf 91' lang='lat' dir='ltr'><strong>videntur.</strong></span> 
     </span>
    </p>
   </div>
   <div class='ocr_carea' id='block_1_104' title="bbox 1064 2096 1809 2136">
    <p class='ocr_par' dir='ltr' id='par_1_104' title="bbox 1064 2096 1809 2136">
     <span class='ocr_line' id='line_1_104' title="bbox 1064 2096 1809 2136; baseline 0.007 -13"><span class='ocrx_word' id='word_1_750' title='bbox 1064 2096 1110 2124; x_wconf 79' lang='lat'><strong>28.</strong></span> <span class='ocrx_word' id='word_1_751' title='bbox 1127 2096 1295 2131; x_wconf 87' lang='lat' dir='ltr'><strong>Conquestus</strong></span> <span class='ocrx_word' id='word_1_752' title='bbox 1311 2097 1442 2124; x_wconf 88' lang='lat' dir='ltr'><strong>estetiam</strong></span> <span class='ocrx_word' id='word_1_753' title='bbox 1468 2098 1523 2132; x_wconf 89' lang='lat' dir='ltr'><strong>ipse</strong></span> <span class='ocrx_word' id='word_1_754' title='bbox 1548 2099 1733 2136; x_wconf 83' lang='lat' dir='ltr'><strong>(Athanasius)</strong></span> <span class='ocrx_word' id='word_1_755' title='bbox 1762 2101 1809 2136; x_wconf 87' lang='lat' dir='ltr'><strong>qui</strong></span> 
     </span>
    </p>
   </div>
   <div class='ocr_carea' id='block_1_105' title="bbox 1031 2142 1810 2179">
    <p class='ocr_par' dir='ltr' id='par_1_105' title="bbox 1031 2142 1810 2179">
     <span class='ocr_line' id='line_1_105' title="bbox 1031 2142 1810 2179; baseline 0.006 -10"><span class='ocrx_word' id='word_1_756' title='bbox 1031 2143 1063 2169; x_wconf 85' lang='lat' dir='ltr'><strong>ad</strong></span> <span class='ocrx_word' id='word_1_757' title='bbox 1093 2142 1228 2170; x_wconf 82' lang='lat' dir='ltr'><strong>Mareoten</strong></span> <span class='ocrx_word' id='word_1_758' title='bbox 1250 2142 1362 2177; x_wconf 83' lang='lat' dir='ltr'><strong>profecti</strong></span> <span class='ocrx_word' id='word_1_759' title='bbox 1384 2149 1494 2176; x_wconf 87' lang='lat' dir='ltr'><strong>essent,</strong></span> <span class='ocrx_word' id='word_1_760' title='bbox 1519 2152 1548 2172; x_wconf 92' lang='lat' dir='ltr'><strong>se</strong></span> <span class='ocrx_word' id='word_1_761' title='bbox 1570 2150 1728 2179; x_wconf 87' lang='lat' dir='ltr'><strong>recusante,</strong></span> <span class='ocrx_word' id='word_1_762' title='bbox 1745 2147 1810 2174; x_wconf 88' lang='lat' dir='ltr'><strong>illuc</strong></span> 
     </span>
    </p>
   </div>
   <div class='ocr_carea' id='block_1_106' title="bbox 1031 2188 1809 2224">
    <p class='ocr_par' dir='ltr' id='par_1_106' title="bbox 1031 2188 1809 2224">
     <span class='ocr_line' id='line_1_106' title="bbox 1031 2188 1809 2224; baseline 0.004 -9"><span class='ocrx_word' id='word_1_763' title='bbox 1031 2189 1208 2216; x_wconf 86' lang='lat' dir='ltr'><strong>concessisse.</strong></span> <span class='ocrx_word' id='word_1_764' title='bbox 1217 2188 1327 2216; x_wconf 87' lang='lat' dir='ltr'><strong>Dicebat</strong></span> <span class='ocrx_word' id='word_1_765' title='bbox 1340 2190 1410 2216; x_wconf 90' lang='lat' dir='ltr'><strong>enim</strong></span> <span class='ocrx_word' id='word_1_766' title='bbox 1425 2189 1604 2224; x_wconf 82' lang='lat' dir='ltr'><strong>Theognium,</strong></span> <span class='ocrx_word' id='word_1_767' title='bbox 1614 2191 1708 2223; x_wconf 85' lang='lat' dir='ltr'><strong>Marin,</strong></span> <span class='ocrx_word' id='word_1_768' title='bbox 1719 2191 1809 2218; x_wconf 86' lang='lat' dir='ltr'><strong>Theo-</strong></span> 
     </span>
    </p>
   </div>
   <div class='ocr_carea' id='block_1_107' title="bbox 1032 2233 1809 2268">
    <p class='ocr_par' dir='ltr' id='par_1_107' title="bbox 1032 2233 1809 2268">
     <span class='ocr_line' id='line_1_107' title="bbox 1032 2233 1809 2268; baseline 0.005 -8"><span class='ocrx_word' id='word_1_769' title='bbox 1032 2234 1138 2265; x_wconf 83' lang='lat' dir='ltr'><strong>dorum,</strong></span> <span class='ocrx_word' id='word_1_770' title='bbox 1156 2233 1295 2262; x_wconf 84' lang='lat' dir='ltr'><strong>Ursaeium</strong></span> <span class='ocrx_word' id='word_1_771' title='bbox 1307 2255 1314 2268; x_wconf 91' lang='lat'><strong>,</strong></span> <span class='ocrx_word' id='word_1_772' title='bbox 1330 2234 1489 2268; x_wconf 84' lang='lat' dir='ltr'><strong>Valentem,</strong></span> <span class='ocrx_word' id='word_1_773' title='bbox 1505 2240 1532 2263; x_wconf 91' lang='lat' dir='ltr'><strong>et</strong></span> <span class='ocrx_word' id='word_1_774' title='bbox 1548 2235 1741 2268; x_wconf 86' lang='lat' dir='ltr'><strong>Macedonium,</strong></span> <span class='ocrx_word' id='word_1_775' title='bbox 1757 2237 1809 2264; x_wconf 87' lang='lat' dir='ltr'><strong>sibi</strong></span> 
     </span>
    </p>
   </div>
   <div class='ocr_carea' id='block_1_108' title="bbox 1031 2280 1810 2314">
    <p class='ocr_par' dir='ltr' id='par_1_108' title="bbox 1031 2280 1810 2314">
     <span class='ocr_line' id='line_1_108' title="bbox 1031 2280 1810 2314; baseline 0.005 -9"><span class='ocrx_word' id='word_1_776' title='bbox 1031 2285 1181 2314; x_wconf 88' lang='lat' dir='ltr'><strong>suspectos,</strong></span> <span class='ocrx_word' id='word_1_777' title='bbox 1199 2280 1263 2307; x_wconf 91' lang='lat' dir='ltr'><strong>illuc</strong></span> <span class='ocrx_word' id='word_1_778' title='bbox 1284 2280 1382 2308; x_wconf 89' lang='lat' dir='ltr'><strong>missos</strong></span> <span class='ocrx_word' id='word_1_779' title='bbox 1402 2281 1494 2308; x_wconf 82' lang='lat' dir='ltr'><strong>fuisse.</strong></span> <span class='ocrx_word' id='word_1_780' title='bbox 1511 2280 1568 2308; x_wconf 84' lang='lat' dir='ltr'><strong>Hoc</strong></span> <span class='ocrx_word' id='word_1_781' title='bbox 1582 2286 1670 2308; x_wconf 87' lang='lat' dir='ltr'><strong>autem</strong></span> <span class='ocrx_word' id='word_1_782' title='bbox 1687 2288 1738 2308; x_wconf 94' lang='lat' dir='ltr'><strong>non</strong></span> <span class='ocrx_word' id='word_1_783' title='bbox 1753 2283 1810 2309; x_wconf 89' lang='lat' dir='ltr'><strong>suis</strong></span> 
     </span>
    </p>
   </div>
   <div class='ocr_carea' id='block_1_109' title="bbox 1031 2325 1810 2360">
    <p class='ocr_par' dir='ltr' id='par_1_109' title="bbox 1031 2325 1810 2360">
     <span class='ocr_line' id='line_1_109' title="bbox 1031 2325 1810 2360; baseline 0.004 -9"><span class='ocrx_word' id='word_1_784' title='bbox 1031 2325 1122 2352; x_wconf 85' lang='lat' dir='ltr'><strong>verbis</strong></span> <span class='ocrx_word' id='word_1_785' title='bbox 1140 2329 1242 2352; x_wconf 85' lang='lat' dir='ltr'><strong>tantum</strong></span> <span class='ocrx_word' id='word_1_786' title='bbox 1256 2345 1264 2359; x_wconf 92' lang='lat'><strong>,</strong></span> <span class='ocrx_word' id='word_1_787' title='bbox 1291 2326 1339 2353; x_wconf 89' lang='lat' dir='ltr'><strong>sed</strong></span> <span class='ocrx_word' id='word_1_788' title='bbox 1364 2325 1446 2352; x_wconf 89' lang='lat' dir='ltr'><strong>etiam</strong></span> <span class='ocrx_word' id='word_1_789' title='bbox 1474 2333 1507 2352; x_wconf 73' lang='lat' dir='ltr'><strong>ex</strong></span> <span class='ocrx_word' id='word_1_790' title='bbox 1528 2325 1641 2360; x_wconf 79' lang='lat' dir='ltr'><strong>epistola</strong></span> <span class='ocrx_word' id='word_1_791' title='bbox 1662 2325 1810 2354; x_wconf 84' lang='lat' dir='ltr'><strong>Alexandri</strong></span> 
     </span>
    </p>
   </div>
   <div class='ocr_carea' id='block_1_110' title="bbox 1032 2371 1808 2406">
    <p class='ocr_par' dir='ltr' id='par_1_110' title="bbox 1032 2371 1808 2406">
     <span class='ocr_line' id='line_1_110' title="bbox 1032 2371 1808 2406; baseline 0.001 -9"><span class='ocrx_word' id='word_1_792' title='bbox 1032 2371 1166 2405; x_wconf 86' lang='lat' dir='ltr'><strong>quondam</strong></span> <span class='ocrx_word' id='word_1_793' title='bbox 1207 2371 1405 2399; x_wconf 62' lang='lat' dir='ltr'><strong>Thessalonicae</strong></span> <span class='ocrx_word' id='word_1_794' title='bbox 1439 2372 1556 2406; x_wconf 87' lang='lat' dir='ltr'><strong>episcopi</strong></span> <span class='ocrx_word' id='word_1_795' title='bbox 1598 2371 1808 2399; x_wconf 86' lang='lat' dir='ltr'><strong>demonstrabat.</strong></span> 
     </span>
    </p>
   </div>
   <div class='ocr_carea' id='block_1_111' title="bbox 1032 2416 1810 2453">
    <p class='ocr_par' dir='ltr' id='par_1_111' title="bbox 1032 2416 1810 2453">
     <span class='ocr_line' id='line_1_111' title="bbox 1032 2416 1810 2453; baseline 0.004 -11"><span class='ocrx_word' id='word_1_796' title='bbox 1032 2416 1147 2444; x_wconf 86' lang='lat' dir='ltr'><strong>Protulit</strong></span> <span class='ocrx_word' id='word_1_797' title='bbox 1160 2417 1231 2444; x_wconf 91' lang='lat' dir='ltr'><strong>enim</strong></span> <span class='ocrx_word' id='word_1_798' title='bbox 1247 2417 1305 2452; x_wconf 84' lang='lat' dir='ltr'><strong>eius</strong></span> <span class='ocrx_word' id='word_1_799' title='bbox 1318 2417 1476 2452; x_wconf 90' lang='lat' dir='ltr'><strong>epistolam,</strong></span> <span class='ocrx_word' id='word_1_800' title='bbox 1500 2418 1534 2445; x_wconf 88' lang='lat' dir='ltr'><strong>ad</strong></span> <span class='ocrx_word' id='word_1_801' title='bbox 1552 2417 1707 2453; x_wconf 89' lang='lat' dir='ltr'><strong>Dionysium</strong></span> <span class='ocrx_word' id='word_1_802' title='bbox 1723 2419 1749 2445; x_wconf 94' lang='lat' dir='ltr'><strong>in</strong></span> <span class='ocrx_word' id='word_1_803' title='bbox 1777 2425 1810 2446; x_wconf 88' lang='lat' dir='ltr'><strong>ea</strong></span> 
     </span>
    </p>
   </div>
   <div class='ocr_carea' id='block_1_112' title="bbox 1034 2462 1808 2497">
    <p class='ocr_par' dir='ltr' id='par_1_112' title="bbox 1034 2462 1808 2497">
     <span class='ocr_line' id='line_1_112' title="bbox 1034 2462 1808 2497; baseline 0.001 -9"><span class='ocrx_word' id='word_1_804' title='bbox 1034 2462 1137 2496; x_wconf 88' lang='lat' dir='ltr'><strong>synodo</strong></span> <span class='ocrx_word' id='word_1_805' title='bbox 1152 2463 1289 2495; x_wconf 84' lang='lat' dir='ltr'><strong>comitem,</strong></span> <span class='ocrx_word' id='word_1_806' title='bbox 1308 2463 1456 2496; x_wconf 83' lang='lat' dir='ltr'><strong>scriptam:</strong></span> <span class='ocrx_word' id='word_1_807' title='bbox 1475 2470 1528 2497; x_wconf 84' lang='lat' dir='ltr'><strong>qua</strong></span> <span class='ocrx_word' id='word_1_808' title='bbox 1544 2462 1711 2497; x_wconf 76' lang='lat' dir='ltr'><strong>signiﬁcabat</strong></span> <span class='ocrx_word' id='word_1_809' title='bbox 1724 2463 1808 2491; x_wconf 88' lang='lat' dir='ltr'><strong>mani-</strong></span> 
     </span>
    </p>
   </div>
   <div class='ocr_carea' id='block_1_113' title="bbox 1034 2507 1811 2543">
    <p class='ocr_par' dir='ltr' id='par_1_113' title="bbox 1034 2507 1811 2543">
     <span class='ocr_line' id='line_1_113' title="bbox 1034 2507 1811 2543; baseline 0.003 -9"><span class='ocrx_word' id='word_1_810' title='bbox 1034 2507 1130 2534; x_wconf 77' lang='lat' dir='ltr'><strong>festam</strong></span> <span class='ocrx_word' id='word_1_811' title='bbox 1149 2508 1279 2535; x_wconf 86' lang='lat' dir='ltr'><strong>adversus</strong></span> <span class='ocrx_word' id='word_1_812' title='bbox 1303 2507 1481 2536; x_wconf 88' lang='lat' dir='ltr'><strong>Athanasium</strong></span> <span class='ocrx_word' id='word_1_813' title='bbox 1504 2508 1730 2543; x_wconf 74' lang='lat' dir='ltr'><strong>conspirationem</strong></span> <span class='ocrx_word' id='word_1_814' title='bbox 1750 2516 1811 2537; x_wconf 85' lang='lat' dir='ltr'><strong>esse</strong></span> 
     </span>
    </p>
   </div>
   <div class='ocr_carea' id='block_1_114' title="bbox 1067 2584 1810 2622">
    <p class='ocr_par' dir='ltr' id='par_1_114' title="bbox 1067 2584 1810 2622">
     <span class='ocr_line' id='line_1_114' title="bbox 1067 2584 1810 2622; baseline 0.004 -11"><span class='ocrx_word' id='word_1_815' title='bbox 1067 2584 1122 2622; x_wconf 84' lang='grc'>(78)</span> <span class='ocrx_word' id='word_1_816' title='bbox 1137 2584 1254 2622; x_wconf 68' lang='lat' dir='ltr'><strong>ineditis</strong></span> <span class='ocrx_word' id='word_1_817' title='bbox 1261 2584 1322 2622; x_wconf 81' lang='grc' dir='ltr'>τούς</span> <span class='ocrx_word' id='word_1_818' title='bbox 1331 2585 1413 2613; x_wconf 87' lang='lat' dir='ltr'><strong>deest.</strong></span> <span class='ocrx_word' id='word_1_819' title='bbox 1428 2586 1455 2613; x_wconf 87' lang='lat' dir='ltr'><strong>ltt</strong></span> <span class='ocrx_word' id='word_1_820' title='bbox 1466 2586 1531 2622; x_wconf 80' lang='lat' dir='ltr'><strong>Reg.</strong></span> <span class='ocrx_word' id='word_1_821' title='bbox 1545 2587 1650 2622; x_wconf 79' lang='lat' dir='ltr'><strong>legitur.</strong></span> <span class='ocrx_word' id='word_1_822' title='bbox 1664 2587 1746 2619; x_wconf 81' lang='lat' dir='ltr'><strong>Infra,</strong></span> <span class='ocrx_word' id='word_1_823' title='bbox 1760 2594 1810 2621; x_wconf 90' lang='lat' dir='ltr'><strong>pro</strong></span> 
     </span>
    </p>
   </div>
   <div class='ocr_carea' id='block_1_115' title="bbox 1031 2619 1357 2654">
    <p class='ocr_par' dir='ltr' id='par_1_115' title="bbox 1031 2619 1357 2654">
     <span class='ocr_line' id='line_1_115' title="bbox 1031 2619 1357 2654; baseline 0.003 -9"><span class='ocrx_word' id='word_1_824' title='bbox 1031 2619 1145 2653; x_wconf 76' lang='grc' dir='ltr'>ἐγίνετο,</span> <span class='ocrx_word' id='word_1_825' title='bbox 1154 2619 1230 2654; x_wconf 72' lang='lat' dir='ltr'><strong>Reg.,</strong></span> <span class='ocrx_word' id='word_1_826' title='bbox 1242 2620 1357 2654; x_wconf 76' lang='grc' dir='ltr'>ἐγένετο.</span> 
     </span>
    </p>
   </div>
   <div class='ocr_carea' id='block_1_116' title="bbox 1067 2654 1812 2690">
    <p class='ocr_par' dir='ltr' id='par_1_116' title="bbox 1067 2654 1812 2690">
     <span class='ocr_line' id='line_1_116' title="bbox 1067 2654 1812 2690; baseline 0.004 -10"><span class='ocrx_word' id='word_1_827' title='bbox 1067 2655 1122 2690; x_wconf 88' lang='grc'>(79)</span> <span class='ocrx_word' id='word_1_828' title='bbox 1151 2654 1196 2682; x_wconf 87' lang='lat' dir='ltr'><strong>Sic</strong></span> <span class='ocrx_word' id='word_1_829' title='bbox 1225 2654 1290 2689; x_wconf 79' lang='lat' dir='ltr'><strong>Reg.</strong></span> <span class='ocrx_word' id='word_1_830' title='bbox 1322 2655 1393 2682; x_wconf 83' lang='lat' dir='ltr'><strong>Editi</strong></span> <span class='ocrx_word' id='word_1_831' title='bbox 1423 2663 1489 2683; x_wconf 87' lang='lat' dir='ltr'><strong>vero</strong></span> <span class='ocrx_word' id='word_1_832' title='bbox 1525 2657 1667 2690; x_wconf 82' lang='lat' dir='ltr'><strong>mendose,</strong></span> <span class='ocrx_word' id='word_1_833' title='bbox 1697 2656 1812 2684; x_wconf 80' lang='grc' dir='ltr'>Ἀθανά-</span> 
     </span>
    </p>
   </div>
   <div class='ocr_carea' id='block_1_117' title="bbox 1031 2697 1097 2716">
    <p class='ocr_par' dir='ltr' id='par_1_117' title="bbox 1031 2697 1097 2716">
     <span class='ocr_line' id='line_1_117' title="bbox 1031 2697 1097 2716; baseline 0 0"><span class='ocrx_word' id='word_1_834' title='bbox 1031 2697 1097 2716; x_wconf 86' lang='grc' dir='ltr'>σιον.</span> 
     </span>
    </p>
   </div>
   <div class='ocr_carea' id='block_1_118' title="bbox 1063 2724 1809 2761">
    <p class='ocr_par' dir='ltr' id='par_1_118' title="bbox 1063 2724 1809 2761">
     <span class='ocr_line' id='line_1_118' title="bbox 1063 2724 1809 2761; baseline 0.004 -11"><span class='ocrx_word' id='word_1_835' title='bbox 1063 2724 1121 2761; x_wconf 79' lang='lat'><strong>(80)</strong></span> <span class='ocrx_word' id='word_1_836' title='bbox 1136 2724 1204 2761; x_wconf 56' lang='lat' dir='ltr'><strong>llaec</strong></span> <span class='ocrx_word' id='word_1_837' title='bbox 1217 2724 1360 2761; x_wconf 81' lang='lat' dir='ltr'><strong>Alexandri</strong></span> <span class='ocrx_word' id='word_1_838' title='bbox 1383 2725 1416 2752; x_wconf 89' lang='lat' dir='ltr'><strong>ad</strong></span> <span class='ocrx_word' id='word_1_839' title='bbox 1432 2725 1586 2761; x_wconf 88' lang='lat' dir='ltr'><strong>Dionysium</strong></span> <span class='ocrx_word' id='word_1_840' title='bbox 1602 2728 1728 2754; x_wconf 79' lang='lat' dir='ltr'><strong>comitem</strong></span> <span class='ocrx_word' id='word_1_841' title='bbox 1751 2726 1809 2761; x_wconf 83' lang='lat' dir='ltr'><strong>epi-</strong></span> 
     </span>
    </p>
   </div>
   <div class='ocr_carea' id='block_1_119' title="bbox 1032 2759 1322 2787">
    <p class='ocr_par' dir='ltr' id='par_1_119' title="bbox 1032 2759 1322 2787">
     <span class='ocr_line' id='line_1_119' title="bbox 1032 2759 1322 2787; baseline -0.003 0"><span class='ocrx_word' id='word_1_842' title='bbox 1032 2759 1099 2787; x_wconf 75' lang='lat' dir='ltr'><strong>stola</strong></span> <span class='ocrx_word' id='word_1_843' title='bbox 1115 2759 1184 2785; x_wconf 82' lang='lat' dir='ltr'><strong>infra</strong></span> <span class='ocrx_word' id='word_1_844' title='bbox 1199 2759 1322 2786; x_wconf 88' lang='lat' dir='ltr'><strong>habetur.</strong></span> 
     </span>
    </p>
   </div>
   <div class='ocr_carea' id='block_1_120' title="bbox 1068 2793 1809 2831">
    <p class='ocr_par' dir='ltr' id='par_1_120' title="bbox 1068 2793 1809 2831">
     <span class='ocr_line' id='line_1_120' title="bbox 1068 2793 1809 2831; baseline 0.003 -11"><span class='ocrx_word' id='word_1_845' title='bbox 1068 2793 1124 2829; x_wconf 88' lang='lat'><strong>(8|)</strong></span> <span class='ocrx_word' id='word_1_846' title='bbox 1150 2793 1349 2830; x_wconf 67' lang='lat' dir='ltr'><strong>Reg.,xéjtt1a.</strong></span> <span class='ocrx_word' id='word_1_847' title='bbox 1376 2795 1489 2830; x_wconf 77' lang='lat' dir='ltr'><strong>Ischyrae</strong></span> <span class='ocrx_word' id='word_1_848' title='bbox 1514 2804 1621 2831; x_wconf 88' lang='lat' dir='ltr'><strong>quoque</strong></span> <span class='ocrx_word' id='word_1_849' title='bbox 1646 2795 1809 2831; x_wconf 66' lang='lat' dir='ltr'><strong>declaratio,</strong></span> 
     </span>
    </p>
   </div>
   <div class='ocr_carea' id='block_1_121' title="bbox 1031 2829 1809 2864">
    <p class='ocr_par' dir='ltr' id='par_1_121' title="bbox 1031 2829 1809 2864">
     <span class='ocr_line' id='line_1_121' title="bbox 1031 2829 1809 2864; baseline 0.004 -9"><span class='ocrx_word' id='word_1_850' title='bbox 1031 2829 1063 2855; x_wconf 91' lang='lat' dir='ltr'><strong>de</strong></span> <span class='ocrx_word' id='word_1_851' title='bbox 1087 2836 1138 2862; x_wconf 88' lang='lat' dir='ltr'><strong>qua</strong></span> <span class='ocrx_word' id='word_1_852' title='bbox 1155 2836 1216 2855; x_wconf 86' lang='lat' dir='ltr'><strong>mox</strong></span> <span class='ocrx_word' id='word_1_853' title='bbox 1237 2831 1325 2864; x_wconf 75' lang='lat' dir='ltr'><strong>agitur</strong></span> <span class='ocrx_word' id='word_1_854' title='bbox 1351 2831 1419 2857; x_wconf 77' lang='lat' dir='ltr'><strong>infra</strong></span> <span class='ocrx_word' id='word_1_855' title='bbox 1436 2829 1559 2858; x_wconf 32' lang='lat' dir='ltr'><strong>’videsis.</strong></span> <span class='ocrx_word' id='word_1_856' title='bbox 1576 2829 1714 2858; x_wconf 50' lang='lat' dir='ltr'><strong>‘Similiter</strong></span> <span class='ocrx_word' id='word_1_857' title='bbox 1738 2830 1809 2858; x_wconf 88' lang='lat' dir='ltr'><strong>Cleri</strong></span> 
     </span>
    </p>
   </div>
   <div class='ocr_carea' id='block_1_122' title="bbox 1029 2863 1810 2927">
    <p class='ocr_par' dir='ltr' id='par_1_122' title="bbox 1029 2863 1810 2927">
     <span class='ocr_line' id='line_1_122' title="bbox 1029 2863 1810 2927; baseline 0.005 -38"><span class='ocrx_word' id='word_1_858' title='bbox 1029 2863 1204 2927; x_wconf 48' lang='lat' dir='ltr'><strong>ﬁlcfandrini</strong></span> <span class='ocrx_word' id='word_1_859' title='bbox 1230 2863 1266 2893; x_wconf 41' lang='lat' dir='ltr'><strong>et’</strong></span> <span class='ocrx_word' id='word_1_860' title='bbox 1286 2865 1422 2894; x_wconf 86' lang='lat' dir='ltr'><strong>Mareotici</strong></span> <span class='ocrx_word' id='word_1_861' title='bbox 1450 2865 1643 2895; x_wconf 84' lang='lat' dir='ltr'><strong>obtestationes</strong></span> <span class='ocrx_word' id='word_1_862' title='bbox 1668 2865 1738 2895; x_wconf 82' lang='lat' dir='ltr'><strong>infra</strong></span> <span class='ocrx_word' id='word_1_863' title='bbox 1762 2866 1810 2894; x_wconf 77' lang='lat' dir='ltr'><strong>ha-</strong></span> 
     </span>
     <span class='ocr_line' id='line_1_123' title="bbox 1048 2907 1306 2927; baseline -0.004 0"><span class='ocrx_word' id='word_1_864' title='bbox 1048 2907 1080 2927; x_wconf 75' lang='grc' dir='ltr'><strong>ειι</strong></span> <span class='ocrx_word' id='word_1_865' title='bbox 1095 2907 1135 2926; x_wconf 90' lang='lat' dir='ltr'><strong>ur.</strong></span> <span class='ocrx_word' id='word_1_866' title='bbox 1296 2915 1306 2920; x_wconf 85' lang='lat'><strong>-</strong></span> 
     </span>
    </p>
   </div>
   <div class='ocr_carea' id='block_1_123' title="bbox 1048 2907 1306 2927">
    <p class='ocr_par' dir='ltr' id='par_1_123' title="bbox 1048 2907 1306 2927">
     <span class='ocr_line' id='line_1_124' title="bbox 1048 2907 1306 2927; baseline -0.004 0"><span class='ocrx_word' id='word_1_867' title='bbox 1048 2907 1135 2927; x_wconf 72' lang='lat' dir='ltr'><strong>Clllut‘.</strong></span> <span class='ocrx_word' id='word_1_868' title='bbox 1296 2915 1306 2920; x_wconf 86' lang='lat'><strong>-</strong></span> 
     </span>
    </p>
   </div>
  </div>
