2031 3048
242 161 297 190 295

525 158 554 186 S.
574 157 759 185 ATﬂA-NASII
779 155 855 184 UPP.
875 154 965 183 PARS
984 154 1005 182 1.
1026 171 1059 176 --
1080 154 1262 185 HISTORICA
1284 157 1327 184 ET
1348 157 1554 186 DOGMATICA.

1800 159 1855 189 296

243 218 393 249 conﬂatam.
413 217 467 244 lmo
489 216 571 251 ipsius
589 216 751 244 accusatoris
775 215 890 250 lscbyrte
913 216 1011 243 rescri-

1073 215 1150 242 ιύτοῦ
1171 216 1198 242 δὲ
1222 215 1268 242 τοῦ
1293 217 1443 252 κατηγόρου
1471 216 1579 252 Ίσχύρα
1595 217 1758 252 προεκόμισε
1775 219 1854 254 χεῖρα

244 271 318 301 ptum
337 264 445 298 protulit
468 262 671 293 authenticum,
696 261 766 296 quod
782 265 866 288 totum
879 267 939 289 erat
961 263 1019 297 ejus

245 317 324 338 manu
338 312 487 339 exaratum,
497 307 522 334 in
532 315 585 341 quo
600 307 681 334 Deum
698 306 909 341 omnipotentem
924 311 1018 335 testem

245 356 374 383 invocans
387 374 394 386 ,
413 361 499 389 neque
513 353 624 381 calicem
641 352 724 380 fuisse
739 353 918 384 confractum,
934 361 1021 388 neque

244 407 363 427 mensam
378 406 500 425 eversam
519 397 692 425 declarabat:
706 397 753 424 sed
772 404 801 424 se
819 404 834 423 a
849 397 1020 432 quibusdam,

245 451 274 473 ut
298 445 366 472 bane
398 444 598 472 accusationem
626 443 813 478 conﬁngeret,
842 443 1020 470 subornatum

243 497 314 518 esse.
334 490 400 517 Cum
413 489 584 517 advenissent
601 493 689 516 autem
707 488 858 523 presbyteri
873 487 1020 521 Mareotici,

244 535 418 568 afﬁrmaruut,
428 542 516 570 neque
529 535 664 569 lschyram
677 542 738 561 esse
753 534 890 561 catholicae
898 534 1022 561 Ecclesia:

244 583 441 617 presbyterum,
454 588 540 616 neque
555 580 607 607 tale
629 580 732 607 facinus
745 585 915 614 perpetrasse
930 579 1020 608 Maca-

244 629 325 660 rium.
341 627 420 662 quale
439 628 461 654 is
485 626 523 653 illi
551 625 710 660 imputabat.
736 625 889 661 Presbyteri
907 633 971 653 vero
995 630 1022 653 et

243 673 349 702 diaconi
365 673 409 707 qui
430 672 483 699 huc
498 678 636 698 accessere
648 689 657 702 ,
678 677 731 697 non
747 677 830 704 pauca
844 689 852 701 ,
866 669 912 697 sed
927 677 1022 704 quam-

243 719 360 755 plurima
373 717 406 745 de
420 715 561 744 Athanasii
584 715 738 742 innocentia
759 715 936 746 testabantur.
952 714 1023 742 afﬁr-

244 768 350 791 mantes
365 762 433 789 nihil
453 768 547 788 eorum
569 767 630 795 qua:
654 759 692 787 illi
716 759 913 794 objicicbantur
928 767 1021 788 verum

244 813 315 838 esse,
334 805 380 833 sed
396 804 625 839 conspirationem
638 804 770 831 adversus
785 810 847 830 eum
862 803 946 832 fuisse
959 812 1023 832 con~

244 851 346 880 datam.
369 850 439 884 Quin
464 849 571 886 Ξκιριὶ
586 857 709 884 quoque.
733 857 766 877 ac
792 849 881 884 Libya:
904 850 1022 885 episcopi

244 904 350 928 omnes,
367 883 462 923 litteris
476 883 541 922 suis
548 883 639 922 testati
650 883 734 926 sunt,
749 901 809 922 cum
831 883 890 928 ejus
914 883 1023 923 ordina-
1038 883 1060 914 Β

245 943 348 970 tionem
360 941 473 969 liberam
486 945 512 967 et
530 940 742 968 ecclesiasticam
759 939 851 972 fuisse,
864 945 920 967 tum
933 948 992 976 quae
1007 949 1022 969 a

245 988 322 1016 vobis
338 987 466 1014 adversus
478 985 553 1013 illum
567 985 658 1012 delata
677 990 741 1012 sunt
755 986 845 1014 omnia
860 992 920 1013 esse
933 985 1000 1014 falsa
1014 996 1021 1014 :

245 1041 335 1070 neque
349 1033 420 1061 enim
442 1031 542 1060 caedem
569 1030 667 1058 factam
680 1051 688 1063 ,
709 1038 758 1058 nec
773 1031 841 1059 ullos
865 1031 924 1066 ejus
943 1039 1024 1060 causa

245 1080 351 1108 occisos
363 1099 371 1111 .
387 1085 475 1113 neque
490 1077 602 1104 calicem
627 1076 794 1104 confractum
820 1076 917 1110 fuisse;
944 1077 988 1105 sed
1007 1086 1023 1105 a

245 1133 309 1153 vero
324 1125 470 1152 abhorrere
484 1123 587 1150 omnia.
611 1122 667 1150 lmo
688 1129 752 1149 vero
776 1130 809 1149 ex
832 1122 897 1157 ipsis
911 1123 1024 1158 inquisi-

246 1171 348 1198 tionum
363 1168 555 1201 monumentis,
575 1175 634 1202 qure
650 1167 676 1194 in
692 1166 810 1194 Mareole
821 1187 828 1198 ,
843 1175 896 1194 una
919 1172 1023 1194 tantum

246 1225 280 1245 ex
293 1215 413 1251 parlibus
432 1218 564 1249 praesente
576 1233 584 1246 ,
600 1213 671 1240 facta
694 1213 820 1246 fuerant,
840 1213 1024 1248 comprobavit

245 1264 390 1298 episcopus
401 1259 574 1291 Athanasius,
587 1258 810 1286 catechumenum
826 1259 968 1292 quenidam
983 1259 1024 1285 in-

246 1311 414 1342 terrogatum
429 1305 543 1337 dixisse.
568 1311 598 1332 se
615 1304 687 1331 intus
707 1311 767 1331 cum
788 1303 898 1339 lscbyra
923 1304 1022 1337 fuisse,

246 1361 300 1388 quo
316 1357 434 1387 tempore
445 1351 519 1378 aiunt
530 1349 675 1377 Macarium
684 1349 822 1377 Athanasii
838 1350 1023 1385 presbyterum

247 1407 276 1428 se
292 1400 318 1426 in
334 1405 395 1426 eum
410 1397 497 1425 locum
513 1396 657 1424 immisisse
671 1404 678 1422 :
691 1403 722 1422 ex
741 1395 801 1422 aliis
822 1396 885 1422 item
910 1396 1024 1422 interro-

245 1446 317 1481 gatis
344 1443 444 1472 dixisse
466 1442 628 1477 quemdam,
651 1441 721 1475 quod
747 1441 773 1467 in
798 1447 879 1475 parva
905 1440 1000 1467 cellula
1015 1460 1023 1472 ,

247 1490 354 1523 alium,
380 1488 449 1524 quod
473 1495 542 1522 pone
566 1486 675 1522 ianuam
691 1485 793 1519 jacet-et
815 1485 937 1520 lschyras
963 1491 1025 1513 tunc

247 1541 379 1572 aegrotus,
395 1541 448 1569 quo
464 1538 582 1567 tempore
601 1533 639 1559 illi
667 1531 814 1558 Macarium
838 1531 913 1558 aiunt
931 1539 964 1558 eo
979 1532 1026 1558 ad-

246 1582 365 1610 venisse.
379 1581 417 1608 Ex
432 1580 490 1615 ejus
508 1583 597 1606 autem
610 1578 689 1605 dictis
705 1578 755 1605 hoc
769 1584 817 1604 nos
829 1581 1024 1611 consequenter

247 1629 401 1663 colligimus
415 1636 422 1654 :
437 1626 481 1661 qui
498 1625 556 1653 fieri
570 1625 657 1660 potuit
670 1631 731 1650 eum
747 1643 755 1655 .
775 1623 819 1658 qui
834 1630 903 1658 pone
915 1622 1023 1656 ianuam

247 1682 317 1709 ager
332 1673 524 1703 decumberet,
550 1676 613 1698 tunc
640 1670 767 1702 stetisse,
792 1668 926 1703 Iitnrgiam
954 1667 1024 1695 cele-

247 1720 352 1750 brasse,
371 1725 402 1745 ac
418 1716 581 1744 oblationem
598 1714 718 1741 fecisse?
734 1717 780 1739 aut
793 1713 838 1747 qui
854 1712 1024 1747 potuitobla-

248 1765 285 1792 tio
300 1763 422 1800 apposita
443 1769 521 1793 esse,
543 1768 604 1787 cum
618 1759 692 1786 intus
708 1763 800 1786 essent
813 1757 1000 1785 catechumeni
1013 1758 1024 1784 ?

248 1810 277 1839 Si
298 1811 369 1838 enim
387 1809 459 1836 intus
472 1812 549 1836 erant
564 1805 749 1834 catechumeni
759 1826 766 1837 ,
781 1804 898 1831 nondum
910 1803 1025 1831 oblatio-

249 1858 292 1885 nis
308 1861 413 1890 tempus
425 1859 493 1882 erat.
513 1853 585 1886 Haec,
596 1857 626 1878 ut
640 1851 738 1879 dictum
753 1855 810 1882 est,
823 1851 911 1877 aiebat
922 1850 1024 1881 episco-

248 1910 299 1937 pus
324 1901 508 1929 Athanasius:
524 1899 581 1926 haec
601 1905 634 1925 ex
655 1898 720 1931 ipsis
734 1896 913 1923 monumentis
937 1895 1025 1930 palam

249 1948 390 1975 faciebat:
409 1947 441 1973 iis
457 1945 502 1980 qui
525 1952 586 1971 cum
608 1951 639 1971 eo
652 1948 730 1970 erant
750 1942 955 1974 aflirmantibns,
975 1948 1026 1968 nec

249 1993 387 2028 lscliyram
403 1998 519 2025 unquam
535 1989 561 2016 in
577 1988 696 2016 Ecclesia
712 1987 844 2014 catholica
867 1986 950 2014 fuisse
965 1993 1026 2021 pre—

249 2041 399 2075 sbyterum,
414 2043 463 2064 nec
479 2036 505 2063 in
518 2034 709 2062 ecclesiasticis
724 2032 901 2059 conventibus
912 2031 1025 2066 presby-

250 2084 300 2111 teri
316 2083 403 2110 locnm
425 2081 563 2109 habuisse.
579 2079 648 2112 Quin
667 2077 745 2112 117
759 2085 812 2111 quo
829 2082 948 2111 tempore
963 2076 1026 2103 Ale-

249 2130 363 2163 xander,
381 2136 475 2163 magna
489 2126 591 2163 synodo
615 2133 663 2160 per
683 2123 875 2158 indulgentiam
887 2122 914 2149 id
928 2129 1022 2149 conce-

251 2176 342 2206 dente,
358 2181 405 2202 eos
417 2172 464 2207 qui
481 2175 559 2199 erant
572 2177 606 2198 ex
625 2169 771 2196 schismate
789 2167 898 2199 Meletii,
913 2166 1024 2201 recepit,

249 2221 386 2255 lschyram
399 2226 415 2246 a
430 2217 536 2246 Meletio
553 2216 579 2242 in
598 2221 711 2242 numero
726 2213 943 2248 presbyterorum
962 2219 1025 2239 suo-
1039 2219 1065 2250 ι)

250 2274 309 2293 rum
332 2264 499 2292 nominatum
523 2269 576 2290 non
589 2260 671 2287 fuisse
685 2259 864 2286 aﬂirmabant.
880 2257 956 2290 Quod
969 2265 1028 2284 ma-

250 2311 352 2339 ximum
378 2312 565 2344 argumentum
580 2310 642 2339 est,
661 2305 748 2340 ipsum
773 2311 806 2331 ne
821 2310 854 2330 ex
877 2302 1028 2331 Meletianis

249 2357 357 2392 quidem
374 2353 541 2391 presbyteris
559 2360 619 2381 esse
637 2361 644 2378 :
660 2358 720 2378 nam
743 2350 766 2378 si
785 2357 818 2376 ex
836 2348 889 2376 illis
905 2349 1026 2376 exstitis-

250 2418 311 2445 set.
334 2413 367 2440 iis
384 2420 448 2439 sane
470 2417 497 2438 ct
520 2411 578 2445 ipse
593 2411 786 2435 annumeratns
801 2405 907 2432 fuisset.
927 2404 1028 2432 Praeter

250 2459 307 2485 inec
323 2458 375 2484 alia
389 2464 496 2492 quoque
516 2455 631 2490 lschyrze
644 2452 784 2480 mendacia
805 2450 966 2477 Athanasius
991 2458 1025 2478 ex

251 2512 432 2540 monumentis
448 2511 500 2539 illis
514 2509 678 2545 coarguebat
694 2517 700 2534 :
718 2507 816 2541 quippe
837 2506 883 2540 qui
905 2506 930 2532 in
944 2514 1023 2533 accu-

249 2559 354 2587 satione
372 2565 419 2586 sua
436 2558 469 2585 de
491 2557 565 2584 libris
577 2575 585 2588 ,
604 2554 710 2590 quando
741 2553 873 2580 Macarius
888 2573 896 2584 ι
921 2558 951 2581 ιιι
977 2553 1027 2587 ipsi

250 2605 372 2632 adhibuit
387 2603 447 2630 falsi
463 2602 605 2630 convictus
622 2606 674 2628 est.

284 2651 330 2678 29.
347 2650 410 2677 Haec
433 2656 492 2676 cum
518 2648 555 2674 ita
577 2647 742 2677 dicerentur,
757 2648 785 2671 et
807 2648 846 2671 tot
869 2648 954 2671 testes
977 2651 1028 2679 pro

251 2695 296 2723 illo
313 2700 429 2729 starent,
444 2698 537 2730 totque
552 2693 609 2727 ipse
620 2692 730 2720 aﬂ‘erret
741 2689 903 2719 innocentiae
916 2697 972 2718 suae
983 2697 1028 2716 ar-

285 2795 341 2831 (82)
352 2795 431 2831 Reg.,
449 2794 611 2831 μονομερίαν
619 2793 781 2831 γενομένων.

285 2795 341 2866 (εὶζ
352 2795 431 2831 Reg.,
449 2795 611 2855 ttovopsgtav
620 2795 781 2829 γενομένων.

283 2832 329 2866 ωδ
355 2831 425 2858 Editi
447 2830 526 2866 male.
567 2837 603 2866 tt.
619 2828 781 2866 negavero,
798 2827 949 2866 ᾗτε-ξυνὴ
965 2830 1027 2861 post

249 2865 297 2892 τοῦ
324 2862 386 2892 ante
409 2865 555 2900 σχίσματος
584 2862 669 2891 deest
686 2864 714 2891 in
740 2863 829 2891 editis.
857 2862 910 2890 Nos
934 2868 1027 2889 sumus

1069 261 1217 297 ὀλόγραφον
1233 263 1401 298 αὐθεντικὴν,
1421 264 1449 289 ἐν
1514 263 1638 299 μάρτυρα
1654 264 1699 290 τὸν
1725 264 1789 291 Θεὸν
1807 265 1854 292 τὸν

1070 309 1276 344 παντοκράτορα
1299 308 1521 344 ἐπικαλούμενος,
1549 310 1616 345 μήτε
1637 310 1766 346 ποτηρίου
1788 312 1854 339 κλά-

1071 361 1123 384 σιν,
1142 353 1210 388 μήτε
1232 353 1373 389 τραπέζης
1395 354 1548 389 ἀνατροπὴν
1570 355 1730 390 γεγενῆσθαι
1749 355 1852 390 ἔλεγεν,

1070 399 1126 425 ἀλλ’
1137 398 1335 434 ὑποϐεϐλῆσθαι
1351 400 1444 427 ἐαυτὸν
1461 400 1514 427 ὑπό
1524 409 1604 428 τινων
1625 401 1776 429 πλάσασθαι
1787 403 1852 429 ταύ-

1070 452 1120 479 την
1136 445 1185 480 τὴν
1202 445 1378 481 κατηγορίαν.
1397 446 1612 481 ’Δπαντήσαντες
1625 447 1653 473 δὲ
1673 447 1718 474 καὶ
1735 448 1852 483 πρεσϐύ-

1070 498 1143 526 τεροι
1158 490 1204 517 τοῦ
1217 491 1374 526 Μαρεώτου,
1390 491 1612 519 διεϐεϐαιώσαντο
1625 493 1692 528 μήτε
1705 493 1749 520 τὸν
1770 493 1853 528 Ἰσχὺ-

1072 545 1123 572 ραν
1143 536 1326 572 πρεσϐύτερον
1350 534 1419 563 εἶναι
1444 537 1493 572 τῆς
1516 537 1661 573 καθολικῆς
1681 538 1852 574 Ἐκκλησίας,

1073 583 1141 618 μήτε
1153 592 1180 609 τι
1189 582 1308 609 τοιοῦτον
1320 583 1581 619 πεπλημμεληκέναι
1591 585 1742 620 Μακάριον,
1763 586 1853 611 ὁποῖον

1072 630 1174 661 ἐκεῖνος
1189 629 1386 664 κατηγόρησεν.
1408 631 1439 656 υἱ
1458 630 1634 666 πρεσϐύτεροι
1650 630 1678 656 δέ
1701 630 1748 657 καὶ
1758 631 1783 657 οἱ
1797 631 1855 658 διὰ·

1072 683 1154 705 κονοι,
1184 675 1387 710 ἀπαντήσαντες
1403 675 1528 707 ἐνταῦθα,
1546 676 1596 702 οὐκ
1612 675 1700 710 ὀλίγα,
1723 676 1790 703 ἀλλά
1807 677 1854 703 καὶ

1072 720 1155 747 πολλά
1171 720 1363 757 ἐμαρτύρησαν
1378 721 1446 757 ὑπὲρ
1462 721 1507 748 τοῦ
1520 722 1667 748 ἐπισκόπου
1685 722 1854 756 Ἀθανασίου,

1071 765 1299 801 διαϐεϐαιούμενοι
1314 766 1397 802 μηδὲν
1425 766 1523 802 ἀληθὲς
1539 765 1606 794 εἶναι
1621 767 1675 794 τῶν
1697 768 1756 794 κατ’
1771 768 1854 795 αὐτοῦ

1072 811 1233 848 λεγομένων⁷
1261 813 1393 848 συσκευὴν
1410 813 1438 839 δέ
1461 813 1540 840 αὑτὸν
1556 813 1726 841 πεπονθέναι.
1755 814 1855 844 Kal,“

1072 857 1126 884 ἀπὸ
1137 857 1186 892 τῆς
1200 857 1336 892 Αἰγύπτου
1347 858 1375 884 δὲ
1397 859 1442 885 καὶ
1459 858 1561 894 Λιϐύης
1577 859 1675 891 πάντες
1700 859 1853 891 ἐπίσκοποι,

1073 903 1222 939 γράφοντες
1235 903 1457 931 διεϐεϐαιώσαντο
1470 904 1516 931 καὶ
1530 905 1579 940 τὴν
1591 905 1755 932 κατάστασιν
1771 904 1855 931 αὐτοῦ

1073 948 1182 984 ἔννομον
1193 949 1239 975 καὶ
1254 948 1482 984 ἐκκλησιαστικὴν
1493 949 1643 984 γεγονέναι,
1660 949 1706 976 καὶ
1721 949 1807 976 πάντα
1819 949 1854 976 τὰ

1073 995 1137 1029 παρ’
1150 994 1227 1029 ὑμῶν
1247 994 1378 1030 λεγόμενα
1400 995 1461 1021 κατ’
1475 995 1556 1022 αὐτοῦ
1575 992 1644 1022 εἷναι
1666 995 1768 1030 ψευδῆ·
1792 994 1854 1021 οὔτε

1073 1039 1126 1075 γὰρ
1142 1040 1220 1074 φόνον
1238 1039 1409 1075 γεγενῆσθαι,
1433 1040 1494 1067 οὔτε
1519 1040 1594 1072 τινὰς
1621 1040 1794 1076 ἀναιρεθῆναι
1819 1039 1854 1066 δι’

1074 1085 1163 1117 αὑτὸν,
1176 1085 1236 1112 οὔτε
1254 1085 1347 1112 κλάσιν
1366 1086 1494 1122 ποτηρίου
1511 1086 1683 1122 γεγενῆσθαι,
1707 1086 1774 1113 ἀλλά
1787 1086 1855 1113 πάν-

1073 1138 1107 1157 τα
1119 1128 1186 1157 εἶναι
1202 1130 1295 1167 ψευδῆ.
1310 1131 1364 1157 Καὶ
1389 1132 1419 1157 ἐκ
1432 1131 1485 1158 τῶν
1501 1132 1702 1167 ὑπομνημάτων
1714 1132 1742 1159 δὲ
1755 1132 1809 1159 τῶν
1825 1133 1854 1159 ἐν

1074 1176 1208 1212 Μαρεώτῃ
1230 1177 1300 1204 κατὰ
1318 1177 1495 1212 μονομέρειαν
1508 1177 1698 1213 γεγενημένων
1705 1177 1770 1213 (82),
1788 1178 1856 1204 ἐδείι

1075 1229 1153 1247 κνυεν
1165 1222 1179 1247 ό
1192 1221 1338 1252 ἐπίσκοπος
1356 1221 1510 1253 Ἀθανάσιος
1531 1222 1578 1248 ἕνα
1598 1221 1796 1257 κατηχούμενον
1810 1222 1853 1254 ἐξ·

1074 1266 1231 1298 ετασθέντα,
1248 1267 1294 1293 καὶ
1309 1267 1418 1293 εἰπόντα
1434 1267 1506 1294 ἔνδον
1521 1265 1589 1294 εἶναι
1608 1267 1798 1303 μετάἸσχύρα,
1809 1267 1854 1293 ὅτε

1073 1311 1214 1346 Μακάριος
1231 1312 1245 1338 ὁ
1261 1312 1442 1347 πρεσϐύτερος
1465 1312 1631 1344 Ἀθανασίου,
1657 1313 1695 1344 ὼς
1720 1313 1853 1347 λέγουσιν,

1074 1357 1173 1392 ἐπέστη
1190 1357 1229 1392 τῷ
1245 1358 1332 1392 τόπῳ·
1359 1359 1405 1385 καὶ
1429 1359 1523 1391 ἄλλους
1549 1359 1577 1386 δὲ
1602 1358 1790 1391 ἐξετασθὲντας
1807 1358 1854 1384 καὶ

1074 1403 1198 1434 εἰπόντας
1215 1404 1260 1430 τὸν
1278 1405 1326 1439 μὲν
1343 1402 1372 1431 é'v
1397 1405 1493 1440 κελλίῳ
1520 1405 1620 1442 μικρῷ,
1636 1406 1681 1432 τὸν
1703 1405 1730 1431 δέ
1744 1404 1855 1431 ὄπισθεν

1074 1452 1123 1486 τῆς
1137 1451 1221 1488 θύρας
1237 1452 1413 1479 κατακεῖσθαι
1427 1453 1472 1479 τὸν
1495 1454 1626 1488 Ἰσχύραν,
1642 1453 1703 1479 τότε
1716 1452 1853 1482 νοσοῦντα,

1074 1497 1118 1523 ὅτε
1135 1498 1276 1532 Μακάριον
1293 1497 1415 1532 λέγουσιν
1437 1499 1623 1534 ἀπηντηκέναι
1645 1499 1710 1525 ἐκεῖ.
1741 1498 1806 1524 ’Δπὺ
1822 1498 1854 1533 δὴ

1075 1543 1174 1570 τούτων
1184 1541 1220 1570 ὧν
1236 1544 1310 1577 ἔλεγε
1328 1545 1373 1570 καὶ
1388 1545 1465 1579 ἡμεῖς
1489 1544 1641 1576 ἀκολούθως
1656 1543 1852 1579 στοχαζόμεθα,

1074 1591 1114 1616 ὅτι
1129 1590 1186 1622 πῶς
1198 1588 1252 1617 οἷόν
1265 1599 1295 1617 τε
1305 1591 1349 1617 τὸν
1365 1590 1474 1617 όπισοεν
1487 1591 1536 1626 τῆς
1549 1590 1632 1626 θύρας
1648 1590 1715 1625 νόσῳ
1728 1591 1855 1616 κατακεί-

1077 1645 1156 1672 μενον
1170 1637 1230 1663 τότε
1249 1637 1401 1672 ἐσηκέναι,
1419 1637 1465 1663 καὶ
1487 1636 1660 1673 λειτουργεῖν,
1676 1637 1721 1663 καὶ
1737 1635 1855 1672 προσφέ-

1075 1689 1149 1718 ρειν;
1165 1682 1180 1716 ἢ
1199 1682 1255 1714 πῶς
1271 1680 1326 1709 οἷόν
1342 1691 1369 1708 τε
1381 1680 1414 1717 ἦν
1431 1682 1587 1718 προσφορὰν
1599 1681 1766 1718 προκεῖσθαι,
1782 1681 1854 1707 ἔνδον

1075 1727 1157 1754 όντων
1169 1728 1222 1754 τῶν
1234 1728 1443 1763 κατηχουμένων
1453 1736 1460 1760 ;
1470 1729 1500 1754 Εἰ
1516 1728 1570 1764 γὰρ
1580 1727 1651 1753 ἔνδον
1668 1725 1736 1762 ἦσαν
1750 1727 1773 1752 οἱ
1791 1734 1855 1752 κατ-

1074 1773 1229 1808 ηχούμενοι,
1247 1773 1321 1800 οὔπω
1337 1772 1370 1809 ἦν
1385 1774 1399 1798 ὁ
1412 1774 1506 1808 καιρὸς
1516 1774 1564 1808 τῆς
1577 1773 1740 1808 προσφορᾶς.
1751 1772 1853 1803 Ταῦτα,

1075 1817 1168 1853 ὥσπερ
1183 1818 1297 1854 εἴρηται,
1311 1818 1401 1852 ἔλεγεν
1411 1820 1425 1844 ὁ
1437 1818 1582 1849 ἐπίσκοπος
1598 1818 1761 1849 Ἀθανάσιος,
1770 1817 1816 1844 καὶ
1823 1818 1856 1844 ἐκ

1075 1863 1129 1890 τῶν
1155 1864 1354 1899 ὑπομνημάτων
1384 1864 1512 1896 ἐδείκνυε,
1537 1863 1780 1897 διαϐεϐαιουμένων
1808 1862 1855 1888 καὶ

1074 1910 1128 1936 τῶν
1139 1911 1185 1936 σὺν
1199 1910 1281 1945 αὐτῷ,
1295 1910 1361 1945 μηδέ
1372 1909 1440 1941 ὅλως
1451 1909 1530 1936 αὑτὸν
1546 1908 1729 1945 πρεσϐύτερον
1743 1908 1855 1943 γεγενῆ-

1076 1954 1137 1981 σθαί
1156 1964 1221 1981 ποτε
1237 1956 1265 1981 ὲν
1281 1957 1313 1990 τῇ
1326 1955 1453 1991 καθολικῇ
1471 1955 1626 1990 Ἐκκλησία,
1646 1955 1713 1989 μηδέ
1725 1953 1855 1989 συνῆχθαι

1075 2001 1155 2027 αὐτόν
1177 2009 1241 2027 ποτε
1260 2002 1287 2027 ἐν
1309 2002 1341 2036 τῇ
1364 2001 1509 2036 Ἐκκλησία
1524 2001 1561 2032 ὼς
1582 2000 1778 2035 πρεσϐύτερον
1795 2000 1855 2026 οὐδὲ

1075 2046 1129 2081 γὰρ
1153 2046 1212 2072 οὐδὲ
1226 2047 1269 2072 ὅτε
1286 2046 1340 2081 (85)
1364 2046 1532 2081 Ἀλέξανδρος
1554 2047 1657 2081 ἐδέχετο
1679 2045 1747 2080 μετὰ
1762 2045 1854 2080 φιλαν-

1076 2091 1196 2126 θρωπίαν
1210 2091 1259 2126 τῆς
1276 2091 1394 2126 μεγάλης
1409 2091 1515 2118 συνόδου
1527 2091 1589 2122 τοὺς
1603 2091 1656 2117 ἀπὸ
1673 2090 1719 2116 τοῦ
1740 2090 1855 2125 σχίσμα-

1075 2146 1120 2168 τος
1136 2137 1272 2168 Μελιτίου,
1287 2137 1443 2172 ιῖινομᾶσθαι
1466 2138 1547 2163 αὐτὸν
1563 2137 1615 2163 ὑπὸ
1641 2135 1765 2163 Μελιτίου
1789 2134 1856 2170 μετὰ

1076 2182 1130 2209 τῶν
1141 2182 1222 2209 αὐτοῦ
1236 2183 1444 2210 διεϐεϐαιοῦντο·
1460 2183 1474 2210 ὅ
1489 2183 1536 2209 καὶ
1552 2183 1675 2218 μέγιστόν
1688 2183 1744 2208 ἐστι
1759 2181 1857 2215 τεκμή-

1079 2238 1134 2265 ριον
1154 2229 1191 2265 μὴ
1203 2227 1269 2256 εἶναι
1281 2230 1360 2256 αύτδν
1373 2230 1439 2265 μήτε
1457 2229 1593 2256 Μελιτίου.
1611 2229 1642 2255 Εἰ
1657 2228 1710 2263 γὰρ
1725 2226 1768 2263 ἦν,
1790 2227 1856 2253 πάν-

1077 2284 1130 2308 τως
1147 2277 1191 2302 καὶ
1208 2277 1287 2308 αὐτὸς
1306 2277 1396 2308 αὐτοῖς
1424 2276 1620 2312 συνηριθμεῖτο,
1637 2275 1739 2306 ’Ἄλλως
1766 2282 1794 2300 τε
1810 2273 1857 2299 καὶ

1077 2322 1106 2348 ἐν
1120 2321 1208 2353 ἄλλοις
1218 2324 1232 2349 ό
1245 2323 1366 2358 Ἰσχύρας
1381 2323 1547 2358 ψευσάμενος
1563 2322 1696 2348 ἐδείκνυτο
1712 2321 1762 2347 ὑπὸ
1778 2320 1857 2346 Ἀϐα-

1077 2367 1169 2393 νασίου
1194 2369 1224 2394 ἐκ
1244 2368 1296 2394 τῶν
1313 2369 1529 2404 ὑπομνημάτων·
1551 2369 1738 2403 κατηγορήσας
1753 2367 1806 2402 γὰρ
1819 2366 1857 2397 ὡς

1078 2412 1186 2447 βιϐλίων
1213 2414 1396 2448 κεκαυμένων,
1422 2415 1476 2445 ὅτε,
1501 2413 1539 2445 ὡς
1569 2413 1686 2447 λέγουσι,
1718 2413 1857 2447 Μακάριος

1078 2459 1189 2495 ἐπέστη,
1213 2459 1330 2495 ἠλέγχθη
1357 2460 1402 2494 ὑφ’
1417 2456 1453 2486 ὧν
1484 2459 1563 2490 αὐτὸς
1589 2458 1685 2493 ἤνεγκε
1713 2457 1858 2493 μαρτύρων

1076 2509 1252 2544 ψευσάμενος.

1049 2555 1134 2588 aiunt,
1146 2556 1251 2590 irrupit,
1261 2553 1422 2585 combustis.
1437 2553 1470 2579 ab
1483 2559 1516 2579 ns
1531 2552 1595 2586 ipSIs
1609 2558 1676 2586 quos
1704 2549 1747 2577 ille
1775 2553 1857 2576 testes

1113 2644 1157 2671 29.
1177 2643 1284 2670 Τούτων
1300 2642 1391 2668 τοίνυν
1403 2640 1489 2672 οὕτως
1507 2639 1670 2675 λεγομένων,
1693 2638 1739 2664 καὶ
1762 2635 1856 2663 τοσού-

1079 2698 1133 2717 των
1161 2689 1210 2724 μέν
1240 2688 1322 2716 ὅντων
1349 2687 1403 2714 τῶν
1437 2686 1582 2722 μαρτύρων
1603 2684 1657 2711 τῶν
1672 2683 1741 2718 ὑπὲρ
1762 2681 1855 2713 αὑτοῦ,

1079 2800 1113 2819 ex
1145 2792 1212 2828 Reg.
1247 2790 1369 2820 mutuati.
1401 2789 1462 2817 Mox
1496 2787 1575 2823 Begu,
1599 2784 1771 2821 ὠνομάσθαι,
1794 2788 1857 2811 eum

1081 2832 1170 2856 acuto.
1471 2840 1472 2845 η
