2031 3048
245 169 297 198 E99
526 169 554 196 S.
576 169 758 196 ATHANASII
777 169 852 197 OPP.
874 169 962 196 PARS
980 170 1002 197 1.
1022 184 1056 191 -

246 225 336 255 decuit
352 225 390 252 sic
405 228 500 260 praeter
512 224 557 259 jus
572 224 667 260 fasque
680 246 688 258 ,
704 229 730 252 et
750 230 846 252 contra
861 224 1027 252 ccclesiasti-
1042 227 1065 255 Α

245 280 307 299 eutn
320 278 448 299 canonem
462 290 470 303 ,
495 271 615 298 ordinari
641 271 794 306 quempiam
811 281 817 297 :
832 271 913 306 118
935 271 983 298 sed
999 271 1025 298 in

246 317 303 352 ipsa
319 316 433 344 ecclesia
447 336 454 348 ,
471 323 504 343 ex
532 316 590 351 ipso
605 317 768 344 sacerdotali
783 317 886 347 ordine,
912 324 945 344 ex
969 317 1026 351 ipso

246 364 330 395 clero,
344 363 378 390 ab
393 362 527 397 episcopis
547 363 694 396 provinciae
709 363 781 390 illius
803 362 931 390 constitui
946 369 1026 397 opor-

247 410 308 443 tuit,
323 413 350 436 et
362 416 531 444 nequaquam
544 417 615 436 nunc
632 409 815 443 apostolorum
830 416 949 436 canones
967 408 1024 434 vio-

246 455 307 482 lari.
325 455 353 482 Si
374 455 446 482 enim
462 456 489 482 in
503 462 667 490 quemquam
683 460 801 482 vestrum
818 455 870 482 tale
887 455 1025 490 quidpiam

246 501 419 528 commissum
436 506 517 534 esset,
536 508 624 528 nonne
639 501 818 533 clamassetis,
834 508 921 528 nonne
944 500 1026 527 viola-

247 550 336 573 torum
353 553 485 573 canonum
498 547 643 573 vindictam
661 546 844 580 postulassctis
857 546 868 572 ?
879 545 967 578 Certe,
983 547 1025 573 di-

247 591 321 625 lecti,
337 592 388 620 hoc
404 593 481 627 quasi
496 592 551 619 Deo
564 598 696 627 praesente
711 600 771 618 cum
798 592 912 619 veritate
939 592 1025 626 loqui-

247 645 319 669 mur,
336 645 367 665 ac
384 637 459 665 vobis
473 637 586 664 dicimus
602 646 609 664 :
623 645 674 664 non
691 642 731 665 est
744 638 794 664 hoc
810 639 894 672 pium,
916 645 964 664 nec
985 637 1025 665 le-

248 682 382 718 gitimum,
403 689 455 709 non
472 682 647 710 ecclesiastici
659 682 736 717 juris.
753 683 811 717 Ipsa
828 690 943 717 namque
958 682 1025 710 Gre-

248 727 315 762 gorii
328 727 355 754 in
370 728 548 762 suoingressu
558 732 643 761 gesta,
652 728 831 755 ordinationis
847 728 905 762 ejus
917 728 1024 755 modum

249 774 377 801 indicant.
396 773 424 800 ln
443 773 516 801 hisce
529 774 600 801 enim
616 774 690 808 pacis
711 774 893 808 temporibus,
912 778 941 801 ut
962 782 1024 801 nar-

250 824 344 846 rarunt
359 819 376 846 ii
392 820 436 854 qui
452 819 614 846 Alexandria
632 824 779 851 venerunt,
807 824 833 846 et
852 820 1027 854 quemadmo-

248 865 310 891 dum
332 865 450 899 episcopi
481 871 588 899 quoque
614 864 712 891 litteris
740 865 796 892 suis
818 864 1024 901 signiﬁcarunt,

248 909 363 936 ecclesia
381 909 534 936 incendium
557 917 635 944 passa
657 915 719 942 est,
744 910 860 945 virgines
875 911 1024 946 denudatze,
1041 897 1062 924 Β

250 955 373 982 monachi
392 955 554 987 conculcati,
571 955 719 991 presbyteri
749 961 776 982 et
803 963 836 983 ex
859 956 934 990 plebe
951 956 1027 983 multa

250 1001 342 1027 laniati
357 1007 390 1026 ac
415 1000 466 1027 vim
484 1000 614 1035 perpessi,
626 1001 743 1035 episcopi
760 1001 933 1028 incarcerem
949 1001 1027 1034 trusi,

251 1046 327 1073 multi
338 1046 438 1073 circum
454 1047 525 1074 circa
543 1046 640 1081 raptati
655 1056 661 1073 :
677 1052 768 1074 sancta
784 1048 910 1082 mysteria
920 1049 954 1074 de
968 1047 1028 1082 qui-

249 1091 300 1119 bus
325 1092 432 1119 violatis
456 1092 602 1119 Macarium
627 1093 815 1128 presbyterum
841 1094 1025 1125 accusabant,

249 1137 284 1164 ab
296 1137 411 1164 ethnicis
428 1138 531 1173 direpta
549 1143 633 1171 sunt,
650 1143 678 1166 et
703 1140 728 1166 in
755 1143 854 1166 terram
882 1139 1000 1174 projecta
1019 1148 1025 1167 :

249 1190 336 1217 eoque
352 1183 439 1211 solum
455 1185 511 1212 haec
528 1185 619 1211 omnia
633 1190 662 1211 ut
683 1184 807 1220 Gregorii
830 1185 1027 1212 ordinationem

241 1228 335 1264 aliqui
357 1230 552 1264 admitterent;
566 1231 624 1258 haec
637 1235 725 1258 autem
749 1231 903 1266 significant
918 1232 1027 1265 quinam

249 1276 304 1303 sint
325 1275 371 1311 qui
395 1284 511 1304 canones
534 1277 642 1304 violant.
659 1276 724 1303 Nam
739 1277 761 1303 si
781 1277 902 1312 legitima
928 1276 1026 1304 fuisset

251 1321 399 1354 ordinatio,
418 1329 586 1356 nequaquam
611 1327 710 1356 praeter
736 1322 780 1357 jus
805 1322 898 1357 fasque
913 1330 960 1350 eos
981 1330 1027 1350 co-

250 1367 349 1400 egisset
363 1368 407 1402 qui
424 1367 476 1394 sibi
490 1368 676 1402 obtemperare
687 1367 804 1402 legitime
818 1369 959 1403 negabant.
976 1367 1028 1396 Ye-

253 1415 415 1444 rumtamen,
441 1412 474 1439 iis
503 1413 538 1438 ita
555 1412 658 1446 gestis,
673 1413 800 1444 scribitis,
817 1420 941 1447 magnam
972 1418 1027 1440 tum

253 1461 347 1489 pacem
357 1455 527 1483 Alexandrite
547 1461 575 1483 et
598 1457 623 1483 in
638 1456 754 1491 (Egypto
770 1457 852 1484 fuisse
867 1467 873 1484 :
893 1457 945 1484 nisi
959 1457 1028 1484 forte

252 1499 327 1534 pacis
342 1500 411 1528 ratio
426 1505 527 1528 mutata
542 1502 594 1535 sit,
610 1507 637 1529 et
652 1502 709 1536 jam
728 1503 784 1529 lucc
798 1510 891 1537 pacem
911 1502 1027 1538 appella-

252 1545 297 1572 tis.
1041 1566 1064 1596 C

288 1676 332 1704 3i.
346 1676 410 1704 lllud
425 1683 532 1712 quoque
543 1676 618 1704 vobis
629 1677 782 1705 necessario
794 1677 966 1706 indicandum
983 1686 1031 1713 pu-

253 1723 317 1756 tavi,
331 1723 507 1750 Athanasium
523 1731 618 1758 nempe
634 1723 792 1757 aﬂirmasse,
806 1723 949 1751 Macarium
967 1724 1030 1760 Tyri

252 1771 302 1798 sub
316 1770 438 1798 custodia
451 1769 564 1797 militum
586 1770 765 1803 remansisse;
792 1775 1031 1804 accusatoremque

253 1815 338 1842 solum
354 1815 455 1842 abiisse
474 1822 534 1842 cum
563 1815 596 1842 iis
611 1815 658 1849 qui
677 1815 703 1841 in
726 1814 861 1842 Mareoten
877 1815 1031 1850 proficisce-

255 1860 363 1892 bantur,
387 1860 607 1895 presbyterisque
629 1860 787 1895 rogantibus
801 1865 829 1887 ut
849 1860 900 1887 sibi
919 1860 1031 1894 inquisi-

253 1906 317 1933 tioni
331 1906 425 1933 adesse
436 1905 538 1938 liceret,
553 1906 579 1933 id
595 1911 720 1940 negatum
735 1905 816 1933 fuisse
827 1906 1031 1940 ;interrogatio-

254 1959 315 1979 nem
336 1956 426 1979 autem
441 1952 473 1979 de
488 1952 585 1984 calice,
600 1957 627 1980 et
645 1952 678 1980 de
693 1959 785 1979 mensa
802 1951 900 1979 factam
913 1959 973 1980 esse
986 1960 1032 1980 co-

254 2004 312 2023 ram
326 1997 456 2031 prazl'ecto
472 2002 498 2024 et
519 1997 576 2031 ejus
587 1997 701 2024 cohorte
711 2016 718 2028 ,
731 1998 910 2031 praesentibus
925 2005 1032 2032 quoque

253 2042 368 2069 ethnicis
383 2041 526 2069 etludteis.
539 2041 760 2070 Videbaturillud
773 2043 849 2070 initio
863 2043 1031 2078 incredibile,

255 2086 306 2113 nisi
325 2087 420 2114 fuisset
437 2094 471 2114 ex
495 2087 560 2121 ipsis
576 2092 697 2115 actorum
718 2088 899 2116 monumentis
920 2089 1030 2116 demon-

254 2136 379 2165 stratum,
396 2133 467 2166 quod
492 2133 568 2160 nobis
583 2133 754 2161 admirationi
770 2133 831 2165 fuit,
844 2138 873 2161 ut
889 2134 969 2161 etiam
983 2141 1028 2162 vo-

253 2179 306 2210 bis,
317 2179 419 2211 dilecti,
437 2178 495 2206 fore
509 2179 646 2206 existimo.
664 2179 702 2206 Ac
714 2187 774 2206 cum
793 2180 958 2215 presbyteris
969 2180 1031 2208 huic

1076 167 1262 196 HISTORICA
1282 168 1325 196 ET
1345 168 1551 197 DOGMATICA.
1803 168 1856 197 300

1078 224 1164 250 ταῦθα
1177 224 1313 255 ἐλθόντες·
1329 225 1353 250 εί
1365 224 1419 260 γὰρ
1435 223 1483 250 καὶ
1500 224 1566 259 μετὰ
1576 224 1624 260 τὴν
1640 224 1746 252 σύνοδον
1771 226 1855 252 ὑπεύ-

1076 269 1155 301 θυνος
1181 267 1215 305 ἦν
1231 269 1352 305 εὑρεθεὶς
1373 271 1387 296 ό
1414 269 1570 301 Ἀθανᾶσιος
1592 269 1657 304 (89),
1671 271 1720 297 οὑκ
1738 271 1790 297 ἔδει
1805 273 1856 308 τὴν

1075 314 1241 341 κατάστασιν
1256 313 1327 340 οῦτω
1351 313 1528 349 παρανόμως,
1546 314 1591 340 καὶ
1604 314 1684 349 ,παρὰ
1701 314 1746 341 τὸν
1761 315 1857 352 ἐκκλη-

1077 359 1215 387 σιαστικὸν
1232 360 1330 387 κανόνα
1341 359 1486 395 γενέσθαι·
1503 359 1560 386 ἀλλ’
1576 360 1618 386 ἐπ’
1635 360 1719 394 αὐτῆς
1740 361 1788 396 τῆς
1810 362 1858 388 ὲκ..

1076 405 1200 440 κλησίας,
1224 405 1271 431 ἀπ’
1293 404 1375 431 αὐτοῦ
1392 404 1441 439 τοῦ
1467 404 1608 440 ἱερατείου,
1633 404 1679 431 ἀπ’
1699 404 1781 431 αὑτοῦ
1807 405 1856 432 τοῦ

1076 450 1187 485 κλήρου,
1204 450 1268 481 τοὺς
1283 450 1311 476 ὲν
1331 450 1365 485 τῇ
1387 449 1507 484 ἐπαρχία
1527 449 1689 481 ἐπισκόπους
1705 449 1758 475 ἔδει
1772 458 1856 476 κατα-

1077 496 1182 531 στῆσαι,
1197 495 1244 522 καὶ
1259 495 1296 530 μὴ
1306 494 1353 521 νῦν
1368 495 1431 526 τοὺς
1446 494 1499 520 ἀπὸ
1512 494 1566 520 τῶν
1577 494 1730 521 ἀποστόλων
1742 496 1856 527 κανόνας

1075 541 1273 577 παραλύεσθαι.
1286 539 1360 576 τΔρα
1375 540 1440 576 γὰρ,
1455 541 1479 567 εί
1497 539 1555 566 καθ’
1572 540 1630 571 ὲνὺς
1641 540 1717 575 ὑμῶν
1736 541 1857 575 ἐγεγόνει

1074 586 1206 618 τοιοῦτον,
1218 587 1268 613 οὐκ
1279 586 1311 613 ἂν
1327 585 1468 621 ὲϐοήσατε,
1486 586 1536 612 οὑκ
1546 585 1578 612 ἃν
1594 585 1738 621 ⁴ήίξιώσατε,
1752 587 1789 617 ὡς
1803 595 1856 613 πα-

1077 632 1263 668 ραλελυμένων
1285 631 1339 658 τῶν
1359 631 1488 663 κανόνων,
1513 631 1708 666 ὲκδικηθῆναι;
1737 633 1857 668 Ἀγαπη-

1074 679 1126 710 τοὶ,
1141 678 1179 709 ὡς
1195 677 1263 704 Θεοῦ
1284 677 1428 713 παρόντος,
1451 677 1519 712 μετὰ
1542 677 1670 712 ἀληθείας
1684 678 1858 713 φθεγγόμεθα

1075 724 1121 750 καὶ
1137 724 1261 759 λέγομεν,
1274 724 1324 749 οὐκ
1344 722 1401 749 ἐστι
1417 722 1496 749 τοῦτο
1519 723 1638 754 εὐσεϐὲς,
1653 723 1713 749 οὐδὲ
1732 723 1856 758 νόμιμον,

1074 770 1134 797 οὐδὲ
1149 769 1379 804 ὲκκλησιαστικόν.
1392 769 1448 795 Καὶ
1461 769 1515 804 γὰρ
1527 769 1574 795 καὶ
1587 768 1620 795 τὰ
1632 768 1764 803 λεγόμενα
1777 777 1857 803 γεγε-

1075 815 1169 851 νῆσθαι
1183 815 1260 850 παρὰ
1274 815 1425 851 Γρηγορίου
1441 815 1470 840 ὲν
1485 816 1517 850 τῇ
1533 814 1628 849 εἰσόδῳ
1642 814 1723 841 αὑτοῦ
1738 814 1857 841 δείκνυσι

1074 862 1124 896 τὴν
1137 861 1186 895 τῆς
1201 861 1392 892 καταστάσεως
1406 860 1493 892 τάξιν.
1508 861 1552 887 Ἐν
1560 861 1612 896 γὰρ
1620 860 1749 891 τοιούτοις
1757 862 1858 896 εἰρηνι-

1078 908 1136 938 κοῖς
1151 908 1265 942 καιροῖς,
1279 907 1316 939 ὡς
1333 907 1411 934 αὐτοὶ
1425 908 1448 933 οί
1464 907 1585 938 ἐλθόντες
1601 907 1655 933 ἀπὸ
1669 907 1718 942 τῆς
1738 907 1858 939 Ἀλεξαν-

1076 954 1168 989 δρείας
1178 953 1359 988 ἀπήγγειλαν,
1373 953 1464 985 καθὼς
1475 953 1522 980 καὶ
1534 953 1558 979 οἱ
1573 953 1716 979 ἐπίσκοποι
1725 952 1856 988 ἔγραψαν,

1077 1001 1094 1035 ἡ
1128 1000 1260 1035 ἐκκλησία
1284 1000 1447 1035 ἐμπρησμὸν
1468 999 1614 1034 ὑπέμεινε,
1638 998 1767 1034 παρθένοι
1796 1000 1858 1033 ὲγυ-

1079 1045 1232 1080 μνώθησαν,
1250 1045 1408 1080 μονάζοντες
1428 1044 1663 1080 κατεπατήθησαν,
1680 1045 1858 1080 πρεσϐύτερα

1077 1091 1124 1118 καὶ
1144 1092 1196 1126 (90)
1209 1091 1300 1117 πολλοὶ
1312 1091 1358 1118 τοῦ
1374 1091 1438 1118 λαοῦ
1454 1090 1613 1127 ῂκίσθησαν,
1625 1091 1671 1118 καὶ
1687 1091 1745 1126 βίαν
1758 1092 1858 1118 πεπόν-

1077 1136 1164 1168 θασιν,
1185 1137 1326 1163 ἐπίσκοποι
1337 1136 1568 1171 ὲφυλακίσθησαν,
1582 1135 1783 1172 περιεσύρησαν
1798 1136 1860 1162 πολ-

1077 1182 1133 1208 λοί·
1155 1182 1189 1209 τὰ
1212 1183 1277 1216 ἆγια
1303 1183 1449 1218 μυστήρια,
1470 1182 1512 1216 ἐφ’
1527 1180 1568 1214 οἷς
1578 1182 1693 1219 ᾐτιῶντο
1717 1182 1860 1218 Μακάριον

1076 1226 1122 1253 τὸν
1144 1225 1339 1261 πρεσϐύτερον,
1364 1225 1416 1252 ὑπὸ
1436 1225 1550 1252 ἐθνικῶν
1573 1224 1746 1261 διηρπάζετο,
1760 1225 1806 1251 καὶ
1819 1225 1860 1256 είς

1076 1273 1127 1307 γῆν
1143 1272 1332 1303 κατεϐάλλετο,
1352 1272 1395 1298 ἵνα
1407 1271 1456 1306 τὴν
1471 1271 1619 1307 Γρηγορίου
1635 1270 1706 1302 τινὲς
1725 1270 1859 1297 κατάστα-

1078 1326 1119 1344 σιν
1138 1317 1276 1350 δέξωνται·
1298 1317 1333 1343 τὰ
1354 1317 1381 1343 δὲ
1403 1317 1516 1343 τοιαῦτα
1546 1317 1664 1343 δείκνυσι
1685 1316 1748 1347 τοὺς
1773 1324 1860 1351 παρα-

1077 1363 1190 1394 λύοντας
1203 1363 1265 1394 τοὺς
1277 1363 1402 1394 κανόνας.
1417 1363 1448 1389 Εί
1458 1363 1513 1398 γὰρ
1527 1363 1588 1398 νομί
1592 1371 1627 1398 μη
1635 1360 1673 1398 ἦν
1690 1363 1706 1397 ἡ
1723 1362 1859 1388 κατάστα-

1078 1416 1138 1439 σιςν
1157 1408 1208 1434 οὐκ
1236 1408 1269 1435 ἂν
1295 1408 1340 1434 διὰ
1358 1408 1532 1443 παρανομίας
1556 1407 1695 1442 ἠνάγκαζε
1718 1406 1859 1433 πείθεσθαι

1077 1453 1139 1484 τοὺς
1152 1453 1274 1489 νομίμως
1289 1452 1468 1483 ἀπειθοῦντας
1477 1452 1560 1487 αὐτῷ.
1570 1453 1625 1479 Καὶ
1636 1453 1719 1487 ὅμως,
1731 1451 1859 1478 τοιούτων

1077 1499 1238 1534 γενομένων,
1252 1499 1371 1534 γράφετε
1385 1498 1496 1534 εἰρήνην
1514 1498 1633 1533 μεγάλην
1648 1497 1809 1533 γεγενῆσθαι
1829 1499 1859 1524 ἐν

1078 1546 1111 1580 τῇ
1137 1544 1321 1580 Ἀλεξανδρείᾳ
1336 1544 1382 1570 καὶ
1402 1546 1434 1579 τῇ
1454 1544 1584 1580 Αἰγύπτῳ
1598 1552 1605 1558 ·
1621 1543 1699 1575 ἐκτὸς
1717 1544 1740 1570 εἰ
1761 1543 1798 1578 μὴ
1813 1544 1859 1569 ἀν-

1078 1590 1303 1626 τιμεταὸἐϐληται
1317 1590 1347 1616 τὺ
1355 1590 1434 1626 ἔργον
1446 1590 1494 1625 τῆς
1503 1590 1623 1625 εἰρήνης,
1642 1590 1688 1616 καὶ
1701 1589 1735 1616 τὰ
1749 1589 1860 1616 τοιαῦτα

1079 1638 1188 1672 εἰρήνην
1205 1637 1360 1671 ὀνομάζετε.

1113 1683 1156 1710 51.
1182 1683 1299 1709 Κάκεῖνο
1317 1682 1345 1708 δὲ
1362 1682 1426 1717 ὑμῖν
1438 1682 1585 1714 ἀναγκαῖον
1605 1680 1716 1716 ἐνόμισα
1731 1679 1857 1716 δηλῶσαι,

1079 1728 1119 1754 ὅτι
1142 1727 1297 1758 Ἀθανὰσιος
1314 1727 1496 1753 διεὸεὖαιοῦτο
1510 1726 1652 1761 Μακάριον
1667 1727 1696 1752 ὲν
1711 1726 1790 1761 Τύρῳ
1806 1726 1859 1752 ὑπὸ

1080 1773 1247 1809 στρατιώτας
1270 1773 1444 1809 γεγενῆσθαι,
1464 1773 1510 1799 καὶ
1534 1773 1612 1808 μόνον
1641 1772 1686 1800 τὸν
1708 1773 1859 1807 κατήγορον

1079 1818 1277 1853 ἀπεληλυθέναι
1295 1819 1363 1854 μετὰ
1377 1819 1430 1845 τῶν
1444 1818 1612 1844 ἀπελθόντων
1627 1818 1667 1849 εἰς
1681 1818 1726 1844 τὸν
1745 1817 1860 1853 Μαρεώ-

1079 1872 1138 1900 την,
1151 1864 1198 1889 καὶ
1210 1864 1274 1895 τοὺς
1287 1865 1335 1899 μὲν
1350 1863 1550 1899 πρεσϐυτέρους
1573 1862 1714 1894 ἀξιοῦντας
1733 1864 1859 1897 παρεῖναι

1080 1911 1108 1936 ἐν
1123 1911 1154 1945 τῇ
1169 1908 1291 1941 ἐξετάσει
1314 1909 1350 1945 μὴ
1373 1908 1606 1945 συγκεχωρῆσθαι·
1627 1908 1676 1943 τὴν
1691 1908 1719 1935 δὲ
1738 1908 1859 1941 ἐξέτασιν

1080 1955 1240 1990 γεγενῆσθαι
1254 1955 1318 1990 περὶ
1332 1955 1460 1990 ποτηρίου
1476 1955 1522 1981 καὶ
1540 1953 1686 1989 τραπέζης,
1700 1954 1744 1980 ἐπὶ
1759 1962 1860 1989 παρου-

1081 2000 1127 2035 σίᾳ.
1142 2000 1190 2027 τοῦ
1206 2000 1324 2036 ἐπάρχου
1346 2000 1393 2026 καὶ
1415 1999 1464 2035 τῆς
1488 1998 1591 2032 τάξεως
1607 1998 1699 2031 αὑτοῦ,
1720 1999 1859 2034 παρόντων

1081 2046 1195 2073 ἐθνικῶν
1225 2046 1272 2073 καὶ
1298 2046 1440 2073 Ἰουδαίων.
1462 2045 1546 2072 Τοῦτο
1562 2045 1590 2071 δὲ
1611 2045 1682 2071 κατὰ
1702 2045 1752 2077 τὰς
1774 2045 1860 2080 ἀρχὰς

1080 2092 1194 2119 ἄπιστον
1212 2090 1256 2127 ἦν,
1272 2093 1296 2118 εἰ
1317 2092 1353 2127 μὴ
1380 2091 1426 2118 καὶ
1449 2092 1481 2118 ἐκ
1496 2091 1549 2118 τῶν
1572 2092 1775 2126 ὑπομνημάτων
1794 2091 1860 2118 ἐδεί-

1082 2147 1171 2169 κνυτο,
1187 2139 1228 2172 ἐφ’
1245 2135 1267 2171 ᾧ
1283 2138 1330 2164 καὶ
1345 2137 1550 2173 ἐθαυμάσαμεν,
1567 2137 1667 2172 νομίζω
1686 2138 1713 2164 δὲ
1726 2138 1772 2164 καὶ
1787 2137 1860 2172 ὑμᾶς

1082 2183 1288 2219 ἐπιθαυμάζειν,
1307 2184 1451 2219 ἀγαπητοί.
1470 2183 1651 2218 Πρεσϐύτεροι
1677 2183 1725 2218 μὲν
1738 2184 1787 2209 οὐκ
1802 2183 1861 2208 ὲπι-

254 2225 360 2260 negntio
374 2225 506 2252 interesse
518 2232 571 2252 non
588 2225 799 2260 permitteretur,
818 2225 879 2253 licet
896 2226 912 2252 ii
933 2230 1030 2261 myste-

1082 2230 1227 2266 τρέπονται
1240 2231 1376 2265 παρεῖναι,
1390 2230 1414 2256 οι
1430 2230 1476 2256 καὶ
1489 2229 1543 2256 τῶν
1561 2229 1717 2264 μυστηρίων
1739 2228 1860 2263 λειτουρ-

254 2271 358 2299 riorum
376 2272 493 2300 ministri
516 2272 570 2300 sint
582 2292 588 2304 ,
605 2273 674 2307 apud
699 2277 841 2300 externum
858 2277 946 2300 tamen
959 2272 1031 2307 judi-

252 2325 324 2350 eem,
337 2319 515 2353 praesentibus
530 2319 748 2353 catechuntenis,
764 2324 791 2346 et
803 2319 873 2354 quod
896 2319 1030 2354 indignius

252 2368 308 2396 est,
323 2371 413 2391 coram
431 2364 546 2392 ethnicis
561 2364 709 2397 elJudaeis,
734 2365 779 2400 qui
803 2370 910 2400 propter
938 2366 1029 2393 odium

252 2409 279 2436 in
294 2410 523 2437 christianismum
536 2411 605 2438 male
615 2411 728 2438 audiunt
738 2410 804 2446 (92),
815 2410 988 2445 interrogatio
997 2411 1031 2439 de

252 2456 383 2490 sanguine
399 2460 425 2484 et
437 2464 549 2491 corpore
567 2457 668 2484 Christi
682 2457 771 2485 habita
786 2462 837 2484 est.
852 2456 918 2484 Nam
933 2457 956 2484 si
969 2465 1029 2484 om-

251 2502 317 2530 nino
341 2502 429 2530 scelus
453 2507 636 2537 perpetratum
663 2507 714 2536 est,
726 2503 846 2537 oportuit
860 2503 912 2530 hoc
931 2503 1029 2538 negotii

250 2549 278 2577 in
293 2549 412 2577 Ecclesia
427 2557 440 2575 a
457 2548 564 2576 clericis
576 2548 724 2576 secundum
736 2548 808 2583 leges
823 2548 983 2581 examinari,
1003 2553 1031 2575 et

287 2607 341 2639 (89)
356 2606 404 2633 His
417 2606 514 2633 similia
529 2607 589 2634 vide
602 2607 680 2639 epist.
699 2606 833 2640 encyclica
849 2612 939 2639 supra.

287 2643 343 2677 (90)
357 2641 490 2677 Particnla
505 2641 552 2668 καί
576 2641 708 2677 deeratin
724 2641 812 2677 editis,
826 2641 876 2677 sed
893 2648 951 2677 eam
966 2640 1029 2674 legit

250 2675 417 2707 Nannius,et
431 2676 529 2709 Regius
539 2677 621 2703 codex
640 2676 729 2703 habet.
741 2676 815 2702 Hunc
826 2675 911 2702 locum
928 2675 967 2702 sic
986 2682 1029 2702 ex-

250 2712 342 2746 primit
353 2711 549 2738 Athanasiusin
567 2711 678 2744 cpistola
691 2710 825 2746 encyclica
842 2710 1001 2746 praecedenti
1019 2718 1026 2736 :

250 2744 429 2783 ῖπρεσὸύτεροι
444 2746 498 2782 γὰρ
505 2747 554 2783 καὶ
567 2746 655 2783 λαῖκοι
669 2744 834 2783 ὲξέσθησανπ
850 2744 922 2783 Hanc
938 2752 1035 2783 rerum

250 2779 420 2809 Alexandriae
443 2779 470 2816 in
484 2779 620 2816 'Gregorii
646 2779 794 2807 intrusioue
819 2779 1025 2816 descriptionem

250 2821 385 2851 gestarum
403 2815 496 2843 confer
511 2814 589 2842 sodes
603 2823 662 2842 cum
683 2816 775 2851 eadem
791 2814 912 2851 epistolaE
927 2814 963 2841 De
981 2822 1025 2841 sa-

249 2850 304 2879 cris
318 2855 405 2877 autem
425 2851 559 2885 mysteriis
571 2858 630 2885 quae
646 2850 759 2885 gentiles
776 2850 1028 2885 indiguissimertrr

249 2889 367 2919 ctarunl,
382 2884 538 2913 nihil'habel
547 2884 709 2913 Athanasius
718 2885 744 2913 iu
755 2885 867 2920 epistola
880 2884 1025 2920 cncyclica,

1083 2276 1127 2310 γοὶ
1138 2275 1326 2310 τυγχάνοντες,
1340 2275 1386 2301 ἐπὶ
1397 2275 1426 2301 δὲ
1440 2272 1570 2306 ἐξωτικοῦ
1592 2273 1717 2300 δικαστοῦ
1726 2293 1733 2304 ,
1760 2273 1861 2308 παρόν-

1083 2329 1137 2347 των
1159 2320 1378 2355 κατηχουμένων,
1401 2319 1449 2346 καὶ
1468 2319 1498 2345 τό
1520 2327 1551 2352 γε
1573 2318 1628 2353 (91)
1650 2319 1793 2354 χείριστον,
1815 2318 1861 2344 ἐπὶ

1084 2366 1197 2393 ἐθνικῶν
1233 2366 1280 2392 καὶ
1311 2365 1443 2392 Ἰουδαίων
1468 2364 1521 2391 τῶν
1548 2364 1764 2400 διαϐεϐλημένων
1798 2363 1862 2398 περὶ

1083 2412 1128 2438 τὸν
1153 2411 1367 2448 χριστιανισμὺν,
1390 2411 1511 2443 ἐξέτασις
1531 2410 1594 2445 περὶ
1615 2410 1728 2445 αἵματος
1744 2407 1862 2444 Χριστοῦ

1082 2457 1130 2484 καὶ
1144 2457 1269 2492 σώματος
1285 2456 1404 2493 Χριστοῦ
1415 2456 1529 2491 γίνεται.
1547 2456 1578 2482 Et
1590 2455 1644 2491 γὰρ
1659 2455 1705 2481 καὶ
1720 2454 1787 2485 ὅλως
1799 2454 1861 2488 ἐγε-

1082 2503 1155 2538 γόνει
1179 2512 1205 2529 τι
1227 2502 1426 2538 πλημμέλημα,
1457 2502 1509 2528 ἔδει
1533 2502 1561 2527 ὲν
1584 2502 1618 2536 τῇ
1643 2499 1789 2534 Ἐκκλησία
1807 2499 1862 2526 ὑπὸ

1084 2549 1220 2586 κληρικῶν
1236 2549 1359 2584 νομίμως
1374 2548 1428 2584 (95)
1444 2548 1618 2581 ἐξετάζεσθαι
1631 2547 1664 2573 τὰ
1678 2545 1799 2575 τοιαῦτα,
1813 2545 1861 2572 καὶ

1080 2605 1140 2636 quia
1174 2613 1234 2632 cum
1262 2605 1350 2631 statim
1377 2609 1437 2638 post
1456 2604 1545 2638 fugam
1571 2610 1630 2631 eam
1656 2601 1858 2637 conscripserit,

1079 2640 1198 2666 nondum
1209 2640 1298 2666 omnia
1317 2639 1456 2666 rescivisse
1470 2640 1564 2672 potuit.

1117 2674 1171 2708 (9|)
1186 2675 1263 2708 Reg.,
1279 2675 1358 2709 τόγε,
1376 2674 1452 2706 editi,
1467 2674 1496 2700 τό
1509 2682 1550 2701 τε.

1128 2709 1172 2742 92)
1193 2708 1237 2735 Vel
1253 2710 1322 2743 apud
1334 2709 1502 2736 Christianos
1512 2708 1667 2736 diﬂ'amalis.

1127 2743 1170 2779 93)
1194 2741 1417 2779 Reg.,'voplpmv,
1434 2752 1494 2777 qua:
1512 2751 1575 2779 vero
1588 2746 1737 2779 sequuntur
1752 2745 1812 2776 post
1826 2741 1860 2779 τᾲ

1077 2777 1199 2817 τοιαῦτα,
1210 2779 1252 2805 illa
1262 2777 1365 2817 nempe,
1376 2779 1466 2817 καὶ-μη
1475 2779 1525 2805 ὑπὸ
1531 2778 1654 2809 ἐθνικῶν,
1663 2783 1726 2808 ete.,
1734 2777 1860 2817 usquead

1079 2814 1190 2841 τοιαῦτα
1199 2821 1324 2847 sequens,
1333 2814 1358 2840 in
1366 2814 1445 2840 editis
1452 2814 1573 2844 deerant,
1582 2819 1607 2840 et
1616 2821 1648 2840 ex
1657 2814 1858 2844 inanuscriptis,

1081 2849 1163 2884 Regio
1172 2853 1294 2884 excepto,
1311 2849 1476 2881 exciderant,
1491 2849 1562 2884 quod
1577 2850 1687 2884 phrases
1698 2847 1791 2875 eodem
1801 2852 1860 2873 mo-

1080 2883 1114 2912 do
1129 2886 1156 2913 in
1165 2883 1276 2911 τοιαῦτα
1290 2884 1451 2912 desinerent.
1499 2883 1506 2884 7
1578 2883 1583 2884 ⁷
1622 2888 1630 2891 ⁷
